4108 6334
345 215 454 273 415

1471 197 1802 266 COLLECT.
1845 196 1914 263 IN
1951 205 2169 263 EPIST.
2211 206 2304 262 AD
2339 205 2503 265 ROM.

3503 205 3607 266 IN

338 319 439 387 sed
471 327 540 383 de
574 322 825 381 Ecclesia:
875 320 1282 379 necessitatibus
1310 338 1322 374 :
1347 321 1438 390 qui
1479 320 1736 376 Ecclesiae
1787 336 1925 390 prae-
1951 326 2233 406 A‘caeterie
2254 328 2515 376 creaturae
2541 317 2710 374 Deum
2737 319 3057 376 benedicere
3079 318 3337 392 iubentur
3361 341 3372 377 :
3398 323 3491 379 sed
3513 324 3610 379 Dei

336 430 489 488 sunt,
517 412 780 488 recipiant
801 415 1236 491 sollicitudinem,
1259 413 1474 484 qualem
1515 412 1803 483 Apostolus
1845 414 1926 468 di-

336 510 782 570 cit:Concursus
806 509 863 564 in
896 524 982 563 me
1027 506 1396 578 quotidianus,
1451 504 1757 560 sollicitudo
1805 519 1924 559 om-

337 606 491 661 nium
514 604 900 660 Ecclesiarum.
935 601 1065 668 Quis
1091 600 1394 670 inﬁrmatur
1420 609 1467 654 et
1499 615 1590 669 ego
1631 616 1734 652 non
1767 586 1926 666 inﬁr-

336 713 455 752 ntor
475 696 502 750 .’
519 696 634 768 quis
655 694 1066 762 scandalizatur,
1090 702 1137 748 et
1162 709 1254 764 ego
1286 709 1388 747 non
1407 706 1532 744 uror
1548 688 1668 761 ?(II
1689 688 1809 743 Cor.
1829 688 1924 761 ιι.)

340 786 446 852 Qui
472 787 743 841 miseretur
771 787 826 840 in
871 783 1155 839 hilaritate.
1208 782 1432 838 Videtur
1471 780 1717 836 fortassis
1761 794 1926 834 unum

263 869 268 875 ’
337 885 502 948 atque
531 878 671 933 idem
697 891 837 945 esse,
870 875 1013 946 quod
1039 890 1201 946 supra
1221 874 1478 939 diximus,
1517 873 1608 941 qui
1656 869 1928 927 distribuit

335 968 394 1022 in
419 966 792 1037 "simplicitate,
821 974 876 1022 et
893 965 985 1020 hic
1015 964 1106 1035 qui
1138 964 1424 1019 miseretur
1449 963 1503 1015 in
1525 960 1926 1026 hilaritate,sed

335 1060 472 1114 mihi
494 1059 706 1114 videtur
733 1073 898 1113 unum
922 1057 1156 1114 fortasse
1178 1072 1314 1128 opus
1343 1071 1484 1121 esse,
1511 1071 1618 1111 non
1663 1061 1846 1109 tamen
1872 1061 1927 1109 et

335 1153 518 1223 operis
569 1153 738 1223 ipsius
781 1167 948 1206 unum
984 1149 1271 1206 effectum:
1299 1148 1443 1204 aliud
1481 1157 1564 1203 est
1607 1147 1752 1203 enim
1795 1147 1927 1206 dare

341 1244 630 1316 indigenti,
659 1253 714 1300 et
742 1244 885 1300 aliud
911 1251 995 1300 est
1039 1245 1231 1299 affectu
1272 1241 1656 1298 misericordiae
1685 1257 1808 1297 cum
1844 1241 1927 1295 in-

334 1335 551 1405 digente
580 1337 768 1406 partiri
799 1337 851 1391 in
878 1335 1150 1391 hilaritate
1177 1354 1190 1389 :
1223 1334 1461 1389 Hilarem
1500 1335 1639 1388 enim
1687 1334 1924 1388 datorem

333 1430 505 1500 diligit
530 1430 671 1484 Deus
703 1429 804 1501 ‘(II
849 1428 972 1484 Cor.
1018 1430 1117 1502 ix).
1155 1428 1376 1485 Dilectio
1418 1429 1530 1483 sine
1571 1428 1921 1484 simulatione.

335 1518 472 1574 Tota
497 1520 703 1588 puritas
726 1520 885 1574 debet
912 1535 1030 1574 esse
1060 1520 1114 1574 in
1147 1517 1476 1584 Christiano,
1500 1517 1640 1573 sicut
1665 1519 1805 1573 Deus
1827 1533 1926 1588 pu-

336 1624 394 1662 ra
432 1609 520 1662 lux
547 1617 630 1663 est
653 1622 668 1661 :
690 1608 891 1678 lingere
925 1609 1069 1664 enim
1099 1622 1377 1665 servorum
1401 1615 1513 1673 est;
1549 1615 1609 1660 ut
1638 1607 1924 1678 diligamus

2027 412 2244 482 quidem
2269 411 2572 466 benedictio
2597 410 2800 482 aliquid
2850 413 3092 467 muneris
3146 429 3359 484 semper
3383 414 3468 469 his
3514 415 3608 483 qui

2027 503 2096 556 ab
2125 517 2190 556 eo
2218 501 2609 558 benedicuntur
2639 502 2898 572 impertit.
2943 502 3199 559 Homines
3252 519 3381 559 vero
3439 504 3610 559 Deum

2025 592 2368 658 benedicere,
2385 609 2484 663 pro
2497 608 2562 648 eo
2586 594 2728 664 quod
2753 602 2837 648 est
2857 593 3080 649 laudare
3105 601 3160 650 et
3180 596 3383 666 gratias
3405 593 3610 648 referre

2026 684 2297 739 dicuntur.
2331 685 2436 740 Sed
2465 686 2520 740 in
2551 685 2651 741 hoc
2670 687 2920 756 prohibet
2944 687 3250 758 Apostolus,
3279 703 3349 742 ne
3370 703 3468 758 pro
3490 702 3610 742 ma-

2025 773 2235 830 ledictis
2258 777 2542 831 maledicta
2570 778 2872 843 reddamus,
2921 779 3016 834 sed
3041 778 3302 834 faciamus
3324 780 3468 849 quod
3498 779 3614 848 ipse

2026 864 2093 920 de
2111 867 2400 937 semetipso
2426 869 2632 936 scribit,
2663 871 2752 926 ubi
2782 871 2945 926 dicit:
2969 870 3340 926 Maledicimur
3373 881 3421 926 et
3459 871 3616 926 bene-

2025 957 2246 1012 dicimus
2272 957 2323 1030 (I
2345 958 2468 1014 Cor.
2499 977 2553 1015 iv
2574 961 2616 1033 ).
2645 961 2878 1020 Gaudete
2913 983 3030 1020 cum
3075 965 3441 1037 gaudentibus,
3491 966 3612 1035 ﬂete

2023 1064 2142 1104 cum
2163 1050 2428 1118 ﬂentibus.
2456 1051 2573 1108 Non
2603 1071 2725 1110 cum
2758 1056 2863 1112 illis
2890 1059 2982 1127 qui
3021 1057 3150 1113 flent
3191 1067 3436 1114 mortuos
3484 1072 3612 1114 suos

2020 1139 2293 1211 jubemur,
2342 1153 2435 1200 aut
2464 1148 2554 1216 qui
2603 1146 2736 1204 ﬂent
2775 1151 2971 1206 damna
3020 1152 3317 1219 saecularia,
3379 1151 3614 1207 scientes

2024 1236 2150 1304 quia
2207 1237 2365 1308 hujus
2420 1240 2600 1296 saeculi
2649 1242 2867 1299 tristitia
2910 1254 3140 1300 mortem
3186 1253 3470 1316 operatur;
3505 1258 3611 1298 non

2024 1335 2150 1382 sunt
2186 1330 2596 1402 ergolacrymte
2626 1348 2748 1388 cum
2787 1335 3003 1403 talibus,
3053 1337 3149 1392 sed
3182 1353 3305 1392 cum
3344 1337 3450 1392 illis
3482 1337 3615 1390 flen-

2025 1417 2149 1471 dum
2171 1427 2272 1484 est,
2301 1421 2367 1474 de
2393 1422 2589 1490 quibus
2637 1424 2764 1479 dicit
2807 1426 3107 1483 Dominus:
3139 1427 3287 1483 Beati
3329 1430 3417 1500 qui
3463 1429 3609 1498 flent,

2023 1512 2268 1581 quoniam
2300 1513 2400 1583 ipsi
2427 1515 2834 1572 consolabuntur
2874 1519 3089 1589 (Matth.
3117 1523 3194 1591 v).
3236 1518 3469 1575 Gaudete
3495 1537 3614 1574 cum

2023 1601 2387 1670 gaudentibus,
2422 1604 2475 1659 id
2501 1613 2602 1673 est,
2635 1608 2830 1677 gaudio
2877 1611 3166 1680 spirituali,
3215 1613 3269 1666 in
3299 1612 3441 1667 bono
3485 1627 3613 1681 pro-

335 1717 442 1756 non
468 1700 647 1771 lingua
671 1703 1005 1766 tantum,sed
1029 1717 1193 1772 Opere
1215 1709 1269 1756 et
1297 1701 1637 1766 veritatc,ita
1658 1703 1917 1768 utetiam,
1948 1696 1995 1756 B
2023 1694 2178 1760 ximi,
2211 1703 2265 1750 el
2301 1696 2355 1751 in
2402 1701 2810 1756 conversatione
2848 1701 2964 1770 ejus
3009 1703 3077 1758 ad
3124 1702 3408 1769 Deude
3443 1703 3614 1773 ipsum

335 1795 378 1848 si
404 1810 624 1850 necesse
657 1793 838 1858 fuerit,
880 1809 979 1863 pro
1002 1795 1158 1849 nobis
1201 1794 1431 1848 invicem
1475 1793 1788 1848 moriamur.
1822 1794 1924 1848 4d-

334 1886 584 1942 hterentes
610 1887 760 1941 bono.
793 1885 912 1940 Non
945 1902 1200 1955 magnum
1223 1885 1353 1939 dicit
1373 1886 1546 1939 vitare
1572 1884 1796 1949 malum,
1820 1884 1923 1939 nisi

333 1976 608 2032 adhaereat
633 1976 754 2046 quis
788 1977 966 2030 bono:
995 1990 1094 2028 nec
1116 1974 1407 2044 benignum
1452 1990 1570 2029 esse
1617 1973 1926 2029 fraternita-

335 2070 405 2124 tis
431 2085 693 2135 amorem,
727 2068 772 2123 si
794 2084 903 2122 non
933 2067 1133 2121 mutuis
1157 2082 1215 2120 se
1242 2067 1515 2136 obsequiis
1544 2067 1927 2136 przevenerint.

331 2159 746 2215 Observandum
789 2161 951 2214 etiam
1006 2159 1108 2213 hoc
1146 2159 1290 2227 quod
1327 2159 1469 2213 sicut
1508 2159 1560 2212 in
1598 2159 1720 2213 aliis
1754 2160 1922 2213 dicit:

337 2249 445 2315 Qui
467 2253 697 2305 adltteret
719 2251 961 2315 Domino,
990 2267 1123 2304 unus
1146 2251 1364 2320 spiritus
1390 2259 1464 2304 est
1488 2250 1536 2321 (I
1559 2248 1681 2305 Cor.
1709 2251 1811 2323 v1),
1850 2252 1926 2306 ita

257 2404 262 2409 τ
331 2347 388 2392 et
427 2341 516 2393 hic
545 2341 691 2406 dicit,
728 2340 1051 2394 adluerentes
1098 2340 1250 2404 bona,
1292 2341 1409 2394 sine
1467 2339 1629 2396 dubio
1686 2349 1747 2395 ut
1797 2357 1927 2396 con-

334 2432 509 2502 tingat
531 2432 685 2487 nobis
708 2449 872 2486 unum
899 2448 1019 2487 esse
1045 2448 1165 2488 cum
1187 2433 1350 2498 bono,
1382 2431 1650 2486 Cliaritate
1689 2433 1925 2502 fraterna

333 2525 553 2578 invicem
586 2525 808 2595 benigni.
844 2525 920 2579 lta
948 2541 1043 2580 vos
1064 2525 1288 2595 diligite,
1318 2524 1472 2594 quasi
1513 2539 1578 2578 ex
1614 2540 1722 2577 una
1753 2531 1926 2580 matre

334 2618 598 2688 generati.
632 2615 844 2671 Ilonore
866 2626 1046 2670 mutuo
1072 2616 1460 2687 prtct'enientes.
1487 2614 1600 2670 lloc
1638 2622 1740 2681 est,
1783 2615 1926 2684 quod

333 2717 388 2764 et
413 2709 673 2764 Dominus
707 2709 910 2774 docuit,
939 2724 1062 2763 cum
1108 2716 1325 2762 notaret
1371 2706 1592 2761 Scribas
1638 2713 1692 2759 et
1730 2705 1924 2760 Phari-

337 2817 494 2869 saeos,
524 2802 698 2872 prima
727 2802 830 2856 sibi
878 2801 998 2856 loca
1041 2801 1093 2864 in
1145 2800 1409 2855 conviviis
1459 2799 1816 2862 vindicantes,
1869 2808 1929 2854 ut

335 2905 456 2944 cum
485 2899 708 2945 vocatus
736 2889 904 2944 fueris
932 2897 988 2943 tu
1015 2890 1084 2944 ad
1105 2903 1334 2955 cumam,
1368 2889 1423 2942 in
1465 2889 1758 2943 novissimo
1808 2887 1927 2942 loco

336 2982 616 3037 recumbas
653 2981 804 3052 (Luc.
837 2982 972 3054 xw).
1018 2980 1381 3036 Sollicitudine
1420 2982 1646 3051 impigri.
1701 2980 1778 3035 Ne
1828 2997 1927 3052 per

335 3074 516 3130 saaculi
553 3073 968 3130 sollicitudinem
1008 3073 1146 3145 pigri
1178 3073 1232 3127 in
1270 3073 1366 3128 Dei
1407 3088 1571 3142 opere
1623 3072 1928 3128 eiliciamini
1956 3053 2000 3116 C

335 3166 420 3220 vel
442 3165 666 3220 inertes.
693 3163 895 3236 Spiritu
923 3165 1193 3234 ferventes.
1231 3164 1368 3232 Quia
1398 3163 1620 3233 frigidos
1670 3165 1930 3220 Dominus

335 3271 444 3311 non
470 3263 633 3322 amat,
664 3263 720 3310 et
748 3256 805 3311 in
834 3255 1028 3326 tepidis
1056 3263 1367 3311 nauseatur.
1417 3255 1570 3310 Tunc
1618 3256 1779 3326 plane
1818 3258 1930 3326 spi-

337 3351 448 3404 ritu
480 3348 753 3405 fervemus
783 3389 798 3416 ,
842 3347 889 3403 si
932 3348 1127 3405 sacculo
1172 3348 1486 3421 frigeamus.
1552 3348 1776 3403 Domino
1817 3366 1928 3403 ser-

335 3442 546 3496 vientes.
568 3440 685 3496 Non
706 3439 922 3507 saaculo,
947 3457 1048 3497 nec
1077 3442 1242 3508 vitiis,
1271 3443 1364 3498 sed
1388 3443 1570 3498 omnia
1585 3453 1806 3514 propter
1826 3443 1931 3501 Do-

338 3535 546 3588 minum
576 3535 854 3592 facientes.
896 3535 997 3606 Spe
1036 3537 1341 3607 gaudentes.
1405 3536 1512 3607 Spe
1565 3539 1778 3608 gaudet,
1835 3539 1929 3609 qui

342 3641 453 3680 non
484 3627 701 3697 reSpicit
717 3641 779 3682 ea
799 3643 918 3698 quae
938 3628 1205 3696 videntur,
1235 3630 1328 3685 sed
1352 3643 1415 3683 ea
1454 3643 1574 3698 qum
1605 3645 1713 3685 non
1747 3629 1933 3684 viden-

341 3728 434 3772 tur
465 3727 760 3789 exspectat,
795 3728 850 3777 et
881 3721 973 3792 qui
1009 3721 1110 3777 scit
1155 3722 1293 3792 quod
1330 3739 1435 3775 non
1484 3731 1604 3776 sunt
1659 3721 1930 3792 condigna:

337 3813 609 3882 passiones
628 3812 787 3883 hujus
817 3813 1060 3885 temporis
1079 3813 1149 3870 ad
1177 3814 1410 3883 futuram
1434 3812 1655 3884 gloriam
1694 3829 1812 3884 qua:
1852 3830 1933 3868 re-

337 3905 598 3959 velabitur
626 3908 681 3960 in
701 3907 849 3962 nobis
878 3906 1050 3979 (Rom.
1087 3906 1225 3979 vni).
1273 3904 1514 3961 Orationi
1553 3906 1827 3961 instantes.
1873 3906 1933 3962 In

343 4010 450 4064 quo
475 3998 619 4051 enim
649 4012 756 4052 non
809 3996 1007 4053 sufﬁcit
1053 3998 1288 4052 humana
1337 3996 1622 4067 fragilitas,
1672 3997 1931 4052 auxilium

341 4087 437 4142 Dei
493 4088 832 4143 orationibus
889 4088 1286 4158 implorandum
1355 4096 1456 4143 est.
1522 4087 1931 4144 Necessitatibus

340 4187 641 4234 sanctorum
666 4181 1124 4235 communicantes.
1155 4178 1496 4234 Manifestum
1538 4188 1622 4234 est
1660 4180 1788 4249 quia
1837 4179 1931 4248 qui

340 4290 532 4344 preces
566 4289 693 4331 suas
727 4274 971 4330 exaudiri
1001 4273 1134 4341 vult,
1178 4274 1402 4329 aemulus
1441 4273 1598 4328 debet
1641 4287 1762 4329 esse
1808 4273 1932 4328 vitae

343 4376 677 4433 sanctorum,
705 4374 768 4420 ut
793 4367 897 4422 hoc
934 4366 1006 4421 sit
1043 4380 1339 4420 memorem
1375 4379 1495 4419 esse
1532 4371 1588 4419 et
1631 4362 1932 4418 communi-

342 4473 403 4511 ca
411 4465 607 4523 torem,

344 4557 657 4603 sanctorum
696 4547 1159 4604 communicantes
1182 4563 1196 4602 :
1224 4549 1329 4603 hoc
1349 4556 1432 4602 est
1459 4547 1834 4601 ministrantes
1854 4545 1936 4601 eis

344 4642 460 4710 qui,
485 4650 706 4713 propter
733 4640 1008 4697 Christum
1057 4642 1238 4697 omnia
1275 4650 1706 4706 contemnentes,
1747 4639 1936 4696 alienis

351 4733 420 4788 ad
448 4743 652 4804 tempus
687 4735 930 4806 indigent
962 4735 1298 4790 ministeriis.
1354 4733 1777 4805 Hospitalitatem
1826 4751 1936 4787 sec-

349 4833 540 4879 tantes.
585 4824 702 4880 Non
739 4825 871 4880 illud
913 4825 1086 4880 solum
1129 4825 1368 4880 ostendit
1408 4836 1468 4878 ut
1521 4825 1828 4879 venientem
1867 4824 1935 4878 ad

347 4929 448 4970 nos
475 4916 741 4986 hospitem
771 4915 1148 4984 suscipiamus,
1183 4915 1277 4970 sed
1300 4924 1353 4971 et
1391 4929 1696 4985 quaeramus
1735 4923 1790 4968 ct
1837 4914 1943 4969 sol-

348 5006 486 5061 liciti
527 5007 718 5072 simus,
755 5013 810 5062 et
861 5015 1149 5070 sectemur,
1195 5021 1259 5060 ac
1304 5020 1693 5075 persequamur
1742 5004 1942 5075 ubique

349 5101 608 5169 hospites,
639 5114 707 5154 ne
739 5100 832 5155 ubi
881 5097 1023 5154 forte
1067 5098 1120 5151 in
1160 5098 1352 5166 plateis
1401 5097 1640 5162 sedeant,
1684 5112 1750 5152 ne
1789 5107 1942 5151 extra

348 5200 550 5247 tectum
598 5191 844 5260 lateant.\
873 5191 1178 5246 Recordare
1233 5189 1354 5254 Lot,
1404 5199 1458 5244 et
1507 5189 1752 5244 invenies
1799 5187 1943 5257 quod

349 5302 458 5341 non
491 5286 640 5340 illum
663 5285 920 5355 hospites,
968 5283 1062 5338 sed
1105 5283 1221 5353 ipse
1267 5279 1538 5350 quaesierit
1581 5280 1840 5350 hospites,
1888 5285 1944 5333 et

351 5378 454 5432 hoc
478 5387 600 5433 erat
619 5377 1045 5448 hospitalitatem
1069 5375 1286 5430 sectari.
1313 5372 1609 5427 Benedicite
1629 5388 1939 5442 persequen-

349 5471 489 5524 tibus
513 5487 624 5524 vos.
648 5469 839 5524 Sermo
867 5467 1254 5524 benedictionis
1299 5466 1354 5520 in
1400 5464 1698 5533 Scripturis
1729 5463 1940 5518 diverse

283 5635 286 5640 _
321 5620 324 5623 ,
354 5562 650 5628 invenitur,
679 5578 803 5615 nam
828 5571 883 5616 et
907 5561 1223 5616 benedicere
1255 5559 1394 5613 inter
1426 5556 1673 5610 homines
1699 5553 1782 5608 vel
1829 5569 1936 5609 cae-

267 5638 286 5669 ”
353 5663 476 5712 tera
503 5671 623 5713 oua:
656 5657 924 5714 creaverit
966 5652 1239 5723 invenitur
1282 5651 1442 5714 Deus.
1485 5657 1541 5704 et
1571 5647 1814 5708 homines
1855 5645 1940 5703 vel

673 4457 874 4512 imitari
936 4464 1089 4512 actus
1135 4457 1370 4511 illorum.
1422 4456 1615 4518 Aliter,
1664 4469 1934 4510 memores

2023 1787 2240 1841 invicem
2261 1788 2325 1842 de
2374 1789 2516 1844 vobis
2551 1776 2847 1846 sentientes:
2895 1793 3088 1849 Sermo
3131 1795 3232 1850 iste
3271 1811 3377 1850 non
3419 1802 3614 1848 natura

2025 1877 2128 1943 sni,
2161 1880 2255 1934 sed
2284 1879 2728 1950 interpretatione
2753 1885 3013 1940 obscurus
3039 1886 3212 1942 factus
3251 1895 3363 1941 est:
3389 1887 3493 1943 hoc
3531 1894 3615 1940 est

2025 1967 2170 2021 enim
2191 1971 2336 2036 quod
2364 1972 2513 2037 dicit,
2542 1982 2603 2028 ut
2623 1975 2697 2028 ita
2719 1975 2786 2031 de
2807 1976 2975 2032 fratre
3005 1978 3320 2046 sentiamus,
3354 1987 3410 2032 ut
3431 1979 3496 2034 de
3518 1993 3617 2032 no-

2025 2057 2111 2111 bis
2135 2058 2285 2126 ipsis,
2309 2068 2365 2114 et
2390 2061 2464 2116 ita
2485 2063 2712 2120 velimus
2738 2069 3004 2135 proximo,
3049 2071 3187 2124 sicut
3230 2080 3286 2125 et
3321 2071 3478 2126 nobis
3521 2085 3617 2126 vo-

2025 2145 2226 2216 lumus,
2249 2158 2308 2205 ut
2346 2153 2604 2209 Dominus
2637 2156 2692 2209 in
2725 2157 3013 2229 Evangelio
3058 2161 3230 2215 dixit:
3261 2161 3452 2216 Omnia
3499 2178 3620 2236 quae

2026 2239 2184 2294 vultis
2208 2251 2264 2294 ut
2293 2242 2498 2310 faciant
2532 2245 2672 2300 vobis
2716 2248 2966 2316 homines,
3015 2251 3194 2305 eadem
3240 2261 3287 2306 et
3326 2269 3412 2307 vos
3463 2254 3622 2324 facite

2025 2331 2129 2387 illis
2153 2331 2368 2403 (Matth.
2397 2350 2468 2390 vu
2493 2336 2534 2408 ).
2562 2338 2630 2392 Id
2657 2340 2848 2409 ipsum,
2871 2343 2924 2396 id
2946 2351 3048 2408 est,
3080 2345 3313 2414 compati
3345 2345 3398 2400 in
3433 2346 3621 2402 fratris

2027 2423 2394 2479 tribulatione.
2427 2426 2552 2482 Non
2582 2430 2690 2484 alta
2716 2433 2994 2501 sapientes,
3024 2435 3115 2488 sed
3160 2436 3445 2490 humilibus
3496 2455 3622 2492 con-

2025 2518 2320 2574 sentientes.
2354 2517 2478 2573 Alta
2502 2535 2713 2592 sapere,
2742 2524 2972 2592 superbe
3003 2541 3193 2596 sapere
3225 2535 3328 2593 est,
3368 2539 3429 2582 ut
3457 2528 3622 2586 elatio

2028 2606 2099 2662 sit
2124 2607 2180 2662 in
2209 2610 2391 2696 animo
2412 2618 2474 2665 ut
2490 2626 2821 2680 praesumens
2845 2614 2984 2670 forte
3005 2616 3450 2673 deincolumitate
3463 2628 3621 2675 actus

2027 2700 2133 2766 sui,
2164 2718 2271 2756 non
2300 2703 2582 2759 condoleat
2619 2705 2796 2772 fratri,
2838 2708 2933 2762 sed
2978 2712 3269 2780 exprobret
3313 2723 3613 2782 peccatum,

2028 2792 2171 2870 quod
2203 2795 2426 2849 denotat
2450 2797 2710 2852 Dominus
2739 2798 2925 2853 dicens
2952 2818 2964 2853 :
2988 2800 3137 2871 Ejice
3155 2802 3353 2856 trabem
3379 2803 3444 2857 de
3468 2803 3621 2858 oculo

2030 2893 2141 2949 tuo,
2169 2895 2216 2939 et
2246 2896 2372 2940 tunc
2395 2887 2603 2942 videbis
2647 2889 2844 2958 ejicere
2873 2893 3126 2962 festucam
3154 2898 3218 2950 de
3249 2900 3398 2950 oculo
3435 2898 3620 2968 fratris

2030 2976 2106 3028 tui
2149 2975 2300 3047 (Luc.
2330 2978 2440 3050 v1);
2487 2980 2602 3049 ipsa
2647 2983 2792 3037 enim
2839 2985 2998 3041 elatio
3043 2996 3320 3058 peccatum
3362 2998 3464 3044 est.
3518 2988 3621 3045 Sed

2032 3066 2314 3124 humilibus
2339 3072 2738 3138 consentientes,
2769 3075 2824 3128 id
2850 3082 2954 3142 est,
2997 3085 3056 3131 ut
3084 3079 3325 3149 deposita
3371 3080 3622 3151 superbia

2033 3158 2265 3214 alienam
2303 3175 2524 3216 causam
2556 3179 2709 3218 suam
2745 3164 2926 3232 faciat,
2959 3175 3015 3222 et
3035 3183 3188 3224 suam
3211 3170 3460 3226 alienam.
3507 3169 3621 3225 No-

2030 3250 2120 3305 lite
2163 3269 2275 3307 esse
2313 3255 2592 3324 prudentes
2629 3259 2770 3327 apud
2813 3263 3164 3332 vosmetipsos.
3216 3263 3332 3320 Hoc
3384 3264 3440 3320 in
3480 3264 3620 3322 Isaia

2032 3343 2296 3414 scriptum
2321 3353 2405 3400 est
2429 3345 2582 3424 (Cap.
2606 3347 2681 3421 v),
2706 3352 2849 3420 quod
2864 3352 2954 3406 hic
2980 3352 3266 3422 Apostolus
3286 3356 3437 3426 quasi
3463 3373 3620 3412 suum

2029 3435 2182 3504 ponit
2211 3454 2224 3490 :
2258 3436 2433 3492 Nolite
2459 3437 2512 3492 in
2543 3441 2776 3495 humana
2801 3443 3060 3513 sapientia
3091 3445 3329 3515 gloriari,
3364 3447 3459 3502 sed
3488 3448 3623 3503 stul-

2030 3525 2072 3579 ti
2095 3535 2266 3582 estote
2291 3528 2507 3595 saeculo,
2535 3539 2594 3583 ut
2617 3531 2843 3586 Domino
2868 3534 2987 3588 sitis
3009 3536 3299 3603 sapientes,
3326 3537 3622 3592 sicutscri-

2029 3629 2182 3690 ptnm
2210 3629 2292 3674 est
2315 3639 2328 3674 :
2352 3620 2546 3674 Beatus
2571 3638 2723 3692 quem
2771 3633 2828 3676 tu
2867 3625 3145 3691 erudieris,
3187 3627 3427 3693 Domine,
3461 3637 3510 3682 et
3557 3629 3622 3683 de

2033 3709 2142 3779 lege
2171 3719 2262 3764 tua
2294 3709 2534 3763 docueris
2557 3727 2675 3765 eum
2705 3710 2879 3783 (Psal.
2898 3715 3073 3787 xcm).
3103 3715 3204 3783 Qui
3231 3716 3335 3772 sibi
3384 3718 3621 3788 prudens

2031 3801 2261 3866 videtur,
2292 3801 2381 3856 hic
2408 3817 2531 3857 cum
2561 3805 2871 3874 arrogantia
2907 3805 3102 3863 stultus
3149 3816 3267 3864 est:
3290 3824 3390 3866 nec
3443 3817 3622 3880 potest

2033 3908 2216 3948 veram
2239 3893 2336 3948 Dei
2356 3894 2673 3964 sapientiam
2699 3895 2858 3965 scire,
2882 3898 2973 3968 qui
2990 3915 3145 3954 suam
3167 3900 3448 3957 stultitiam
3462 3903 3619 3974 quasi

2032 3987 2351 4057 sapientiam
2403 3987 2551 4044 colit.
2602 3989 2745 4060 Ergo
2799 3992 2891 4062 qui
2937 3992 3076 4063 apud
3122 3994 3357 4065 seipsum
3403 3997 3619 4066 sapiens

2033 4088 2137 4147 est,
2177 4095 2283 4135 non
2312 4088 2491 4150 potest
2516 4096 2638 4136 esse
2673 4083 2892 4153 sapiens
2927 4085 3066 4154 apud
3101 4085 3289 4140 Deum.
3326 4086 3480 4141 Nulli
3501 4105 3618 4142 ma-

2033 4170 2142 4223 lum
2167 4187 2260 4241 pro
2283 4170 2424 4224 malo
2450 4171 2741 4226 reddentes.
2787 4171 2844 4228 Si
2873 4174 3073 4230 malum
3100 4174 3302 4232 inferre
3331 4187 3616 4246 peccatum

2033 4269 2138 4326 est,
2175 4270 2230 4316 et
2268 4251 2495 4317 reddere
2544 4262 2768 4330 malum,
2801 4279 2908 4319 non
2960 4274 3020 4319 ut
3055 4267 3379 4336 quibusdam
3405 4269 3619 4332 videtur

2029 4348 2238 4416 justum
2275 4359 2378 4417 est,
2433 4352 2527 4406 sed
2561 4352 2736 4407 simile
2772 4362 3049 4424 peccatum
3093 4362 3200 4420 est,
3227 4364 3282 4408 et
3310 4367 3368 4409 ut
3398 4372 3498 4427 ego
3523 4373 3616 4412 ar-

2039 4445 2212 4500 bitror
2237 4446 2402 4500 etiam
2432 4447 2689 4514 gravius:
2717 4464 2842 4504 nam
2876 4449 2964 4504 ille
3009 4449 3098 4517 qui
3132 4450 3330 4505 malum
3355 4453 3505 4521 prior
3530 4455 3614 4509 in-

2040 4537 2181 4602 tulit,
2215 4552 2319 4590 non
2356 4537 2519 4592 sentit
2556 4537 2757 4593 malum
2803 4554 2924 4594 esse
2959 4541 3103 4609 quod
3134 4540 3368 4611 fecerat;
3399 4546 3487 4614 qui
3518 4561 3616 4601 au-

2039 4636 2146 4682 tem
2177 4627 2353 4683 reddit
2407 4626 2628 4694 malum,
2659 4642 2724 4684 eo
2779 4629 2896 4700 ipso
2926 4631 3071 4700 quod
3125 4633 3192 4688 ad
3244 4633 3615 4690 ulciscendum

2038 4727 2216 4774 motus
2274 4726 2395 4784 est,-
2434 4718 2723 4774 confessus
2771 4728 2856 4774 est
2881 4721 3116 4776 sensisse
3153 4735 3212 4777 se
3258 4722 3457 4778 malum
3495 4739 3616 4780 esse

2042 4811 2187 4880 quod
2217 4809 2467 4864 reddidit.
2511 4809 2727 4864 Nemini
2765 4811 2962 4866 malum
3005 4829 3098 4883 pro
3135 4811 3274 4865 malo
3319 4811 3612 4868 reddentes.

2046 4903 2158 4957 lloc
2188 4902 2438 4971 estquod
2488 4902 2619 4956 dicit
2656 4901 2952 4957 Dominus:
2988 4902 3109 4956 Nisi
3161 4900 3498 4956 abundaverit
3520 4902 3618 4971 ju-

2043 4995 2188 5048 stitia
2218 5003 2386 5047 vestra
2415 4992 2532 5062 plus
2585 5011 2743 5060 quam
2770 4993 3075 5048 Scribarunt
3123 5002 3170 5047 et
3199 4991 3612 5059 Pharisworum,

2045 5094 2151 5142 etc.
2178 5085 2486 5141 Mandatum
2515 5086 2659 5139 enim
2689 5087 2742 5140 in
2775 5087 2891 5157 lege
2919 5094 3032 5142 erat
3063 5103 3078 5140 :
3103 5084 3298 5155 Diliges
3319 5087 3615 5156 proximum

2045 5186 2218 5240 tuum,
2246 5185 2293 5228 et
2317 5175 2436 5229 odio
2462 5175 2672 5229 habebis
2697 5177 2964 5229 inimicum
3004 5185 3170 5228 tuum.
3208 5174 3334 5230 Hinc
3355 5186 3615 5245 quantum

2045 5268 2261 5322 videtur
2283 5265 2494 5337 justiiia
2515 5276 2620 5331 est,
2653 5267 2747 5322 sed
2776 5276 2836 5320 ut
2864 5265 3098 5319 abundet
3119 5265 3328 5334 iustitia
3353 5265 3617 5322 Christia-

2044 5376 2264 5426 norum,
2301 5360 2564 5414 docentur
2613 5375 2718 5413 non
2746 5359 2971 5413 reddere
3002 5356 3200 5412 malum
3228 5374 3327 5428 pro
3365 5360 3526 5424 malo,
3552 5369 3616 5415 ut

2042 5453 2266 5524 perfecti
2297 5467 2418 5506 esse
2467 5452 2695 5521 possint.
2742 5448 3077 5503 Providentes
3124 5451 3277 5504 bona.
3320 5450 3612 5508 Providere

2043 5555 2126 5602 est
2156 5546 2331 5600 futura
2373 5552 2497 5598 ante
2558 5541 2742 5598 oculos
2771 5540 2994 5606 habere,
3031 5551 3091 5597 ut
3115 5557 3177 5596 ea
3206 5550 3462 5613 gerantur.
3489 5556 3611 5610 qua

2040 5641 2268 5716 possint,
2303 5646 2588 5711 postquam
2618 5633 2762 5698 facta
2800 5633 3020 5705 fuerint,
3047 5638 3103 5704 in
3129 5635 3612 5709 reprehensionem
