4108 6334
488 194 597 259 116

1904 189 2176 251 SEDUHI
2209 192 2406 251 SCO'I‘l

3650 204 3758 267 ΗΘ

487 323 596 369 non
632 305 843 370 venire,
876 303 970 361 sed
1001 302 1178 374 magis
1213 292 1361 358 laudi
1396 314 1536 368 esse,
1567 301 1683 358 sive
1706 301 1850 373 apud
1874 300 2068 367 Deum,
2096 304 2152 367 Α
2175 302 2493 371 sericordia,
2522 311 2579 360 et
2618 306 2841 376 pietatis
2879 322 3046 379 opere
3098 321 3521 384 congregantur.
3557 314 3759 388 Aliter,

486 399 601 459 sive
631 397 775 468 apud
828 394 1102 462 homines,
1151 409 1223 450 ne
1245 394 1368 464 quis
1420 393 1694 450 existimet
1743 392 1872 464 quia
1924 392 2067 462 apud

488 491 660 551 Deum
690 489 877 561 illicita
906 502 1013 543 non
1040 486 1349 558 displicent,
1378 486 1583 542 idcirco
1604 500 1712 541 non
1741 485 2064 550 curandum,

488 585 533 642 si
559 583 717 639 fratri
758 574 1013 639 seandalo
1065 580 1194 636 sint.
1232 578 1349 635 Hoc
1394 593 1524 649 ergo
1576 583 1893 646 praemonet,
1938 574 2064 645 quia

486 676 619 732 illud
655 676 773 733 ﬁeri
812 674 975 735 debet
1001 674 1145 744 quod
1174 684 1230 730 et
1259 674 1370 727 Deo
1395 688 1501 727 non
1533 671 1798 741 diSplicet,
1829 677 1884 724 et
1909 666 2065 722 fratri

488 767 801 827 scandalum
833 783 941 822 non
972 767 1063 823 sit.
1095 765 1295 822 Coram
1336 763 1645 820 hominibus
1674 760 1921 831 providet
1943 758 2066 829 quis

486 863 647 929 bona,
676 869 737 919 ut
762 876 870 918 non
914 860 1129 931 placeat
1156 857 1614 930 singulorum‘vel
1642 856 1811 922 vitiis,
1839 854 1925 911 vel
1951 869 2066 911 mo-

486 955 657 1021 ribus,
698 954 937 1024 alioquin
970 953 1249 1013 contraria
1278 952 1385 1011 erit
1412 950 1500 1006 illa
1526 949 1769 1020 Apostoli
1799 949 2068 1005 sententia

488 1064 608 1119 qua:
636 1049 806 1105 dicit:
834 1047 961 1118 Ego,
980 1047 1027 1102 si
1067 1047 1362 1101 hominibus
1388 1044 1592 1115 placere
1629 1042 1830 1108 vellem,
1868 1041 2067 1100 Christi

488 1156 665 1197 servus
696 1157 801 1195 non
835 1155 999 1199 essent
1028 1135 1170 1210 (Cal.
1204 1138 1266 1206 ι).
1303 1136 1361 1193 Si
1389 1136 1507 1204 ﬁeri
1532 1144 1699 1206 potest
1724 1134 1863 1206 quod
1889 1150 1954 1189 ea:
1979 1150 2067 1189 vo-

490 1231 568 1286 bis
588 1241 687 1298 est,
729 1240 837 1288 etc.
891 1230 1043 1298 Quod
1096 1239 1338 1289 vestrum
1377 1238 1481 1293 est,
1528 1243 1627 1284 vos
1664 1242 1786 1285 cum
1812 1226 2066 1282 omnibus

488 1338 679 1394 pacem
726 1324 1005 1389 habetote,
1046 1330 1103 1379 et
1128 1322 1292 1377 dicite
1330 1335 1454 1375 cum
1482 1319 1753 1389 Propheta
1780 1338 1792 1372 :
1822 1317 1956 1374 Cum
1983 1318 2064 1372 his

488 1393 577 1487 qui
607 1393 829 1470 oderunt
852 1431 1038 1489 pacem
1064 1431 1209 1470 eram
1230 1412 1481 1484 paciﬁcus
1503 1410 1675 1485 (Psal.
1697 1409 1830 1480 CIX).
1863 1408 2066 1480 Optan-

490 1512 574 1560 tes
604 1506 1012 1573 conversionem
1065 1519 1255 1561 eorum
1308 1510 1472 1572 atque
1527 1502 1780 1567 salutem,
1839 1500 1983 1556 sicut
2009 1499 2066 1554 in

488 1595 641 1652 vobis
669 1604 754 1652 est
791 1604 850 1652 ut
901 1596 1020 1651 ﬁeri
1050 1594 1241 1666 possit.
1300 1592 1583 1661 Quomodo
1635 1599 1814 1663 potest
1863 1589 1980 1645 ﬁeri
2006 1595 2066 1643 ut

485 1703 674 1760 pacem
702 1704 827 1745 cum
860 1688 1114 1746 omnibus
1141 1686 1484 1742 habeamus?
1538 1692 1593 1740 et
1618 1685 1747 1754 quid
1796 1682 2062 1740 faciemus

487 1781 555 1837 de
595 1780 874 1851 Scriptura
900 1797 1023 1851 qua:
1047 1780 1179 1836 dicit
1205 1794 1220 1834 :
1262 1777 1325 1835 Si
1354 1779 1559 1835 videbas
1591 1777 1785 1846 furem,
1815 1776 2063 1832 currebas

486 1891 606 1928 cum
635 1890 717 1939 eo,
746 1883 794 1928 et
832 1891 954 1928 cum
1002 1872 1254 1928 adulteris
1302 1872 1593 1942 portionem
1642 1879 1788 1926 tuam
1835 1869 2063 1941 ponebas

488 1962 664 2035 (Psal.
696 1964 866 2038 ms).
897 1965 1025 2021 Ideo
1057 1979 1185 2035 ergo
1235 1964 1375 2019 bene
1406 1962 1695 2034 Apostolus
1720 1962 1885 2025 addit,
1922 1959 2064 2033 quod

485 2070 553 2110 ea:
578 2055 722 2110 vobis
749 2066 844 2123 est,
869 2056 973 2112 hoc
1000 2064 1085 2111 est
1118 2055 1399 2125 proposito
1423 2061 1605 2109 vestro
1631 2061 1686 2108 et
1714 2052 1838 2108 ﬁdei
1868 2061 2065 2108 vestra

487 2147 742 2201 convenit
768 2162 781 2199 :
822 2162 946 2202 cum
972 2145 1127 2200 malis
1163 2146 1310 2201 enim
1353 2145 1553 2202 habere
1582 2157 1774 2215 pacem
1803 2152 1861 2200 et
1888 2145 2063 2201 socie-

487 2246 672 2305 tatem,
729 2238 856 2295 ﬁdei
902 2246 1097 2296 vestras
1151 2239 1433 2311 proposito
1492 2238 1727 2308 ﬁdeique
1790 2239 2061 2294 convenit.

486 2330 744 2399 Quamvis
796 2341 852 2388 et
879 2332 987 2388 alio
1040 2332 1243 2388 inloco
1290 2332 1463 2402 possit
1499 2331 1690 2388 haberi
1739 2332 2062 2389 distinctio:

484 2425 632 2481 aliud
657 2433 741 2482 est
767 2424 913 2480 enim
968 2424 1198 2480 crimina
1234 2440 1442 2492 amare,
1484 2424 1629 2481 aliud
1667 2425 1919 2481 homines
1944 2425 2067 2481 dili-

485 2533 615 2590 gere
643 2535 658 2573 ε
689 2516 792 2585 Qui
823 2517 1095 2583 homines,
1124 2526 1430 2575 creaturam
1458 2519 1555 2575 Dei
1580 2519 1791 2590 diligit;
1844 2520 1936 2591 qui
1959 2521 2067 2576 cri-

486 2612 635 2673 mina
659 2611 856 2683 diligit,
887 2611 1086 2668 diaboli
1121 2619 1360 2668 sectatur
1389 2613 1628 2669 inventa.
1661 2613 1764 2681 Qui
1790 2628 1920 2684 ergo
1944 2628 2068 2683 per-

486 2700 616 2763 fecti
644 2708 792 2767 sunt,
834 2702 937 2757 hoc
964 2702 1143 2771 ipsum
1188 2717 1296 2772 quo
1323 2703 1558 2760 oderunt
1610 2704 1864 2771 crimina,
1892 2705 2069 2759 homi-

486 2809 584 2853 nes
615 2802 833 2860 amant,
859 2802 916 2850 et
942 2795 1085 2851 odio.
1118 2795 1382 2851 habentes
1415 2797 1470 2851 in
1494 2797 1576 2853 eis
1605 2797 1735 2852 illud
1762 2801 1908 2867 quod
1936 2812 2067 2866 pec-

486 2893 635 2950 cant,
666 2884 796 2940 illud
824 2888 969 2955 quod
998 2885 1144 2941 Deus
1170 2888 1378 2944 creavit
1414 2904 1601 2944 amare
1652 2904 1761 2945 non
1789 2890 2065 2945 desinunt.

489 2974 614 3033 Non
648 2977 979 3048 vosmetipsos
1010 2978 1350 3045 vindicantes,
1406 2980 1498 3035 sed
1549 2980 1673 3035 date
1723 2980 1897 3035 locum
1946 2983 2061 3036 irae.

486 3064 595 3123 Aut
625 3081 657 3121 a
687 3065 958 3137 fugiendo,
1023 3075 1117 3123 aut
1141 3084 1174 3125 a
1204 3070 1567 3140 permittendo
1622 3072 1831 3139 noceri,
1884 3071 1940 3127 hi
1968 3072 2063 3143 qui

486 3158 694 3228 seipsos
724 3173 851 3214 mox
899 3159 1177 3215 vindicant
1223 3164 1492 3231 quomodo
1540 3162 1721 3218 locum
1770 3164 1901 3219 dant
1924 3163 2065 3219 irae?

488 3250 653 3307 Verbi
675 3266 839 3308 causa
871 3268 887 3306 :
927 3267 1148 3308 manum
1172 3255 1354 3310 manui
1378 3270 1485 3311 non
1510 3255 1779 3322 referunt,
1816 3264 1910 3311 aut
1933 3271 2067 3310 con-

486 3342 633 3399 vicio
657 3343 961 3401 convicium
1013 3345 1267 3414 reddunt,
1320 3346 1418 3402 ira:
1448 3346 1592 3402 illius
1620 3348 1713 3417 qui
1744 3346 1876 3402 fecit
1924 3346 2068 3416 inju-

489 3435 678 3501 riam,-
710 3438 1127 3507 pertranseundi
1171 3446 1230 3492 et
1264 3421 1624 3495 evanescendi
1669 3438 1848 3494 locum
1897 3439 2063 3494 dede-

490 3535 619 3582 runt
647 3544 662 3581 :
697 3541 858 3583 nemo
883 3528 1030 3583 enim
1060 3529 1137 3584 ita
1170 3530 1392 3587 rabidus
1437 3530 1743 3586 invenietur
1767 3530 1884 3600 qui,
1912 3530 2065 3587 illata

489 3618 707 3690 injuria,
734 3621 780 3681 si
808 3620 1040 3678 invicem
1063 3637 1172 3678 non
1207 3623 1455 3692 recipiat,
1502 3624 1701 3679 iterum
1731 3623 1936 3689 saaviat,
1969 3624 2067 3680 sed

486 3711 644 3781 quasi
670 3709 843 3768 etl‘uso
868 3726 934 3767 ac
985 3713 1198 3784 digesto
1231 3712 1420 3769 furore
1452 3714 1765 3770 necessario
1789 3714 2063 3771 mitescat.

489 3800 589 3861 Est
611 3820 739 3876 ergo
764 3806 969 3876 grande
1020 3805 1256 3873 lucrum,
1313 3805 1407 3862 ubi
1433 3814 1489 3862 et
1530 3807 1819 3864 multitudo
1845 3822 2066 3876 compe-

449 3880 477 3951 ί
489 3896 662 3953 scitur
690 3904 1059 3965 peccatorum,
1107 3905 1165 3953 et
1188 3897 1441 3967 injuriam
1470 3899 1617 3969 passi
1646 3900 1908 3969 patientia
1934 3915 2065 3968 pro--

489 3985 687 4043 habilis
737 3987 878 4057 apud
930 3986 1120 4043 Deum.
1175 3989 1271 4045 Est
1325 3998 1505 4045 autem
1536 3998 1592 4047 et
1626 3991 1731 4046 hoc
1784 3990 1944 4046 modo
1972 3991 2068 4047 im

488 4077 671 4137 locum
697 4080 850 4145 dare,
889 4095 989 4151 pro
1018 4082 1105 4137 his
1135 4098 1255 4152 quae
1310 4080 1615 4138 inferentur
1656 4080 1890 4152 injuriis,
1921 4081 2070 4152 quod

493 4174 554 4231 hi
582 4174 673 4245 qui
720 4182 951 4244 peccant
998 4177 1298 4232 secundum
1332 4177 1484 4233 Pauli
1534 4177 1878 4242 sententiam,
1927 4176 2069 4231 iram

496 4266 597 4322 sibi
628 4266 989 4322 thesaurisant
1012 4267 1067 4322 in
1089 4266 1175 4321 die
1198 4268 1316 4334 ἀνω,
1370 4276 1501 4323 tunc
1552 4267 1730 4322 reddet
1776 4266 1921 4322 Deus
1948 4267 2071 4321 uni-

2089 1662 2140 1724 B

2171 394 2219 450 si
2254 395 2510 452 inimicus
2550 395 2692 451 bona
2717 413 2817 468 pro
2844 399 3003 457 malis
3031 403 3325 472 recipiens,
3355 404 3502 461 nulla
3530 407 3762 467 malitias

2170 501 2282 541 suae
2318 488 2635 562 poenitentia
2660 500 2925 558 movetur,
2952 494 3069 563 ipse
3098 495 3201 553 sibi
3224 497 3566 555 thesaurizat
3590 502 3758 560 iram.

2148 575 2344 649 Caput
2372 594 2501 635 vero
2526 580 2825 652 principale
2870 586 3055 641 cordis
3108 587 3431 658 appellatur,
3458 600 3515 647 et
3559 596 3764 653 merito

2167 677 2331 736 caput
2358 670 2578 737 dicitur,
2609 671 2761 740 cujus
2790 674 3066 731 intellectu
3105 688 3159 733 et
3185 682 3484 750 prudentia
3510 689 3764 745 membra

2167 768 2426 830 reguntur
2458 763 2727 818 universa.
2780 763 2909 820 Noli
2937 769 3072 822 vinci
3115 787 3150 825 a
3178 771 3318 827 malo
3340 812 3356 838 ,
3406 774 3500 829 sed
3526 777 3672 832 vince
3700 780 3765 834 in

2165 850 2299 908 bona
2328 866 2547 909 malum.
2605 856 2851 912 Vincitur
2878 875 2910 913 a
2961 860 3127 927 malo,
3175 864 3269 933 qui
3306 879 3341 921 α
3372 868 3533 923 malis
3562 885 3767 940 provo-
3850 875 3855 881 ’

2165 952 2321 999 catus
2346 945 2523 1002 reddit
2558 948 2783 1003 malum.
2816 949 2965 1006 Bono
2991 962 3173 1010 autem
3202 955 3370 1019 vincit
3395 959 3616 1025 malum,
3666 963 3766 1032 qui

2164 1039 2403 1109 acceptis
2428 1040 2586 1098 malis
2612 1044 2849 1099 restituit
2873 1046 3036 1101 bona.
3083 1047 3305 1105 Certum
3333 1060 3418 1107 est
3444 1054 3591 1109 enim
3618 1055 3768 1113 hanc

2163 1145 2286 1186 esse
2314 1132 2441 1186 ntali
2471 1140 2720 1191 naturam
2741 1175 2756 1202 ,
2788 1144 2850 1191 ut
2874 1151 2942 1192 ex
2985 1139 3254 1201 similibus
3284 1143 3368 1198 sui
3411 1153 3678 1214 augeatur
3706 1155 3769 1202 et

2163 1230 2394 1288 crescat,
2422 1223 2562 1279 sicut
2586 1224 2743 1295 ignis,
2771 1228 2819 1282 si
2851 1229 2900 1282 ei
2927 1228 3104 1299 ignem
3129 1231 3361 1304 jungas;
3409 1236 3552 1289 sicut
3580 1237 3768 1294 noctis

2162 1313 2404 1369 tenebris
2431 1314 2478 1370 si
2520 1316 2663 1372 aeris
2710 1318 2952 1374 nubilum
2983 1322 3241 1377 sociatur.
3295 1324 3505 1380 Bonum
3534 1341 3667 1382 vero
3704 1327 3757 1382 si

2163 1405 2444 1472 adhibeas,
2475 1410 2870 1465 exterminatur
2912 1413 3133 1469 malum.
3182 1415 3469 1472 Contraria
3521 1433 3767 1488 namque

2163 1498 2453 1554 contrariis
2476 1493 2833 1569 perimuntur,
2862 1503 3003 1559 sicut
3025 1520 3123 1575 per
3155 1521 3355 1576 aquam
3382 1506 3524 1580 ignis
3551 1509 3768 1564 exstin-

2166 1591 2371 1662 guitur,
2402 1607 2502 1664 per
2524 1593 2701 1650 lucem
2729 1596 2965 1653 tenebras
2992 1596 3263 1669 fugantur.

2753 1684 2978 1743 CAPUT
3013 1688 3151 1743 XIII.

2239 1771 2494 1829 Omnibus
2533 1776 2875 1846 potestatibus
2912 1777 3304 1831 sublimioribus
3340 1777 3537 1833 subditi
3574 1786 3762 1834 estote.

2167 1863 2354 1921 Omnis
2385 1866 2502 1922 hazc
2551 1883 2717 1923 causa
2758 1869 3016 1925 adversus
3057 1869 3177 1925 illos
3203 1871 3414 1941 prolata
3455 1883 3540 1926 est
3568 1872 3662 1943 qui
3702 1888 3771 1928 se

2164 1959 2429 2030 putabant
2449 1961 2522 2015 ita
2554 1960 2751 2016 debere
2778 1961 3028 2017 libertate
3063 1962 3373 2020 Christiana
3419 1966 3496 2020 uti
3518 1973 3580 2020 ut
3624 1966 3767 2021 nulli

2166 2049 2428 2120 honorem
2484 2049 2758 2107 deferrent
2806 2062 2902 2107 aut
2944 2053 3149 2110 tributa
3183 2053 3569 2126 dcpenderent.
3612 2057 3766 2124 Quo-

2167 2155 2379 2210 cunque
2407 2157 2537 2214 ergo
2568 2143 2727 2199 modo
2756 2159 2852 2200 eos
2887 2145 3173 2202 humiliare
3199 2147 3491 2214 desiderat,
3523 2165 3593 2205 ne
3623 2149 3767 2205 forte

2165 2243 2391 2303 propter
2421 2234 2729 2303 superbiam
2780 2237 2955 2308 magis
2982 2252 3145 2308 quam
3189 2247 3411 2311 propter
3435 2242 3606 2295 Deum
3633 2257 3770 2297 con-

2171 2324 2443 2379 tumeliam
2472 2327 2768 2397 patiantur.
2817 2329 3048 2400 Ideoque
3095 2331 3252 2388 docet
3298 2333 3419 2390 illos
3450 2335 3763 2393 humilitate

2167 2421 2377 2484 tempus
2405 2418 2692 2475 redimere.
2732 2419 2857 2476 Non
2883 2422 3022 2477 enim
3051 2431 3128 2478 est
3161 2433 3411 2495 potestas,
3439 2427 3541 2480 nisi
3563 2443 3595 2480 α
3623 2426 3757 2483 Deo.

2168 2506 2330 2576 Quid,
2368 2518 2423 2566 et
2450 2511 2541 2566 illa
2578 2522 2836 2584 potestas,
2887 2531 3008 2585 qua:
3039 2531 3227 2574 servos
3262 2517 3360 2574 Dei
3390 2520 3759 2590 persequitur,

2167 2604 2331 2659 ﬁdem
2376 2605 2674 2678 impugnat,
2716 2609 3033 2682 religionem
3077 2611 3365 2679 subvertit,
3414 2628 3445 2668 a
3486 2613 3599 2671 Deo
3629 2615 3765 2671 est?

2166 2697 2249 2752 Ad
2276 2699 2419 2767 quod
2462 2702 2897 2771 reSpondendum
2928 2706 3073 2775 quod
3094 2706 3262 2761 etiam
3304 2707 3430 2762 talis
3461 2716 3704 2777 potestas
3727 2725 3760 2766 ει

2167 2788 2279 2844 Deo
2331 2789 2459 2845 data
2484 2802 2587 2858 est,
2626 2794 2693 2848 ad
2728 2795 3021 2851 vindictam
3068 2798 3290 2867 quidem
3320 2799 3613 2866 malorum,
3640 2800 3760 2855 lau-

2168 2881 2291 2935 dem
2326 2897 2457 2938 vero
2479 2884 2765 2940 bonorum.
2794 2885 2982 2959 Itaque
3005 2890 3094 2958 qui
3122 2890 3314 2944 resistit
3341 2892 3609 2961 potestati.
3636 2891 3757 2948 Non

2170 2975 2259 3029 hic
2302 2976 2368 3031 de
2414 2978 2520 3033 illis
2564 2981 2926 3049 potestatibus
2975 2983 3138 3050 dicit,
3191 2999 3312 3053 quae
3355 2986 3765 3055 persecutiones

2168 3066 2408 3122 inferunt
2434 3068 2555 3125 ﬁdei
2581 3088 2593 3123 :
2633 3072 2709 3128 ibi
2732 3073 2878 3129 enim
2899 3074 3220 3131 dicendum:
3250 3076 3362 3133 Deo
3377 3079 3761 3150 obtemperare

2165 3159 2340 3231 magis
2369 3169 2585 3230 oportet
2604 3177 2768 3233 quam
2795 3163 3104 3223 hominibus
3133 3165 3272 3238 (Act.
3302 3166 3356 3239 v)
3379 3208 3395 3234 ,
3428 3170 3524 3225 sed
3550 3171 3617 3227 de
3641 3170 3764 3227 istis

2166 3252 2545 3308 communibus
2573 3254 2701 3309 dicit
2743 3272 2865 3326 qua:
2893 3272 3001 3313 non
3026 3266 3154 3315 sunt
3185 3259 3364 3317 timori
3396 3260 3523 3317 boni
3551 3262 3759 3330 operis,

2165 3345 2261 3399 sed
2294 3344 2442 3412 mali,
2487 3348 2686 3415 quibus
2712 3348 2899 3417 utique
2933 3350 3025 3418 qui
3053 3351 3293 3417 resistit,
3322 3351 3427 3409 sibi
3450 3352 3760 3409 damnatio-

2165 3450 2289 3490 nem
2313 3450 2412 3504 pro
2448 3446 2724 3507 gestorum
2748 3455 2970 3495 suorum
3000 3440 3265 3511 qualitate
3283 3442 3573 3511 conquirit.
3612 3439 3759 3496 Nam

2163 3526 2255 3598 qui
2274 3527 2639 3597 principantur
2664 3546 2766 3584 non
2788 3540 2911 3584 sunt
2937 3530 3114 3586 timori
3140 3531 3262 3589 boni
3289 3535 3484 3603 operis,
3500 3533 3590 3588 sed
3610 3530 3761 3587 mali.

2167 3618 2341 3676 Malus
2368 3620 2529 3676 debet
2557 3621 2752 3678 timere
2779 3632 3105 3695 potestatem
3132 3642 3147 3679 :
3183 3641 3307 3680 nam
3333 3626 3507 3683 bonus
3532 3641 3639 3680 non
3664 3624 3768 3679 ha-

2165 3713 2261 3771 bet
2299 3713 2442 3784 quod
2485 3714 2694 3780 timeat,
2741 3717 2871 3788 quia
2894 3718 2940 3774 si
2965 3716 3113 3788 juste
3137 3718 3439 3784 occidatur,
3474 3718 3762 3789 gloriatur.

2176 3802 2269 3860 Vis
2296 3815 2471 3861 autem
2495 3823 2597 3861 non
2617 3808 2799 3863 timere
2817 3820 3144 3879 potestatem,
3166 3811 3267 3867 hoc
3295 3818 3398 3874 est,
3425 3810 3611 3878 accipe
3632 3822 3767 3867 con-

2166 3895 2349 3951 siliqu
2385 3911 2586 3960 meum,
2638 3905 2695 3951 ct
2724 3913 3001 3965 nunquam
3032 3898 3267 3951 timebis.
3297 3897 3450 3962 Quod
3475 3906 3659 3951 autem
3683 3897 3771 3955 di-

2167 3986 2246 4042 cit
2274 3986 2341 4041 de
2364 3994 2634 4055 potestate
2663 4005 2675 4040 :
2711 3984 2825 4039 Fac
2863 3986 3004 4057 quod
3043 3985 3236 4040 bonum
3290 3985 3419 4039 est?
3466 3984 3527 4040 In
3569 3983 3657 4042 die
3675 3985 3769 4055 ju-

2169 4078 2320 4143 dicii,
2370 4085 2426 4132 et
2468 4076 2696 4133 habebis
2724 4077 2942 4132 laudem
2980 4093 3047 4132 es
3077 4091 3166 4142 ea,
3216 4076 3378 4132 altius
3407 4077 3538 4133 mihi
3574 4078 3764 4148 requi-

2169 4168 2397 4226 rendum
2425 4167 2639 4222 videtur
2665 4186 2679 4222 :
2722 4184 2831 4225 non
2853 4170 2999 4224 enim
3036 4168 3374 4227 consuetudo
3397 4179 3482 4225 est
3510 4177 3761 4239 potesta-

2170 4263 2316 4317 tibus
2341 4260 2523 4316 szeculi
2552 4259 2762 4315 laudari
2793 4262 2896 4317 hos
2944 4263 3038 4332 qui
3066 4278 3173 4318 non
3221 4261 3423 4319 fuerint
3449 4262 3759 4331 criminosi;

497 4358 686 4430 cuique
744 4357 1031 4414 secundum
1076 4375 1234 4430 opera
1284 4375 1404 4414 sua.
1433 4357 1491 4413 Si
1523 4359 1763 4414 esurierit
1821 4359 2067 4413 inimicus
2093 4386 2149 4451 Β
2172 4369 2298 4410 nam
2323 4362 2614 4424 peccantes
2637 4353 2855 4423 quidem
2881 4355 3113 4425 puniunt
3133 4396 3151 4422 ,
3194 4371 3296 4412 nec
3320 4363 3607 4426 peccantes
3630 4370 3763 4412 vero

491 4461 643 4519 tuus,
688 4450 805 4505 ciba
832 4448 1005 4505 illum.
1035 4449 1154 4505 Noli
1206 4450 1283 4506 illi
1313 4466 1514 4523 negare
1565 4454 1710 4524 quod
1761 4453 1905 4509 Deus
1932 4452 2067 4507 nulli

494 4550 680 4616 negat,
711 4543 958 4612 quamvis
1005 4544 1079 4600 sit
1124 4545 1478 4616 blaspheme
1499 4554 1557 4602 et
1584 4548 1800 4618 impius.
1830 4546 1949 4601 Non
1981 4562 2068 4602 so-

491 4636 607 4692 lum
643 4634 938 4690 vindictam
963 4634 1078 4692 Deo
1121 4638 1394 4693 reservari
1440 4639 1638 4693 debere
1683 4638 1942 4703 ostendit,
1973 4639 2069 4695 sed

493 4736 552 4783 et
576 4726 841 4783 beneﬁcia
867 4727 999 4782 dare
1026 4728 1284 4783 inimicis.
1319 4728 1435 4782 Hoc
1475 4729 1616 4782 enim
1653 4728 1852 4798 faciens
1878 4729 2068 4783 carbo—

494 4835 585 4873 nes
618 4819 755 4889 ignis
812 4834 1057 4890 congeres
1105 4835 1263 4890 super
1309 4828 1465 4888 caput
1490 4818 1625 4888 ejus.
1672 4817 1943 4873 Fortassis
1972 4820 2066 4875 isti

489 4911 760 4967 carbones
785 4912 931 4984 ignis
974 4913 1068 4982 qui
1103 4918 1503 4981 congregantur
1563 4924 1727 4979 super
1762 4919 1923 4979 caput
1952 4911 2062 4965 ini-

492 5002 646 5069 mici,
701 5004 757 5058 in
803 5002 1129 5074 adjutorium
1192 5001 1360 5071 ipsius
1417 5010 1831 5072 congregantur.
1882 5002 2068 5058 Potest

492 5092 643 5148 enim
671 5093 789 5149 ﬁeri
834 5103 897 5149 ut
939 5093 1152 5147 animus
1182 5090 1331 5145 ferus
1378 5106 1444 5147 ac
1467 5092 1733 5148 barbarus
1764 5093 1992 5160 inimici,
2020 5095 2069 5151 si

493 5186 818 5242 beneﬁcium
843 5192 1090 5241 nostrum
1133 5183 1354 5250 sentiat,
1382 5185 1428 5239 si
1463 5184 1878 5255 humanitatem,
1910 5189 1955 5244 si
1988 5188 2070 5245 af-

492 5276 714 5341 fectum,
747 5276 793 5331 si
820 5274 1079 5344 pietatem
1104 5273 1304 5339 videat,
1359 5278 1829 5345 compunctionem
1885 5279 2066 5333 cordis

496 5366 702 5436 capiat,
746 5361 1021 5418 commissi
1057 5364 1451 5435 prenitudinem
1503 5377 1694 5439 gerat:
1729 5380 1786 5425 et
1817 5372 1921 5428 hoc
1951 5372 2069 5444 ipso

493 5458 638 5528 ignis
666 5457 722 5510 in
751 5469 817 5509 eo
844 5455 1064 5525 quidam
1088 5461 1468 5529 succendatur,
1496 5464 1588 5532 qui
1639 5480 1765 5519 eum
1792 5481 1893 5535 pro
1920 5482 2042 5522 com

2176 4447 2485 4503 collaudare
2518 4447 2600 4502 eis
2627 4463 2747 4505 mos
2792 4456 2880 4504 est
2931 4448 3132 4506 nullus.
3185 4449 3329 4520 Ergo
3357 4450 3536 4507 Sciens
3560 4447 3764 4506 Paulus

2175 4538 2321 4609 quod
2348 4552 2539 4594 omnes
2555 4538 2647 4608 qui
2678 4540 2734 4593 in
2762 4539 2880 4608 lege
2898 4549 3278 4611 peccaverunt,
3295 4556 3392 4612 per
3419 4540 3590 4611 legem
3616 4538 3763 4608 judi-

2172 4629 2916 4701 cabuntur,unumquemque
2938 4632 3080 4689 enim
3106 4632 3162 4687 in
3177 4631 3384 4701 judicio
3410 4630 3501 4686 illa
3529 4630 3614 4685 lex
3643 4628 3766 4685 sine

2177 4718 2343 4774 dubio
2389 4728 2579 4790 arguet
2631 4722 2928 4779 secundum
2986 4737 3147 4792 quam
3200 4722 3358 4777 vixit.
3413 4719 3764 4777 Ostendimus

2176 4819 2360 4867 autem
2400 4811 2659 4881 Spiritum
2687 4822 2934 4870 sanctum
2969 4815 3025 4869 in
3053 4813 3239 4869 multis
3261 4815 3511 4871 humanae
3554 4812 3659 4884 legi
3682 4812 3764 4868 lo-

2170 4920 2294 4960 cum
2323 4905 2558 4960 dedisse.
2617 4904 2839 4961 Certum
2888 4906 3035 4961 enim
3081 4914 3167 4961 est
3192 4906 3322 4976 quia
3370 4905 3427 4963 in
3457 4905 3545 4961 die
3569 4903 3762 4974 judicii

2168 4996 2393 5054 habebit
2431 4998 2599 5053 etiam
2644 5012 2713 5052 ex
2740 4999 2873 5068 ipsis
2917 4999 3125 5071 legibus
3174 4999 3392 5054 laudem
3420 4999 3563 5068 apud
3590 4998 3764 5054 Deum

2171 5088 2221 5144 is
2246 5088 2341 5157 qui
2366 5088 2503 5143 nihil
2549 5096 2739 5144 contra
2767 5097 2971 5144 statuta
3014 5089 3373 5155 commiserit,
3421 5104 3545 5146 cum
3590 5089 3643 5143 ei
3672 5089 3761 5145 di-

2173 5190 2366 5239 cetur:
2400 5181 2584 5252 Euge,
2622 5198 2767 5236 serve
2814 5182 2986 5253 ﬁdelis
3020 5223 3036 5249 ,
3091 5183 3234 5236 intra
3277 5181 3334 5234 in
3371 5180 3623 5252 gaudium
3658 5179 3761 5234 do-

2166 5275 2303 5330 mini
2340 5274 2438 5329 tui.
2483 5272 2553 5327 Et
2583 5273 2794 5327 habebis
2840 5274 3052 5328 laudem
3076 5288 3142 5327 ex
3169 5270 3285 5325 illa.
3335 5271 3481 5329 Laus
3515 5288 3583 5327 ex
3608 5278 3763 5341 pote-

2172 5374 2316 5424 state
2352 5373 2481 5420 tunc
2510 5364 2592 5430 ﬁt,
2646 5381 2769 5419 cum
2796 5364 2916 5434 quis
2946 5363 3208 5419 innocens
3244 5363 3535 5437 invenitur.
3577 5362 3640 5419 Si
3662 5378 3763 5417 au-

2171 5468 2276 5517 tem
2305 5458 2503 5513 malum
2533 5457 2719 5527 feceris
2748 5457 2888 5513 time.
2919 5454 3054 5511 Nam
3084 5457 3139 5512 in
3170 5466 3224 5512 te
3258 5458 3421 5514 habet
3449 5456 3686 5512 cilicium
3711 5455 3762 5512 si

496 5544 648 5600 missi
699 5546 1034 5603 conscientia
1088 5559 1340 5623 torqueat
1372 5563 1430 5607 et
1455 5556 1670 5621 adurat,
1702 5566 1758 5611 et
1790 5558 1879 5612 isti
1910 5566 2071 5613 erunt
2171 5551 2503 5623 peccaveris,
2552 5565 2653 5606 nec
2698 5549 2793 5605 tibi
2820 5549 3033 5619 proﬁcit
3078 5550 3146 5603 ad
3178 5550 3507 5615 mercedem,
3532 5549 3648 5604 sive
3673 5562 3764 5605 sa-

491 5636 762 5699 carbones
810 5638 976 5714 ignis,
1004 5643 1099 5717 qui
1123 5659 1287 5719 super
1315 5655 1482 5722 caput
1505 5647 1627 5724 ejus
1660 5661 1731 5708 ex
1752 5657 1943 5709 nostra
1968 5650 2070 5709 mi—
2172 5650 2423 5709 cerdotes
2446 5651 2670 5722 portant
2695 5642 2936 5718 gladium
2958 5642 3296 5720 spiritualem
3312 5682 3331 5715 ο
3377 5642 3522 5705 sicui
3561 5641 3762 5718 Ρθιωδ

2090 5748 2137 5761 φ

3643 5808 3653 5819 .-
3678 5803 3715 5822 (-
