4108 6334
236 309 340 366 H7

1373 308 1704 369 COLLECT.
1744 306 1812 365 IN
1849 306 2067 367 EPIST.
2108 310 2201 367 AD
2236 311 2401 370 ROM.

3394 315 3496 370 118

233 423 509 495 percussit
531 423 821 494 Ananiam,
850 433 907 483 et
937 426 1137 485 Paulus
1160 426 1393 501 Magum.
1419 427 1518 482 Dei
1546 427 1686 482 enim
1720 426 1818 480 mi—
1841 424 1890 488 A
1918 428 2167 484 occidere
2214 443 2337 484 eum
2385 428 2606 498 potest?
2638 442 2748 483 non
2776 428 2963 483 etiam.
3004 428 3073 484 Et
3101 429 3320 497 iterum,
3352 443 3495 485 nuu-

238 520 404 572 nister
430 526 507 572 est
534 518 629 572 tibi
649 519 706 572 in
750 518 961 575 bonum.
1011 519 1149 588 Quia
1170 534 1268 591 pro
1296 528 1386 574 tua
1427 520 1690 575 sollicitus
1731 527 1815 575 est

237 610 442 679 quiete,
470 610 723 679 quoniam
758 610 997 666 futurum
1036 611 1298 681 judicium
1330 613 1473 669 Deus
1500 615 1709 679 statuit,
1759 620 1817 671 et

238 700 448 755 nullum
472 702 652 771 perire
672 703 783 758 vult
809 704 861 758 in
889 704 991 760 hoc
1012 705 1228 772 steculo,
1256 713 1496 762 rectores
1519 705 1811 773 ordinavit,

238 800 300 847 ut
356 801 567 849 terrore
612 796 931 867 interposito
976 799 1285 856 hominibus
1338 800 1486 855 velut
1533 800 1812 873 pzedagogi

236 884 352 939 sint
396 885 706 943 erudientes
747 888 888 955 illos,
931 906 1065 963 quos
1092 899 1325 958 servent,
1376 908 1449 949 ne
1492 894 1546 949 in
1596 908 1814 965 poenam

236 976 408 1031 futuri
440 978 629 1050 judieii
658 978 915 1036 incidant.
962 981 1189 1054 Ideoque
1211 984 1403 1038 subditi
1423 994 1583 1040 estote
1606 1002 1710 1040 non
1735 1002 1816 1040 so-

235 1068 347 1124 lum
368 1080 579 1143 propter
601 1074 756 1128 irmn.
781 1073 947 1130 Recte
971 1075 1105 1130 dixit
1130 1076 1286 1141 iram,
1337 1077 1393 1132 id
1415 1085 1519 1143 est,
1556 1077 1812 1132 ultionem

231 1170 555 1231 praesentem
581 1181 596 1217 :
624 1163 702 1219 ira
729 1166 870 1220 enim
896 1165 1157 1235 judicium
1184 1167 1343 1236 parit,
1386 1168 1479 1223 sed
1508 1176 1561 1222 et
1585 1179 1814 1240 propter

227 1249 490 1320 judicium
538 1254 776 1312 futurum
804 1299 818 1324 ,
881 1260 972 1313 ubi
1011 1269 1299 1315 accusante
1336 1262 1667 1318 conscientia
1713 1279 1811 1335 pu-

229 1344 472 1402 nientur.
528 1349 607 1403 Ob
638 1350 741 1407 hoc
771 1350 898 1406 mihi
925 1352 1141 1407 videtur
1166 1354 1347 1409 dicere
1382 1374 1394 1408 :
1438 1353 1562 1411 Ideo
1590 1371 1812 1413 necesse

230 1444 317 1491 est
347 1438 593 1495 subditos
630 1455 765 1506 esse,
812 1456 918 1496 non
947 1443 1118 1498 solum
1147 1455 1370 1515 propter
1411 1446 1567 1513 iram,
1618 1463 1809 1513 verum

230 1529 396 1583 etiam
460 1539 680 1602 propter
730 1534 1138 1589 conscientiam.
1190 1534 1545 1592 Conscientia:
1597 1553 1811 1608 quoque

230 1620 356 1690 quis
381 1620 645 1689 subditur,
669 1638 790 1678 cum
829 1625 990 1680 habet
1014 1627 1067 1680 in
1092 1641 1150 1682 se
1173 1644 1280 1698 quo
1307 1639 1593 1685 accusetur
1620 1644 1650 1685 a
1678 1646 1810 1686 cou-

226 1714 476 1770 scientia.
513 1715 607 1771 His
640 1732 766 1788 ergo
795 1719 957 1774 etiam
991 1722 1186 1776 tributa
1216 1724 1519 1793 pendimus,
1549 1721 1677 1779 dum
1705 1726 1803 1780 ad-

228 1804 339 1860 huc
365 1808 655 1862 secundum
686 1825 906 1867 carnem
935 1813 1185 1879 vivimus,
1222 1823 1277 1869 et
1318 1831 1438 1886 quae
1463 1819 1645 1873 carnis
1679 1827 1807 1875 sunt
1832 1783 1881 1843 Β

226 1900 564 1969 cogitamus:
611 1917 735 1955 nam
764 1903 809 1957 si
840 1903 1055 1959 vineam
1095 1906 1307 1961 Domini
1344 1910 1607 1977 colamus,
1641 1919 1697 1965 et
1722 1913 1805 1967 vi-

228 1995 342 2053 tam
370 2006 575 2057 veram,
612 2006 730 2061 qua:
752 2000 836 2048 est
863 1993 1132 2063 Christus,
1172 2011 1523 2055 exerceamus
1550 2001 1603 2054 in
1629 2001 1806 2070 nobis,

225 2079 296 2138 de
323 2083 426 2139 ista
447 2086 601 2140 vinea
633 2100 740 2140 non
767 2086 1032 2143 ministris
1056 2087 1235 2143 sceculi
1266 2091 1465 2146 tributa
1499 2094 1807 2163 pendimus,

223 2175 325 2232 sed
369 2177 474 2246 ipsi
506 2178 730 2234 Domino
771 2177 978 2234 fructus
1015 2180 1068 2235 in
1112 2187 1356 2250 tempore
1397 2183 1693 2251 reddimus,
1727 2202 1812 2242 se-

220 2267 467 2321 cundum
519 2269 662 2338 quod
710 2268 825 2339 ipse
872 2269 1118 2325 Salvator
1172 2271 1228 2325 in
1278 2272 1577 2344 Evangelio
1627 2275 1806 2332 dicit:

220 2355 369 2424 Quia
423 2357 626 2414 colonis
676 2359 832 2415 malis
885 2361 1101 2417 vineam
1148 2360 1309 2427 tulit,
1371 2369 1427 2417 et
1486 2363 1634 2419 dabit
1689 2379 1809 2421 eam

222 2446 349 2501 aliis
409 2447 647 2515 colonis,
707 2450 799 2522 qui
858 2451 1074 2506 reddent
1122 2451 1171 2507 ei
1220 2452 1425 2522 fructus
1464 2453 1521 2508 in
1578 2463 1809 2527 tempore

223 2553 325 2592 suo
397 2537 564 2610 (Luc.
626 2554 697 2595 xx
718 2538 761 2613 ).
833 2539 1055 2598 Reddite
1126 2559 1248 2614 ergo
1305 2543 1544 2599 omnibus
1610 2545 1803 2602 debita.

227 2627 417 2684 Potest
463 2630 629 2685 etiam
693 2629 1036 2704 eleemosyna
1080 2632 1320 2690 debitum
1374 2635 1671 2706 appellari,
1725 2636 1809 2694 di-

222 2728 383 2776 cente
444 2719 770 2792 Scriptura:
835 2723 1039 2780 Inclina
1103 2726 1328 2797 pauperi
1382 2741 1571 2784 aurem
1633 2736 1802 2799 tuam,

222 2820 280 2869 et
306 2813 472 2869 redde
494 2815 734 2871 debitum
759 2823 933 2873 tuum.
964 2817 1065 2873 Cui
1088 2820 1364 2888 tributum,
1398 2821 1672 2889 tributum,
1700 2823 1805 2881 hoc

221 2912 327 2969 est,
357 2906 563 2963 reddite
587 2908 847 2963 tributum
865 2950 881 2976 ,
926 2911 1014 2965 cui
1040 2912 1374 2968 reddendum
1401 2921 1487 2969 est
1516 2915 1800 2973 tributum.

223 2997 509 3053 Trihutum
553 3008 637 3054 est
676 3002 820 3071 quod
844 3016 1005 3057 manu
1046 3003 1322 3059 tribuitur.
1361 3004 1603 3077 Vectigal
1625 3015 1806 3064 autem

222 3089 367 3159 quod
410 3089 670 3146 vehiculis
697 3092 931 3149 vehitur.
983 3093 1225 3151 Primum
1251 3110 1313 3152 ea
1343 3112 1464 3169 qua:
1497 3106 1623 3154 sunt
1651 3108 1805 3170 pote-

218 3182 377 3238 statis
403 3184 562 3254 regia:
588 3183 767 3242 debite
791 3186 994 3243 exsolvi
1016 3186 1192 3257 jubet,
1230 3189 1357 3260 quia
1388 3189 1560 3260 major
1586 3192 1673 3248 his
1707 3209 1802 3249 ne-

1829 3142 1876 3209 C

1913 520 2043 591 quid
2080 521 2172 591 qui
2208 521 2514 592 proximum
2564 534 2722 577 suum
2757 520 2935 591 diligit
2957 560 2974 588 ,
3018 521 3079 577 in
3124 537 3353 581 uxorem
3378 520 3499 591 ejus

1912 612 2235 668 adulterium
2260 606 2599 670 committit?
2638 612 2921 684 Nunquam
2945 614 3209 686 pmfecto.
3241 614 3334 671 Sic
3357 623 3415 670 et
3434 614 3494 674 in

1913 704 2145 760 caeteris.
2205 704 2320 759 Hoc
2373 706 2548 776 ipsum
2590 705 2998 775 intelligendum
3044 714 3129 762 est
3170 709 3275 763 hoc
3321 708 3492 763 verbo

1913 805 2288 851 restauratur':
2313 798 2440 868 quia
2473 797 2529 853 in
2559 799 2790 867 proximi
2814 797 3107 854 dilectione
3132 799 3310 854 omnis
3326 797 3492 870 justi-

1913 889 1988 946 tia
2018 889 2439 959 recapitulatur:
2477 889 2674 959 Diliges
2714 892 3013 961 promittunt
3040 900 3188 945 tuum
3230 890 3365 945 sicut
3414 897 3496 944 te-

1912 981 2101 1053 ipsum.
2149 980 2261 1035 Hoc
2294 980 2347 1035 in
2367 980 2608 1037 Levitico
2644 981 2794 1053 (Cap.
2821 981 2933 1056 xvr)
2981 982 3243 1053 scriptum
3285 989 3388 1037 est.
3422 980 3496 1035 Et

1912 1072 2009 1125 hoc
2051 1072 2269 1126 scientes
2307 1080 2528 1141 tempus.
2578 1072 2759 1131 Haeret
2785 1088 2908 1127 cum
2957 1073 3353 1144 superioribus,
3403 1070 3498 1126 ubi

1912 1162 2049 1219 dixit
2077 1180 2091 1217 :
2132 1162 2339 1218 Subditi
2371 1173 2550 1218 estote.
2603 1164 2865 1229 Quoniam
2906 1166 3035 1220 hora
3063 1175 3138 1220 est
3158 1165 3279 1231 jam
3309 1181 3402 1219 nos
3430 1163 3499 1217 de

1911 1272 2094 1310 somno
2123 1271 2349 1325 surgere.
2386 1254 2456 1309 Ut
2483 1253 2550 1309 ad
2570 1254 2893 1324 perfectiora
2916 1256 3151 1313 tendatis
3175 1274 3188 1310 :
3217 1270 3325 1310 non
3349 1254 3497 1310 enim
3574 1262 3579 1271 ‘

1912 1346 2119 1401 debetis
2158 1360 2373 1414 semper
2408 1345 2617 1415 parvuli
2658 1352 2714 1399 et
2748 1345 3011 1402 lactentes
3055 1362 3196 1403 esse.
3245 1346 3388 1417 Ergo
3428 1346 3499 1401 de

1911 1453 2103 1493 somno
2148 1437 2357 1492 inertim‘
2386 1446 2441 1491 et
2466 1437 2785 1507 ignorantia:
2829 1437 3168 1509 consurgite,
3213 1436 3325 1508 jam
3352 1436 3501 1490 enim

1910 1530 2139 1587 scientia
2184 1530 2347 1586 lucet.
2404 1529 2561 1585 Nunc
2593 1533 2733 1585 enim
2763 1533 2979 1602 propior
3012 1542 3087 1586 est
3115 1530 3259 1586 salus
3296 1540 3498 1597 nostra,

1907 1638 2066 1693 quam
2105 1637 2224 1676 cum
2264 1621 2598 1677 credidimus.
2653 1623 2903 1689 Quotidie
2932 1623 3151 1693 propior
3183 1630 3267 1677 est
3314 1629 3502 1676 nostra

1910 1714 2076 1782 salus,
2108 1716 2248 1770 sicut
2274 1724 2329 1771 et
2368 1716 2626 1772 Dominus
2663 1732 2786 1771 cum
2815 1715 3298 1773 consummationis
3316 1714 3504 1772 saeculi

1908 1810 2063 1882 signa
2090 1810 2462 1880 distingueret,
2493 1810 2629 1864 dixit
2653 1829 2666 1864 :
2696 1809 2828 1864 Cum
2858 1810 3137 1864 audieritis
3162 1811 3273 1865 haec
3299 1809 3500 1874 omnia,

1909 1900 2133 1955 allevate
2157 1901 2333 1971 capita
2369 1910 2559 1966 vestra,
2612 1901 2862 1971 quoniam
2903 1899 3174 1969 appropiat
3219 1896 3503 1967 redemptio

1910 2003 2077 2047 uestra
2103 1992 2255 2065 (Luc.
2284 1992 2405 2063 xu).
2438 1993 2557 2047 N01
2584 1994 2864 2064 praecessit,
2896 1993 3007 2047 dies
3028 2002 3205 2046 autem
3227 1990 3506 2061 appropin-

1911 2084 2106 2153 quarit.
2143 2082 2433 2153 Comparat
2470 2084 2574 2137 diei
2602 2085 2904 2150 scientiam,
2937 2092 2994 2139 et
3020 2083 3383 2154 ignorantiam
3406 2095 3506 2136 no-

1911 2174 2006 2228 cti.
2056 2173 2380 2244 Abjiciamus
2406 2188 2527 2244 ergo
2563 2190 2722 2243 opera
2757 2173 3109 2237 tenebrarum,
3140 2183 3191 2227 et
3217 2172 3507 2226 induamur

1912 2279 2063 2316 arma
2113 2263 2265 2317 lucis.
2326 2262 2460 2318 Cum
2518 2263 2825 2334 ignorantia
2871 2262 3189 2334 abjiciamus
3238 2262 3400 2317 simul
3449 2268 3509 2316 et

1910 2366 2076 2423 opera
2105 2354 2444 2423 ignorantiae,
2492 2361 2550 2409 et
2570 2370 2722 2410 arma
2749 2356 2904 2420 lucis,
2954 2356 3057 2412 hoc
3085 2364 3191 2422 est,
3216 2370 3382 2427 opera
3423 2354 3510 2409 lu-

1909 2443 2074 2499 minis
2103 2443 2392 2500 induamus
2417 2461 2432 2511 ;
2486 2446 2577 2515 qui
2607 2446 2751 2501 enim
2780 2446 2922 2503 male
2959 2448 3091 2518 agit,
3138 2448 3254 2503 odit
3283 2448 3461 2502 lucem
3486 2464 3501 2502 :

1910 2536 2005 2606 qui
2034 2551 2166 2592 vero
2194 2537 2485 2593 veritatem
2512 2536 2664 2604 facit,
2710 2539 2857 2593 venit
2902 2539 2969 2593 ad
2995 2538 3191 2594 lucem.
3223 2538 3502 2593 Tenebra-

1908 2641 2030 2682 rum
2054 2635 2178 2683 sunt
2211 2643 2377 2698 opera
2411 2629 2544 2684 vitia
2585 2629 2788 2695 carnis,
2816 2645 2967 2685 arma
3010 2644 3144 2685 vero
3178 2628 3318 2684 lucis
3352 2637 3505 2700 gesta

1908 2726 2037 2774 sunt
2061 2718 2221 2774 bona.
2288 2719 2421 2775 Boni
2449 2735 2582 2792 ergo
2610 2730 2765 2777 actus
2788 2736 2940 2776 arma
2970 2721 3112 2777 lucis
3132 2728 3259 2776 sunt
3283 2737 3298 2787 ;
3327 2721 3505 2792 impu-

1909 2820 2079 2884 gnant
2103 2812 2250 2868 enim
2292 2815 2545 2871 tenebras
2568 2855 2584 2883 ,
2634 2831 2756 2886 quae
2802 2824 2928 2871 sunt
2959 2816 3088 2870 vitia
3117 2815 3319 2871 carnis.
3367 2815 3504 2884 Qua

1908 2905 2020 2962 sint
2056 2913 2237 2962 autem
2284 2922 2453 2979 opera
2499 2910 2848 2966 tenebrarum
2882 2926 3002 2982 quae
3028 2909 3329 2979 abjicienda
3370 2910 3502 2979 sint,

1910 3010 2305 3070 consequenter
2340 3009 2624 3057 enumerat
2650 3009 2705 3059 et
2740 3003 2874 3059 dicit
2921 3022 2934 3057 :
2976 3001 3100 3058 Non
3135 3004 3192 3057 in
3239 3018 3502 3058 comessa—

1908 3093 2157 3148 tionibus.
2204 3092 2641 3151 Comessationes
2690 3104 2891 3161 autem,
2937 3096 3079 3151 sicut
3130 3095 3419 3151 inhonesta
3443 3102 3502 3152 et

1906 3184 2184 3241 luxuriosa
2211 3186 2479 3254 convivia,
2507 3187 2707 3243 quibus
2733 3187 3041 3243 necessario
3068 3201 3254 3243 comes
3282 3194 3367 3243 est
3390 3194 3506 3243 tur-

221 3275 448 3333 cessitas
470 3284 575 3333 est.
606 3276 705 3333 Cui
731 3278 1002 3346 timorem,
1045 3280 1303 3335 timorem.
1349 3280 1615 3339 Potestati
1642 3283 1803 3341 timo—
1901 3277 2128 3350 pissima
2155 3278 2491 3347 temulentia,
2521 3288 2578 3335 et
2620 3280 2752 3350 quid
2784 3279 2930 3335 aliud
2974 3279 3340 3350 subsequitur,
3388 3279 3501 3335 nisi

220 3380 338 3422 rem
364 3367 726 3425 exhibendum
756 3368 905 3437 dicit,
955 3370 1085 3441 quia
1129 3371 1295 3427 timor
1320 3372 1575 3444 prohibet
1602 3388 1801 3444 pecca-

219 3467 356 3527 tum,
401 3461 594 3518 deinde
635 3462 865 3520 Domino
888 3505 903 3531 ,
948 3466 1160 3535 parenti
1210 3474 1442 3534 terreno,
1490 3477 1551 3523 ut
1598 3469 1804 3541 gratias

218 3560 367 3625 agat,
398 3568 431 3609 a
460 3554 589 3623 lilio,
631 3572 662 3612 a
700 3572 859 3614 servo
894 3557 1224 3616 Christiano.
1264 3557 1364 3616 Cui
1390 3561 1665 3629 honorem,
1709 3563 1805 3619 ho-

218 3660 427 3699 norem.
456 3644 641 3704 Potest
669 3649 757 3706 hic
777 3650 952 3708 honor
975 3652 1121 3708 circa
1145 3667 1238 3709 eos
1264 3668 1384 3710 esse
1414 3655 1507 3725 qui
1546 3655 1803 3714 sublimes

211 3734 481 3790 videntur
507 3735 560 3791 in
602 3740 814 3808 mundo,
847 3750 909 3798 ut
941 3743 1187 3799 videntes
1222 3742 1582 3800 humilitatem
1619 3760 1806 3803 servo-

216 3841 364 3893 rum,
396 3824 676 3886 Christum
720 3830 940 3889 laudent
979 3834 1161 3905 potius
1189 3850 1351 3907 quam
1380 3836 1686 3909 vitupercnt
1711 3838 1807 3895 do-

218 3920 454 3976 etrinam
516 3923 898 3996 evangelicam.
965 3924 1180 3983 Nemini
1225 3928 1512 4001 quidquam
1554 3929 1802 3987 debeatis.

219 4011 321 4068 ilic
348 4013 540 4084 incipit
565 4016 858 4087 praedicare
905 4020 1248 4077 charitatem.
1297 4020 1493 4078 Pacem
1521 4023 1636 4078 vult
1664 4022 1805 4092 fieri,

221 4102 266 4158 si
294 4112 488 4174 potest,
519 4120 645 4163 cum
684 4108 967 4175 omnibus,
1000 4110 1343 4170 dilectionem
1371 4130 1502 4170 vero
1550 4130 1672 4172 cum
1703 4114 1809 4171 fra-

219 4193 416 4261 tribus,
462 4205 519 4253 et
542 4197 634 4254 hic
662 4207 844 4256 tamen
875 4200 1080 4260 honore
1108 4213 1342 4261 servato.
1382 4204 1589 4265 Idcirco
1623 4214 1807 4264 autem

219 4280 496 4341 debitores
534 4288 695 4356 dicit,
733 4292 859 4361 quia
886 4292 1093 4349 homini
1136 4297 1230 4366 qui
1256 4297 1449 4367 dignus
1477 4304 1560 4352 est
1600 4296 1808 4353 hanorc

220 4375 335 4432 sive
361 4382 616 4448 praesenti
645 4382 759 4438 sive
785 4381 989 4451 futuro,
1038 4385 1258 4457 dignum
1307 4396 1390 4444 est
1416 4386 1699 4457 etjustum
1726 4388 1809 4443 in-

1904 3370 2103 3430 cubilia
2127 3379 2182 3426 et
2206 3371 2573 3443 impudicitiae.
2604 3370 2728 3427 Non
2752 3373 2810 3426 in
2835 3374 3163 3427 contentione
3189 3384 3236 3427 et
3268 3370 3494 3427 cernula-

1903 3463 2064 3519 tione.
2106 3464 2275 3521 Recte
2300 3467 2369 3522 ab
2396 3465 2482 3521 bis
2516 3466 2757 3521 coerceri
2777 3473 2981 3533 monet,
3009 3467 3137 3536 quia
3165 3465 3342 3521 omnis
3367 3479 3503 3520 con-

1905 3554 2080 3609 tentio
2105 3563 2162 3610 et
2188 3555 2338 3611 zelus
2380 3556 2723 3613 inimicitiam
2761 3557 2944 3627 parit:
2996 3556 3113 3611 haec
3148 3556 3292 3609 enim
3317 3554 3505 3609 omnia

1905 3644 2163 3701 tenebras
2181 3655 2361 3715 vocat,
2411 3662 2533 3717 quae
2558 3646 2628 3702 ad
2653 3647 2792 3704 lucis
2837 3646 3061 3719 praemia
3082 3645 3369 3717 pervenire
3392 3658 3505 3701 non

1905 3744 2137 3807 possunt

1981 3826 2089 3883 Sed
2114 3828 2315 3883 induite
2356 3844 2446 3885 eos
2485 3828 2769 3884 Dominum
2811 3828 2996 3885 Iesum
3035 3827 3321 3885 Christum.
3368 3828 3503 3885 Fro-

1908 3927 2140 3993 quenter
2179 3919 2414 3975 diximus
2437 3960 2452 3987 ,
2486 3918 2764 3975 Christum
2808 3920 3128 3993 sapientiam
3153 3934 3296 3986 esse,
3340 3926 3503 3988 euu-

1909 4013 2135 4078 stitiam,
2163 4020 2218 4067 et
2246 4011 2731 4069 sanctiﬁcationem
2754 4054 2772 4083 ,
2805 4022 2860 4069 et
2888 4014 3171 4091 veritatem
3190 4055 3205 4080 ,
3234 4019 3292 4069 et
3310 4026 3501 4070 omnes

1909 4103 2072 4158 simul
2101 4103 2344 4171 virtutes,
2388 4120 2527 4175 quas
2562 4106 2753 4175 utique
2790 4107 2885 4176 qui
2919 4107 3304 4178 assumpscrit,
3342 4104 3501 4162 Chri-

1911 4206 2057 4251 stum
2084 4197 2281 4251 dicitur
2304 4197 2562 4255 induisse.
2613 4198 2673 4254 Si
2695 4198 2839 4254 enim
2868 4200 2985 4255 ha'c
3014 4200 3197 4255 omnia
3225 4197 3498 4268 Christus,

1911 4289 2224 4345 necessario
2264 4290 2357 4360 qui
2385 4292 2501 4348 hare
2533 4292 2719 4360 habet,
2768 4292 2930 4349 habet
2965 4302 3023 4350 et
3045 4293 3363 4350 Christum:
3402 4294 3500 4362 qui

1911 4388 2093 4434 autem
2122 4380 2239 4436 haec
2282 4382 2463 4449 habet,
2512 4384 2695 4439 carnis
2740 4399 2927 4439 curam
2952 4385 3007 4438 in
3045 4381 3499 4454 concupiscentiis

221 4468 433 4525 clinari.
478 4471 564 4529 Illi
608 4475 751 4529 enim
796 4476 917 4546 quis
964 4475 1271 4546 inclinatur,
1319 4492 1350 4533 ῃ
1395 4493 1504 4551 quo
1543 4478 1806 4536 honorem
1832 4501 1888 4563 Β
1912 4486 2020 4526 non
2049 4468 2217 4525 facit:
2251 4470 2321 4524 Et
2348 4474 2520 4527 carnis
2549 4491 2731 4528 curam
2758 4490 2822 4529 ne
2843 4472 3070 4544 feceritis
3106 4475 3164 4529 in
3201 4472 3493 4528 desideriis.

219 4561 437 4629 accipit,
464 4562 667 4620 idcirco
693 4565 904 4622 debitor
945 4567 1182 4624 dicitur:
1220 4568 1266 4624 si
1286 4570 1432 4625 enim
1463 4585 1570 4626 ηοη
1599 4571 1702 4627 hoc
1724 4570 1806 4627 te.
1832 4560 1871 4563 —
1913 4561 2005 4617 Sic
2036 4560 2292 4617 Salomon
2322 4562 2399 4617 ait
2426 4580 2440 4617 :
2478 4562 2606 4620 Post
2629 4566 3093 4635 concupiscentias
3133 4571 3255 4621 tuas
3280 4579 3349 4621 ne
3376 4579 3494 4621 eas.

218 4655 366 4708 ceris
388 4656 617 4727 principi
644 4666 761 4726 tuo,
799 4662 1077 4732 superbies
1101 4678 1118 4718 :
1149 4670 1242 4718 aut
1267 4664 1414 4719 enim
1442 4665 1637 4721 merito
1659 4668 1801 4738 quis,

220 4750 317 4796 aut
361 4754 519 4801 tetate
562 4746 909 4805 honorandus
950 4758 1053 4806 est.
1107 4750 1212 4818 Qui
1255 4753 1392 4808 enim
1422 4753 1592 4826 diligit
1625 4758 1807 4827 proxi-

219 4850 404 4899 mum,
437 4835 594 4908 legem
631 4840 876 4913 implevit.
905 4841 1103 4915 Legem
1130 4843 1314 4900 datam
1344 4860 1376 4900 a
1405 4844 1585 4919 Moyse
1615 4846 1806 4919 impleo
1873 4853 1897 4917 ιζ

1873 4883 1899 4917 ι.

217 4926 324 4993 bit,
364 4926 459 4999 qui
482 4932 783 5000 proximum
820 4933 1028 5001 diligit;
1076 4948 1201 4991 nam
1232 4951 1383 4993 nova:
1409 4936 1543 5009 legis
1576 4939 1804 4996 manda—
1872 4974 1883 5001 .-

221 5023 342 5071 tum
365 5028 451 5074 est
474 5020 638 5077 etiam
666 5023 919 5081 inimicos
946 5026 1283 5097 diligendus;
1319 5028 1478 5085 aliter
1506 5031 1805 5087 secundum

222 5110 538 5182 parabolam
572 5115 787 5172 Domini
826 5118 943 5173 sine
972 5118 1291 5174 discretione
1337 5120 1549 5177 cunctis
1588 5121 1804 5178 miscri-

223 5204 468 5260 cordiam
494 5206 612 5263 ﬁeri
630 5209 930 5280 iubentem,
958 5210 1133 5266 omnis
1170 5211 1331 5267 homo
1363 5214 1643 5283 proximus
1675 5230 1804 5272 cen-

223 5295 428 5352 sendus
462 5308 563 5355 est.
613 5300 891 5370 Quomodo
932 5305 1101 5376 possit
1127 5305 1249 5378 quis
1275 5304 1447 5377 legem
1474 5306 1528 5362 in
1555 5323 1664 5365 uno
1689 5324 1803 5366 ser-

222 5403 387 5445 mone
425 5392 699 5463 complere
745 5395 1112 5467 plenissimam
1159 5397 1335 5453 reddit
1372 5400 1634 5457 rationem
1658 5445 1673 5471 ,
1722 5403 1804 5460 di-

221 5491 355 5537 cens
384 5499 397 5535 :
430 5481 655 5539 Dilectio
678 5487 900 5558 proximi
921 5488 1117 5543 malum
1140 5505 1243 5544 non
1278 5499 1562 5561 operatur:
1604 5502 1653 5548 et
1686 5492 1803 5549 ideo

217 5569 491 5640 plenitudo
536 5573 665 5647 legis
705 5586 782 5632 est
822 5578 1048 5635 dilectio.
1095 5580 1255 5637 Ponit
1289 5584 1435 5639 enim
1466 5600 1563 5655 per
1591 5585 1804 5658 singula

217 5662 482 5719 mandata
511 5664 648 5736 legis
679 5668 1041 5737 dilectionem,
1074 5680 1130 5726 et
1153 5672 1275 5728 vide
1300 5689 1461 5745 quam
1489 5674 1645 5732 facile
1674 5692 1806 5735 cun-

215 5760 308 5815 eta
342 5757 705 5831 compientttr.
734 5761 989 5838 Nunquid
1008 5763 1155 5826 enim
1182 5766 1277 5842 Qui
1304 5766 1477 5842 diligit
1500 5772 1805 5842 proximum

1907 4652 1968 4709 In
1988 4654 2095 4711 hoc
2118 4654 2424 4711 necessaria
2450 4669 2557 4711 non
2586 4655 2865 4727 prohibuit
2904 4656 2999 4714 sed
3024 4657 3493 4733 concupiscentia!

1904 4748 2191 4805 resecavit.

2491 4840 2720 4899 CAPUT
2758 4842 2896 4902 ΧΠ.

1982 4930 2264 5002 Inﬁrmum
2285 4939 2457 4988 autem
2477 4949 2531 4987 in
2568 4933 2673 5003 ﬁde
2693 4934 2927 5006 accipite.
2954 4934 3070 4993 Hoc
3091 4944 3195 5004 est,
3224 4935 3489 5006 Judaeum,

1911 5040 2086 5099 nuper
2104 5027 2160 5081 in
2187 5018 2463 5083 Christum
2496 5028 2805 5085 credentem
2840 5044 3184 5102 nequaquam
3212 5028 3487 5097 olfendite,

1913 5121 2010 5176 sed
2033 5118 2304 5188 adjuvate,
2341 5127 2403 5177 ut
2431 5121 2750 5177 arundinem
2776 5133 3088 5193 quassatam
3117 5138 3225 5178 non
3253 5119 3490 5178 confrin-

1912 5212 2051 5285 gatis
2080 5210 2445 5286 (Matth.xxt).
2485 5209 2611 5269 Non
2629 5213 2684 5269 in
2710 5214 3102 5287 disceptatione.
3134 5212 3213 5269 Ne
3242 5214 3492 5272 dixeritis

1913 5304 1986 5371 ei,
2027 5302 2111 5360 vel
2156 5319 2225 5360 ne
2254 5304 2561 5375 imputetis,
2616 5306 2760 5377 quod
2786 5316 2896 5362 non
2929 5312 3177 5377 oporteat
3205 5304 3322 5363 fieri
3368 5321 3492 5378 qum

1914 5399 2203 5455 carnaliter
2250 5400 2540 5467 observat;
2590 5415 2718 5455 nam
2768 5414 2875 5471 quo
2928 5408 3087 5471 pacto
3138 5400 3255 5460 ausi
3300 5414 3491 5460 sumus

1904 5490 2052 5547 ferre
2098 5492 2421 5548 sententiam
2451 5491 2517 5547 de
2541 5492 2763 5548 alterius
2795 5490 2957 5547 corde
2993 5491 3138 5562 quod
3181 5508 3291 5551 nou
3332 5494 3487 5549 vide-

1907 5582 2071 5639 mus?
2117 5582 2220 5649 Qui
2261 5593 2435 5638 autem
2470 5583 2711 5654 inﬁmus
2736 5590 2833 5647 est,
2871 5580 2984 5637 olus
3008 5584 3299 5641 manduca
3350 5582 3491 5639 dine

1903 5677 2187 5750 probatur,
2241 5675 2366 5746 quia
2410 5691 2516 5731 non
2555 5675 2621 5730 de
2657 5670 2876 5741 Iudaeis,
2923 5683 2984 5730 ut
3017 5677 3235 5747 quidam
3269 5681 3481 5749 putant,

1907 5773 2006 5836 sed
2030 5771 2098 5835 de
2122 5767 2517 5834 abstinentibus
2550 5765 2695 5829 dicat
2716 5782 2732 5828 :
2762 5781 2871 5831 non
2899 5772 3047 5831 enim
3067 5784 3260 5831 carnes
3292 5782 3487 5829 secun-
