4108 6334
304 377 403 433 {Si

1435 370 1766 430 COLLECT.
1808 370 1878 428 IN
1917 370 2136 428 EPIST.
2175 373 2266 428 AD
2300 368 2469 428 ROM.

3459 378 3566 438 122

363 491 499 557 Quia
527 506 628 542 non
657 503 722 542 es:
747 489 868 558 ﬁde.
923 487 1054 554 Qua:
1094 499 1194 558 per
1229 487 1553 543 charitatem
1584 494 1877 558 operatur;
1907 485 1961 544 A
1985 495 2070 539 cut
2093 498 2341 557 scriptum
2373 497 2445 540 est
2474 501 2491 538 :
2541 487 2764 558 Propter
2783 489 2880 542 hoc
2900 490 3186 559 conﬁtebor
3220 493 3315 547 tibi
3353 495 3409 548 in
3433 512 3559 566 gen-

303 582 563 652 quidquid
593 581 733 635 enim
761 581 926 634 alium
954 580 1200 644 destruit,
1234 595 1300 634 ex
1329 579 1431 636 ﬁde
1460 586 1695 644 nonest,
1723 587 1779 632 et
1801 578 1880 632 id—

305 674 449 727 eirco
471 679 752 742 peccatum
779 680 880 726 est.

901 761 1129 820 CAPUT
1166 763 1280 819 XV.

371 856 438 910 Et
465 874 566 911 non
596 857 742 912 nobis
779 857 1002 911 placere.
1049 856 1105 910 Id
1131 864 1245 921 est,
1272 865 1333 910 ut
1356 857 1575 927 propria
1597 855 1878 911 commoda

233 977 246 982 -
294 959 621 1023 quaerentes,
653 957 894 1005 nostram
921 950 1182 1005 faciamus
1211 950 1563 1005 voluntatem.

367 1043 448 1094 Ad
497 1043 686 1096 bonam
737 1043 1156 1111 wdiﬁcationem.
1215 1039 1461 1096 Ostendit
1495 1041 1712 1095 modum
1756 1041 1875 1109 pla-
1921 1073 1926 1078 ι

291 1134 446 1191 (tendi
493 1143 547 1187 et
575 1148 815 1198 causam,
867 1149 934 1188 ne
969 1134 1036 1187 ad
1067 1148 1260 1186 vanam
1287 1132 1514 1202 gloriam
1541 1131 1872 1201 placeamus.

292 1225 463 1281 Simul
513 1234 568 1280 et
620 1241 743 1281 cum
786 1211 952 1279 dicit:
1005 1223 1210 1278 Bonam
1262 1223 1702 1292 wdiﬁcationem,
1755 1236 1876 1276 esse

289 1316 526 1370 ostendit
567 1324 622 1370 et
651 1315 868 1381 malam,
912 1325 972 1370 ut
1022 1323 1106 1372 est
1149 1315 1325 1370 illud:
1372 1313 1754 1385 xEdiﬁcabitur
1803 1313 1872 1366 ad

288 1407 713 1461 manducandum
742 1405 1053 1476 idolothyta-

358 1497 567 1552 Etenim
619 1496 854 1552 Christus
906 1515 1010 1556 non
1048 1499 1147 1552 sibi
1187 1497 1404 1569 placuit.
1455 1496 1581 1552 Ideo
1635 1511 1732 1550 vos
1779 1496 1871 1564 qui

288 1589 528 1643 membra
557 1588 759 1643 Christi
783 1590 934 1655 estis,
966 1605 1075 1644 non
1111 1589 1317 1645 debetis
1336 1589 1552 1659 placere
1575 1587 1871 1642 vobismet-

287 1681 434 1750 ipsis.
492 1681 736 1738 lmitator
753 1693 809 1738 et
829 1684 1124 1754 discipulus
1137 1684 1337 1740 Christi
1355 1701 1462 1758 non
1492 1684 1687 1752 quaerit
1713 1697 1868 1736 suum

195 1769 201 1774 ’
285 1777 664 1832 commodum:
720 1777 810 1833 ille
846 1778 992 1832 enim
1034 1778 1104 1833 ob
1144 1779 1371 1836 aliorum
1423 1778 1650 1834 salutem
1702 1776 1868 1830 etiam

1982 579 2406 644 tibus,-Domine.
2458 579 2572 634 Hoc
2623 589 2726 645 est,
2753 580 2946 635 faciam
2970 592 3157 652 gentes
3181 584 3428 640 conﬁteri
3463 588 3561 642 tibi

1980 671 2034 723 in
2065 673 2330 739 gentibus,
2359 675 2600 729 Domine.
2629 673 2742 729 Vox
2764 675 2966 730 Christi
2993 684 3077 732 est
3099 678 3168 733 ad
3189 685 3419 748 patrem.
3447 679 3558 734 Tu-

1979 759 2149 829 litque
2175 761 2374 818 Judaeis
2399 766 2782 834 arrogantiam,
2841 782 2967 822 cum
2993 767 3059 821 de
3107 767 3358 824 Gentium
3387 771 3560 827 salute

1979 850 2110 904 dicit
2151 867 2270 907 esse
2314 855 2663 922 praedictum:
2715 856 2960 914 Christus
2986 867 3165 913 autem
3209 860 3264 914 in
3298 859 3560 917 Gentibus

1979 943 2370 998 conliteturcos
2402 946 2828 1002 misericordiam
2852 959 3196 1016 consecutos,
3223 952 3352 1021 quia
3383 961 3440 1008 et
3455 953 3561 1022 ipsi

1978 1043 2104 1088 sunt
2127 1033 2180 1088 in
2209 1050 2435 1105 corpore
2463 1038 2580 1108 ejus
2605 1055 2703 1110 per
2723 1041 3068 1110 baptismum.

2052 1119 2346 1190 Ltetamini,
2392 1136 2586 1194 gentes.
2631 1129 2744 1184 lloc
2775 1130 2828 1184 in
2855 1130 3274 1188 Deuteronomio
3295 1135 3558 1204 scriptum

1977 1221 2078 1267 cst.
2129 1213 2259 1268 Cum
2279 1215 2423 1284 plebe
2447 1217 2583 1286 ejus.
2623 1218 2737 1274 Hoc
2764 1230 2867 1288 est,
2897 1239 3018 1277 eum
3043 1223 3228 1278 lsrael.
3257 1225 3377 1278 Erit
3402 1227 3557 1280 radix

1975 1305 2139 1360 Jesse.
2203 1308 2374 1364 Radix
2403 1308 2553 1366 Jesse
2577 1321 2659 1366 est
2685 1314 2846 1369 arbor
2882 1317 3050 1371 David
3071 1333 3189 1387 quae
3223 1317 3460 1374 fructum
3480 1318 3559 1374 fe-

1975 1397 2049 1451 cit
2102 1415 2199 1469 per
2231 1417 2462 1467 ramum,
2494 1403 2586 1472 qui
2633 1411 2716 1458 est
2744 1404 2911 1460 Maria
2940 1407 3116 1479 virgo,
3139 1424 3259 1478 qua:
3279 1408 3557 1465 Christum

1973 1490 2176 1559 genuit.
2231 1491 2372 1546 Deus
2404 1504 2577 1546 autent
2625 1496 2733 1564 spei
2783 1496 2977 1566 repleat
3011 1515 3098 1552 vos
3146 1501 3287 1554 omni
3336 1499 3551 1571 gaudio.

1973 1582 2145 1638 Omne
2195 1584 2448 1654 gaudium
2501 1585 2738 1640 ﬁdelium
2767 1587 2820 1640 in
2874 1603 2968 1657 spe
2993 1588 3154 1646 debet
3198 1607 3318 1647 esse
3351 1591 3552 1646 futura.

1970 1675 2114 1728 Deus
2152 1678 2282 1746 spei,
2328 1677 2382 1732 id
2423 1686 2524 1742 est,
2559 1679 2611 1732 in
2661 1695 2768 1750 quo
2798 1690 3049 1748 speratur
3095 1682 3205 1736 vita
3242 1682 3443 1736 futura.
3477 1681 3554 1736 lbi

1970 1775 2151 1818 autem
2174 1780 2335 1822 omne
2360 1770 2638 1839 gaudium,
2666 1769 2758 1824 ubi
2786 1786 2891 1840 pax
2925 1781 3009 1826 est
3036 1789 3048 1825 :
3095 1772 3306 1828 nullum
3341 1787 3471 1827 vero
3494 1772 3549 1826 in

286 1878 526 1924 mortuus
552 1878 668 1934 est,
712 1878 767 1924 et
793 1870 1122 1939 improperia
1163 1871 1502 1925 amarissima
1531 1867 1865 1939 supportavit
1893 1846 1940 1905 Β
1969 1856 2306 1913 ἀίεδθηείοηθ
2336 1860 2611 1930 gaudium.
2641 1861 2736 1916 δεεά
2763 1862 3014 1916 llniVersa
3043 1864 3320 1918 ωαξεῑὶιίίὶ·
3345 1862 3414 1918 Ῑη
3442 1864 3555 1916 vir-

282 1959 610 2015 dieentium:
652 1960 807 2014 Vah!
851 1961 942 2030 qui
983 1961 1282 2014 destruebas
1311 1962 1556 2032 templum
1588 1961 1700 2024 Dei,
1755 1967 1862 2015 etc.

281 2049 476 2120 (Marc.
504 2051 652 2122 xxv).
690 2050 844 2116 Quod
874 2051 919 2104 si
949 2051 1195 2120 requiras
1235 2067 1332 2106 cur
1369 2052 1690 2121 exemplum,
1725 2051 1867 2119 quod

276 2155 309 2194 e
356 2141 564 2210 psalmo
616 2139 882 2210 protulit,
921 2140 995 2194 ita
1044 2141 1278 2206 habeat,
1325 2141 1479 2210 quasi
1516 2140 1862 2210 improperia,

274 2245 402 2299 qua:
429 2231 863 2300 improperantur
891 2231 1018 2295 Deo,
1070 2231 1364 2286 ceciderint
1391 2247 1553 2300 super
1590 2231 1865 2286 Christum

273 2318 457 2388 (Psal.
493 2321 701 2391 1.xvm),
752 2322 820 2375 ita
863 2337 1147 2390 possumus
1190 2323 1501 2392 explanare,
1533 2323 1676 2392 quod
1726 2322 1866 2377 sicut

270 2413 444 2467 dixit:
477 2413 576 2479 Qui
597 2431 675 2467 me
697 2415 895 2484 recipit,
920 2417 1098 2486 recipit
1126 2433 1242 2470 eum
1264 2418 1352 2487 qui
1375 2433 1454 2470 me
1478 2415 1616 2468 misit
1646 2413 1858 2486 (Matth.

273 2502 333 2572 χ)
362 2543 377 2568 ,
408 2503 481 2556 ita
511 2512 565 2558 et
602 2504 702 2558 hoc
749 2506 922 2576 accipi
965 2515 1181 2576 potest:
1221 2505 1358 2574 Quia
1385 2506 1476 2576 qui
1504 2505 1635 2560 mihi
1661 2505 1863 2574 impro-

272 2603 452 2666 perat,
485 2595 815 2666 improperat
845 2599 893 2652 ei
926 2599 1018 2668 qui
1042 2600 1189 2654 misit
1212 2616 1316 2656 me.

350 2685 416 2740 Ut
445 2705 536 2758 per
569 2690 872 2760 patientiam
899 2701 946 2745 et
989 2693 1394 2748 consolationem
1438 2704 1855 2764 Ucrtpturarum.

272 2779 381 2837 Per
409 2781 811 2853 Scripturarum
835 2786 1258 2842 consolationem
1283 2796 1338 2841 et
1362 2787 1570 2852 solatia,
1599 2805 1749 2858 spem
1779 2789 1861 2842 fu-

277 2882 522 2929 turorum
553 2875 932 2944 patientissimi
980 2889 1375 2948 exspectamus,
1424 2882 1565 2936 sicut
1595 2883 1856 2952 scriptum

276 2975 360 3021 est
389 2981 403 3020 :
430 2963 548 3020 Pax
571 2967 734 3021 multa
761 2967 1092 3039 diligentibus
1117 2989 1301 3027 nomen
1344 2983 1512 3038 tuum,
1552 2984 1600 3028 et
1637 2991 1740 3028 non
1783 2983 1860 3029 est

275 3057 331 3109 in
363 3055 468 3109 illis
498 3057 806 3113 scandalum
853 3057 1024 3130 (Psal.
1073 3063 1281 3135 cxvm).
1320 3063 1434 3118 Hoc
1461 3073 1562 3131 est,
1604 3067 1694 3136 qui
1730 3082 1857 3122 con-

276 3147 537 3204 solatione
563 3149 693 3220 legis
718 3159 966 3217 utuntur,
1003 3154 1207 3208 moveri
1239 3155 1381 3208 nulla
1410 3157 1705 3213 tentatione
1733 3174 1855 3228 pos-

275 3250 418 3304 sunt,
450 3248 508 3294 ut
540 3255 636 3310 per
680 3241 927 3312 exempla
969 3244 1243 3312 patientim
1271 3256 1326 3300 et
1355 3248 1736 3303 consolationis
1766 3266 1860 3306 co-

275 3348 396 3385 rum
421 3347 539 3400 qua:
568 3333 766 3402 scripta
799 3343 941 3398 sunt,
973 3350 1250 3404 speremus
1276 3338 1696 3396 consolationem
1725 3349 1778 3396 et
1805 3342 1859 3396 in

274 3424 648 3492 praesentibus,
691 3432 746 3478 ct
784 3425 924 3480 sicut
951 3427 1188 3482 Lazarus
1235 3429 1289 3482 in
1334 3427 1536 3485 futuro.
1576 3431 1750 3503 Magni
1779 3440 1861 3487 et-

273 3517 418 3570 enim
449 3533 612 3571 causa
648 3516 823 3572 solatii
855 3527 958 3584 est,
1009 3520 1054 3575 si
1083 3523 1227 3590 quod
1269 3537 1368 3576 nos
1394 3524 1655 3592 patimur,
1680 3524 1860 3579 Domi-

273 3623 407 3660 num
435 3617 683 3662 nostrum
725 3617 778 3663 et
804 3618 1020 3665 sanctos
1049 3610 1166 3679 ejus
1210 3612 1448 3667 sciamus
1478 3628 1598 3669 esse
1639 3630 1859 3684 perpes-

276 3712 388 3752 sos.
428 3698 562 3752 Item
589 3709 642 3754 et
663 3701 1081 3757 consolationem
1115 3702 1545 3773 Scripturarum,
1579 3705 1633 3759 id
1655 3714 1768 3769 est,
1799 3714 1860 3760 ut

273 3791 391 3861 ipsa
439 3792 806 3849 exhortatione
851 3795 1199 3864 proﬁciamus
1227 3795 1294 3849 ad
1331 3787 1515 3866 'spem,
1566 3813 1672 3852 non
1723 3797 1861 3852 ditii-

274 3882 465 3937 dentes
498 3883 564 3937 de
584 3884 883 3953 promissis,
925 3886 972 3940 si
999 3886 1178 3941 adhuc
1224 3887 1458 3942 tardent.
1488 3887 1646 3958 Spem
1670 3887 1861 3942 habea-

271 3989 412 4026 mus.
452 3971 510 4027 Id
543 3983 644 4040 est,
689 3976 1080 4044 promissionis,
1129 3985 1191 4031 ut
1225 3992 1347 4048 spes
1369 3978 1574 4049 praemii
1607 3979 1859 4035 solatium

274 4065 348 4119 sit
373 4064 595 4120 laboris.

346 4154 644 4211 Secundum
666 4157 848 4212 Jesum
871 4158 1154 4214 Christum.
1213 4160 1280 4217 Ut
1304 4161 1674 4232 unusquisque
1705 4177 1857 4232 qua:-

272 4255 362 4302 rat
400 4247 622 4304 alterius
662 4248 889 4304 salutem
915 4251 1070 4320 quasi
1098 4268 1273 4317 suam,
1317 4253 1457 4308 sicut
1485 4252 1733 4328 Christus
1762 4269 1858 4308 sua

273 4350 450 4398 morte
477 4357 666 4398 omnes
693 4343 920 4398 salvavit
951 4362 983 4399 a
1018 4355 1212 4401 morte.
1267 4344 1337 4400 In
1366 4362 1470 4399 uno
1499 4362 1588 4400 ore
1610 4346 1860 4415 honoriﬁ-

275 4436 401 4489 cetis
427 4434 614 4491 Deum.
674 4435 850 4492 Unum
883 4452 944 4492 os
966 4438 1182 4503 dicitur,
1213 4438 1303 4492 ubi
1334 4453 1474 4492 unus
1524 4445 1686 4506 atque
1716 4437 1857 4490 idem

274 4539 374 4595 per
395 4525 731 4582 diversorum
763 4542 858 4581 ora
885 4542 1076 4584 sensus
1109 4538 1166 4582 et
1189 4543 1368 4582 sermo
1410 4528 1676 4597 procedit.
1710 4526 1850 4580 Pro-
1875 4557 1929 4617 Β

273 4627 388 4686 pter
411 4617 548 4687 quod
569 4618 812 4688 suscipite
834 4619 1071 4673 invicem.
1124 4619 1624 4688 Proptcrbonorem
1647 4619 1741 4672 Dei
1772 4619 1852 4672 in-

273 4707 456 4761 vicem
480 4724 644 4762 onera
671 4718 850 4763 vestra
880 4718 1114 4778 portate,
1159 4718 1214 4764 et
1255 4711 1333 4765 sic
1377 4709 1736 4780 adimplebitis
1771 4708 1852 4762 le-

275 4814 406 4869 gem
427 4798 663 4854 Christi:
716 4801 932 4870 quinos
968 4803 1203 4870 suscepit
1251 4803 1306 4856 in
1337 4817 1414 4868 se,
1449 4817 1572 4857 cum
1611 4815 1854 4856 essemus

275 4887 458 4958 impii,
481 4898 675 4958 quanto
697 4905 826 4960 ergo
853 4891 1025 4961 magis
1047 4906 1144 4945 nos
1168 4891 1418 4957 invicem,
1442 4901 1502 4946 ut
1532 4891 1734 4946 similes
1759 4905 1854 4944 no-

274 4982 380 5036 stri
409 4981 676 5036 sustinere
717 4982 1002 5038 debemus!
1055 4982 1186 5036 Dico
1215 4983 1351 5037 enim
1381 4983 1563 5037 Jesum
1588 4982 1854 5037 Christum

275 5072 578 5128 ministrum
622 5075 784 5144 fuisse
836 5074 1264 5128 circumcisionis.
1325 5074 1523 5130 lterum
1566 5082 1856 5145 utrumque

275 5163 535 5235 populum
581 5166 648 5220 ad
677 5165 942 5220 unitatem
961 5164 1228 5219 hortatur.
1287 5164 1576 5221 Consentio
1602 5165 1774 5229 vobis,
1823 5181 1856 5220 ο

274 5254 466 5320 Judaei,
495 5258 622 5327 quia
669 5257 918 5314 Christus
948 5258 1102 5314 vobis
1123 5258 1441 5328 promissus,
1475 5261 1543 5315 ad
1572 5276 1668 5316 vos
1689 5274 1853 5315 vene-

278 5347 355 5400 rit
372 5348 626 5417 primum,
654 5350 1150 5421 ctGentesprOpter
1175 5350 1605 5405 misericordiam
1627 5351 1724 5406 Dei
1762 5367 1856 5406 vo-

274 5445 416 5491 cata:
452 5425 597 5505 sunt,
627 5450 808 5496 tamen
858 5458 1022 5496 unum
1062 5442 1194 5496 estis
1219 5456 1414 5510 corpus
1455 5440 1630 5496 eﬁ‘ecti
1662 5461 1674 5496 :
1734 5441 1860 5496 Non

277 5528 428 5581 enim
452 5531 585 5584 venit
613 5533 924 5598 ministrari,
939 5533 1028 5586 sed
1059 5533 1376 5594 ministrare,
1403 5542 1451 5585 et
1481 5531 1608 5586 dare
1629 5533 1860 5585 animam

277 5635 436 5672 suam
463 5621 519 5674 in
551 5623 953 5692 redentptionent
976 5640 1068 5693 pro
1100 5623 1295 5677 multis.
1365 5623 1446 5676 Ad
1473 5623 1861 5690 conﬁrmandos

277 5712 656 5780 promissioncs
676 5726 902 5784 patrum.
949 5714 1018 5769 Ut
1045 5715 1290 5770 videlicet
1315 5715 1560 5784 impleret
1585 5716 1724 5782 quod
1740 5731 1863 5784 pro-

281 5803 436 5861 tnisit
465 5808 743 5878 patribus:
773 5809 870 5863 Cui
903 5809 1020 5882 plus
1043 5808 1346 5878 dimittitur,
1377 5809 1494 5885 plus
1525 5809 1715 5882 diligit.
1770 5809 1859 5867 Si-

1967 1956 2075 2002 tute
2105 1948 2336 2018 Spiritus
2366 1955 2554 2007 sancti.
2589 1953 2645 2008 Si
2668 1955 2813 2009 enim
2845 1956 2936 2025 qui
2963 1955 3136 2011 credit
3160 1957 3361 2010 virtute
3392 1955 3560 2025 Spiri-

1969 2047 2056 2091 tus
2104 2042 2276 2095 sancti
2307 2044 2567 2108 munitur,
2617 2057 2828 2101 certum
2873 2055 2956 2102 est
2993 2049 3136 2117 quod
3165 2048 3555 2118 plenitudinem

1966 2130 2144 2198 gaudii
2176 2146 2391 2201 semper
2417 2134 2630 2200 habeat,
2665 2145 2719 2190 et
2742 2137 3130 2206 plenitudinem
3151 2140 3318 2207 pacis.
3357 2139 3554 2195 Aliter.

1967 2218 2038 2272 Et
2075 2222 2262 2275 virtute
2306 2221 2535 2292 Spiritus
2577 2227 2764 2292 sancti,
2816 2229 2942 2297 quia
2989 2229 3317 2285 abundantia
3357 2231 3470 2301 spei
3499 2230 3553 2284 in

1967 2309 2202 2380 Spiritus
2228 2315 2518 2370 virtutibus
2543 2319 2791 2372 consistit
2810 2326 2864 2373 et
2891 2320 3082 2390 signis.

2035 2399 2222 2458 Certus
2248 2422 2363 2458 sum
2404 2415 2577 2460 autent
2607 2417 2653 2463 et
2690 2411 2798 2479 ipse
2826 2411 2890 2464 de
2925 2412 3086 2466 vobis.
3137 2413 3318 2468 Bonus
3364 2413 3556 2468 doctor

1961 2492 2234 2550 laudando
2257 2505 2517 2565 provocat
2561 2498 2628 2554 ad
2668 2498 2991 2569 profectum,
3025 2510 3085 2556 ut
3110 2504 3437 2559 erubescant
3474 2513 3556 2560 ta-

1961 2585 2042 2641 les
2071 2603 2180 2642 non
2211 2603 2351 2653 esse,
2385 2589 2574 2658 quales
2605 2592 2674 2645 ab
2702 2591 2960 2662 Apostolo
2986 2609 3106 2650 esse
3130 2597 3480 2664 putabantur.

2032 2679 2102 2733 Et
2127 2681 2305 2750 repleti
2335 2685 2476 2736 ontni
2515 2685 2756 2738 scientia.
2787 2683 2900 2740 Hoc
2943 2695 3058 2752 est,
3088 2687 3302 2743 Veteris
3330 2695 3386 2742 et
3416 2686 3551 2744 Novi

1961 2771 2314 2831 Testameuti.
2363 2779 2631 2833 Audacius
2655 2789 2829 2834 autem
2855 2781 3040 2850 scripsi
3071 2782 3231 2836 vobis.
3280 2781 3406 2837 Ideo
3436 2797 3554 2837 ma-

1962 2868 2044 2938 gis
2077 2869 2347 2925 scribendi
2377 2871 2632 2927 ﬁduciam
2663 2873 2848 2939 habui,
2883 2874 3009 2943 quia
3033 2876 3158 2930 novi
3195 2891 3292 2931 vos
3333 2884 3394 2930 ut
3416 2891 3550 2946 pru—

1963 2967 2152 3022 dentes
2181 2966 2289 3020 cito
2314 2967 2560 3037 accipere
2606 2969 2869 3024 rationem
2894 3010 2910 3036 ,
2959 2970 3100 3025 sicut
3129 2971 3392 3041 scriptum
3418 2979 3543 3024 est:

1962 3059 2136 3129 Argue
2169 3060 2473 3129 sapientem,
2525 3070 2573 3115 et
2609 3061 2805 3116 amabit
2845 3071 2894 3116 te
2926 3061 3110 3134 (Prov.
3141 3061 3241 3133 ix).
3275 3061 3550 3132 Tanquam

1965 3168 2338 3207 rememorans.
2379 3152 2493 3209 Hoc
2513 3161 2614 3219 est,
2644 3155 2938 3210 recordans
2971 3170 3068 3210 vos
3093 3169 3213 3210 esse
3235 3154 3545 3224 prudentes,

1963 3246 2077 3301 sive
2105 3254 2165 3314 ut
2193 3261 2300 3302 non
2337 3247 2556 3318 ignaros
2587 3247 2754 3304 doceo
2777 3288 2793 3312 ,
2831 3249 2925 3304 sed
2959 3256 3021 3303 ut
3055 3247 3287 3304 scientes
3309 3259 3550 3303 comme‘

1962 3352 2136 3393 IDOI‘O.

2035 3427 2258 3498 Propter
2285 3430 2511 3500 gratiam
2538 3446 2654 3502 qua:
2701 3431 2827 3486 data
2863 3439 2958 3485 est.
3011 3430 3128 3485 Non
3155 3437 3378 3500 propter
3401 3443 3550 3486 com-

1961 3521 2119 3575 moda
2148 3528 2384 3589 terrena,
2431 3522 2516 3577 vel
2553 3523 2790 3591 laudern,
2823 3524 2917 3579 sed
2950 3531 3011 3578 ut
3038 3523 3290 3594 impleam
3315 3522 3549 3579 cilicium

1961 3613 2105 3682 quod
2136 3613 2339 3682 accepi.

2033 3703 2388 3771 Sanctiﬁcans
2435 3705 2775 3773 evangelium.
2842 3703 2960 3760 Meo
3003 3704 3252 3775 exemplo
3300 3714 3548 3761 sanctum

1963 3804 2082 3844 esse
2111 3790 2510 3846 demonstrans.
2549 3791 2780 3857 Quidam
2831 3792 2974 3847 enim
3005 3801 3066 3847 ut
3094 3793 3390 3848 humanum
3419 3810 3548 3849 con-

1960 3891 2226 3949 temnunt,
2274 3885 2417 3953 quod
2447 3885 2742 3954 praadicant
2767 3894 2828 3940 ut
2854 3886 3096 3941 divinum
3121 3927 3135 3954 ,
3190 3895 3245 3942 et
3277 3887 3354 3944 ita
3391 3886 3452 3941 ﬁt
3488 3895 3550 3942 ut

1959 3988 2049 4028 res
2077 3981 2264 4029 sancta
2288 3974 2535 4029 videatur
2563 3991 2685 4031 esse
2714 3991 2821 4032 non
2859 3986 3063 4044 sancta,
3107 3993 3230 4034 cum
3254 3993 3359 4033 non
3386 3977 3549 4047 perﬁ-

1962 4063 2100 4118 citur
2133 4073 2338 4120 sancte.
2365 4065 2535 4141 IUnde
2579 4067 2815 4122 dicitur:
2873 4066 3214 4137 Sanctiﬁcate
3252 4069 3543 4139 jejunium,

1959 4156 2063 4212 hoc
2090 4166 2455 4224 est,sanctum
2488 4157 2673 4225 facite,
2696 4159 2810 4215 sive
2839 4169 3161 4237 monstrate.
3191 4158 3258 4214 Ut
3285 4161 3379 4229 ﬁat
3398 4159 3547 4213 obla-
3581 4155 3584 4160 ’

1960 4249 2032 4302 tio
2062 4245 2306 4304 Gentium
2348 4259 2580 4321 accepta.
2652 4250 2724 4306 Ut
2752 4251 3000 4320 exemplo
3040 4267 3164 4306 meo
3206 4249 3406 4305 Gentes
3435 4247 3548 4305 elli-

1959 4339 2172 4392 ciantur
2213 4340 2391 4395 hostia
2423 4342 2535 4397 Deo
2562 4351 2818 4411 accepta,
2870 4358 2977 4396 non
3030 4343 3156 4413 igne
3185 4341 3542 4406 sanctiﬁcata,

1959 4430 2044 4484 vel
2069 4440 2340 4500 suscepta,
2374 4433 2468 4486 sed
2497 4434 2700 4503 Spiritu
2729 4442 2934 4498 sancto,
2970 4433 3108 4487 sicut
3133 4431 3392 4500 scriptum
3421 4438 3542 4485 est:

1960 4521 2095 4589 Quia
2119 4523 2251 4576 sedit
2277 4540 2433 4593 super
2457 4525 2718 4595 apostolos
2747 4525 2899 4596 quasi
2927 4524 3086 4593 ignis,
3108 4531 3156 4577 et
3186 4523 3309 4577 triste
3333 4532 3450 4577 sunt
3473 4521 3542 4575 il-

1959 4613 2023 4666 lis
2054 4614 2214 4668 varia:
2262 4612 2454 4684 lingua:
2486 4613 2622 4686 (Act.
2667 4613 2751 4685 ιι).
2809 4613 2985 4668 Habeo
3025 4615 3191 4684 igitur
3225 4613 3444 4685 gloriam
3489 4613 3544 4666 in

1961 4705 2190 4760 Christo.
2242 4706 2530 4762 Sciendum
2559 4721 2689 4760 sane
2718 4714 2803 4761 est
2831 4706 2957 4776 quia
2981 4706 3070 4761 hic
3113 4705 3293 4761 Latini
3316 4705 3540 4775 gloriam

1960 4813 2059 4867 pro
2085 4797 2393 4867 gloriatione
2436 4804 2772 4868 posuerunt:
2805 4796 2907 4862 Qui
2929 4798 3209 4868 gloriatur,
3240 4797 3294 4850 in
3318 4795 3542 4849 Dontino

1960 4889 2232 4960 glorietur.
2284 4889 2523 4944 Gloriam
2558 4889 2722 4959 igitur
2751 4889 2925 4944 habeo
2954 4889 3022 4943 ad
3067 4887 3377 4950 Dominum,
3415 4883 3540 4938 licet

1962 4982 2102 5052 apud
2123 4982 2371 5037 homines
2403 4981 2633 5036 iul‘amer
2661 4989 2716 5036 et
2751 4981 3011 5036 maculer.

2037 5073 2158 5128 Non
2186 5075 2322 5127 enim
2362 5073 2529 5126 audeo
2559 5071 2762 5140 aliquid
2803 5072 2943 5143 loqui
2971 5086 3173 5135 eorum,
3203 5082 3319 5138 quae
3343 5082 3435 5137 per
3457 5082 3539 5120 me

1965 5182 2069 5220 non
2100 5167 2244 5234 efﬁcit
2271 5162 2530 5218 Christus.
2582 5163 2698 5218 Non
2741 5179 2906 5218 ausus
2951 5177 3070 5218 sum
3109 5160 3291 5213 dicere
3339 5156 3540 5226 aliquid

1965 5271 2052 5310 me
2083 5256 2139 5310 in
2181 5256 2265 5311 bis
2304 5255 2566 5310 duntaxat
2609 5257 2770 5311 rebus
2806 5252 3026 5325 propria
3070 5251 3271 5305 virtute
3322 5248 3535 5317 fecisse,

1967 5357 2023 5404 et
2066 5364 2174 5404 non
2220 5349 2401 5404 omnia
2453 5365 2550 5419 per
2604 5365 2689 5404 me
2735 5362 2854 5403 esse
2900 5344 3185 5400 Dominum
3233 5353 3537 5415 operatum.

1967 5439 2131 5510 Signa
2160 5440 2393 5505 minora,
2425 5441 2527 5496 hoc
2554 5449 2636 5495 est
2677 5439 2934 5494 sanitates
2975 5437 3240 5492 vivorum.
3285 5436 3535 5506 Prodigia

1964 5530 2186 5599 majora,
2220 5531 2387 5586 veluti
2417 5541 2501 5586 est
2530 5531 2809 5586 suscitatio
2846 5536 3200 5584 mortuorum.
3249 5528 3415 5600 Signa
3442 5543 3538 5584 vo-

1965 5629 2179 5685 cantur,
2205 5622 2260 5675 in
2290 5622 2484 5691 quibus
2513 5623 2584 5675 sit
2612 5621 2816 5690 aliquid
2842 5619 3108 5686 mirabile,
3139 5620 3377 5675 indicant
3405 5633 3538 5688 quo~

1964 5729 2069 5784 que
2115 5713 2316 5783 aliquid
2349 5715 2610 5768 futurum.
2661 5712 2908 5782 Prodigia
2944 5728 3074 5768 vero
3103 5713 3159 5770 in
3186 5713 3380 5785 quibus
3423 5719 3516 5770 tan

1964 5809 2241 5866 tummodo
2266 5808 2511 5865 mirabile
2539 5805 2741 5880 aliquid
2761 5807 3083 5870 ostenditur.
