4108 6334
543 292 651 350 123

1960 242 2231 332 snnULn
2266 272 2462 329 SCOTI

3688 267 3791 323 124

611 402 716 463 Sed
756 412 892 464 sicut
925 409 1177 472 scriptum
1215 406 1291 453 est
1316 411 1336 450 :
1362 396 1564 463 Quibus
1595 411 1698 450 non
1728 394 1804 449 est
1830 391 2113 446 annuntia-
2143 390 2199 453 Α
2221 386 2348 443 dum
2387 386 2838 461 peregrinationis
2862 402 3025 444 causa
3048 388 3267 445 dicitur.
3314 387 3576 444 Cenchris
3603 395 3794 460 portus

531 509 650 554 tum
690 497 755 552 de
791 512 878 563 eo,
905 494 1189 556 uidebunt;
1230 498 1280 544 et
1326 488 1414 560 qui
1453 503 1560 541 non
1604 484 1885 539 audierunt
1921 482 1986 536 de
2031 498 2113 547 eo,

535 589 822 661 intelligent
855 586 1010 661 (Issi.
1036 600 1133 648 ιιι,
1158 582 1235 653 5).
1264 579 1512 635 Ostendit
1537 593 1692 633 suum
1719 576 1960 632 laborem
1988 582 2118 627 ante

536 684 873 755 praedictum.
922 678 1202 734 Videbunt.
1235 673 1460 729 Videtur
1487 672 1741 727 Christus
1770 671 1825 724 in
1855 666 2117 738 apostolis

534 789 634 847 per
662 775 891 829 virtutes
915 786 1050 841 quas
1078 769 1132 824 in
1172 766 1292 835 ejus
1313 764 1529 821 nomine
1554 761 1843 816 faciebant.
1892 755 2118 827 Propter

535 866 674 937 quod
701 875 749 919 et
773 863 1094 936 impediebar
1128 859 1410 932 plurimum
1438 856 1609 909 venire
1632 853 1701 907 ad
1733 867 1841 906 vos.
1874 847 2116 903 Fundavi

537 954 797 1011 ecclesias
844 951 1198 1021 occupatione
1244 949 1491 1002 detentus
1537 944 1594 997 in
1647 942 1733 996 his
1782 938 2114 1010 regionibus,

535 1042 777 1108 Achaiae,
806 1054 861 1099 et
904 1041 1248 1104 Macedoniae,
1274 1037 1359 1091 vel
1392 1038 1461 1091 ab
1498 1031 1833 1089 Hierusalem
1858 1031 1911 1085 in
1942 1030 2116 1101 Illyri-

538 1149 681 1189 cum.
707 1133 815 1189 Sed
836 1150 956 1187 cum
978 1131 1237 1203 proﬁcisci
1258 1144 1454 1198 aspero
1480 1126 1535 1180 in
1555 1124 1888 1194 Hispaniam.
1922 1121 2116 1177 Utrum

536 1237 669 1277 vero
694 1223 748 1277 in
778 1222 1090 1292 Hispaniam
1117 1220 1344 1283 venerit,
1376 1218 1642 1271 incertum
1675 1214 1924 1269 habetur.
1954 1210 2117 1281 Spero

535 1315 679 1385 quod
703 1315 1005 1385 prieteriens
1026 1312 1230 1367 videant
1265 1327 1379 1375 vos,
1404 1317 1454 1361 et
1482 1326 1515 1361 a
1539 1306 1680 1360 vobis
1708 1304 1941 1359 deducar
1965 1302 2113 1355 illuc.

538 1405 676 1473 Quia
704 1406 779 1461 ita
810 1420 907 1460 vos
947 1403 1230 1465 exhibetis,
1261 1409 1321 1454 ut
1364 1414 1467 1454 nec
1494 1397 1634 1468 apud
1678 1412 1775 1451 vos
1814 1396 1993 1450 locum
2023 1400 2119 1447 aut

534 1499 913 1553 necessitatem
952 1497 1181 1551 habeam
1218 1493 1422 1548 diutius
1453 1490 1782 1555 remorandi,
1810 1487 1933 1542 ideo
1968 1495 2023 1541 et
2049 1500 2117 1541 ex

533 1590 822 1662 parte-illis
848 1590 1015 1645 fuisse
1047 1588 1197 1652 dicit,
1234 1587 1360 1656 quia
1387 1584 1609 1640 credere
1638 1598 1749 1637 non
1779 1582 2115 1652 indigebant,

535 1680 630 1737 sed
682 1681 1054 1736 tantummodo
1095 1677 1440 1742 confirmari;
1489 1676 1602 1730 sive
1648 1675 1769 1729 ideo
1819 1688 1887 1728 ex
1941 1680 2113 1742 parte,

2216 479 2664 551 Corinthihquia
2690 495 2880 536 omnes
2924 480 3017 549 qui
3063 481 3131 535 ad
3178 479 3499 535 Corinthum
3546 482 3794 548 veniunt,

2215 572 2549 626 mansionem
2585 573 2845 628 Cenchris
2884 574 3101 629 habent.
3143 572 3212 627 Ut
3253 575 3515 629 assistatis
3551 575 3619 630 ei.
3667 573 3799 633 Sive

2214 666 2537 733 sumptibus,
2565 667 2678 721 sive
2707 666 2897 722 solatio
2922 667 3189 737 adiuvetis
3212 683 3354 722 eam.

2285 758 2564 828 Adjutores
2599 778 2758 815 meos.
2802 758 2858 815 Id
2892 770 2975 816 est
3001 762 3057 816 in
3095 776 3259 831 opere
3284 764 3565 819 doctrinas.
3593 763 3798 822 Omnes

2216 858 2394 904 autem
2418 866 2557 919 quos
2581 852 2797 916 salutat,
2832 853 3178 924 intelligimus
3196 869 3264 909 ex
3290 854 3601 911 hominibus
3629 857 3800 913 fuisse

2213 941 2534 1010 peregrinis,
2562 958 2659 1012 per
2704 958 2935 1012 quorum
2962 944 3208 1015 exempla
3236 961 3303 1001 ae
3328 947 3657 1013 doctrinam,
3687 964 3799 1003 non

2216 1033 2449 1088 absurde
2493 1034 2868 1091 existimamus
2911 1038 3205 1094 credidisse
3248 1037 3541 1095 Romanos.
3582 1041 3687 1106 Qui
3720 1050 3798 1095 est

2213 1124 2508 1193 primitiuae
2534 1124 2694 1179 Ασίαν.
2722 1125 2837 1181 Hoc
2857 1135 2943 1181 est
2970 1128 3060 1196 qui
3089 1130 3299 1197 primus
3320 1130 3551 1183 credidit
3575 1130 3802 1185 Christo

2215 1213 2272 1268 in
2300 1214 2558 1269 Ecclesia.
2593 1214 2726 1281 Quae
2766 1216 2990 1271 multum
3038 1218 3292 1274 laboravit
3327 1221 3381 1273 in
3419 1219 3579 1274 uoltis.
3628 1219 3807 1275 Docet

2218 1311 2273 1358 et
2298 1305 2351 1357 in
2387 1306 2492 1360 hoc
2526 1307 2725 1362 debere
2750 1308 2915 1362 etiam
2943 1308 3172 1365 feminas
3209 1310 3455 1367 laborare
3482 1326 3582 1380 pro
3611 1310 3807 1366 Eccle-

2216 1393 2311 1449 siis
2344 1394 2459 1448 Dei.
2491 1395 2625 1450 Nam
2655 1406 2710 1453 et
2738 1398 3005 1467 laborant,
3036 1417 3157 1455 cum
3186 1402 3383 1457 docent
3417 1402 3806 1458 adolescentu—

2216 1484 2300 1541 las
2331 1488 2543 1542 sobrias
2568 1502 2713 1555 esse,
2749 1490 2972 1561 diligere
3005 1492 3153 1547 viros
3177 1506 3324 1558 suos,
3360 1492 3499 1548 ﬁlios
3527 1495 3803 1560 enutrirc,

2213 1578 2439 1646 pudicas
2478 1595 2616 1646 esse,
2646 1588 2848 1649 castas,
2894 1583 3114 1637 domum
3162 1585 3298 1639 bene
3346 1594 3618 1657 regentes,
3644 1585 3807 1640 beni-

2217 1683 2370 1738 gnas,
2400 1669 2646 1727 subditas
2672 1673 2805 1729 viris
2847 1674 2977 1740 suis,
3009 1674 3245 1747 hospitio
3289 1677 3552 1747 recipere,
3583 1685 3809 1733 saneto-

534 1774 663 1844 quia
697 1774 845 1829 nulla
893 1772 1204 1843 magnitudo
1251 1739 1509 1839 temporis
1556 1767 1722 1823 faciat
1768 1739 2192 1821 charitatem.-B
2221 1776 2340 1816 rum
2365 1763 2529 1832 pedes
2554 1764 2756 1820 lavare.

537 1862 697 1920 Nunc
749 1867 915 1936 igitur
970 1864 1278 1936 proﬁciscar
1327 1863 1386 1915 in
1429 1859 1768 1916 Hierusalem
1816 1859 2116 1913 ministrare

533 1959 753 2013 sanctis.
786 1958 973 2014 Sancti
1017 1964 1173 2013 erant
1218 1958 1272 2012 in
1329 1954 1687 2020 Hierusalem,
1719 1953 1811 2023 qui
1866 1952 2119 2007 omnibus

538 2054 654 2110 suis
676 2054 971 2120 distractis,
1001 2061 1057 2107 et
1088 2060 1213 2107 ante
1242 2050 1609 2121 apostolorum
1638 2047 1806 2118 pedes
1834 2045 2114 2117 depositis,

534 2144 787 2208 orationi,
820 2145 1039 2200 lectioni
1071 2160 1135 2197 ac
1160 2143 1420 2197 doctrinae
1448 2141 1736 2194 vacabant.

606 2235 970 2289 Probaserunt
995 2233 1134 2289 enim
1168 2232 1500 2287 Macedones.
1532 2230 1911 2285 Probaverunt
1937 2234 2117 2281 autem

533 2324 640 2383 hoc
663 2327 762 2382 sibi
792 2328 922 2383 utile
952 2327 1089 2392 fore,
1112 2325 1157 2381 si
1179 2324 1521 2380 collationem
1543 2322 1779 2391 aliquam
1806 2327 2117 2388 sumptuum

532 2417 777 2487 facerent
805 2419 1027 2475 sanctis.
1073 2418 1229 2484 Quod
1272 2425 1448 2470 autem
1488 2414 1684 2485 placuit
1717 2411 2042 2467 Macedonia:
2070 2418 2119 2465 et

534 2511 768 2567 Achaia.
823 2512 1105 2566 Subtiliter
1157 2526 1221 2566 ac
1273 2508 1579 2565 verecunde
1631 2508 1757 2563 dum
1805 2504 2117 2561 Corinthios

532 2601 751 2670 laudat,
784 2605 1031 2659 hortatur
1083 2602 1358 2658 Romanos
1398 2620 1411 2655 :
1455 2599 1668 2655 facilius
1714 2599 1862 2654 enim
1909 2599 2118 2653 devota:

536 2702 748 2751 mentes
775 2695 843 2749 ad
873 2693 1319 2750 benefaciendum
1347 2692 1608 2762 exemplis
1650 2707 1813 2760 quam
1844 2690 2115 2743 sermoni-

534 2783 639 2841 bus
675 2787 989 2841 invitantur.
1023 2785 1297 2852 Quomodo
1325 2784 1371 2838 si
1398 2780 1758 2854 spiritualium
1793 2797 1972 2835 eorum
1994 2796 2119 2849 par-

535 2878 715 2949 ticipes
746 2878 874 2947 facti
900 2887 1023 2933 sunt
1048 2876 1295 2931 Gentiles.
1340 2876 1396 2930 Id
1439 2885 1524 2930 est
1551 2874 1812 2929 doctrina:
1837 2880 1892 2927 et
1914 2873 2118 2927 oratio-

534 2970 640 3024 nis.
687 2969 897 3038 Reliqui
943 2970 1191 3024 doctores
1236 2984 1304 3023 ex
1361 2968 1493 3037 ipsis
1539 2966 1830 3029 habebant,
1879 2972 1935 3019 et
1981 2965 2115 3019 socii

2290 1853 2552 1927 Cognatas
2586 1875 2747 1913 meos.
2777 1859 2963 1915 Potest
2989 1862 3209 1931 quidem
3249 1863 3394 1929 fieri,
3422 1871 3485 1918 ut
3508 1872 3565 1920 et
3602 1878 3809 1920 secun-

2219 1947 2346 2004 dum
2394 1966 2613 2007 carnem
2666 1953 2759 2008 isti
2802 1955 3014 2025 cognati
3063 1954 3268 2011 fuerint
3328 1955 3504 2023 Pauli,
3554 1964 3612 2012 et
3671 1966 3811 2012 ante

2220 2040 2394 2110 ipsum
2436 2044 2765 2100 crediderint
2810 2046 2867 2100 in
2909 2046 3145 2103 Christo.
3190 2047 3293 2113 Qui
3336 2057 3457 2102 sunt
3501 2048 3697 2103 nobiles
3742 2050 3809 2105 in

2219 2135 2489 2205 apostolis.
2520 2138 2589 2192 Et
2616 2139 2823 2195 nobiles
2853 2139 3023 2196 habiti
3058 2149 3184 2195 sunt
3211 2142 3264 2195 in
3293 2142 3552 2210 apostolis
3571 2140 3803 2208 Christi,

2221 2226 2288 2281 de
2317 2228 2512 2296 quibus
2554 2230 2812 2299 possibile
2852 2240 2935 2286 est
2966 2240 3021 2287 et
3054 2232 3186 2287 illud
3226 2233 3473 2303 intelligi,
3505 2233 3649 2303 quod
3687 2232 3809 2287 lbr-

2223 2321 2382 2375 tassis
2414 2336 2481 2376 ex
2520 2321 2626 2377 illis
2664 2324 3001 2395 septuaginta
3050 2326 3291 2392 duobus,
3329 2327 3422 2395 qui
3467 2335 3526 2380 et
3569 2324 3807 2397 apostoli

2220 2413 2484 2469 nominati
2514 2423 2640 2470 sunt
2663 2410 2896 2482 iuerint,
2934 2425 2991 2472 et
3020 2417 3141 2473 ideo
3176 2417 3382 2473 nobiles
3410 2432 3632 2473 suorum
3659 2425 3716 2473 et
3742 2417 3805 2473 in

2222 2506 2482 2576 apostolis
2515 2508 2681 2575 dicat,
2710 2517 2766 2562 et
2810 2510 2864 2564 in
2913 2509 2997 2563 his
3055 2508 3316 2579 apostolis
3365 2509 3457 2579 qui
3501 2515 3627 2563 ante
3670 2523 3806 2564 eum

2220 2598 2455 2653 fuerunt.
2489 2598 2847 2671 Concaplivos.
2882 2601 3183 2656 Tolerando
3218 2602 3286 2656 ab
3310 2600 3511 2657 Judaeis
3545 2614 3807 2670 persecu-

2220 2689 2413 2745 tiones.
2443 2688 2681 2744 Salutate
2707 2691 3045 2763 Ampliatum.
3084 2692 3239 2748 Hunc
3263 2693 3419 2764 quasi
3448 2694 3681 2749 anticum
3708 2708 3804 2749 sa-

2218 2780 2377 2846 lutat,
2406 2783 2500 2836 sed
2530 2783 2585 2837 in
2612 2782 2837 2840 Domino
2867 2785 3124 2849 amicum,
3148 2802 3254 2840 non
3279 2794 3489 2840 tantum
3510 2785 3602 2855 qui
3630 2786 3805 2840 inter-

2219 2866 2383 2927 fuerit
2428 2873 2598 2929 labori
2629 2873 2745 2943 ejus
2787 2884 2880 2931 aut
2921 2878 3240 2947 captivitati.
3269 2876 3579 2947 Adjutomn
3602 2893 3797 2931 meum.

2218 2965 2446 3034 Adjutor
2479 2976 2660 3022 autem
2687 2968 2914 3037 apostoli
2945 2969 2997 3023 in
3028 2967 3267 3035 Christo,
3298 2984 3407 3023 non
3436 2969 3575 3024 alius
3601 2968 3806 3023 intellio

535 3058 751 3115 fuerant
793 3061 1129 3131 pinguedinis
1173 3060 1410 3115 radicis:
1446 3060 1674 3127 ideoque
1719 3057 2112 3127 unusquisque,
2142 3098 2188 3163 Ε
2219 3060 2364 3129 gitur
2403 3075 2566 3129 quam
2602 3062 2883 3131 apostolici
2925 3062 3107 3132 operis
3146 3064 3433 3132 particeps.
3477 3062 3712 3117 Probum
3742 3063 3803 3115 in

535 3150 630 3220 qui
664 3165 772 3221 quo
797 3152 1054 3217 abundat,
1084 3152 1244 3207 debet
1272 3151 1429 3205 alteri
1459 3149 1759 3219 impertire.

607 3241 679 3297 In
724 3242 1049 3297 abundantia
1093 3243 1464 3298 benedictionis
1494 3240 1687 3296 Christi
1718 3241 1939 3295 veniam.
1976 3239 2115 3311 Quin

533 3332 897 3388 abundantius
935 3334 986 3388 in
1026 3336 1259 3389 adventu
1297 3350 1417 3389 meo
1462 3333 1712 3388 Christus
1738 3333 1791 3385 in
1821 3332 1977 3387 vobis
2022 3332 2119 3387 be-

535 3423 819 3479 nedicetur
841 3443 854 3479 :
879 3426 994 3479 sive
1040 3425 1447 3489 benedictionis,
1488 3425 1541 3479 id
1564 3433 1649 3479 est
1676 3425 1861 3494 gratiae
1885 3422 2110 3478 Christi.

536 3514 782 3586 Obsequii
808 3517 909 3571 mei
931 3516 1143 3571 oblatio.
1174 3516 1231 3573 Id
1259 3526 1344 3573 est
1373 3518 1715 3587 eleemosyna
1748 3530 1907 3585 quam
1932 3523 2111 3585 porto.

533 3604 775 3676 Accepta.
823 3606 1008 3662 Grata.
1059 3606 1124 3661 Ut
1169 3625 1286 3662 cum
1327 3608 1520 3678 gaudio
1558 3609 1763 3662 veniam
1801 3606 1870 3660 ad
1913 3622 2022 3660 vos.
2056 3604 2116 3659 Si

534 3699 788 3756 videlicet
832 3700 1005 3756 sancti
1052 3700 1363 3769 acceperint
1408 3700 1548 3755 hane
1591 3699 2009 3768 eleemosynam.
2045 3694 2115 3750 Ut

534 3793 803 3864 refrigeret
829 3794 1115 3848 uobiscum.
1148 3793 1266 3847 Non
1293 3793 1633 3864 corporalem
1658 3792 1844 3862 utique
1873 3790 2116 3861 requiem

535 3886 731 3954 quaerit
753 3884 970 3951 Paulus,
998 3888 1093 3941 sed
1135 3885 1280 3941 illam
1323 3902 1445 3957 quae
1488 3887 1915 3942 consolationem
1954 3885 2118 3939 habet

535 3990 605 4032 ex
632 3975 764 4042 Deo,
790 3977 930 4033 sicut
953 3987 1006 4033 et
1038 3979 1152 4049 ipse
1179 3980 1237 4035 iu
1264 3981 1455 4050 primis
1486 3976 1645 4049 hujus
1674 3977 1925 4049 Epistula:
1950 3976 2117 4046 parti-

532 4065 635 4123 bus
674 4068 850 4125 dixit:
880 4070 1151 4127 Consolari
1178 4074 1236 4127 in
1262 4075 1421 4137 vobis,
1444 4090 1537 4145 per
1573 4089 1689 4129 eam
1732 4087 1851 4141 quas
1896 4072 2115 4125 invicem

532 4167 609 4212 est
637 4158 796 4227 ﬁdem
819 4171 1036 4217 vestram
1062 4174 1217 4235 atque
1248 4182 1439 4220 meant.

601 4248 748 4304 Deus
790 4260 963 4306 unum
1011 4256 1157 4324 paris
1201 4259 1270 4310 sit
1319 4273 1439 4311 cum
1477 4257 1716 4312 omnibus
1758 4257 1918 4312 vobis.
1971 4258 2115 4313 Deus

531 4343 681 4414 pacis
707 4342 955 4401 Christus
979 4355 1083 4412 est,
1114 4350 1205 4418 qui
1242 4365 1348 4404 non
1379 4350 1483 4406 nisi
1516 4350 1569 4405 in
1612 4350 1854 4421 paciﬁcis
1880 4350 2105 4407 habitat.

2219 3149 2467 3205 Domino.
2507 3150 2619 3206 Hoc
2642 3161 2726 3207 est
2751 3154 3060 3221 probatum,
3090 3154 3183 3223 qui
3209 3154 3262 3208 in
3287 3154 3472 3208 multis
3494 3152 3806 3209 tribulatim

2217 3242 2378 3297 nibus
2412 3243 2675 3312 probatus
2702 3252 2805 3298 est.
2842 3243 3085 3299 Salutate
3114 3262 3201 3299 eos
3229 3247 3319 3317 qui
3347 3255 3468 3301 sunt
3508 3262 3573 3301 ea:
3599 3247 3806 3301 Aristo-

2218 3335 2322 3390 boli
2374 3336 2550 3391 domo.
2604 3338 2870 3404 Quoniam
2930 3339 3063 3393 nihil
3113 3339 3351 3393 otiosum
3400 3345 3456 3393 et
3496 3340 3552 3394 in
3598 3338 3801 3393 litteris

2216 3426 2529 3496 apostolicis
2574 3428 2791 3481 additur
2825 3428 2908 3482 vel
2951 3429 3230 3495 minuitur,
3264 3429 3398 3484 istos
3426 3428 3518 3498 qui
3551 3436 3679 3484 sunt
3711 3429 3800 3483 vel

2216 3520 2282 3574 de
2307 3520 2491 3585 domo,
2519 3520 2601 3573 vel
2628 3520 2694 3575 de
2718 3518 2920 3574 familia
2962 3521 3279 3587 Aristoboli,
3315 3536 3423 3578 non
3453 3521 3674 3586 frustra,
3696 3536 3801 3575 ne-

2216 3627 2323 3681 que
2375 3611 2599 3667 dilectos
2624 3650 2638 3679 ,
2686 3627 2864 3682 neque
2910 3612 3138 3684 probos,
3196 3627 3372 3682 neque
3419 3613 3689 3685 adjutores
3738 3612 3797 3668 in

2215 3705 2432 3761 Christo
2471 3706 2746 3771 nominat,
2779 3707 2873 3762 sed
2903 3705 3043 3762 forte
3073 3707 3164 3777 qui
3204 3706 3340 3761 nihil
3370 3706 3476 3761 tale
3522 3705 3803 3761 habebant

2217 3797 2271 3851 in
2303 3798 2531 3863 meritis,
2564 3800 2768 3855 ideirco
2803 3816 2899 3856 eos
2924 3801 3041 3856 solo
3070 3800 3225 3855 titulo
3253 3799 3596 3856 salutationis
3624 3799 3802 3853 hono-

2216 3892 2374 3943 ravit.
2404 3890 2746 3947 Aristobolus
2772 3892 2873 3947 iste
2900 3893 3216 3962 intelligitur
3238 3898 3597 3963 congregatur
3626 3889 3801 3945 fuisse

2214 3980 2446 4035 fratrum
2479 3983 2533 4035 in
2563 3983 2800 4036 Christo.
2834 3981 3071 4038 Salutate
3094 3997 3182 4034 eos
3202 3982 3292 4051 qui
3313 3988 3431 4033 sum
3455 3992 3522 4032 ea:
3550 3980 3800 4035 Narcissi

2213 4071 2388 4125 domo.
2430 4072 2693 4126 Videntur
2718 4072 2933 4140 quidem
2976 4070 3160 4142 plures
3202 4070 3366 4124 fuisse
3399 4083 3467 4122 ex
3497 4068 3681 4135 domo,
3710 4070 3799 4125 vel

2212 4163 2420 4220 familia
2456 4164 2717 4228 Narcissi,
2745 4163 2839 4218 sed
2882 4172 2990 4219 non
3028 4177 3217 4218 omnes
3246 4163 3299 4217 in
3328 4162 3553 4217 Domino
3602 4161 3792 4231 fuisse,

2214 4262 2267 4309 et
2292 4255 2414 4322 ideo
2454 4255 2679 4321 addidit,
2704 4270 2800 4310 eos
2830 4254 3139 4312 salutandos
3180 4268 3302 4309 esse
3331 4254 3423 4324 qui
3453 4259 3580 4309 sunt
3602 4253 3657 4308 in
3687 4253 3796 4309 Do-

2213 4346 2381 4401 mino.
2438 4344 2678 4400 Salutate
2724 4345 2939 4413 Rufum.
2994 4346 3109 4401 Huc
3155 4360 3327 4414 usque
3366 4343 3615 4410 intimos,-
3645 4358 3793 4400 nune

530 4428 761 4531 Pulchre
795 4442 977 4489 autem
1019 4436 1075 4490 in
1122 4453 1254 4508 pace
1299 4439 1492 4506 ﬁnivit,
1525 4439 1738 4497 duobus
1782 4442 1995 4513 populis
2040 4443 2107 4497 ad
2135 4457 2188 4531 D
2213 4438 2490 4492 Romanos
2516 4437 2736 4492 salutat.
2781 4435 2848 4490 Et
2878 4447 3095 4492 matrem
3121 4437 3236 4508 ejus
3270 4447 3320 4492 et
3346 4453 3533 4491 meam.
3580 4435 3788 4502 Etate,

530 4525 681 4594 pacis
702 4528 1042 4584 concordiam
1074 4532 1343 4587 revocatis

1111 4620 1339 4678 CAPUT
1377 4622 1516 4680 XVI.

599 4702 917 4763 Commendo
952 4710 1096 4766 vobis
1144 4710 1389 4767 Phoebeus
1422 4729 1655 4768 sororem
1698 4724 1953 4779 nostram,
1989 4729 2108 4785 qua:

528 4809 604 4858 est
630 4801 687 4857 in
714 4804 1001 4861 ministerio
1028 4807 1297 4872 Ecclesite,
1321 4822 1439 4878 qua:
1463 4817 1535 4861 est
1557 4805 1823 4861 Cenchris.
1857 4806 1971 4862 Hoc
1991 4808 2107 4877 jam

529 4894 683 4963 quasi
730 4895 883 4952 linito
922 4906 1070 4953 textu
1117 4898 1397 4966 Epistolas,
1426 4904 1487 4951 ut
1531 4899 1727 4963 solent,
1759 4901 2105 4954 cornmenda-

528 4984 691 5042 tionis
724 4988 808 5042 vel
837 4989 1175 5044 salutationis
1202 4990 1374 5058 gratia
1416 4990 1602 5043 subter
1643 4990 1919 5045 adnexnit.
1969 4990 2104 5057 Quae

527 5085 604 5129 est
627 5078 683 5131 in
706 5081 994 5134 ministerio
1019 5078 1288 5132 Ecclesite.
1313 5078 1465 5133 Sicut
1487 5080 1649 5135 etiam
1670 5097 1814 5137 nunc
1839 5087 1893 5137 in
1912 5082 2104 5142 Orien—

531 5164 726 5223 talibus
771 5167 904 5223 locis
944 5168 1263 5225 diaconissm
1290 5171 1545 5228 mulieres
1575 5174 1629 5228 in
1660 5189 1758 5230 suo
1785 5190 1915 5230 sexu
1944 5177 2106 5231 mini-

525 5263 702 5312 strare
725 5257 974 5311 videntur
998 5257 1050 5312 in
1078 5259 1346 5330 baptismo
1374 5264 1490 5319 sive
1515 5264 1569 5319 in
1600 5265 1905 5321 ministerio
1925 5268 2097 5333 verbi,

524 5350 651 5418 quia
699 5348 957 5418 privatim
1012 5352 1265 5411 docuisse
1316 5356 1546 5416 feminas
1590 5361 1928 5428 invenimus,
1960 5363 2101 5417 sicut

522 5435 790 5502 Priscilla,
819 5440 975 5510 cujus
996 5444 1079 5498 vir
1101 5445 1294 5515 Aquila
1331 5449 1660 5506 vocabatur:
1686 5453 1741 5506 hi
1767 5453 1874 5506 duo
1901 5467 2100 5506 caesum

524 5525 750 5582 Paulum
784 5528 975 5601 virgis,
1004 5536 1132 5591 vino
1158 5536 1403 5610 oleoque,
1434 5551 1489 5597 et
1514 5543 1632 5597 aliis
1656 5543 1821 5596 rebus
1848 5541 2101 5595 medicati

523 5627 669 5672 sunt.
707 5618 856 5675 Hanc
898 5625 1201 5684 ministram
1232 5647 1354 5689 esse
1398 5636 1654 5690 Ecclesim
1690 5634 1951 5690 Cenchris
1982 5632 2095 5698 ait;

523 5719 579 5771 ⁸⁸
603 5715 731 5792 Ψιίθ
756 5718 944 5781 illius
970 5723 1239 5800 adjuturio
1267 5729 1387 5800 fuit,
1418 5734 1582 5791 etiam
1610 5734 1725 5806 ipsa
1749 5731 1815 5788 ad
1837 5728 2099 5803 adjuvan-

2215 4545 2324 4587 non
2354 4535 2531 4598 partu.
2563 4528 2801 4584 Salutate
2815 4530 3291 4601 Asyncritum,‘etc.
3313 4530 3390 4585 De
3411 4530 3531 4585 istis
3558 4529 3793 4599 simplex

2212 4628 2298 4675 est
2327 4619 2597 4687 salutatio,
2630 4636 2729 4676 nec
2756 4622 2955 4692 aliquid
2984 4623 3065 4678 eis
3092 4623 3301 4693 insigne
3338 4621 3514 4677 laudis
3541 4620 3792 4693 adiungi—

2213 4719 2321 4764 tur.
2354 4710 2464 4765 Suo
2492 4713 2741 4782 exemplo
2767 4728 2866 4768 nos
2884 4713 3039 4769 docet
3061 4712 3247 4785 quales
3268 4712 3474 4767 amicos
3494 4712 3791 4769 debeamus

2212 4805 2415 4860 nostris
2441 4804 2638 4859 litteris
2669 4805 2943 4860 salutare:
2967 4821 3074 4862 non
3119 4805 3315 4860 divites
3343 4803 3524 4859 saeculi
3554 4801 3791 4858 faculta-

2213 4897 2378 4962 tibus,
2419 4898 2504 4953 vel
2530 4897 2886 4968 dignitatibus
2909 4899 3225 4962 bonoratos,
3269 4896 3364 4951 sed
3391 4897 3562 4967 gratia
3588 4906 3651 4950 ac
3679 4895 3792 4952 ﬁde

2212 4988 2525 5059 locupletes.
2559 4990 2814 5045 ﬂerman.
2845 4990 2983 5045 Puto
3026 4998 3205 5044 autem
3245 4989 3390 5059 quod
3430 4988 3659 5043 Hermas
3685 4989 3791 5043 iste

2212 5082 2283 5137 sit
2326 5083 2561 5151 scriptor
2586 5082 2751 5137 libelli
2798 5082 2963 5147 illius,
2993 5082 3083 5151 qui
3109 5086 3296 5152 pastor
3318 5079 3636 5151 appellatur,
3665 5092 3789 5149 qum

2212 5178 2477 5247 scriptura
2522 5176 2677 5231 valde
2710 5174 2845 5229 mihi
2874 5175 3023 5230 utilis
3058 5174 3299 5238 videtur,
3326 5179 3381 5227 et
3406 5178 3466 5226 ut
3491 5180 3624 5243 puto
3649 5170 3791 5226 divi-

2208 5269 2356 5322 nitus
2403 5268 2693 5337 inspirata;
2721 5268 2867 5337 quod
2896 5282 3028 5321 vero
3056 5264 3191 5320 nihil
3217 5265 3267 5319 ei
3295 5263 3468 5320 laudis
3508 5263 3787 5334 ascripsit,

2206 5363 2337 5418 illud
2366 5360 2622 5424 declarat,
2658 5368 2781 5431 post
2810 5361 2978 5415 multa
3025 5365 3251 5429 peccata
3295 5357 3364 5412 ad
3408 5357 3787 5427 penitentiam

2206 5451 2374 5508 fuisse
2407 5466 2746 5516 conversum.
2780 5452 3022 5507 Salutate
3055 5448 3411 5521 Philologum.
3442 5448 3510 5505 Ili
3536 5450 3787 5507 homines

2204 5545 2488 5599 unanimes
2524 5545 2897 5616 intelliguntur
2926 5542 3108 5606 fuisse,
3139 5558 3276 5613 quos
3302 5542 3407 5597 hac
3431 5557 3594 5598 causa
3623 5539 3787 5597 simul

2205 5638 2423 5698 salutat,
2453 5653 2683 5707 quorum
2715 5636 2967 5690 meritum
2999 5651 3063 5689 ex
3104 5637 3188 5690 bis
3216 5635 3309 5707 qui
3356 5636 3516 5691 simul
3550 5649 3671 5691 cum
3702 5634 3785 5690 eis

2201 5742 2358 5792 erant
2386 5734 2747 5806 dignoscitur;
2780 5740 2998 5791 sanctos
3040 5739 3319 5807 nuncupat
3344 5746 3459 5812 eos,
3498 5739 3559 5789 ut
3583 5729 3783 5789 merito
