4108 6334
199 251 313 311 125

1343 250 1674 309 COLLECT.
1714 251 1782 309 IN
1820 250 2040 312 EPIST.
2078 253 2170 309 AD
2205 255 2372 313 ROM.

3364 266 3467 323 126

196 369 326 427 illos
352 367 592 426 salutare
616 366 881 424 videatur.
910 367 979 422 In
1002 368 1178 425 osculo
1201 376 1400 423 sancto.
1423 367 1504 422 Ex
1529 369 1632 422 hoc
1661 381 1777 422 ser-
1804 367 1857 428 Α
1879 367 1975 422 Itoc
2003 371 2196 425 mundo
2229 371 2281 444 (Ι
2308 369 2429 427 Cor.
2462 388 2565 445 ιιι).
2600 374 2784 431 Simus
2816 391 2946 451 ergo
2991 380 3164 447 stulti,
3190 383 3467 453 accipien-

195 480 404 529 mone,
452 462 680 534 altisque
732 461 1004 518 nonnullis
1051 460 1335 528 similibus,
1376 476 1492 515 mos
1536 460 1780 515 ccclesiis

195 553 437 609 traditus
482 562 586 619 est,
616 561 676 607 ut
719 560 843 623 post
870 553 1173 607 orationem
1218 550 1401 607 osculo
1441 566 1499 605 se
1545 550 1779 604 invicem

195 652 501 721 suscipiant
533 649 745 705 fratres.
775 647 889 704 Hoc
917 659 1099 702 autem
1127 647 1371 702 osculum
1402 653 1646 701 sanctum
1680 660 1778 715 ap-

192 745 365 814 pellat
411 742 721 813 Apostolus,
751 758 858 812 quo
908 743 1125 797 nomine
1172 741 1301 795 illud
1336 740 1491 795 docet
1521 748 1581 795 ut
1627 747 1778 795 casta

194 836 310 889 sint
348 832 529 888 oscula
555 849 673 902 qua:
708 833 761 886 in
794 832 1039 887 ecclesiis
1085 832 1300 897 dantur,
1345 840 1457 886 tum
1484 832 1675 887 deinde
1719 837 1778 885 ut

191 925 451 980 simulata
488 940 593 978 non
625 924 752 987 sint,
784 912 919 979 sicut
955 923 1169 978 fuerunt
1197 923 1347 977 Iuda:
1369 965 1383 988 ,
1412 924 1503 994 qui
1534 924 1777 978 osculum

192 1015 356 1073 labiis
386 1015 551 1071 dabat
579 1024 633 1070 et
668 1016 1022 1086 proditionem
1068 1017 1231 1072 corde
1269 1018 1559 1071 tractabat.
1612 1016 1778 1072 Oscu-

191 1106 309 1162 lum
340 1122 470 1162 vero
500 1105 670 1161 ﬁdelis
696 1107 891 1174 primo,
920 1116 982 1161 ut
1010 1107 1265 1170 diximus,
1298 1116 1508 1163 castum
1536 1109 1626 1173 sit,
1661 1116 1774 1161 tum

192 1197 390 1251 deinde
443 1211 629 1266 pacem
688 1197 740 1250 in
790 1211 847 1251 se
892 1197 1397 1266 simplicitatemquc
1447 1197 1665 1262 habeat,
1717 1197 1772 1251 in

191 1286 462 1342 charitate
489 1304 593 1341 non
618 1284 759 1342 ﬁcta.
791 1284 1028 1349 Fratres,
1053 1289 1260 1342 obsecro
1282 1306 1385 1352 vos,
1414 1299 1470 1343 ut
1497 1289 1773 1343 observetis

190 1394 280 1431 eos
320 1378 410 1448 qui
434 1377 779 1432 dissensiones
823 1388 870 1431 et
900 1378 1215 1446 o/fendicula
1252 1389 1440 1449 praeter
1478 1379 1770 1433 doctrinam

187 1484 350 1537 quam
376 1484 462 1522 ros
490 1467 768 1532 didicistis,
784 1468 1002 1537 faciant.
1020 1467 1241 1524 Alienus
1256 1470 1406 1523 vobis
1430 1470 1520 1535 sit,
1541 1464 1639 1523 nec
1655 1485 1771 1523 om-

187 1559 323 1613 nino
370 1559 660 1628 recipiatur
694 1559 835 1615 inter
859 1574 954 1615 vos
982 1561 1071 1629 qui
1116 1562 1408 1616 certamina
1442 1571 1764 1630 commovet,

186 1650 283 1721 qui
316 1651 447 1705 serit
468 1650 668 1723 jurgia,
701 1654 790 1722 qui
831 1654 953 1708 lites
994 1655 1212 1719 excitat,
1241 1663 1293 1709 et
1324 1656 1500 1709 studia
1543 1665 1767 1710 conten-

1884 466 1965 513 tes
2010 459 2285 530 injuriam,
2316 470 2371 517 et
2405 477 2512 517 non
2539 463 2847 531 reddentes,
2877 474 2939 521 ut
2986 469 3258 539 sapientes
3289 474 3464 530 simus

1880 553 2022 621 apud
2053 552 2219 608 Deum
2238 596 2253 619 ,
2281 555 2375 624 qui
2423 556 2554 611 dixit
2584 576 2596 611 :
2626 557 2758 612 Mihi
2794 560 3075 616 vindictam
3104 572 3151 617 et
3181 580 3275 635 ego
3313 568 3468 621 retri-

1852 641 2058 707 ‘buam,
2086 642 2213 697 dicit
2253 644 2509 700 Dominus
2553 646 2770 718 (Ezech.
2810 648 2908 721 rx).
2961 651 3242 718 Quomodo
3287 664 3469 727 potest

1878 731 2021 787 idem
2050 734 2165 803 ipse
2192 743 2246 789 et
2274 738 2494 807 sapiens
2524 754 2641 794 esse
2685 748 2739 794 et
2766 734 2999 797 stultus?
3022 743 3256 814 Respice
3284 748 3350 801 ad
3382 762 3468 803 ar-

1878 831 1961 877 tes
2006 823 2137 877 istas
2171 840 2291 894 qua:
2329 826 2382 880 in
2417 843 2517 881 usu
2550 828 2828 884 hominum
2877 831 3169 899 habentur,
3195 837 3466 903 quomodo

1878 913 1967 968 ille
2011 915 2121 984 qui,
2150 916 2301 971 verbi
2339 932 2526 982 causa,
2575 920 3001 989 sapientissimus
3050 926 3462 993 grammaticus,

1877 1004 1932 1060 in
1968 1015 2084 1059 arte
2120 1006 2300 1061 fabrili
2348 1008 2827 1078 insipientissimus
2853 1030 2867 1066 :
2892 1013 2977 1067 vel
3022 1029 3209 1069 rursus
3251 1016 3467 1085 sapien-

1876 1096 2118 1151 tissimus
2173 1097 2539 1167 gubernator,
2590 1104 2861 1170 quomodo
2908 1104 2962 1157 iu
3013 1115 3129 1160 arte
3183 1108 3469 1162 medicinae

1875 1187 2151 1243 invenitur
2204 1188 2607 1259 insipiens:sic
2654 1209 2784 1265 ergo
2832 1197 3088 1264 possibile
3141 1207 3226 1253 est
3276 1200 3332 1253 in
3378 1201 3464 1256 his

1874 1300 1994 1354 quce
2020 1287 2086 1339 ad
2112 1286 2280 1340 Deum
2307 1286 2579 1356 pertinent
2601 1303 2721 1343 esse
2743 1292 3040 1359 sapientem
3068 1301 3123 1347 et
3149 1293 3203 1347 in
3230 1294 3315 1349 his
3340 1310 3462 1364 quae

1874 1378 1943 1435 ad
1972 1378 2225 1433 sarculum
2255 1364 2527 1451 pertinent
2554 1380 2916 1450 insipientem:
2943 1383 3085 1438 Deus
3110 1392 3284 1439 autem
3311 1385 3456 1455 pacis

1872 1480 2103 1524 conterat
2131 1469 2405 1526 Satanam.
2435 1471 2504 1528 Ut
2530 1480 2614 1527 est
2637 1471 2767 1527 illud
2791 1488 2806 1526 :
2827 1473 2963 1526 Dedi
2993 1475 3134 1528 vobis
3159 1484 3465 1545 potestatem

1872 1559 2113 1614 calcandi
2140 1578 2298 1633 super
2322 1564 2621 1633 scorpiones
2647 1573 2697 1617 et
2732 1575 2993 1635 serpentes
3031 1566 3185 1636 (Luc.
3218 1567 3296 1639 ι).
3345 1566 3460 1622 Sub

1871 1653 2087 1722 pedibus
2115 1655 2297 1709 vestris
2323 1653 2590 1710 velociter.
2634 1654 2747 1711 Hoc
2776 1664 2862 1712 est
2889 1656 3137 1712 sensibus
3164 1659 3382 1714 mundis
3408 1667 3467 1714 et

185 1741 357 1795 tionis
392 1752 626 1798 exercet.
658 1743 757 1811 Qui
786 1745 928 1799 enim
957 1746 1089 1800 tales
1118 1756 1264 1812 sunt,
1288 1746 1504 1802 Christo
1533 1746 1762 1805 Domino
1792 1728 1841 1788 Β
1869 1742 2224 1813 simplicibus.
2259 1744 2483 1799 Vitietur
2508 1745 2643 1800 mihi
2681 1746 2735 1800 in
2771 1747 2874 1801 hoc
2904 1746 3021 1801 loco
3047 1746 3254 1803 dixisse
3299 1745 3459 1802 Sara-

183 1843 379 1888 nostro
420 1834 511 1904 qui
561 1843 645 1890 est
686 1845 871 1892 nostra
909 1854 1044 1908 pax,
1073 1854 1179 1893 non
1228 1840 1489 1896 serviunt.
1540 1843 1614 1897 De
1663 1843 1768 1898 illis

183 1923 322 1979 dicit
355 1927 445 1996 qui
484 1941 554 1981 ex
602 1928 1012 1986 circumcisione
1059 1931 1151 1985 illo
1199 1938 1439 2002 tempore
1488 1945 1767 2001 venerant,

176 2013 387 2084 jejunis
414 2027 469 2073 et
504 2019 886 2081 abstinentiam
932 2020 1290 2086 destruentes,
1327 2030 1381 2075 et
1429 2025 1765 2091 neomcnias,

179 2116 239 2162 et
271 2109 514 2172 sabbata,
546 2119 600 2165 et
628 2119 851 2165 caeteras
878 2110 1039 2165 ferias
1071 2112 1277 2165 ventris
1306 2113 1479 2181 gratia
1512 2114 1771 2183 prmdica-

177 2198 339 2264 bant,
373 2200 757 2255 dissentientes
791 2200 859 2255 ab
886 2199 1175 2269 apostolica
1204 2202 1470 2268 doctrina,
1501 2210 1555 2258 et
1588 2203 1769 2258 fratri-

179 2289 289 2347 bus
319 2292 641 2347 offendicula
665 2300 1043 2364 prmparant-es.
1089 2291 1269 2348 Vestra
1301 2295 1439 2348 enim
1474 2295 1767 2351 obedientia

182 2383 241 2439 in
269 2385 418 2439 omni
456 2384 569 2438 loco
600 2386 866 2454 divulgata
891 2396 987 2440 est.
1023 2385 1138 2442 Hoc
1166 2395 1267 2451 est,
1299 2386 1341 2441 si
1374 2386 1479 2442 illis
1508 2386 1767 2442 obcdistis

188 2475 387 2546 quibus
432 2476 648 2531 obedire
693 2494 798 2532 non
831 2478 1109 2544 debuistis,
1157 2487 1360 2548 quanto
1394 2481 1565 2549 magis
1610 2480 1766 2535 nobis

183 2566 407 2622 obedire
432 2567 668 2621 debetis!
701 2565 981 2623 Subtiliter
1025 2586 1155 2625 sane
1189 2569 1389 2626 Paulus
1416 2571 1765 2626 indiscretum

184 2663 237 2711 et
268 2654 479 2710 facilem
526 2655 888 2712 Romanorum
932 2659 1292 2715 obedientiam
1338 2668 1506 2725 notat,
1536 2674 1765 2730 eamque

188 2746 385 2801 asserit
412 2747 607 2817 ubique
638 2764 741 2803 non
787 2747 1080 2815 laudatam,
1112 2751 1205 2805 sed
1233 2751 1601 2821 pervulgatam
1628 2769 1641 2805 :
1669 2752 1764 2806 sed

187 2853 259 2893 ne
292 2852 387 2893 eos
417 2854 652 2904 rursum,
685 2840 728 2894 si
767 2855 864 2912 pro
910 2843 1012 2896 hoc
1055 2844 1294 2913 apertius
1339 2843 1655 2916 castigaret,
1683 2844 1763 2899 in-

188 2926 502 2983 obedientes
527 2927 784 2995 efﬁceret,
817 2931 1019 2986 addidit
1045 2949 1058 2985 :

255 3020 323 3075 In
353 3016 491 3076 vobis
519 3023 680 3092 igitur
705 3024 928 3094 gaudeo.
971 3022 1182 3081 Gaudet
1210 3025 1408 3082 Paulus
1446 3040 1608 3099 super
1635 3027 1763 3083 obe-

1871 1852 2013 1899 nam,
2046 1851 2259 1891 omnem
2288 1837 2539 1908 spiritum
2579 1839 2671 1908 qui
2717 1839 3070 1894 credentibus
3116 1841 3457 1896 adversatur.

1872 1923 2102 1979 Satanas
2125 1927 2271 1981 enim
2300 1936 2485 1983 nostra
2515 1928 2570 1982 in
2596 1927 2778 2001 lingua
2808 1930 3154 1985 adversarius
3188 1930 3458 2000 interpre-

1871 2023 2037 2070 tatur.
2088 2012 2356 2086 Quidquid
2399 2034 2530 2091 ergo
2555 2022 2749 2076 animae
2776 2022 3015 2077 tendenti
3048 2024 3116 2078 ad
3155 2022 3327 2077 Deum
3374 2034 3462 2077 reo

1871 2105 2015 2159 sistit
2037 2116 2090 2159 et
2118 2108 2454 2173 adversatur,
2478 2117 2533 2163 et
2560 2110 2819 2179 quidquid
2839 2111 2959 2179 paci
2981 2112 3097 2182 ejus
3121 2113 3456 2168 contrarium

1869 2203 1975 2261 est,
2005 2196 2106 2250 hoc
2135 2197 2183 2251 ei
2228 2196 2460 2254 Satanas
2507 2215 2628 2255 esse
2670 2201 2999 2256 nominatur.
3047 2203 3176 2259 ideo
3218 2204 3454 2274 denique

1866 2287 2146 2355 praemisit,
2181 2287 2404 2343 dicens:
2430 2289 2573 2344 Deus
2594 2292 2760 2361 pacis,
2794 2293 2896 2348 hoc
2919 2301 3025 2360 est,
3058 2295 3202 2349 Deus
3233 2295 3322 2349 cui
3348 2310 3457 2364 pax

1866 2375 2063 2445 placet,
2093 2385 2337 2432 conterat
2365 2394 2488 2433 eum
2518 2380 2611 2450 qui
2642 2383 2949 2437 contrarius
2979 2391 3065 2438 est
3091 2384 3232 2453 paci,
3261 2392 3317 2439 et
3343 2385 3458 2440 dis-

1865 2470 2145 2525 sensiones
2171 2482 2446 2541 operatur.
2466 2470 2679 2528 Salutat
2692 2490 2783 2528 sos
2807 2474 3126 2530 Timotheus.
3148 2477 3265 2532 Huc
3287 2493 3459 2548 usque

1866 2560 2145 2623 salutatos,
2199 2576 2341 2617 nunc
2384 2561 2685 2619 salutantes
2734 2564 2883 2618 dicit.
2951 2564 3350 2621 VideturOmihi
3392 2568 3461 2622 de

1864 2651 1952 2707 his
1978 2668 2114 2723 quos
2145 2655 2508 2723 sequestravit
2543 2656 2613 2711 ab
2636 2656 2784 2710 omni
2811 2656 3061 2727 catalogo
3098 2657 3455 2713 salutantium

1862 2745 1984 2816 plus
2008 2746 2210 2815 aliquid
2238 2748 2491 2803 sensisse.
2514 2747 2756 2817 Denique
2776 2747 3123 2803 Timotheum
3147 2750 3451 2820 adiutorem

1865 2849 2020 2889 suum
2046 2836 2175 2890 dicit
2197 2844 2252 2891 et
2278 2852 2467 2892 omnes
2488 2837 2649 2892 simul
2675 2846 2937 2907 cognatos
2962 2854 3109 2893 suos.
3141 2839 3210 2894 Et
3232 2841 3455 2911 quidem

1863 2926 1932 2980 de
1962 2926 2247 2982 Timotheo
2276 2927 2589 2997 plenissime
2618 2928 2855 2983 refertur
2892 2930 2946 2983 in
2978 2928 3203 2985 Actibus
3233 2940 3454 3001 aposto-

1863 3016 2060 3083 lorum,
2090 3020 2231 3088 quod
2257 3017 2420 3073 fuerit
2451 3019 2738 3075 Derbensis
2773 3018 3055 3088 cujusdam
3088 3022 3230 3077 ﬁlius
3260 3022 3448 3077 mulie-

185 3112 410 3176 dientes,
444 3080 620 3169 certus
649 3080 791 3183 qriod
822 3130 943 3170 cum
984 3116 1229 3171 docuerit
1257 3133 1349 3173 eos
1399 3080 1537 3172 nonr
1557 3118 1762 3189 vulgari
1790 3080 1836 3143 Ο
1868 3111 1944 3166 ris
1973 3110 2169 3166 ιῖυάωιυ
2202 3111 2408 3177 ﬁdelis,
2434 3126 2499 3167 ex
2538 3120 2691 3182 Patre
2729 3112 2938 3181 88mm-
2970 3112 3193 3168 ιυοίυιη
3229 3113 3450 3184 (illidat!

183 3202 509 3269 obedientia,
536 3220 698 3275 quam
726 3206 941 3261 incaute
975 3207 1226 3264 omnibus
1262 3209 1522 3278 praebent,
1552 3211 1631 3265 uti
1662 3210 1760 3265 de-

180 3293 330 3363 bere,
363 3296 455 3352 sed
486 3296 573 3352 illa
614 3297 730 3353 sola
769 3313 870 3368 qua
911 3300 1129 3354 obedire
1180 3290 1393 3371 Oportet
1440 3301 1550 3356 Deo
1592 3303 1764 3374 magis

181 3405 342 3459 quam
371 3388 677 3447 hominibus
696 3432 711 3458 ,
741 3392 945 3447 relictis
980 3393 1190 3447 caeteris
1220 3394 1331 3462 ipsa
1360 3395 1472 3448 sola
1520 3404 1759 3451 utantur.

192 3479 323 3536 Volo
350 3483 485 3537 enim
518 3501 603 3540 vos
646 3485 902 3556 sapientes
933 3502 1042 3541 esse
1068 3487 1121 3539 in
1148 3486 1299 3540 bona.
1334 3485 1520 3542 Simile
1547 3496 1630 3542 est
1660 3489 1763 3542 hoc

175 3572 257 3629 illi
285 3575 465 3639 dicto,
494 3576 635 3644 quod
666 3576 731 3630 ad
757 3576 1064 3633 Corinthios
1095 3578 1316 3642 scribit,
1347 3580 1532 3633 dicens
1562 3596 1573 3631 :
1604 3576 1763 3631 Mali-

174 3668 257 3723 tia
310 3666 521 3737 paruuli
562 3678 738 3735 estote,
767 3678 823 3724 ut
869 3671 1102 3724 sensibus
1151 3671 1366 3740 perfecti
1404 3671 1519 3724 sitis
1551 3668 1604 3736 (1
1634 3669 1757 3724 Cor.

173 3758 320 3833 xiv).
355 3757 462 3814 Sed
492 3767 546 3815 et
574 3759 699 3815 illud
728 3762 870 3831 quod
914 3761 1175 3817 Dominus
1218 3762 1292 3815 ait
1320 3779 1332 3814 :
1362 3759 1499 3827 Quia
1530 3760 1630 3829 ﬁlii
1667 3761 1763 3815 lm-

174 3849 264 3921 jus
296 3849 479 3904 σιτευιί
505 3851 865 3922 prudentiores
898 3861 1021 3906 sunt
1050 3869 1207 3924 quam
1231 3851 1332 3921 ﬁlii
1367 3851 1498 3905 lucis
1530 3852 1582 3905 in
1610 3866 1762 3921 gene-

177 3944 383 3996 ratione
414 3960 510 3997 sua
553 3943 702 4015 (Luc.
747 3945 882 4019 xvi).
930 3944 1067 4001 Huic
1114 3946 1365 4001 convenit
1411 3947 1555 4001 dicto
1593 3965 1604 4000 :
1639 3944 1760 4000 Filii

177 4038 361 4085 autem
405 4033 587 4088 saeculi
633 4033 790 4103 hujus
832 4035 1211 4106 prudentiores
1259 4044 1383 4092 sunt
1427 4035 1485 4092 in
1530 4036 1757 4103 malitia,

174 4134 277 4191 pro
305 4137 372 4176 eo
400 4123 542 4191 quod
581 4124 783 4194 aliquid
823 4142 1041 4197 semper
1078 4129 1396 4200 profundius
1425 4138 1481 4185 et
1508 4130 1760 4185 subtilius

179 4210 463 4267 inveniunt
494 4214 546 4268 in
585 4229 670 4281 ea,
702 4217 841 4271 unde
868 4217 989 4287 plus
1035 4229 1266 4275 noceant
1295 4227 1349 4274 et
1384 4220 1761 4275 vehementius

176 4301 393 4357 lredant.
426 4304 485 4359 lu
527 4307 670 4363 bono
713 4318 891 4364 autem
922 4312 1073 4366 stulti
1119 4313 1399 4368 sunt:vix
1423 4313 1567 4367 enim
1614 4314 1761 4367 inve-

1865 3205 2152 3275 perhibent
2177 3221 2297 3261 esse
2323 3206 2547 3273 Lucam,
2574 3205 2666 3276 qui
2711 3206 3059 3279 Evangelium
3086 3207 3323 3276 scripsit,
3350 3220 3454 3276 pro

1864 3311 1928 3352 eo
1954 3298 2095 3366 quod
2123 3297 2330 3352 soleant
2352 3298 2571 3353 nomina
2602 3299 2871 3353 interdum
2897 3299 3192 3354 secundum
3219 3296 3455 3367 patriam

1863 3387 2296 3451 declinationem,
2343 3387 2613 3443 interdum
2648 3388 2814 3442 etiam
2865 3388 3160 3444 secundum
3201 3386 3451 3443 Graeca.

1862 3478 2269 3550 Romanamque
2296 3482 2547 3551 proferri.
2598 3481 2877 3550 Sosipater
2915 3497 3049 3536 vero
3073 3482 3167 3551 qui
3211 3481 3298 3535 bis
3318 3478 3451 3548 juu.

1861 3574 2023 3643 gitur,
2058 3574 2305 3642 suspicor
2325 3572 2466 3643 quod
2494 3574 2564 3627 sit
2587 3574 2641 3627 in
2666 3572 2892 3627 Actibus
2916 3571 3279 3640 apostolorum
3306 3570 3448 3625 scri-

1860 3672 1986 3734 ptus
2016 3682 2029 3716 :
2061 3664 2333 3733 Sosipater
2379 3672 2528 3733 pater
2566 3660 2763 3733 Pyrrhi
2795 3661 3076 3716 Beroensis
3099 3674 3118 3712 :
3139 3660 3193 3715 hi
3232 3660 3450 3727 cognati

1862 3764 1988 3811 sunt
2016 3756 2121 3810 ﬁde
2148 3754 2414 3810 catholica
2445 3753 2632 3808 Paulo.
2679 3752 2845 3809 lason
2893 3760 3073 3807 autem
3105 3751 3441 3807 Thessaloni-

1860 3849 2039 3902 censis
2068 3855 2206 3902 erat.
2242 3846 2357 3917 Ego
2387 3846 2613 3901 Tertius.
2662 3845 2948 3917 Proprium
2986 3861 3183 3901 nomen
3208 3852 3301 3901 est
3336 3859 3447 3899 non

1859 3941 2085 4002 ordinis,
2121 3940 2262 3995 sicut
2302 3955 2370 3995 ex
2396 3938 2588 3995 Graeco
2613 3940 2803 3995 codice
2847 3939 3126 3995 evidenter
3164 3938 3447 4007 cognosci-

1862 4042 1969 4100 tur,
2001 4034 2089 4089 ubi
2122 4034 2382 4104 scriptum
2415 4041 2499 4089 est
2529 4052 2542 4088 :
2567 4034 2887 4105 ’Δσπάζομαι
2913 4035 3051 4106 ὑμᾶς
3087 4035 3185 4107 ἐγὼ
3212 4034 3441 4107 Τέρτιος.

1858 4125 1949 4196 qui
1984 4125 2169 4196 scripsi
2215 4124 2487 4195 epistolam
2511 4126 2568 4178 in
2594 4124 2847 4188 Domino,
2871 4125 3035 4180 idest
3076 4125 3135 4180 in
3173 4122 3443 4192 adiutorio

1860 4216 2094 4272 Domini.
2146 4215 2357 4271 Salutat
2386 4232 2474 4270 vos
2502 4213 2686 4271 Caius.
2740 4216 2937 4271 Fertur
2982 4216 3247 4285 majorum
3280 4215 3443 4270 tradi-

1864 4307 2030 4371 tione,
2063 4308 2204 4375 quod
2234 4307 2320 4361 hic
2350 4306 2511 4362 Caius
2541 4308 2747 4377 primus
2776 4308 3061 4377 episcopus
3086 4304 3248 4359 fuerit
3271 4306 3441 4359 Thes-

177 4395 338 4449 niunt
380 4398 510 4467 quid
555 4398 757 4455 faciam
808 4401 951 4456 boni.
1001 4403 1045 4457 Ε
1086 4403 1362 4459 contrario
1390 4418 1519 4457 vero
1562 4403 1760 4458 Paulus
1785 4436 1838 4496 Β
1866 4396 2215 4451 salonicensis
2242 4397 2501 4451 ecclesias.
2531 4396 2731 4468 Hospes
2755 4414 2918 4451 meus.
2948 4396 3081 4451 Cum
3114 4411 3221 4466 quo
3247 4411 3439 4450 maneo

176 4487 294 4541 vult
320 4505 417 4544 nos
446 4493 719 4561 sapientes
740 4509 858 4549 esse
885 4495 939 4549 in
964 4495 1131 4561 bono,
1160 4496 1263 4550 hoc
1286 4503 1373 4551 est
1397 4510 1611 4566 semper
1626 4495 1761 4575 plus

176 4582 425 4637 invenire
452 4584 672 4654 aliquid,
698 4587 817 4656 plus
842 4589 1146 4658 exquirere,
1179 4597 1235 4643 et
1267 4588 1583 4658 profundius
1613 4589 1759 4660 cogi-

175 4683 300 4729 tare
326 4677 456 4745 quid
489 4677 751 4735 faciamus
774 4681 921 4745 boni,
951 4683 1022 4736 ita
1053 4690 1129 4745 ut,
1160 4683 1370 4737 etiamsi
1402 4682 1758 4751 impediamur

172 4780 280 4837 per
310 4763 537 4833 alicujus
577 4769 837 4825 malitiam
866 4772 932 4826 ab
959 4787 1121 4842 opere
1150 4773 1309 4837 bono,
1343 4785 1442 4827 nos
1476 4771 1519 4827 si
1544 4772 1757 4842 sapien-

174 4863 261 4911 tes
290 4871 482 4913 sumus
505 4862 869 4933 excogitemus
897 4864 1163 4933 quomodo
1189 4863 1233 4918 si
1262 4864 1462 4917 bonum
1487 4876 1621 4932 opus
1647 4876 1754 4918 non

174 4960 487 5017 possumus,
518 4951 601 5006 vel
629 4967 932 5008 sermonem
980 4955 1178 5009 bonum
1221 4952 1556 5025 proferamus
1588 4954 1754 5024 :quia

176 5038 224 5093 si
264 5051 366 5095 nec
406 5040 510 5097 hoc
554 5042 699 5111 licet,
735 5052 921 5099 votum
951 5042 1140 5098 saltem
1188 5043 1388 5099 bonum
1414 5051 1470 5100 et
1513 5044 1753 5100 animum

174 5128 627 5190 demonstremus.
662 5134 754 5191 Sic
774 5148 905 5206 ergo
932 5133 1184 5205 sapientes
1216 5151 1326 5189 esse
1356 5136 1410 5190 in
1438 5135 1569 5191 bona
1601 5136 1757 5192 debe-

174 5235 321 5291 mus,
358 5225 617 5297 simplices
658 5226 716 5282 in
758 5226 923 5292 malo,
951 5233 1011 5282 ut
1055 5225 1100 5282 si
1144 5225 1423 5295 pulsamur
1469 5227 1673 5281 malitia
1700 5234 1756 5282 et

173 5315 395 5386 injuria,
425 5333 533 5373 non
579 5317 748 5374 simus
781 5317 961 5374 callidi
1006 5324 1059 5373 et
1084 5315 1289 5372 versuti
1316 5323 1461 5370 artes
1497 5324 1552 5370 et
1594 5329 1755 5385 argu-

172 5416 359 5464 menta
389 5419 714 5480 querentes,
741 5411 938 5480 quibus
974 5409 1202 5465 reddere
1237 5407 1435 5463 malum
1464 5422 1565 5477 pro
1588 5409 1750 5473 malo,

172 5511 227 5558 et
257 5506 559 5576 nequitiam
607 5521 706 5577 pro
751 5505 990 5576 nequitia
1042 5504 1352 5561 debeamus.
1408 5503 1515 5559 Sed
1560 5505 1614 5559 in
1658 5503 1754 5559 tali

170 5594 293 5651 loco
321 5598 634 5653 meminisse
656 5598 914 5653 debemus
944 5597 1085 5653 illius
1114 5598 1414 5664 sententia),
1442 5612 1562 5668 qua:
1591 5597 1749 5653 dicit:

172 5686 232 5751 Si
258 5691 378 5771 quis
402 5690 515 5750 uult
539 5692 754 5773 sapiens.
784 5707 895 5757 esse
925 5692 1068 5771 apud
1105 5690 1302 5768 Deum,
1333 5691 1527 5752 stultus
1570 5696 1665 5770 ﬁat
1696 5698 1750 5757 in

1860 4503 2004 4545 nunc
2050 4488 2105 4543 iu
2146 4487 2399 4557 hospitio.
2430 4487 2653 4543 Erastus
2698 4489 2934 4542 arcarius
2978 4488 3219 4541 civitatis.
3259 4486 3437 4558 Ipsum

1861 4590 1992 4649 puto
2018 4593 2135 4633 esse
2162 4579 2429 4640 Erastum,
2461 4593 2623 4647 quem
2651 4579 2783 4633 dicit
2811 4579 2937 4648 quia
2964 4578 3223 4634 remansit
3248 4578 3438 4634 Coriu-

1861 4673 1976 4737 tbo,
2006 4669 2219 4725 videtur
2256 4671 2593 4741 dispensator
2640 4671 2880 4727 civitatis
2907 4669 3138 4726 ostendi.
3190 4670 3295 4727 Sed
3331 4686 3435 4726 non

1859 4775 1990 4834 puto
2015 4765 2158 4833 quod
2197 4778 2265 4817 ex
2291 4764 2395 4818 hoc
2417 4762 2594 4818 olileio
2618 4772 2941 4834 magnopere
2986 4762 3182 4818 Paulus
3210 4763 3436 4839 mentio-

1858 4871 1985 4910 nem
2012 4854 2129 4923 ejus
2159 4855 2213 4909 in
2244 4852 2481 4925 Epistola
2523 4870 2621 4911 sua
2655 4853 2868 4921 imit,
2895 4855 3000 4910 nisi
3048 4842 3189 4909 forte
3230 4850 3433 4921 aliquid

1856 4946 1912 5003 in
1941 4960 2006 5001 eo
2033 4945 2262 5015 amplius
2284 4946 2467 5008 sensit,
2493 4952 2547 5001 et
2570 4946 2840 5001 arcarium
2869 4960 3013 5009 eum,
3032 4944 3085 4998 id
3106 4950 3191 4999 est
3217 4943 3435 5010 dispen-

1855 5048 2088 5094 satorem
2117 5038 2260 5093 illius
2287 5038 2529 5092 civitatis
2552 5037 2769 5104 dixerit,
2810 5035 2964 5105 cujus
2991 5033 3183 5089 artifex
3214 5041 3269 5087 et
3295 5046 3429 5086 con-

1854 5133 1999 5188 ditor
2024 5132 2196 5198 Deus;
2231 5141 2285 5187 et
2319 5132 2440 5187 ideo
2467 5147 2566 5187 nec
2600 5147 2793 5187 nomen
2825 5131 3069 5201 posuerit
3101 5126 3273 5195 cujus
3300 5127 3433 5182 civi-

1852 5226 2002 5289 tatis,
2030 5224 2120 5278 sed
2150 5232 2356 5278 tantum
2383 5239 2505 5279 eum
2532 5224 2802 5280 arcarium
2824 5220 3203 5280 nominaverit.
3241 5218 3431 5277 Gratia

1856 5315 2069 5371 Domini
2110 5316 2274 5370 nostri
2312 5315 2439 5370 Iesu
2477 5313 2693 5371 Christi.
2727 5313 3016 5370 Sciendum
3041 5325 3171 5365 sane
3193 5320 3278 5367 est
3302 5313 3428 5397 quia

1857 5424 2016 5465 omne
2042 5410 2185 5478 quod
2220 5409 2420 5465 habent
2464 5408 2710 5465 homines
2735 5424 2764 5463 a
2788 5408 2900 5462 Deo
2926 5405 3099 5476 gratia
3142 5414 3254 5470 est;
3292 5406 3430 5461 nihil

1855 5502 1999 5555 enim
2034 5516 2101 5555 ex
2131 5500 2311 5555 debito
2355 5501 2593 5556 habent:
2620 5502 2745 5570 quis
2782 5497 2927 5550 enim
2969 5495 3119 5565 prior
3156 5496 3302 5551 dedit
3329 5496 3425 5561 illi,

1855 5603 1908 5651 et
1933 5596 2262 5650 retribuetur
2305 5596 2374 5649 ei.
2415 5594 2546 5649 item
2574 5612 2585 5647 :
2609 5591 2793 5645 Gratis
2831 5587 3046 5642 Domini
3087 5590 3253 5643 nostri
3297 5588 3428 5643 Iesu

1855 5689 2047 5747 Christi
2072 5703 2090 5743 :
2114 5687 2230 5743 haec
2259 5692 2344 5743 est
2380 5681 2705 5754 subscriptio
2732 5693 2925 5738 manus
2946 5679 3063 5751 ejus
3090 5678 3152 5737 in
3176 5675 3426 5739 omnibus
