4108 6334
662 346 766 412 ίΞῚ

2034 326 2306 398 SEDULII
2343 325 2542 397 SCOTI

3821 337 3933 406 123

658 466 934 540 Epistolis,
959 476 1015 523 et
1038 467 1095 522 in
1116 480 1179 523 ea
1199 460 1363 520 etiam
1385 468 1774 519 commemorat
1795 455 2056 515 beneﬁcia
2078 453 2235 511 Chri—
2262 454 2315 516 Α
2336 451 2433 506 vit.
2454 449 2523 504 In
2543 448 2738 506 secula
2759 446 3093 505 stimulorum.
3116 446 3282 506 Moris
3303 456 3389 505 est
3408 447 3605 507 divina:
3629 449 3932 525 Scriptura:

659 563 754 619 sti.
800 560 869 615 Ei
898 568 1072 614 autem
1110 558 1199 630 qui
1245 565 1424 627 potens
1469 563 1545 609 est
1590 569 1679 608 vos
1714 550 2035 619 conﬁrmare
2074 547 2239 618 juxta

659 649 980 720 evangelium
1002 664 1193 702 meum.
1219 645 1491 702 Subaudis
1509 642 1809 699 commendo
1831 658 1938 707 vos,
1963 640 2240 708 haeretque

660 758 787 799 eum
807 740 1198 811 superioribus,
1218 738 1312 793 ubi
1333 737 1496 793 dixit:
1513 734 1827 789 Commendo
1852 732 1988 787 vobis
2012 728 2241 784 Phoeben

660 850 891 890 sororem
920 843 1178 898 nostram,
1208 838 1313 887 etc.
1353 830 1496 884 Duas
1524 827 1658 881 mihi
1702 840 1895 881 causas
1936 823 2133 878 Paulus
2160 824 2243 878 vi-

661 927 819 983 detur
860 926 1148 982 ostendere
1192 923 1387 995 quibus
1436 920 1764 976 roborantur
1804 917 1862 973 bi
1906 918 2000 987 qui
2039 916 2093 972 in
2137 916 2242 971 fide

660 1020 925 1091 evangelii
975 1020 1366 1076 conﬁrmantur
1403 1033 1416 1069 :
1453 1029 1619 1069 unam
1658 1027 1764 1082 qua
1807 1011 1888 1067 eis
1930 1009 2240 1081 praedicatio

658 1110 832 1177 Pauli,
874 1127 994 1182 qua:
1021 1119 1105 1166 est
1141 1118 1196 1164 et
1223 1108 1427 1164 Christi
1455 1104 1793 1176 praedicatio,
1824 1102 2148 1167 innotescit;
2183 1110 2238 1157 et

657 1203 821 1258 aliam
847 1220 954 1273 qua
978 1209 1249 1258 reve.atur
1272 1199 1353 1254 eis
1376 1203 1802 1260 sacramentum,
1833 1193 1976 1263 quod
2001 1192 2242 1247 omnium

658 1294 993 1363 temporibus
1016 1291 1335 1348 saeculorum
1360 1291 1415 1344 in
1441 1288 1666 1344 silentio
1683 1285 1927 1341 habitum
1954 1292 2057 1339 est.
2085 1282 2243 1337 Nunc

658 1402 797 1439 vero.
842 1385 955 1443 Hoc
984 1392 1068 1439 est
1093 1384 1147 1439 in
1183 1383 1418 1442 adventu
1459 1379 1681 1443 Christi,
1713 1386 1769 1433 et
1807 1376 2095 1447 prtesentia
2124 1390 2245 1430 cor-

656 1475 831 1546 porali
871 1475 1221 1531 manifestum
1253 1483 1340 1529 est
1366 1480 1422 1527 et
1453 1479 1729 1542 apertum,
1758 1478 1812 1524 et
1842 1475 2105 1539 quantum
2151 1480 2246 1521 ex-

656 1576 865 1639 spectat
921 1584 1029 1625 non
1080 1568 1199 1624 sine
1247 1565 1457 1620 idoneis
1502 1563 1752 1629 testibus,
1801 1560 1897 1617 sed
1946 1558 2245 1630 Scripturis

654 1659 986 1730 propheticis
1012 1656 1426 1727 astipulantibus
1464 1653 1795 1710 declaratum
1826 1651 2031 1718 existit,
2064 1658 2125 1704 ut
2150 1665 2246 1720 per

654 1751 1093 1820 praedicationem
1119 1749 1339 1820 quidem
1366 1745 1651 1816 evangelii,
1673 1743 1872 1800 Gentes
1896 1743 1965 1797 ad
1990 1741 2247 1797 obedien-

2342 544 2761 599 immensitatem
2786 557 2884 614 per
2907 541 3011 598 hoc
3035 550 3340 613 temporum
3365 541 3671 614 designare.

2416 636 2599 691 Amen.
2635 636 2743 691 Aut
2764 635 2919 705 quasi
2943 634 3013 690 ad
3036 633 3505 691 continuationem
3528 637 3774 693 omnium
3805 654 3931 709 quae

2341 730 2590 801 superius
2628 729 2833 799 scripta
2876 728 3085 783 suntin
3114 728 3237 784 line
3270 727 3472 799 posuit,
3501 742 3602 799 per
3643 730 3790 799 quod
3814 747 3938 787 ver-

2342 824 2536 878 naculo
2584 823 2934 879 Hebraeorum
2980 837 3233 879 sermone
3283 836 3415 879 vera
3460 831 3519 879 et
3559 821 3745 880 ﬁdelia
3790 839 3936 894 esse,

2343 929 2463 985 quas
2495 923 2622 970 sunt
2643 914 2848 986 scripta
2873 915 3130 987 signaret.
3662 912 3679 927 ⁹
3740 932 3745 935 ·

2413 1010 2636 1076 Achaia,
2668 1010 2837 1067 frater
2878 1026 3054 1078 meus,
3084 1010 3172 1068 vel
3200 1011 3462 1068 Dominus
3496 1010 3637 1083 quis.
3667 1012 3942 1069 Androni-

2344 1119 2463 1169 cus,
2507 1104 2735 1161 decorus
2786 1104 2931 1175 quod
2978 1105 3255 1161 standum.
3303 1105 3541 1177 Apelles,
3587 1108 3941 1179 congregaris

2344 1214 2459 1255 eos.
2507 1199 2724 1271 Apollo,
2766 1200 3055 1256 mirabilis.
3104 1200 3341 1266 Arethe,
3382 1200 3669 1257 distentio.
3716 1200 3941 1271 Aquila,

2345 1292 2535 1348 dolens
2564 1292 2649 1348 vel
2690 1293 3021 1362 parturiens.
3068 1290 3299 1357 Arabes,
3330 1291 3562 1348 humiles
3592 1291 3676 1347 vel
3723 1303 3947 1363 campe-

2344 1390 2509 1438 stres.
2555 1381 2751 1453 Appia,
2784 1382 3069 1438 continens
3094 1382 3180 1438 vel
3212 1381 3454 1438 libertas.
3487 1380 3734 1449 Arastus,
3767 1380 3945 1439 frater

2345 1473 2554 1539 videns,
2568 1473 2654 1529 vel
2676 1489 2834 1530 mons
2854 1475 3035 1544 operis
3053 1473 3351 1545 amplioris.
3376 1472 3745 1539 Aristarchus,
3769 1473 3945 1528 susci-

2346 1574 2468 1621 tans
2492 1580 2771 1622 coronam.
2793 1566 3161 1631 Aristobulus,
3183 1565 3456 1622 suscitans
3482 1563 3669 1620 dolore
3692 1579 3943 1636 germen.

2346 1659 2651 1730 Archippus
2672 1700 2686 1725 ,
2719 1659 2998 1731 longitudo
3042 1660 3246 1730 operis.
3291 1657 3591 1725 Barnabas,
3621 1656 3770 1712 ﬁlius
3804 1672 3945 1714 con-

2347 1751 2648 1808 solationis.
2678 1750 2953 1823 Bithynia,
2994 1750 3103 1805 lilia
3134 1751 3399 1822 speciosa.
3427 1748 3743 1816 Corinthus,
3764 1749 3947 1805 oritur

656 1841 786 1896 tiam
832 1840 955 1897 ﬁdei
1001 1846 1357 1903 vocaremur;
1396 1852 1465 1893 ex
1514 1835 1843 1890 τθνθῖθιίοηθ
1887 1848 2018 1888 vero
2058 1846 2244 1886 Sﬂcra'
2274 1851 2321 1911 Β
2350 1843 2482 1911 ipse.
2511 1840 2777 1896 Corinthii
2825 1841 2993 1907 cives,
3024 1841 3139 1897 sive
3182 1841 3503 1896 decuriones
3536 1854 3747 1895 eorum.
3781 1837 3948 1895 Clau-

656 1933 825 1986 menti
871 1932 1041 2003 agniti
1069 1948 1101 1986 a
1128 1932 1224 1987 Dei
1269 1928 1538 2001 sapientia
1578 1928 1748 1999 gloria
1778 1935 1834 1981 et
1873 1925 2098 1981 claritas
2142 1924 2244 1980 soli

656 2024 890 2093 sapienti
929 2025 1041 2079 Deo
1070 2022 1389 2079 redderetur
1432 2024 1487 2077 in
1520 2022 1716 2077 szecula
1747 2019 2088 2075 saeculorum.
2119 2018 2243 2089 My-

654 2114 819 2167 sterii.
889 2112 1231 2169 Absconditae
1292 2111 1593 2167 vocationis
1649 2110 1904 2167 Gentium
1958 2109 2026 2164 ad
2081 2108 2244 2163 fidem

655 2204 873 2260 Christi.
934 2205 1087 2272 Quod
1139 2206 1457 2277 temporibus
1514 2207 1725 2261 aeternis
1771 2206 1827 2259 in
1861 2202 2068 2259 silentio
2121 2203 2243 2273 fuit.

654 2295 809 2362 Quod
838 2297 1043 2352 scirent
1087 2297 1305 2367 quidem
1340 2298 1648 2367 prophetae;
1678 2313 1747 2351 ex
1774 2295 2073 2367 Scripturis
2100 2295 2246 2350 enim

652 2388 984 2457 propheticis
1036 2387 1458 2455 manifestatur,
1516 2388 1612 2443 sed
1664 2387 2007 2454 hominibus,
2067 2387 2121 2442 id
2163 2396 2248 2444 est

653 2481 812 2552 vulgo
838 2499 944 2538 non
973 2483 1477 2551 manifestaverint,
1509 2499 1613 2539 nec
1640 2483 2020 2554 patefecerint,
2050 2483 2145 2538 sed
2174 2483 2250 2538 si-

655 2572 825 2627 lentio
886 2574 1140 2631 tulerint.
1177 2573 1478 2629 Secundum
1528 2585 1843 2647 praxeptum
1896 2576 2079 2631 a’terni
2124 2574 2243 2631 Dei.

657 2664 947 2736 Usquequo
979 2674 1191 2738 tempus
1224 2668 1441 2723 adesset
1466 2675 1526 2721 ut
1554 2667 1791 2724 Verbum
1821 2683 1951 2724 caro
1976 2667 2151 2734 ﬁeret,
2191 2675 2247 2723 et

654 2757 926 2812 habitaret
953 2759 1008 2812 in
1038 2758 1216 2824 nobis,
1247 2766 1303 2813 et
1346 2757 1791 2813 manifestaretur
1816 2759 2070 2813 omnibus
2096 2757 2248 2813 Gen-

656 2853 803 2907 tibus
841 2853 911 2907 ad
936 2853 1305 2908 obedientiam
1348 2854 1495 2909 ﬁdei.
1544 2853 1658 2909 Soli
1705 2856 1930 2925 sapienti
1965 2855 2098 2909 Deo.
2148 2854 2247 2909 Sa-

654 2943 892 3013 pientem
922 2944 1093 2999 Deum
1121 2960 1231 3001 non
1260 2945 1336 3001 ita
1364 2946 1628 3015 accipias,
1659 2947 1815 3016 quasi
1842 2962 2002 3017 quem
2033 2947 2246 3016 sapien-

655 3038 733 3092 tia
786 3037 979 3094 fecerit
1030 3039 1350 3107 sapientem,
1392 3047 1453 3095 ut
1503 3041 1643 3095 inter
1695 3040 1942 3096 homines
1988 3041 2243 3096 habetur.

658 3127 889 3198 Sapiens
931 3130 1076 3184 enim
1104 3130 1247 3184 inter
1272 3130 1520 3185 homines
1548 3130 1749 3186 dicitur
1778 3130 2151 3201 unusquisque
2176 3145 2241 3185 ex

2348 1930 2492 1995 dius,
2517 1944 2641 2000 spes
2679 1929 3107 2001 tranquillitatis.
3135 1929 3347 1997 Cilicia,
3373 1936 3548 1985 castus
3565 1970 3578 1993 ,
3608 1928 3693 1984 vel
3739 1928 3943 1995 luctus,

2348 2022 2430 2077 vel
2477 2024 2793 2093 assumptio,
2840 2024 2926 2078 vel
2969 2024 3217 2090 vocatio,
3267 2022 3650 2079 lamentabilis.
3701 2021 3945 2091 Colceia,

2348 2127 2452 2167 vox
2500 2113 2662 2169 facta.
2709 2114 2950 2187 Crispus,
3000 2116 3200 2172 sciens.
3252 2115 3485 2182 Chloes,
3533 2115 3948 2187 investigantes,

2348 2203 2434 2258 vel
2476 2206 2808 2270 omnesysed
2860 2207 3055 2263 melius
3108 2206 3404 2274 conclusio,
3433 2207 3520 2263 vel
3574 2210 3941 2278 consumptio.

2349 2293 2648 2351 Damascus
2691 2297 2969 2368 sanguinis
2998 2305 3177 2368 potus.
3206 2300 3425 2363 Demas,
3456 2298 3641 2354 silens.
3689 2298 3947 2368 Erastus,

2349 2384 2522 2451 frater
2538 2403 2691 2443 meus
2711 2387 2920 2455 videns.
2945 2389 3369 2459 Epaphroditus,
3385 2387 3634 2459 frugifer.
3662 2388 3947 2459 Epaphra,

2348 2477 2559 2544 videns,
2591 2479 2677 2535 vel
2726 2494 2937 2536 recens.
2980 2480 3263 2546 Evodiam,
3310 2480 3808 2552 apprehendentem
3840 2482 3950 2538 Do-

2350 2570 2577 2625 minum.
2630 2570 2937 2641 Ephesum,
2998 2573 3251 2629 voluntas
3297 2571 3431 2642 ejus,
3485 2574 3600 2630 sive
3651 2572 3949 2630 consilium

2350 2677 2550 2716 meum.
2583 2662 2846 2732 Philetus,
2878 2663 3176 2720 declinans.
3211 2664 3570 2737 Philologum,
3610 2681 3708 2721 ore
3733 2667 3949 2738 princi-

2346 2754 2519 2822 pium.
2550 2752 2780 2822 Galatia,
2810 2756 3095 2827 magniﬁca
3123 2757 3208 2811 vel
3246 2757 3551 2815 translatio.
3597 2756 3780 2822 Junia,
3813 2759 3951 2816 inci-

2348 2843 2523 2913 piens.
2553 2842 2775 2911 Julium,
2817 2845 3187 2917 incipientem.
3235 2846 3457 2914 Lucius,
3491 2848 3607 2918 ipse
3646 2849 3945 2906 suscitans.

2350 2934 2660 3003 Onesimus,
2688 2938 3041 3010 respondens.
3089 2940 3485 3011 Philippenses.
3516 2957 3579 2998 os
3612 2941 3947 3013 lampadum.

2350 3030 2595 3096 Persida,
2645 3037 2880 3085 tentans.
2938 3029 3210 3096 Priscilla,
3263 3046 3583 3104 agnoscens.
3636 3031 3946 3100 Philemon,

2349 3122 2489 3176 mire
2517 3121 2767 3177 donatus.
2810 3120 3029 3189 Paulus,
3057 3122 3346 3178 mirabilis.
3384 3124 3644 3191 Quartus,
3682 3122 3949 3196 plangens

654 3222 1069 3293 participatione
1108 3224 1415 3293 sapientiae;
1454 3224 1596 3280 Deus
1641 3240 1772 3279 vero
1803 3239 1910 3278 non
1956 3224 2109 3294 quasi
2154 3223 2246 3293 qui
2275 3221 2319 3285 C
2350 3213 2641 3285 superﬂue.
2673 3212 2886 3279 Saulus,
2918 3215 3149 3270 tentatio
3178 3216 3520 3287 respicientis
3545 3216 3630 3272 vel
3655 3217 3950 3274 securitas.

655 3329 725 3369 ex
771 3314 1036 3384 sapientia
1085 3316 1302 3386 sapiens
1345 3315 1522 3373 factas
1567 3317 1658 3383 sit,
1690 3317 1784 3372 sed
1830 3316 1922 3388 qui
1955 3327 2144 3372 auctor
2187 3326 2244 3373 et

655 3409 869 3480 genitor
896 3409 1210 3480 sapientiae,
1263 3410 1479 3479 sapiens
1526 3410 1845 3481 appellatur.
1897 3410 2090 3464 Merito
2143 3410 2242 3465 soli

655 3501 885 3570 sapienti
934 3501 1064 3555 Deo.
1099 3499 1258 3555 Solus
1286 3510 1370 3556 est
1410 3500 1555 3556 enim
1603 3502 1678 3555 ita
1725 3501 1941 3571 sapiens
1986 3500 2147 3566 Deus,
2183 3507 2244 3555 ut

654 3590 977 3660 sapientiam
1020 3592 1133 3661 ipse
1177 3592 1352 3663 magis
1395 3593 1674 3662 genuerit,
1707 3607 1832 3648 cum
1871 3608 1940 3647 ex
1976 3590 2242 3662 sapientia

654 3680 831 3738 factus
864 3683 935 3738 sit
986 3684 1220 3753 sapiens.
1266 3681 1365 3738 Cui
1404 3684 1593 3755 gloria.
1636 3684 1802 3739 Recte
1843 3685 1893 3739 ei
1936 3684 2107 3756 gloria
2145 3697 2245 3753 per

653 3769 838 3827 Jesum
883 3772 1158 3827 Christum
1202 3773 1473 3841 refertur,
1518 3774 1611 3843 qui
1654 3775 1731 3829 ita
1773 3772 2087 3845 sapientem
2124 3789 2245 3830 esse

658 3863 834 3917 solum
858 3865 1050 3930 Deum,
1074 3872 1135 3919 ut
1176 3866 1290 3936 ipse
1329 3866 1650 3937 sapientiam
1679 3868 1925 3938 genuerit
1967 3867 2246 3923 Christum

657 3952 841 4009 Jesum
872 3955 964 4026 qui
1007 3964 1091 4012 est
1129 3955 1228 4012 Dei
1264 3957 1457 4026 virtus,
1486 3965 1547 4039 et~
1568 3958 1663 4012 Dei
1691 3957 1976 4029 sapientia,
2007 3958 2245 4014 declara-

2353 3303 2504 3371 Saul,
2531 3304 2800 3374 expetitus
2828 3304 3150 3374 vel-petitio.
3197 3305 3469 3373 Silvanus,
3501 3308 3722 3364 missus.
3776 3306 3952 3364 Sodo-

2350 3408 2459 3460 ma,
2487 3408 2653 3464 pecus
2678 3393 2862 3449 silens.
2893 3393 3200 3463 Sosthenis,
3224 3396 3477 3467 gaudium
3505 3397 3573 3453 da
3607 3398 3764 3453 mihi.
3793 3397 3952 3455 Sosi-

2350 3493 2526 3555 pater,
2549 3500 2801 3543 uarrans.
2826 3486 3198 3558 Sosipatruus,
3218 3489 3434 3546 salvans
3459 3492 3753 3564 dispersos.
3779 3491 3957 3550 Thes-

2350 3578 2735 3645 salonicenses,
2767 3579 3108 3638 festinantes.
3139 3581 3386 3652 Tharsis,
3408 3583 3705 3656 exploratio
3734 3584 3952 3654 gaudii.

2351 3671 2600 3739 Tertius,
2648 3671 2947 3745 adjungens
2995 3674 3081 3731 vel
3131 3675 3408 3747 applicans
3451 3692 3530 3733 se.
3588 3674 3951 3731 Thessaloni-

2344 3780 2481 3831 cam,
2538 3766 2796 3823 festinam
2843 3768 3094 3824 umbram
3140 3777 3399 3826 statuere.
3450 3768 3750 3842 Tyberius,
3806 3769 3952 3825 visio

2342 3856 2481 3926 ejus,
2507 3859 2621 3915 sive
2645 3860 2863 3915 bonitas
2894 3860 3029 3930 ejus.
3072 3860 3335 3931 Tyranni,
3360 3861 3723 3917 continentes.
3754 3859 3950 3915 Timo-

2343 3950 2520 4017 theus,
2544 3949 2840 4005 beneficus.
2873 3950 3049 4015 Titus,
3076 3964 3350 4018 quaerens,
3380 3951 3466 4003 vel
3491 3952 3719 4007 bonum.
3746 3950 3950 4023 Tychi-

2345 4056 2463 4107 cus,
2492 4048 2700 4096 tacens.
2733 4040 3007 4106 Urbanus,
3041 4040 3159 4095 luce
3185 4040 3447 4111 gaudens.

667 4183 3944 4214 mm

1268 4657 1299 4669 «η

1175 4784 1404 4844 CAPUT
1441 4782 1733 4839 PRIMUM.

735 4881 936 4937 Paulus
958 4888 1171 4937 vocatus
1192 4876 1489 4948 Apostolus.
1516 4874 1670 4941 Quod
1696 4887 1892 4929 nomen
1918 4888 2075 4930 suum
2102 4890 2243 4947 prte-

657 4974 813 5043 ponit
852 4972 1141 5043 Epistolis,
1194 4965 1535 5020 auctoritatis
1580 4977 1702 5018 esse
1749 4964 2081 5020 noscendum
2124 4972 2239 5020 est:

656 5066 797 5120 sicut
834 5079 990 5134 reges
1014 5062 1172 5129 longe
1198 5055 1362 5126 positi
1392 5055 1478 5109 bis
1503 5054 1596 5123 qui
1625 5054 1725 5109 sub
1751 5069 1939 5109 eorum
1970 5064 2242 5126 potestate

655 5164 783 5211 sunt
819 5154 1084 5215 scribunt,
1122 5155 1178 5203 et
1206 5146 1333 5217 quia
1371 5145 1673 5203 minoribus
1707 5146 1965 5217 epistolas
1992 5147 2238 5215 mittunt,

656 5262 752 5301 sua
783 5246 869 5299 his
895 5240 1112 5297 nomina
1142 5245 1484 5309 praeponunt.

734 5333 982 5387 Vocatus.
1023 5330 1082 5385 in
1124 5330 1230 5397 via,
1268 5330 1355 5385 vel
1388 5327 1687 5400 Beniamin,
1728 5331 1813 5387 vel
1855 5330 1910 5385 in
1944 5330 2232 5400 praesentia

654 5425 770 5480 Dei.
799 5423 971 5479 Porro
1003 5424 1148 5495 quod
1178 5424 1273 5490 ait,
1302 5422 1601 5496 Αροιιοιω,
1634 5426 1790 5497 cujus
1816 5425 2040 5480 autem?
2076 5422 2235 5479 Chri-

652 5517 720 5571 sti
745 5516 916 5571 Jesu:
949 5517 1055 5572 tale
1084 5518 1218 5573 mihi
1265 5517 1498 5582 videtur,
1530 5519 1687 5588 quasi
1722 5518 1949 5574 dixisset
1987 5537 2000 5573 :
2036 5516 2238 5572 Praefe-

652 5617 772 5662 ctus
817 5609 1057 5677 praetorii
1095 5609 1321 5681 Augusti
1357 5609 1623 5674 Caesaris,
1659 5611 1920 5681 magister
1962 5608 2237 5663 exercitus

654 5699 858 5756 Tiberii
884 5700 1151 5758 Ctesaris?
1186 5703 1258 5758 Ut
1289 5702 1434 5759 enim
1467 5700 1683 5771 judices
1712 5702 1872 5773 hujus
1912 5701 2113 5767 saeculi,
2142 5701 2237 5771 qui

656 5795 949 5856 nobiliores
981 5811 1102 5857 esse
1128 5797 1401 5866 videntur,
1427 5811 1496 5856 ex
1522 5796 1742 5867 regibus
1771 5797 1969 5871 quibus
1994 5796 2240 5855 serviunt

1410 4515 1520 4596 IN
1581 4508 2170 4595 EPISTOLAM
2235 4507 2272 4584 I
2330 4508 2464 4586 AD
2519 4482 3176 4587 CORINTHIOS.

2265 4780 2319 4844 D
2344 4789 2401 4837 et
2434 4794 2500 4836 ex
2538 4780 2802 4853 dignitate
2845 4795 2952 4851 qua
2996 4780 3366 4839 intumescunt
3393 4781 3655 4840 vocabula
3695 4786 3941 4846 sortiuno

2347 4881 2471 4928 tur:
2498 4873 2572 4928 ita
2603 4881 2661 4928 et
2679 4872 2971 4943 Apostolus
2997 4872 3255 4944 grandem
3292 4874 3432 4929 inter
3456 4873 3802 4933 Christianos
3833 4880 3938 4936 sibi

2338 4964 2628 5049 vindicans
2662 4962 3009 5034 dignitatem,
3048 4962 3364 5034 Apostolum
3417 4978 3476 5019 se
3522 4963 3725 5021 Christi
3776 4968 3939 5025 titulo

2343 5055 2692 5127 praenotavit,
2728 5062 2789 5108 ut
2816 5062 2872 5109 et
2906 5054 3025 5124 ipsa
3063 5055 3300 5112 lecturos
3338 5057 3575 5112 nominis
3603 5062 3938 5117 auctoritate

2343 5156 2597 5215 terreret,
2635 5148 2883 5204 indicans
2919 5164 3110 5205 omnes
3145 5149 3238 5219 qui
3279 5150 3333 5204 in
3356 5148 3576 5205 Christo
3600 5152 3935 5221 .crederent,

2344 5240 2543 5296 debere
2569 5238 2671 5311 sibi
2697 5254 2817 5295 esse
2839 5240 3128 5311 subjectos.
3158 5238 3229 5293 Et
3253 5237 3530 5296 Sosthenes
3552 5241 3742 5311 frater.
3774 5242 3937 5299 Hunc

2340 5330 2544 5388 idcirco
2574 5310 2761 5387 sccum
2790 5310 3118 5387 scribentem
3146 5329 3374 5397 inducit,
3412 5310 3625 5401 quiaet
3668 5332 3804 5401 ipsis
3830 5333 3932 5388 do-

2338 5435 2459 5483 ctor
2485 5422 2624 5493 erat,
2658 5435 2714 5482 et
2750 5441 2850 5497 pro
2885 5426 2973 5481 his
3003 5423 3160 5479 valde
3200 5424 3484 5479 sollicitus.
3525 5422 3783 5479 Ecclesia:
3807 5424 3927 5479 Dei.

2339 5517 2504 5573 Notat
2526 5517 2823 5574 Ecclesiam
2863 5531 2984 5586 qua:
3022 5530 3131 5570 non
3171 5523 3258 5570 est
3280 5515 3395 5579 Dei,
3428 5523 3490 5569 ut
3524 5532 3536 5568 :
3571 5513 3727 5569 Oditvi
3760 5514 3930 5570 eccle-

2337 5609 2470 5663 siam
2502 5608 2907 5680 malignantium
2936 5603 3108 5660 lPsal.
3135 5606 3272 5677 xxx).
3301 5605 3433 5660 Cum
3459 5606 3698 5661 omnibus
3723 5608 3817 5678 qui
3846 5608 3933 5662 in-

2338 5710 2521 5755 vocant
2555 5716 2742 5755 nomen
2768 5698 2998 5753 Domini.
3042 5696 3157 5753 Hoc
3191 5707 3295 5764 est,
3333 5713 3439 5752 non
3490 5696 3662 5753 solum
3700 5706 3836 5767 opto
3868 5703 3930 5755 ut

2339 5794 2515 5868 gratia
2554 5801 2611 5850 et
2652 5808 2759 5867 pax
2801 5793 2959 5850 vobis
3008 5790 3399 5866 multiplicetur
3437 5789 3647 5851 vocatis
3692 5789 3927 5865 sanctis.

4062 3504 4065 3587 ι
