4108 6334
193 428 306 486 129

1257 412 1586 472 COLLECT.
1630 410 1700 467 IN
1736 407 1958 467 EPIST.
1997 407 2020 463 Ι
2058 405 2150 462 AD
2186 405 2342 463 COR.

3348 404 3446 463 150

195 545 300 605 sed
348 541 601 598 omnibus
643 535 739 608 qui
781 534 1036 591 int'ocant
1081 546 1279 588 nomen
1324 530 1536 587 Domini
1585 526 1776 584 nostri.
1807 523 2200 586 Adcbuerunt.
2249 520 2459 575 Divisus
2493 520 2570 574 est
2604 518 2885 575 Christus?
2928 520 3197 577 Dividitur
3235 535 3453 592 corpus,

200 639 273 693 In
313 634 455 690 omni
496 632 630 686 loco.
676 630 736 686 In
768 637 881 684 tota
913 626 1212 682 Corinthia.
1260 624 1525 695 Ipsorum.
1571 622 1627 676 Id
1674 629 1778 685 est,

199 725 631 786 Corinthiorum.
684 721 751 774 Et
779 729 976 774 nostra.
1031 717 1166 785 Quia
1218 724 1465 771 nostrum
1516 720 1599 768 est
1639 710 1782 780 quod

202 820 449 890 ipsorum
475 822 576 870 est.
601 813 794 879 Aliter,
825 812 1076 866 invocare
1105 824 1302 865 nomen
1331 806 1542 863 Domini
1566 803 1798 875 proprie.

202 917 290 966 est
315 906 676 963 sacerdotum.
709 903 863 959 Unde
887 905 1148 973 scriptum
1173 909 1294 957 est:
1324 900 1394 956 Et
1415 897 1630 955 Samuel
1651 898 1786 950 inter

202 1017 293 1056 eos
325 999 414 1070 qui
447 999 686 1052 invocant
707 1011 892 1050 nomen
919 995 1031 1064 ejus
1054 993 1228 1065 (Psal.
1253 992 1462 1064 xcvm).
1498 992 1666 1058 Quem
1693 1005 1784 1044 sa-

202 1091 482 1148 cerdotem
522 1086 687 1142 fuisse
717 1087 993 1156 probatur,
1039 1084 1164 1155 quia
1196 1083 1315 1138 Heli
1353 1081 1624 1137 sacerdoti
1661 1095 1784 1135 suc-

203 1180 398 1246 cessit,
437 1185 492 1234 et
533 1176 738 1234 hostias
774 1175 1051 1242 offerebat,
1091 1181 1149 1230 et
1187 1176 1253 1230 de
1282 1189 1348 1230 eo
1380 1173 1640 1228 Dominus
1678 1172 1780 1226 ait:

207 1274 486 1331 Suscitabo
519 1273 649 1328 mihi
681 1271 889 1341 ﬁdelem
925 1271 1268 1326 sacerdotem.
1302 1268 1402 1335 Qui
1430 1269 1557 1323 licet
1584 1283 1692 1322 non
1719 1283 1788 1322 ex

206 1379 409 1434 genere
424 1363 626 1428 Aaron,
649 1369 830 1416 tamen
856 1361 922 1416 de
945 1362 1088 1417 tribu
1103 1361 1234 1416 Levi
1264 1361 1319 1415 in
1341 1359 1787 1429 Paralipomenon

208 1453 379 1510 fuisse
398 1454 739 1510 describitur.
755 1453 1116 1524 Hieronymus
1136 1454 1194 1508 in
1216 1461 1446 1509 tractatu
1470 1452 1592 1507 libri
1613 1451 1783 1506 Isaiae:

208 1544 271 1598 In
325 1545 566 1616 Epistola
607 1560 771 1616 quam
820 1546 1038 1616 scripsit
1079 1546 1280 1601 Paulus
1329 1547 1396 1602 ad
1441 1545 1785 1611 Corinthios,

209 1652 337 1692 cum
375 1637 443 1692 ad
480 1638 638 1693 unius
676 1638 944 1694 scribatur
980 1639 1237 1709 populum
1275 1638 1536 1704 civitatis,
1570 1653 1668 1708 pro
1696 1653 1790 1692 va-

211 1728 408 1783 rietate
448 1729 830 1795 habitantium,
863 1729 918 1784 id
956 1738 1056 1796 est,
1086 1739 1397 1785 sanctorum
1442 1737 1498 1784 et
1531 1737 1788 1799 peccato-

212 1835 358 1884 rum,
401 1836 544 1876 nunc
579 1820 762 1876 laudat
793 1836 917 1885 eos,
958 1836 1100 1876 nunc
1142 1821 1390 1891 corripit,
1437 1837 1580 1876 nunc
1621 1821 1786 1887 dolet,

1882 629 2004 669 cum
2048 614 2291 667 membra
2341 613 2682 667 dissentiunt.
2733 613 2986 683 Nunquid
3027 613 3230 668 Paulus
3276 614 3451 666 cruci-

1880 706 2019 774 fixus
2044 715 2115 758 est
2143 721 2236 773 pro
2268 704 2446 758 vobis?
2478 703 2602 759 Ideo
2635 703 2688 757 in
2725 704 2838 758 solo
2865 704 3084 759 Christo
3115 703 3455 776 gloriandum

1882 797 2038 856 vobis
2073 806 2176 862 est,
2206 797 2330 866 quia
2372 799 2488 868 ipse
2525 797 2678 852 vobis
2713 799 2828 854 haec
2874 799 3000 864 duo,
3032 798 3085 852 id
3114 806 3199 853 est
3237 811 3454 853 crucem

1884 898 1938 943 et
1958 887 2284 958 baptismum
2306 887 2512 953 tribuit,
2538 905 2644 943 non
2659 888 2875 955 Paulus,
2894 903 2994 944 nec
3011 888 3221 959 Apollo.
3245 887 3458 942 Gratias

1885 997 1982 1050 ago
2018 979 2126 1033 Deo
2158 996 2292 1045 meo,
2320 980 2472 1049 quod
2513 981 2764 1034 neminem
2807 990 3030 1034 vestrum
3061 980 3334 1050 baptizari.
3372 978 3458 1034 Id—
3538 1027 3542 1033 .

1885 1072 2030 1126 circo
2075 1071 2345 1125 neminem
2379 1077 2624 1125 vestrum
2660 1071 2949 1141 baptizavi,
2986 1086 3057 1126 ne
3090 1071 3213 1140 quis
3240 1085 3328 1125 me
3361 1085 3460 1139 pu-

1887 1149 2029 1218 taret
2075 1163 2130 1218 in
2168 1177 2289 1216 meo
2331 1161 2547 1216 nomine
2585 1163 2915 1231 haptizasse.
2980 1163 3101 1217 Nisi
3131 1161 3374 1231 Crispum
3413 1169 3462 1214 et

1887 1255 2091 1311 Caium.
2122 1254 2222 1322 Qui
2249 1270 2306 1310 se
2332 1269 2437 1308 non
2461 1253 2646 1308 dicunt
2671 1255 2726 1308 in
2751 1271 2871 1310 meo
2896 1255 3112 1310 nomine
3137 1254 3457 1323 baptizatos.

1889 1347 2014 1402 Non
2039 1347 2178 1400 enim
2204 1345 2342 1398 misit
2371 1362 2451 1398 me
2473 1342 2712 1398 Christus
2735 1345 3021 1415 baptizare.
3053 1344 3170 1400 Non
3203 1344 3464 1413 usurpavi

1886 1439 2097 1493 minora
2121 1436 2316 1502 facere,
2341 1436 2431 1506 qui
2459 1436 2608 1506 potui
2643 1435 2866 1506 implere
2895 1439 3119 1508 majora.
3152 1437 3284 1491 Item
3311 1455 3323 1489 :
3353 1435 3458 1502 Qui

1887 1532 1954 1587 ad
1981 1530 2184 1600 majora
2218 1530 2469 1595 mittitur,
2509 1529 2719 1584 minora
2758 1545 2866 1585 non
2907 1531 3036 1602 agit.
3065 1530 3170 1585 Sed
3199 1528 3465 1600 evangeli-

1889 1642 2029 1678 zare.
2070 1623 2223 1691 Quod
2253 1621 2427 1691 majus
2453 1629 2554 1688 est,
2593 1631 2648 1676 ut
2676 1631 2844 1693 portet
2875 1639 3060 1676 nomen
3087 1640 3259 1677 meum
3289 1637 3466 1676 coram

1888 1717 2091 1787 regibus
2112 1725 2160 1770 et
2179 1715 2433 1787 gentibus.
2473 1715 2597 1770 Non
2622 1716 2678 1769 in
2703 1714 2960 1786 sapientia
2988 1715 3144 1769 verbi.
3184 1714 3466 1769 Mundanae

1887 1808 2257 1878 philosophice,
2315 1807 2368 1861 in
2416 1823 2522 1878 qua
2563 1823 2659 1862 vos
2708 1806 3033 1877 gloriamini.
3085 1807 3168 1861 Ne
3195 1816 3470 1861 evacuetur

211 1924 358 1964 nunc
395 1909 762 1980 reprehendit,
795 1926 942 1964 nunc
978 1919 1236 1978 provocat
1273 1911 1340 1964 ad
1377 1911 1786 1976 continentiam,
1817 1893 1864 1951 B
1892 1918 2023 1954 crux
2049 1898 2262 1954 Christi.
2302 1901 2358 1956 Id
2390 1907 2493 1967 est,
2527 1908 2585 1955 ut
2620 1915 2728 1954 non
2769 1899 3090 1969 eloquentiae
3124 1898 3256 1954 fides
3291 1898 3470 1954 crucis

214 2002 434 2070 nuptias
470 2017 578 2056 non
604 2008 839 2064 recusat,
868 2001 1098 2054 retrahit
1123 2002 1191 2054 ab
1219 2001 1542 2066 idololatria,
1573 2002 1796 2056 instruit

214 2092 272 2146 in
311 2092 788 2156 resurrectionem,
820 2091 1066 2160 digamiae
1094 2091 1324 2161 porrigit
1350 2107 1588 2158 manum,
1621 2108 1688 2147 ne
1718 2092 1800 2146 lo-

212 2198 342 2240 cum
381 2185 592 2240 tribuat
634 2182 998 2238 fornicationi.
1045 2181 1255 2236 Cratias
1289 2200 1386 2253 ago
1418 2182 1528 2236 Deo
1564 2200 1694 2237 meo.
1730 2183 1802 2238 Ut

211 2277 359 2333 solet
386 2278 626 2348 primum
653 2285 912 2346 provocat
938 2274 1240 2344 profectum
1268 2275 1560 2341 laudando,
1588 2284 1641 2331 et
1669 2274 1803 2329 dicit

211 2383 273 2424 se
301 2368 523 2438 quidem
552 2368 785 2440 gaudere
806 2368 872 2422 de
901 2381 1087 2421 eorum
1110 2367 1362 2432 scientia,
1390 2367 1485 2421 sed
1506 2367 1650 2421 scire
1681 2366 1800 2422 illos

215 2461 420 2516 debere
446 2459 574 2528 quia
600 2474 731 2513 vera
770 2458 997 2513 scientia
1039 2474 1150 2514 non
1188 2457 1355 2522 inflat,
1388 2473 1563 2527 neque
1592 2457 1802 2512 dissen-

217 2553 307 2606 tit.
342 2549 492 2605 Sicut
526 2549 877 2604 testimonium
904 2549 1098 2604 Christi
1129 2550 1495 2618 conﬁrntatum
1527 2558 1601 2604 est
1630 2551 1683 2603 in
1716 2567 1803 2603 vo-

222 2642 320 2696 bis.
365 2641 759 2697 Testimonium
783 2639 983 2696 Christi
1015 2649 1100 2695 est
1125 2649 1294 2696 totum
1319 2639 1690 2709 Evangelium,
1716 2640 1802 2694 vel

223 2738 355 2794 illud
379 2755 394 2792 :
421 2737 605 2792 Omnis
640 2737 812 2792 scriba
838 2737 1020 2790 doctus
1052 2735 1106 2790 in
1140 2751 1296 2805 regno
1323 2731 1803 2798 calorum,similis

223 2838 299 2884 est
337 2829 534 2883 homini
564 2827 969 2899 patrifamilias,
998 2827 1088 2900 qui
1119 2827 1320 2897 profert
1350 2826 1414 2879 de
1439 2826 1682 2879 thesauro
1708 2840 1803 2878 suo

227 2937 358 2975 nova
383 2927 432 2974 et
451 2928 644 2974 vetera.
669 2919 758 2973 Ita
782 2928 840 2973 ut
863 2918 993 2973 nihil
1013 2919 1157 2974 vobis
1183 2918 1336 2972 desit.
1371 2916 1524 2974 Unde
1547 2915 1805 2971 Salomon

226 3013 338 3068 ait:
368 3011 632 3066 Venerunt
660 3013 789 3066 mihi
810 3013 986 3067 omnia
1013 3013 1148 3067 bona
1177 3029 1295 3067 cum
1321 3010 1437 3066 illa.
1478 3009 1807 3080 Exspectan-

228 3106 366 3159 tibus
410 3104 772 3161 reuelationem
812 3104 1026 3159 Domini
1080 3105 1246 3159 nostri
1274 3102 1403 3158 Jesu
1446 3101 1660 3157 Christi.
1714 3101 1808 3156 Ille

229 3211 359 3252 vere
395 3204 676 3268 exspectat
717 3195 1008 3250 adventum
1048 3195 1282 3261 Domini,
1327 3195 1421 3266 qui
1458 3196 1513 3250 in
1555 3193 1808 3249 omnibus

230 3296 563 3362 praeparatus
591 3297 694 3344 est.
734 3288 860 3344 Ideo
889 3295 1068 3344 autem
1101 3287 1358 3343 revelatio
1383 3285 1582 3342 dicitur
1612 3285 1810 3340 adven-

232 3390 323 3437 tus
348 3381 578 3447 Domini,
627 3380 756 3452 quia
805 3380 966 3435 modo
1017 3379 1366 3434 absconditus
1415 3385 1500 3432 cst
1549 3392 1581 3431 a
1628 3376 1806 3431 nobis.

236 3472 340 3540 Qui
372 3481 418 3527 et
449 3471 781 3542 conﬁrmabit
807 3488 914 3526 vos.
958 3469 1067 3526 Sua
1104 3470 1313 3526 scilicet
1340 3469 1606 3525 doctrina.
1638 3465 1810 3537 Usque

233 3565 292 3619 in
317 3565 494 3633 ﬁnem.
540 3563 638 3619 Vel
666 3571 861 3620 vestra:
888 3563 1172 3634 praisentis
1206 3563 1350 3628 vitae,
1379 3563 1492 3617 sive
1518 3560 1809 3632 perfectio-

233 3657 346 3710 nis.
380 3655 506 3710 Sine
532 3655 760 3710 crimine.
801 3654 1114 3724 Principali.
1143 3652 1347 3708 Fidelis
1367 3653 1528 3708 Deus.
1558 3652 1658 3719 Qui
1687 3652 1812 3707 red-

234 3748 334 3802 det
357 3745 510 3800 vobis
546 3746 845 3801 mercedem
872 3745 1014 3800 sicut
1036 3743 1304 3813 promisit.
1336 3740 1442 3796 Per
1466 3758 1618 3813 quem
1644 3741 1815 3794 vocati

233 3839 380 3894 estis.
412 3836 484 3894 Ut
511 3855 524 3891 :
551 3837 718 3892 Nemo
746 3838 877 3892 venit
906 3837 975 3890 ad
1002 3851 1101 3902 me,
1129 3836 1230 3889 nisi
1252 3833 1414 3888 Pater
1449 3834 1669 3887 traxerit
1697 3849 1816 3886 eum

237 3929 423 4002 (Joan.
450 3927 548 3998 vr).
600 3928 671 3982 In
716 3930 1014 3983 societatem
1052 3925 1184 3980 Filii
1223 3927 1359 3996 ejus.
1407 3925 1464 3980 Si
1505 3925 1648 3980 enim
1683 3924 1816 3979 socii

236 4021 502 4076 fuerimus
527 4020 864 4090 passionum,
890 4019 1095 4075 erimus
1124 4017 1257 4073 socii
1288 4018 1343 4072 in
1366 4016 1556 4088 gloria.
1591 4015 1816 4070 Obsecro

240 4122 414 4167 autem
449 4129 559 4181 vos,
597 4114 810 4183 fratres.
860 4112 1153 4182 hucusque
1185 4125 1310 4166 cum
1354 4110 1510 4166 laude
1539 4108 1814 4180 prmfatio:

240 4209 372 4263 hinc
409 4205 523 4276 jam
564 4214 754 4262 contra
795 4205 1158 4261 dissensiones
1201 4203 1533 4275 aggreditur,
1573 4213 1634 4257 ut
1677 4202 1821 4256 idem

242 4298 362 4366 ipse
391 4296 550 4352 dicit:
579 4295 756 4351 Unum
775 4297 841 4350 sit
870 4295 1100 4360 verbum,
1123 4303 1171 4347 et
1200 4311 1339 4347 unus
1366 4309 1548 4347 sensus
1572 4293 1626 4345 in
1654 4292 1821 4346 omni-

243 4388 340 4440 bus
379 4387 540 4441 vobis.
567 4385 886 4442 Schismata.
917 4384 1302 4440 Contentioncs
1348 4399 1446 4453 pro
1474 4382 1818 4442 doctoribus.

246 4476 703 4550 Signiﬁcatum;est
726 4477 855 4531 mihi
877 4476 941 4531 ab
967 4476 1049 4530 his
1075 4476 1164 4547 qui
1185 4482 1304 4530 sunt
1329 4472 1538 4528 Chloes.
1554 4471 1824 4541 Quaeritur

246 4570 516 4641 quomodo
541 4568 830 4640 Apostolus
858 4567 1032 4624 credit
1065 4566 1134 4624 de
1163 4563 1497 4630 absentibus,
1528 4579 1652 4618 cum
1685 4553 1824 4618 seri;

242 4671 402 4736 ptum
423 4664 492 4719 sit
515 4680 533 4722 :
559 4663 643 4718 Ne
664 4663 848 4718 credas
875 4662 1082 4716 auditui
1105 4677 1258 4716 vano.
1292 4659 1400 4715 Sed
1429 4660 1572 4715 hanc
1596 4659 1824 4730 gratiam

244 4757 369 4826 ipse
395 4755 627 4810 habebat
653 4763 714 4810 ut
741 4755 910 4810 sciret
932 4753 1064 4823 quid
1094 4753 1346 4808 absentes
1390 4758 1632 4822 agerent,
1660 4757 1721 4804 ut
1759 4749 1828 4804 ad

242 4844 600 4902 Colossenses
626 4846 782 4902 dicit:
815 4845 879 4898 Et
905 4853 950 4899 st
971 4861 1182 4914 corpore
1210 4843 1418 4907 absens,
1438 4842 1626 4911 spiritu
1657 4849 1829 4894 tamen

235 4953 497 5011 prcesens.
530 4936 744 5003 Chloes,
781 4936 976 4992 civitas
1003 4935 1403 4991 Colosseusium
1432 4940 1535 4986 est.

322 5021 438 5105 Ego
462 5034 671 5105 quidem
701 5051 818 5088 sum
851 5032 1033 5086 Pauli.
1073 5033 1133 5086 In
1163 5020 1545 5102 Apostolorum
1585 5030 1832 5099 personis

241 5130 352 5183 hoc
404 5127 471 5182 de
513 5125 978 5198 pseudoapostolis
1028 5123 1180 5189 dicit,
1231 5123 1323 5193 qui
1370 5138 1469 5194 per
1514 5121 1834 5192 sapientiam

242 5217 443 5273 mundi
477 5217 978 5276 circumveniebant
1013 5229 1127 5281 eos,
1160 5221 1222 5269 ut
1257 5214 1625 5283 unusquisque
1663 5228 1721 5268 se
1755 5211 1836 5267 di-

243 5319 404 5368 ceret
437 5326 561 5368 esse
600 5311 789 5380 hujus,
837 5309 990 5380 cujus
1028 5307 1336 5364 doctrinam
1389 5305 1662 5376 diligebat,
1709 5320 1834 5360 cum

248 5405 500 5461 diversas
531 5404 808 5460 doctrinas
845 5403 1130 5458 haberent.
1177 5397 1235 5454 Si
1269 5412 1399 5468 ergo
1429 5397 1495 5452 de
1529 5398 1673 5452 veris
1709 5411 1836 5465 apo-

248 5497 410 5556 stolis
439 5513 548 5552 non
578 5496 845 5568 permittit
871 5494 1001 5558 dici,
1031 5499 1233 5562 quanto
1261 5488 1436 5560 magis
1459 5487 1527 5541 de
1554 5487 1706 5541 falsis
1732 5486 1836 5541 dici

251 5608 366 5647 non
393 5591 603 5646 licebit?
637 5589 791 5644 Item.
823 5589 934 5660 Ego
957 5586 1167 5659 quidem
1191 5601 1308 5639 sum
1336 5581 1515 5636 Pauli.
1541 5580 1655 5635 Hac
1678 5595 1839 5634 causa

250 5683 596 5755 prohibitum
622 5689 726 5747 est,
752 5681 886 5736 duos
913 5679 1196 5750 episcopos
1227 5689 1346 5731 esse
1377 5675 1432 5728 in
1462 5687 1570 5726 una
1597 5670 1836 5736 civitate,

255 5786 320 5833 ut
345 5777 710 5847 Hieronymus
737 5775 868 5829 dicit
903 5773 956 5827 in
990 5778 1225 5827 tractatu
1254 5766 1511 5840 Epistolas
1545 5765 1613 5818 ad
1638 5764 1838 5817 Titum.

257 5869 380 5940 Ego
408 5879 586 5924 autem
607 5866 819 5923 Christi.
855 5865 1018 5922 Pauci
1040 5862 1316 5928 dicebant,
1346 5859 1492 5931 quod
1519 5871 1708 5916 omnes
1736 5854 1842 5912 dici

1893 1991 2097 2045 Christi
2123 1993 2430 2062 deputetur,
2467 1992 2590 2061 quia
2628 2007 2844 2045 crucem
2874 1991 3075 2045 Christi
3103 1997 3348 2054 evacuat,
3378 1990 3470 2059 qui

1899 2097 2056 2136 aures
2081 2083 2363 2135 hominum
2393 2081 2788 2137 declamatione
2812 2082 3111 2150 permulcet
3136 2099 3148 2134 :
3175 2083 3301 2152 quia
3329 2082 3473 2136 auri-

1897 2173 1999 2228 bus
2025 2172 2351 2242 sapientium
2391 2171 2553 2241 hujus
2586 2173 2766 2226 saeculi
2811 2172 3061 2240 displicet
3095 2173 3275 2227 dicere
3297 2173 3476 2226 Domi-

1899 2282 2047 2332 num,
2080 2267 2171 2336 qui
2208 2265 2336 2320 fecit
2363 2265 2560 2320 cwlum
2590 2273 2644 2318 et
2674 2273 2895 2331 terram,
2924 2279 3085 2334 posse
3115 2264 3386 2334 cruciﬁgi;
3421 2271 3478 2318 et

1902 2366 2080 2413 tamen
2115 2358 2161 2411 si
2200 2359 2303 2412 hoc
2344 2357 2450 2412 dici
2487 2357 2738 2419 evitetur,
2768 2365 3060 2412 evacuatur
3087 2373 3220 2412 crux
3252 2357 3475 2412 Christi.

1903 2436 2003 2503 His
2038 2460 2211 2503 autem
2235 2450 2323 2520 qui
2349 2448 2478 2504 salvi
2501 2450 2658 2518 ﬁunt,
2682 2449 2738 2502 id
2763 2459 2858 2515 est,
2885 2451 3049 2516 nobis,
3075 2450 3236 2504 virtus
3261 2450 3358 2504 Dei
3379 2459 3476 2504 est.

1903 2539 2036 2607 Quia
2080 2539 2354 2596 diabolum
2399 2541 2676 2610 superavit
2718 2545 3060 2596 et'mortem.
3115 2538 3343 2593 Perdam
3393 2557 3480 2593 sa-

1901 2632 2150 2704 pientium
2193 2633 2526 2703 sapientium.
2579 2631 2638 2685 In
2683 2630 2818 2686 Isaia
2873 2631 2951 2685 sic
2994 2617 3198 2701 legitur
3229 2645 3242 2680 :
3281 2628 3481 2682 Peribit

1902 2724 2048 2779 enim
2085 2723 2342 2793 sapientia
2371 2740 2403 2776 a
2426 2721 2748 2792 sapientibus
2779 2721 2917 2791 ejus,
2953 2729 3001 2773 et
3036 2718 3325 2773 intellectus
3357 2734 3480 2788 pru-

1902 2815 2136 2869 dentium
2175 2815 2290 2885 ejus
2327 2814 2673 2868 abscondetur
2706 2812 2862 2886 (Isai.
2887 2810 3063 2882 xxix).
3109 2808 3208 2863 Ubi
3239 2809 3484 2879 sapiens?

1906 2905 2235 2960 Subauditur
2258 2903 2569 2976 apparebit?
2599 2903 2846 2972 Sapiens,
2875 2919 2939 2957 ex
2963 2901 3232 2972 gentibus.
3259 2898 3485 2954 Scriba?

1905 2998 2106 3052 Doctor
2145 2996 2281 3067 legis
2320 3013 2387 3052 ex
2423 2995 2641 3051 Judaais.
2689 2991 3022 3066 Conquisitor
3061 2993 3220 3062 hujus
3267 2990 3487 3046 sceculi?

1906 3087 2009 3154 Qui
2057 3088 2250 3158 quaerit
2274 3087 2339 3143 de
2372 3085 2599 3141 occultis
2649 3086 2858 3140 naturis
2893 3082 3053 3152 hujus
3093 3082 3296 3137 saeculi.
3341 3079 3486 3134 Nam

1908 3179 2032 3250 quia
2063 3179 2118 3231 in
2155 3177 2254 3231 Dei
2279 3177 2538 3248 sapientia
2583 3192 2686 3230 non
2724 3177 2958 3247 cognovit
3006 3175 3232 3229 mundus
3275 3189 3367 3243 per
3403 3189 3490 3226 sa-

1910 3269 2160 3340 pientiam
2197 3267 2385 3322 Deum.
2442 3267 2678 3322 Factura
2721 3267 2908 3322 mundi
2953 3267 3047 3321 Dei
3093 3264 3359 3332 sapientia
3407 3269 3492 3317 est

1910 3364 2202 3431 fabricata,
2259 3364 2314 3419 in
2355 3379 2460 3434 qua
2493 3379 2592 3434 per
2635 3361 2960 3433 sapientiam
2999 3357 3333 3424 naturalem,
3371 3372 3492 3426 qua:

1911 3459 1976 3514 ad
2011 3460 2114 3514 hoc
2149 3457 2274 3512 data
2315 3466 2370 3512 et
2410 3465 2598 3515 creata
2638 3456 2835 3520 fuerat,
2869 3452 3052 3509 debuit
3087 3450 3341 3522 cognosci
3376 3449 3492 3518 ipse

1911 3553 2001 3623 qui
2026 3551 2258 3607 fecerat:
2285 3551 2380 3606 sed
2407 3551 2660 3620 quoniam
2688 3565 2794 3604 non
2825 3553 3193 3618 cognoverunt
3219 3543 3490 3607 homines,

1912 3643 2019 3696 alia
2062 3642 2166 3696 illis
2201 3641 2536 3696 succurritur
2562 3638 2852 3694 medicina.
2882 3637 3023 3705 Ergo
3047 3649 3145 3703 per
3172 3631 3493 3702 sapientiam

1913 3750 2068 3791 suam
2099 3731 2526 3803 intelligendum,
2553 3743 2651 3799 per
2674 3725 2978 3782 naturalem
3002 3722 3344 3794 sapientiam,
3371 3734 3494 3790 quae

1915 3828 1984 3883 ad
2013 3827 2116 3880 hoc
2143 3825 2267 3880 data
2299 3831 2383 3879 est
2414 3829 2477 3877 ut
2501 3827 2860 3892 cognoscatur
2880 3819 3056 3881 Deus;
3087 3829 3208 3886 quae
3235 3811 3498 3872 naturalis

1917 3917 2200 3988 sapientia,
2233 3921 2287 3970 et
2321 3913 2418 3969 Dei
2456 3911 2733 3983 sapientia.
2756 3910 2860 3965 dici
2897 3915 3097 3980 potest,
3137 3905 3282 3976 quod
3317 3920 3348 3959 a
3387 3903 3498 3963 Deo

1918 4012 1991 4068 sit
2028 4017 2232 4075 creata,
2264 4015 2357 4062 aut
2388 4014 2534 4062 certe
2563 4004 2658 4059 Dei
2698 4002 2960 4072 sapientia
2993 3999 3114 4056 fons
3142 4006 3224 4054 est
3255 4004 3311 4053 et
3347 4011 3498 4052 crea-

1921 4104 2028 4159 trix
2059 4100 2320 4157 naturalis
2358 4100 2412 4154 in
2439 4097 2749 4153 hominibus
2785 4094 3082 4166 sapientiae.

1991 4193 2203 4248 Placuit
2223 4192 2334 4247 Deo
2367 4208 2460 4263 per
2489 4189 2769 4244 stultitiam
2793 4185 3182 4258 praedicationis
3210 4183 3380 4240 salvos
3414 4183 3500 4253 fa-

1921 4304 2036 4342 cere
2059 4285 2344 4341 credentes.
2378 4282 2496 4338 Non
2519 4283 2662 4352 quod
2687 4295 2815 4336 vere
2837 4279 3064 4335 stultitia
3092 4277 3161 4332 sit
3187 4275 3501 4346 praedicatio

1925 4376 2123 4440 crucis,
2171 4375 2264 4428 sed
2308 4374 2434 4444 quia
2478 4371 2772 4428 secundum
2817 4364 3155 4440 putationem
3199 4364 3500 4420 inﬁdelium

1925 4469 2006 4523 sic
2038 4466 2352 4521 haberetur.
2395 4462 2657 4528 Quoniam
2691 4459 2870 4515 Judrzi
2909 4459 3060 4527 signa
3097 4462 3296 4525 petunt.
3341 4452 3412 4510 Ut
3435 4452 3505 4512 ad

1928 4559 2206 4614 Christum
2265 4556 2452 4611 dicunt
2509 4570 2521 4606 :
2583 4553 2736 4618 Quod
2807 4551 3016 4620 signant
3076 4546 3304 4602 ostendis
3357 4545 3506 4601 nobis

1931 4649 2146 4722 (Matth.
2177 4647 2324 4719 xiv)?
2368 4645 2483 4701 Iloc
2530 4653 2711 4698 autem
2761 4641 2967 4697 faciunt
3010 4655 3075 4695 ex
3118 4637 3510 4694 consuetudine

1927 4741 2334 4812 prophetarum,
2377 4737 2469 4807 qui
2517 4749 2658 4804 sarpe
2710 4733 2861 4804 signa
2919 4731 3050 4801 ipsis
3100 4728 3372 4785 faciebant
3415 4723 3510 4779 Ju-

1929 4830 2080 4888 daris.
2110 4830 2182 4884 Et
2208 4827 2378 4884 (ἔπεσί
2407 4827 2742 4898 sapientiam.
2787 4823 2935 4878 Artis
2978 4822 3183 4878 scilicet
3212 4817 3510 4876 dialecticae

1932 4935 1988 4982 et
2007 4926 2258 4981 humana:
2285 4922 2562 4992 sapientiae
2591 4919 2878 4974 rationem.
2902 4916 3108 4972 Judiris
3131 4913 3338 4985 quidem
3363 4926 3513 4963 scan-

1934 5017 2136 5072 dalum.
2182 5013 2354 5069 Judaei
2401 5011 2858 5074 scandalizantur,
2901 5009 2947 5062 si
2989 5007 3214 5061 audiunt
3237 5000 3512 5058 Christum

1940 5126 1971 5164 a
2011 5123 2070 5163 se
2109 5106 2448 5162 crucifixum.
2510 5101 2635 5157 Sive
2676 5099 2991 5156 scandalum
3044 5096 3152 5151 illis
3188 5101 3273 5149 est
3325 5089 3515 5146 audire

1939 5199 2213 5258 Christum
2251 5195 2393 5252 mori
2429 5194 2686 5266 potuisse,
2721 5206 2882 5263 quem
2919 5189 2997 5243 illi
3035 5183 3188 5258 quasi
3235 5183 3515 5236 immorta-

1941 5295 2049 5351 lem
2085 5295 2418 5360 exspectant,
2451 5287 2704 5342 dicebant
2750 5283 2894 5339 enim
2921 5298 2934 5334 :
2961 5279 3069 5333 Nos
3117 5274 3419 5331 audivimus
3446 5287 3516 5328 ex

1941 5388 2081 5458 lege,
2106 5383 2233 5455 quia
2262 5381 2512 5438 Christus
2541 5385 2724 5433 manet
2754 5378 2810 5432 in
2839 5383 3101 5429 aeternum
3133 5385 3146 5422 :
3179 5383 3288 5423 non
3317 5365 3510 5422 intelli-

1943 5487 2150 5552 gentes,
2176 5475 2304 5545 quia
2332 5473 2565 5543 primum
2597 5471 2743 5524 illum
2775 5466 2886 5537 pati
2915 5460 3217 5532 oportebat,
3249 5467 3302 5515 et
3331 5458 3518 5552 sicin-

1945 5546 2091 5622 irare
2112 5566 2164 5620 in
2187 5563 2412 5634 gloriam
2434 5576 2605 5616 suam.
2625 5557 2873 5613 Gentibus
2892 5562 3064 5607 autem
3092 5550 3386 5605 stultitiam.
3405 5546 3520 5602 Hoc

1945 5667 2048 5725 est,
2071 5657 2242 5711 Deum
2266 5651 2487 5709 credere
2515 5647 2852 5706 crucifixum.
2893 5643 3029 5714 Ipsis
3062 5658 3178 5697 vero
3207 5639 3421 5693 vocatis.
3461 5634 3521 5690 Id

1945 5759 2052 5815 est,
2079 5746 2425 5804 credentibus
2453 5759 2520 5799 ex
2545 5741 2808 5807 utrisque.
2841 5735 3108 5792 Christum
3127 5733 3226 5787 Dei
3252 5731 3519 5784 virtutem.

1947 5848 2146 5908 Judaeis
2173 5844 2481 5916 petentibus
2519 5839 2690 5908 signa,
2733 5851 2853 5907 quae
2888 5834 3099 5898 devicta
3134 5833 3309 5918 morte
3345 5821 3522 5894 homi-
