4108 6334
657 675 857 731 diaboli
886 675 1163 730 liberau't.

727 765 866 831 Quia
886 766 1026 837 quod
1050 765 1266 822 stultum
1289 777 1365 824 est
1389 768 1508 823 Dei.
1540 767 1693 825 Velle
1714 772 1975 845 cruciiigi.
2009 774 2235 847 Sapien-

653 858 759 912 tius
794 865 869 913 est
904 858 1220 914 hominibus.
1265 859 1401 927 Quia
1445 877 1578 918 crux
1604 862 1808 919 Christi
1843 866 2113 925 diabolum
2155 871 2235 926 fe-

652 949 806 1014 fellit,
859 956 916 1006 et
958 951 1113 1015 vicit,
1161 952 1516 1023 hominesque
1562 955 1835 1023 liberavit,
1879 961 2024 1029 quod
2071 979 2231 1020 nemo

649 1041 928 1097 hominum
953 1058 1049 1112 per
1082 1045 1402 1115 sapientiam
1434 1063 1585 1103 suam
1611 1050 1808 1118 potuit.
1834 1049 2052 1123 thuod
2076 1058 2230 1126 inﬁr-

649 1146 791 1186 mum
819 1142 895 1187 est
928 1133 1046 1190 Dei.
1089 1135 1147 1191 ld
1187 1144 1291 1202 est,
1335 1140 1474 1197 mori
1518 1138 1718 1196 fortius
1760 1152 1846 1197 est
1883 1145 2223 1203 hominibus:

647 1222 792 1289 quod
827 1223 973 1279 enim
1014 1238 1120 1282 nec
1149 1227 1396 1298 gigantes
1444 1230 1675 1286 evadere
1712 1241 2032 1304 potuerunt,
2079 1240 2229 1296 inﬁr-

644 1312 806 1369 mitas
848 1315 1093 1373 cruciﬁxi
1137 1319 1332 1388 evasit.
1392 1317 1569 1373 Videte
1608 1324 1747 1377 enim
1788 1328 2108 1383 vocationem
2150 1349 2228 1386 ve-

643 1411 826 1458 stram.
879 1404 960 1461 Ac
999 1407 1045 1464 si
1083 1407 1539 1467 diceret:Videte
1586 1428 1682 1468 eos
1723 1430 1821 1484 per
1860 1432 1996 1486 quos
2042 1423 2225 1478 vocati

640 1497 774 1552 estis
808 1497 878 1554 ad
915 1497 1093 1564 iidem,
1138 1501 1284 1571 quod
1322 1517 1429 1557 non
1469 1504 1763 1574 sapientes,
1806 1510 1902 1565 sed
1948 1512 2122 1578 stulti,
2169 1523 2224 1570 et

636 1588 937 1658 piscatores
960 1600 1142 1659 erant,
1175 1594 1389 1663 quando
1419 1605 1475 1651 et
1504 1598 1608 1666 ipsi
1634 1602 1809 1656 vocati
1841 1613 1984 1659 sunt.
2015 1605 2218 1664 Aliter:

637 1676 828 1739 Videte
850 1684 1187 1740 vocationem
1221 1695 1478 1754 vestram,
1512 1689 1615 1747 hoc
1645 1701 1750 1756 est,
1791 1694 1847 1748 in
1873 1697 2027 1752 vobis
2064 1697 2216 1768 ipsis,

634 1787 668 1826 o
690 1771 980 1840 Corinthii,
1009 1776 1235 1844 probate
1258 1779 1402 1848 quod
1431 1779 1573 1847 dico,
1602 1785 1746 1852 quod
1773 1784 1968 1841 stultos
1997 1802 2095 1844 vos
2124 1803 2220 1844 vo-

634 1865 801 1929 cavit,
825 1874 881 1919 et
906 1880 1013 1921 non
1038 1867 1326 1935 sapientes.

708 1952 847 2018 Quia
873 1971 977 2011 non
1002 1957 1155 2011 multi
1179 1960 1454 2030 sapientes.
1491 1961 1605 2020 Hoc
1631 1972 1820 2020 contra
1848 1966 1970 2024 illos
1996 1969 2215 2041 oblique

632 2044 725 2114 qui
750 2060 807 2101 se
834 2045 968 2117 legis
992 2051 1218 2119 peritos,
1250 2061 1306 2115 et
1335 2052 1588 2111 fortiores
1618 2059 1877 2126 apostolis
1904 2069 1959 2115 et
1988 2064 2214 2119 nobilio-

627 2151 717 2194 res
741 2153 809 2194 ex
838 2142 1161 2199 sacerdotali
1203 2144 1372 2213 stirpe
1406 2146 1735 2205 descendere
1771 2151 2074 2222 jactahant.
2106 2155 2211 2211 Sed

624 2226 742 2299 quin
771 2229 934 2285 stulta
968 2242 1090 2286 sunt
1117 2235 1315 2289 mundi.
1353 2236 1551 2303 Stulta,
1584 2239 1635 2294 id
1663 2248 1768 2306 est,
1800 2244 1982 2309 corda,
2015 2246 2096 2301 vel
2127 2247 2210 2303 in—

623 2321 800 2392 genia.
850 2320 917 2377 Ut
962 2325 1249 2395 confundat
1301 2330 1579 2398 sapientes.
1635 2333 1692 2388 Id
1737 2342 1837 2398 est,
1894 2338 2202 2405 saeculares,

622 2411 751 2475 dum
788 2428 896 2469 non
933 2415 1078 2485 ipsos
1114 2418 1295 2488 elegit.
1336 2419 1404 2477 Et
1430 2438 1493 2477 ea
1523 2440 1640 2493 quae
1675 2441 1780 2481 non
1813 2438 1954 2482 sunt.
2001 2430 2058 2484 Id
2098 2439 2200 2497 est,

619 2506 899 2574 sapientia,
931 2506 1112 2575 fortia,
1138 2511 1361 2566 nobilia.
1395 2511 1461 2568 Ut
1486 2532 1547 2570 ea
1567 2533 1686 2587 qui:
1712 2528 1851 2575 sunt.
1882 2521 2052 2587 Talia,
2094 2524 2201 2580 hoc

619 2602 725 2662 est,
762 2597 1049 2666 sapientia,
1087 2599 1267 2667 fortia,
1304 2605 1508 2661 nobilia
1543 2607 1851 2679 dissiparet.
1891 2612 1996 2678 Qui
2029 2615 2201 2685 factus

616 2696 694 2743 est
726 2688 873 2749 nobis
902 2691 1180 2760 sapientia.
1227 2693 1335 2761 Qui
1373 2697 1476 2757 sibi
1514 2715 1731 2772 semper
1760 2705 2025 2775 sapientia
2071 2708 2198 2778 fuit,

616 2778 779 2835 nobis
804 2779 979 2837 factus
1003 2790 1091 2839 est
1126 2786 1410 2859 sapientia,
1449 2799 1510 2846 ut
1537 2808 1638 2849 nos
1664 2796 1869 2853 iaceret
1901 2801 2193 2868 sapientes,

616 2874 672 2923 et
693 2868 891 2937 justas,
919 2878 976 2926 et
1001 2882 1234 2931 sanctos.
1268 2875 1332 2932 In
1352 2877 1576 2936 Domino
1600 2882 1871 2953 glorietur.
1903 2888 2021 2945 Non
2050 2893 2196 2951 enim

614 2959 742 3027 sibi,
770 2963 866 3018 sed
891 2962 1003 3021 Deo
1029 2965 1169 3022 dona
1193 2981 1314 3037 quae
1355 2974 1568 3043 accepit
1593 2984 1824 3047 reputet.

1244 3079 1469 3138 CAPUT
1508 3084 1569 3139 II.

2826 654 2843 679 ,
2900 621 3170 685 quomodo
3214 633 3516 694 potestates
3561 634 3920 705 ignorabant?

2334 690 2669 759 Quibusdam
2722 704 2936 761 videtur
2983 690 3256 784 principes
3300 729 3356 774 et
3400 690 3698 792 potestates

2334 785 2539 850 saeculi,
2567 786 2874 850 Judieorum
2907 797 3143 867 majores
3171 814 3225 860 et
3254 785 3528 883 princ-ipes
3556 785 3917 896 dixisse,qu

2323 869 2482 939 juxta
2507 876 2657 935 Petri
2681 882 2925 954 Apostoli
2955 889 3123 960 dicta,
3164 869 3549 969 ignoraverunt

2331 962 2571 1024 facerent
2601 988 2613 1024 :
2650 974 2726 1028 ait
2754 979 2898 1036 enim
2921 992 2934 1033 :
2961 980 3106 1051 Scio,
3139 987 3353 1058 fratres,
3382 998 3508 1066 quia
3537 962 3633 1069 μέν
3673 1008 3920 1075 ignoran-

2330 1056 2459 1113 tiam
2493 1060 2687 1129 fecistis
2716 1067 2813 1122 hoc
2834 1072 3050 1140 indum,
3075 1056 3214 1135 sicut
3236 1094 3284 1136 et
3588 1056 3746 1151 vestil‘i
3774 1100 3914 1172 (Act.

2330 1150 2412 1172 -.-ἱ
2485 1151 2536 1172 Iw
2564 1156 2576 1172 '
2900 1166 2911 1172 '
2991 1169 3000 1172 ’

2329 1150 2436 1221 ιη).
2476 1151 2782 1215 Judteorum
2827 1166 3103 1239 principes
3145 1174 3202 1228 hi
3250 1150 3518 1249 fecerunt,
3572 1201 3681 1244 non
3734 1150 3916 1250 ιὲἇιῖὲζ

2326 1239 2487 1309 hujus
2528 1248 2708 1304 szeculi
2734 1252 3010 1326 principes
3030 1261 3137 1318 dici
3171 1277 3483 1339 potuerunt,

2324 1344 2647 1403 potestatem
2688 1346 2894 1402 redacti
2928 1349 3144 1409 fuerant
3173 1344 3561 1434 Romanorum,

2325 1441 2431 1481 non
2470 1444 2529 1484 se
2556 1431 2757 1491 habere
2787 1453 2971 1509 regem
3003 1445 3424 1521 nisi-Caesarem,
3469 1458 3523 1513 hi
3549 1470 3731 1518 autem
3760 1468 3911 1535 prin-

2324 1519 2492 1587 cipes,
2548 1538 2687 1592 quos
2737 1528 2844 1584 alio
2893 1532 3012 1591 loco
3057 1539 3291 1610 signavit
3327 1519 3621 1615 Apostolus
3671 1519 3901 1615 dicens:

2326 1606 2450 1664 Non
2482 1624 2557 1667 est
2592 1617 2739 1673 nobis
2768 1620 3069 1683 colluctatio
3103 1606 3351 1691 adversus
3375 1655 3587 1697 carnem
3619 1656 3669 1700 et
3695 1654 3912 1721 sangui-

2324 1711 2459 1763 nem,
2499 1702 2592 1757 sed
2637 1706 2885 1766 adversus
2926 1717 3186 1789 principes
3227 1732 3276 1777 et
3316 1736 3614 1798 potestates,
3657 1702 3911 1797 adt-emus

2274 1812 2281 1825 ι
2322 1792 2504 1845 mundi
2546 1798 2878 1856 tenebrarum
2923 1806 3112 1864 harum
3162 1792 3383 1872 rectores
3437 1820 3655 1891 (Ep/tes.
3686 1830 3791 1895 vr).
3850 1832 3908 1890 Si

2274 1871 2292 1895 ι
2328 1891 2344 1895 Α
2504 1884 2516 1895 .
2543 1885 2555 1895 .
2850 1894 2853 1895 ν

3336 1869 3377 1872 __
3438 1869 3655 1891 ,Ἵππη
3698 1869 3791 1895 ..,.
3850 1869 3905 1890 υ.

2243 1869 2292 1931 Β
2320 1891 2448 1951 ergo
2500 1884 2557 1938 hi
2607 1897 2732 1944 sunt
2776 1894 3069 1967 principes,
3117 1905 3211 1972 qui
3258 1910 3566 1970 nescientes
3609 1917 3905 1980 Dominum

2315 1973 2615 2042 majestatis
2651 1978 2926 2041 Christum
2968 2004 3112 2058 esse,
3159 1994 3309 2052 illum
3343 2003 3732 2064 cruciiixerunt
3772 2029 3909 2083 quo-

2312 2063 2472 2119 modo
2509 2082 2540 2120 a
2566 2069 2902 2132 daemonibus
2927 2082 3103 2148 potuit
3128 2085 3294 2143 sciri?
3328 2088 3448 2147 Non
3473 2094 3633 2152 aliter
3658 2063 3907 2160 seiciunt

2311 2151 2609 2226 daemones,
2657 2179 2819 2232 quam
2867 2171 3111 2228 sciebant
3156 2177 3434 2251 principes
3474 2185 3634 2255 hujus

2307 2245 2556 2303 sciebant
2603 2255 2747 2310 enim
2797 2258 2972 2329 ipsum
3031 2280 3151 2322 esse
3197 2271 3291 2340 qui
3335 2245 3643 2343 promissus
3681 2295 3807 2342 erat
3846 2289 3903 2345 in

2308 2334 2426 2407 lege
2449 2354 2563 2411 per
2602 2344 2757 2414 signa
2806 2344 3137 2421 prophetiae,
3172 2334 3302 2416 non
3342 2334 3528 2422 iamen
3576 2378 3900 2444 mysterium

2305 2423 2446 2495 ejus,
2476 2433 2619 2499 quod
2643 2434 2814 2494 Filius
2839 2441 2935 2497 Dei
2974 2454 3114 2513 erat,
3149 2464 3220 2506 ex
3261 2463 3466 2512 aeterno
3499 2423 3766 2534 sciebant,
3809 2487 3903 2528 ne-

2304 2532 2410 2586 que
2467 2536 2867 2588 sacramentum
2915 2535 3327 2600 incarnationis.
3382 2546 3671 2622 Nunquam

2304 2626 2430 2667 num
2469 2618 2759 2687 majestatis
2795 2628 3197 2693 cruciﬁxissent.
3248 2636 3354 2693 Pro
3382 2618 3593 2699 unitate
3619 2664 3898 2724 personae,

2300 2711 2357 2758 et
2375 2705 2516 2763 Deus
2544 2710 2743 2771 dicitur
2779 2720 3104 2788 crucifixus,
3134 2734 3189 2782 et
3215 2727 3386 2788 Filius
3412 2705 3651 2796 hominis
3679 2757 3806 2800 esse
3838 2705 3897 2805 in;

2300 2797 2473 2865 cmlis,
2506 2817 2630 2859 cum
2655 2810 2870 2875 quando
2904 2813 3008 2877 ista
3033 2816 3355 2877 dicebantur
3380 2824 3641 2886 Dominus
3662 2848 3814 2893 esset
3837 2841 3896 2897 in

2298 2904 2544 2961 corpore.
2579 2896 2733 2963 Quod
2757 2905 2938 2962 oculus
2962 2925 3067 2967 non
3089 2913 3235 2969 vidit.
3266 2916 3323 2973 In
3346 2918 3482 2976 Isaia
3506 2924 3589 2981 sic
3620 2929 3892 2994 habetur:

2294 2980 2341 3037 A
2370 2986 2566 3042 sarculo
2598 3006 2702 3045 non
2737 2997 3020 3057 audierunt
3056 3006 3296 3075 auribus,
3330 3027 3496 3085 neque
3521 3033 3890 3098 perceperunt,

2299 3075 2475 3098 un,“
2520 3096 2527 3098 λ
2853 3089 2882 3098 λ
3074 3096 3080 3098 μ

2296 3075 2477 3131 oculus
2514 3096 2619 3136 non
2666 3085 2794 3141 uidit
2837 3089 2980 3148 Deus
3027 3096 3222 3169 absque
3267 3109 3316 3157 te
3339 3143 3356 3169 ,
3408 3075 3532 3177 ante
3571 3075 3894 3185 preparasti

687 3160 756 3219 Et
776 3179 869 3234 ego
896 3181 1013 3221 cum
1039 3184 1285 3225 iuuissent
1317 3174 1386 3226 ad
1412 3190 1517 3241 vos,
1548 3176 1763 3247 fratres,
1793 3184 1910 3237 veni
1935 3200 2037 3239 non
2068 3201 2187 3241 cum

2291 3173 2712 3236 exspectantibus
2752 3187 2802 3237 te
2839 3181 2993 3252 (Isai.
3028 3190 3198 3261 sxw).
3252 3194 3396 3268 Ergo
3421 3160 3890 3272 'memorti'torum

612 3254 892 3310 eminentia
930 3274 1247 3315 sermonum.
1296 3263 1479 3320 Noluit
1516 3283 1836 3338 pomposum
1868 3274 2187 3345 eloquentia:

2291 3258 2595 3331 principum
2624 3282 2777 3327 mens
2796 3273 2912 3330 huic
2935 3278 3119 3337 videre
3144 3299 3255 3342 non
3280 3293 3474 3359 potuit,
3499 3298 3628 3367 quia
3654 3305 3893 3366 credere

609 3356 914 3401 sermonem
945 3348 1155 3418 jactare
1185 3352 1239 3407 in
1270 3356 1655 3424 praedicatione
1685 3362 1868 3419 divina
1903 3370 2188 3437 mysterio-

611 3448 731 3495 rum
770 3441 883 3505 Dei,
914 3444 1020 3499 hoc
1063 3454 1165 3512 est,
1210 3448 1641 3507 incarnationem
1668 3454 1894 3525 Christi,
1934 3469 1989 3515 et
2024 3478 2187 3518 voca-

608 3530 810 3586 tionem
838 3532 1111 3589 Gentium.
1152 3536 1219 3591 Et
1249 3539 1389 3593 hunc
1417 3544 1751 3608 cruciﬁxum.
1784 3547 1937 3614 Quod
1962 3553 2185 3610 stultum

606 3623 746 3692 apud
793 3625 1039 3682 homines
1084 3628 1300 3684 videtur
1331 3647 1471 3687 esse.
1528 3633 1598 3687 Et
1636 3653 1730 3707 ego
1761 3638 1816 3692 in
1854 3640 2181 3710 inﬁrmitate.

604 3714 720 3770 Non
745 3715 1031 3785 jactantia,
1059 3722 1153 3775 sed
1180 3721 1504 3790 humilitate,
1536 3742 1631 3783 seu
1667 3731 1812 3800 quod
1843 3748 1946 3788 nec
1973 3735 2179 3808 plagas,

604 3813 659 3861 et
684 3808 974 3862 vindictam
1013 3819 1264 3879 potenter
1299 3814 1355 3867 in
1391 3817 1602 3885 aliquos
1632 3821 1773 3874 dedi.
1823 3822 2045 3880 Timore.
2107 3827 2185 3884 Ne

602 3910 700 3949 vos
720 3895 991 3969 Christum
1022 3902 1314 3970 negaretis.
1357 3903 1423 3958 Et
1457 3914 1699 3963 tremore.
1739 3908 1819 3966 Ne
1850 3928 1972 3969 meo
2001 3916 2184 3987 aliquo

607 3985 854 4055 exemplo
888 3985 1218 4043 oﬂ‘enderem
1248 4006 1361 4046 vos.

672 4070 741 4127 Et
780 4092 949 4129 sermo
993 4094 1159 4132 meus.
1208 4079 1268 4136 Id
1316 4088 1428 4149 est,
1481 4084 1797 4154 quotidiana
1851 4093 2177 4155 exhortatio.

602 4163 920 4220 Prwdicatio
961 4183 1096 4221 mea.
1171 4168 1393 4227 Publica
1443 4189 1629 4231 coram
1673 4182 1871 4251 populo
1911 4185 2176 4245 doctrina.

600 4253 725 4309 Non
762 4271 819 4310 in
848 4259 1184 4327 persuasione
1222 4260 1471 4320 humanae
1508 4269 1800 4339 sapientiae.
1843 4275 1977 4345 Quia
2014 4282 2181 4336 diale-

598 4346 721 4402 ctici
757 4358 915 4403 erant
944 4349 1233 4421 Corinthii,
1264 4356 1435 4415 noluit
1473 4363 1616 4430 apud
1657 4365 1778 4426 illos
1818 4370 2179 4442 disputatione

595 4438 694 4498 uti,
737 4450 805 4494 ne
839 4440 941 4495 hoc
982 4457 1201 4514 quoque
1256 4444 1363 4503 illis
1419 4466 1557 4508 nova
1602 4455 1784 4528 aliqua
1835 4438 2176 4532 philosophia

593 4527 885 4594 videretur,
918 4534 1013 4588 sed
1048 4537 1219 4607 magis
1250 4538 1357 4594 illis
1380 4542 1614 4601 virtutes
1644 4527 1709 4603 et
1728 4527 1988 4607 miracula
2015 4527 2172 4607 mou-

591 4618 802 4672 stravit.
842 4619 1169 4691 Sapientiam
1206 4638 1381 4684 autem
1421 4632 1686 4705 loquimur
1720 4639 1859 4692 inter
1893 4642 2165 4709 perfectas.
2192 4624 2250 4689 Β
2274 4644 2432 4697 ritum

587 4707 669 4763 Ac
697 4710 742 4764 si
766 4710 990 4781 diceret,
1018 4731 1083 4771 ne
1108 4722 1307 4788 putetis
1332 4738 1433 4779 nos
1460 4727 1784 4793 sapientiam
1809 4707 1916 4783 non
1943 4730 2166 4801 habere,

587 4801 713 4870 quia
743 4818 843 4859 nos
866 4805 1130 4865 habemus
1164 4814 1482 4882 sapientiam
1512 4814 1771 4880 divinam,
1801 4821 1894 4873 sed
1921 4835 2017 4877 vos
2043 4839 2165 4881 eam

585 4906 729 4949 nunc
753 4908 947 4967 capere
990 4914 1099 4954 non
1138 4903 1390 4969 potestis,
1430 4902 1558 4971 quia
1602 4904 1782 4959 adhuc
1820 4908 1957 4965 lacte
1997 4917 2166 4971 nutri-

583 4973 735 5053 mini,
764 4998 823 5044 et
848 4990 909 5046 in
933 4993 1037 5048 iide
1061 4995 1269 5064 parvuli
1295 4996 1741 5065 comprobamini.
1771 5002 1955 5077 Neque
1975 5012 2166 5081 princi-

578 5092 723 5147 pum.
774 5080 887 5137 Hoc
920 5091 1025 5148 est,
1067 5097 1278 5153 regum,
1317 5084 1403 5138 vel
1444 5086 1919 5167 philosophorum,
1960 5080 2059 5173 qui
2101 5107 2157 5161 in

580 5167 683 5223 hoc
726 5173 923 5227 saeculo
960 5173 1251 5242 primatum
1290 5181 1473 5229 tenere
1500 5179 1773 5239 videntur.
1808 5188 1907 5245 Dei
1948 5167 2154 5265 sapien—

576 5259 724 5314 tiant.
764 5261 1046 5317 Christum
1089 5262 1181 5330 qui
1217 5270 1300 5317 est
1349 5264 1697 5331 absconditus
1741 5278 1811 5335 ab
1859 5259 2152 5346 incredulis

572 5357 630 5404 et
656 5352 1053 5421 insipientibus.
1105 5351 1277 5425 Quam
1303 5370 1453 5417 nemo
1472 5366 1769 5441 principum
1790 5373 1947 5445 hujus
1966 5381 2150 5439 δίπαιΙί

572 5443 827 5521 cognouit.
878 5442 992 5503 Hoc
1027 5458 1132 5518 est,
1166 5450 1391 5524 Pilatus,
1429 5466 1484 5513 et
1506 5459 1761 5534 Caiphas,
1802 5442 2145 5540 etllerodes,

566 5546 621 5593 et
648 5539 918 5608 principes
956 5544 1318 5612 sacerdotum,
1357 5548 1444 5605 vel
1483 5552 1773 5611 daemones.
1820 5559 1971 5617 Unde
1995 5564 2144 5635 Apo-

567 5629 734 5681 stolus
775 5627 842 5683 de
882 5632 1217 5703 principibus
1256 5645 1310 5693 et
1348 5645 1707 5710 potestatibus
1751 5648 1911 5721 hujus
1958 5627 2142 5712 smculi

563 5719 693 5773 dicit
719 5738 731 5774 :
757 5721 815 5778 Si
848 5727 984 5780 enim
1017 5732 1393 5799 cognovissent,
1430 5751 1693 5807 nunquam
1714 5741 1995 5801 Dominum
2028 5767 2140 5803 ma-

562 5808 762 5869 iestatis
794 5817 1199 5887 cruciﬁxissent.
1240 5821 1309 5877 Et
1338 5832 1526 5880 contra
1556 5827 1771 5889 Marcus
1804 5839 2135 5909 evangelista

2289 3351 2599 3412 noluerunt.
2643 3360 2870 3427 Quidam
2908 3384 3041 3427 sane
3087 3351 3312 3436 dicunt}
3348 3351 3550 3446 Oculus
3594 3408 3705 3450 non
3748 3399 3894 3457 vidit

2287 3443 2554 3517 virginem
2588 3456 2898 3526 peperisse;
2942 3478 3051 3519 non
3091 3471 3242 3525 auris
3281 3476 3489 3533 audivit
3525 3481 3698 3539 illud:
3735 3486 3892 3547 Tunc

2278 3536 2415 3607 justi
2436 3538 2706 3609 fulgebunt
2725 3549 2863 3605 sicut
2882 3553 2960 3607 sol
2974 3555 3186 3627 (Matth.
3210 3564 3344 3637 xxv).
3375 3567 3477 3634 Qui
3491 3536 3656 3640 habet,

2288 3647 2443 3687 aures
2473 3636 2729 3694 audiendi
2768 3644 2974 3701 audiat.
3018 3648 3132 3707 Nec
3170 3656 3227 3710 in
3267 3636 3359 3713 cor
3384 3662 3608 3720 hominis
3973 3677 3976 3680 ’

2288 3718 2462 3791 (Rom.
2486 3727 2628 3799 vui),
2667 3733 2980 3795 colueredes
3020 3741 3224 3801 Christi
3270 3748 3502 3810 futuros.

2286 3815 2514 3873 oculus?
2544 3818 2788 3881 Colores.
2843 3827 2983 3896 Quid
3028 3837 3180 3891 audit
3206 3842 3391 3897 auris?
3427 3815 3691 3903 Crimina.

2285 3904 2340 3965 in
2380 3924 2478 3965 cor
2508 3912 2745 3970 hominis
2786 3924 3066 3977 ascendit?
3115 3926 3413 3995 Sapientia.
3463 3904 3881 4003 Prmcellen-li—t‘l;

2283 4006 2368 4054 est
2406 4011 2588 4059 autem
2628 4007 2898 4073 omnibus,
2928 4013 3072 4079 quod
3099 4025 3318 4082 praestat
3342 4020 3486 4075 Deus
3519 4025 3880 4097 diligentibus

2283 4104 2341 4147 se
2380 4090 2435 4145 in
2465 4092 2632 4149 vitam
2662 4104 2941 4155 aeternam.
2982 4101 3115 4157 Item
3142 4106 3272 4174 quid
3296 4118 3383 4164 est
3402 4115 3549 4182 quod
3573 4090 3877 4190 Apostolus

2282 4180 2416 4237 dicit
2461 4197 2527 4239 ex
2572 4183 2709 4243 Isaia
2758 4192 3049 4260 propheta;
3104 4198 3249 4266 quod
3291 4180 3482 4261 oculus
3544 4180 3654 4268 non
3696 4180 3876 4276 vidiii

2280 4273 2395 4330 Hoc
2439 4292 2603 4334 sensu
2635 4280 2921 4352 Apostolus
2969 4287 3173 4348 dixisse
3218 4297 3521 4358 credendus
3561 4314 3661 4370 est,
3715 4273 3871 4382 quod

2479 4663 2635 4701 suum
2677 4649 2726 4721 (1
2765 4649 2889 4709 Con.
2932 4656 3038 4729 ιη).
3088 4660 3146 4716 Si
3196 4673 3378 4721 autem
3425 4649 3723 4730 revelatum

2267 4734 2546 4804 Apostolo,
2579 4738 2877 4813 intelligere
2900 4748 3177 4820 debemus,
3214 4759 3357 4826 quod
3390 4767 3447 4816 et
3482 4762 3571 4820 ille
3607 4765 3729 4822 aliis
3763 4734 3861 4827 re;

2268 4826 2482 4891 velavit,
2526 4832 2685 4888 nobis
2725 4845 2908 4892 autem
2954 4843 3217 4900 revelavit
3257 4846 3402 4905 Deus
3443 4866 3543 4921 per
3583 4854 3853 4926 Spiritum

2268 4930 2445 4983 suum,
2476 4921 2580 4977 hoc
2617 4932 2718 4988 est,
2752 4942 2863 4984 non
2901 4933 3097 4989 merito
3142 4947 3349 5007 nostro,
3386 4944 3480 4999 sed
3510 4962 3609 5003 sua
3642 4956 3848 5023 gratia,

2265 5010 2393 5079 quia
2436 5028 2538 5083 per
2578 5014 2741 5073 iidem
2788 5025 3097 5095 accepimus
3140 5027 3403 5100 Spiritum
3448 5010 3717 5110 sanctum,
3748 5010 3847 5116 qui

2266 5102 2595 5163 voluntatem
2640 5106 2737 5167 Dei
2782 5114 2947 5179 nobis
2988 5122 3247 5177 ostendit.
3318 5124 3506 5184 Sancti

2258 5197 2404 5264 quod
2440 5198 2642 5261 Paulus
2688 5211 2921 5264 testatur
2952 5229 2965 5265 :
3005 5214 3164 5269 nobis
3204 5227 3391 5274 autem
3437 5225 3699 5284 revelavit
3741 5197 3846 5303 per

2258 5287 2522 5358 Spiritum
2556 5309 2825 5365 sanctum,
2867 5303 3011 5372 quod
3050 5303 3217 5361 futuri
3265 5325 3474 5379 sumus,
3513 5326 3572 5371 ut
3600 5287 3840 5381 inanitas

2255 5388 2505 5451 testatur,
2545 5389 2674 5457 quia
2708 5405 2833 5453 etin
2864 5394 3168 5453 videbimus
3204 5400 3348 5458 sicut
3381 5414 3483 5461 est.
3532 5408 3664 5475 Quis
3695 5416 3841 5472 enim

2252 5474 2349 5527 scit
2376 5476 2645 5533 hominum
2676 5499 2795 5553 qua
2823 5485 3055 5543 hominis
3081 5500 3221 5545 sunt.
3251 5493 3309 5548 Id
3343 5506 3445 5564 est,
3481 5513 3604 5570 qum
3628 5509 3838 5575 cogita-

2248 5564 2425 5622 tiones
2460 5580 2751 5626 versantur
2797 5574 2854 5628 in
2892 5575 3130 5635 homine.
3173 5581 3297 5638 Nisi
3329 5589 3547 5657 spiritus
3576 5594 3829 5655 hominis.

2246 5654 2359 5712 Hoc
2388 5668 2487 5725 est,
2527 5663 2884 5728 conscientia,
2923 5677 2983 5723 ut
3009 5654 3374 5745 Hieronymus
3406 5685 3648 5751 exponit.
3702 5686 3831 5749 Non

2243 5747 2409 5804 doctis
2442 5751 2688 5807 humana:
2729 5758 3000 5826 sapientia?
3038 5765 3220 5821 verbis.
3263 5768 3394 5833 Quae
3425 5776 3578 5831 vanis
3617 5793 3829 5837 animl-

2242 5839 2458 5907 tiamus,
2498 5858 2608 5900 non
2646 5860 2677 5901 a
2722 5849 3077 5923 philosophis,
3114 5860 3198 5914 vel
3235 5869 3630 5937 grammaticis,
3663 5875 3763 5930 sed
3788 5892 3822 5933 a
