4108 6334
304 376 412 436 135

1367 361 1695 419 COLLECT.
1735 360 1802 415 ΙΝ
1838 359 2058 417 EPIST.
2091 360 2114 416 Ι
2150 362 2243 417 AD
2280 362 2436 420 COR.

3430 369 3535 427 154

306 490 514 563 Spiritu
538 486 635 542 Dei
658 438 854 541 eruditi
881 494 1085 536 sumus.
1113 472 1507 549 Spiritualibus.
1532 472 1867 537 Hominibus,
1897 473 1945 533 Α
1972 475 2288 544 praedicare,
2315 482 2509 546 praeter
2541 474 2750 546 Iesum,
2779 477 2866 536 cui
2896 480 3003 538 title
3023 482 3332 540 ﬁrmissima
3358 487 3535 542 credi-

306 582 398 654 qui
434 593 629 650 capere
663 581 908 646 possunt.
959 568 1288 642 Spirituulia.
1317 567 1669 623 Documenta.
1720 564 1874 620 Com-

303 683 568 746 parantes.
598 669 977 725 Prasdicantes.

376 760 636 817 Anitnalis
663 770 838 814 autent
868 759 1046 821 homo,
1072 762 1179 809 etc.
1220 752 1324 820 Qui
1357 752 1604 822 spiritum
1633 750 1731 805 Dei
1767 765 1872 806 non

306 856 487 917 habet,
530 851 778 909 animalis
812 858 915 914 est,
945 848 1039 918 qui
1078 847 1185 901 ritu
1226 844 1541 899 animalium
1575 844 1729 909 vivit,
1759 843 1874 898 sola

304 945 590 1004 mmoda
617 942 799 998 carnis
832 948 1064 996 sectans.
1092 935 1351 992 Animalis
1386 935 1531 988 enim
1560 934 1721 988 habet
1759 930 1898 987 ani-'

304 1053 474 1103 mam,
502 1051 614 1091 non
642 1033 802 1089 habet
831 1032 1183 1091 intellectum,
1213 1028 1335 1081 ideo
1364 1041 1472 1081 non
1501 1026 1729 1095 percipit
1755 1038 1876 1093 quas

304 1137 434 1188 sunt
473 1128 696 1199 spiritus
722 1125 845 1189 Dei,
880 1124 936 1177 id
967 1130 1069 1187 est,
1113 1119 1436 1191 spiritualia,
1488 1134 1608 1190 quae
1654 1119 1876 1190 Spiritus

303 1223 495 1287 beet,
538 1219 691 1274 verbi
731 1216 927 1287 gratia,
966 1215 1234 1285 quomodo
1273 1211 1519 1268 Christus
1563 1213 1875 1268 incarnatus

303 1313 395 1378 sit,
423 1311 510 1366 vel
532 1309 663 1381 quid
683 1308 869 1378 gratiae
891 1306 1234 1361 credentibus
1259 1303 1469 1360 confert
1493 1320 1625 1359 crux
1649 1303 1872 1358 Christi.

304 1402 547 1459 Stultitia
570 1400 708 1455 enim
735 1409 810 1454 est
832 1398 930 1452 illi.
962 1397 1146 1452 Primo
1170 1396 1399 1453 stultitia
1426 1403 1511 1450 est
1535 1395 1632 1461 illi,
1658 1396 1875 1463 quando

301 1495 455 1549 adit
476 1500 665 1548 natum
686 1490 994 1553 Dominum,
1026 1497 1083 1544 et
1107 1502 1347 1558 passum,
1379 1495 1436 1541 et
1481 1487 1872 1553 resurrexisse;

302 1586 561 1651 secttndo,
594 1592 943 1639 contemnere
968 1596 1089 1651 qua:
1114 1596 1211 1635 sua
1250 1589 1408 1643 sunt;
1447 1580 1607 1634 tertio
1631 1582 1875 1648 praebere

300 1676 614 1740 maxillam,
659 1681 714 1729 et
760 1683 955 1730 cetera
1003 1672 1271 1727 similiter.
1346 1672 1653 1742 Spirituolis
1699 1680 1894 1726 autem'

300 1768 479 1824 omnia
503 1766 780 1835 dijudioat.
815 1765 952 1831 Quia
979 1764 1161 1818 omnia
1194 1763 1477 1827 discernit,
1514 1771 1569 1818 et
1594 1762 1867 1833 intelligit,

1973 569 2145 624 distis.
2178 570 2400 635 Aurum,
2448 580 2736 641 argentum,
2783 573 2981 644 lapides
3025 578 3297 647 pretiosos.
3333 578 3393 633 In
3430 580 3536 637 Ec-

1973 660 2137 714 clesia
2188 662 2290 714 tria
2339 675 2533 732 genera
2576 671 2702 719 sunt
2746 665 3054 723 bonorum:
3090 676 3176 724 est
3218 670 3444 738 bonum,
3482 679 3540 728 et

1972 750 2182 816 melius,
2211 760 2266 807 et
2296 755 2578 822 optimum.
2620 756 2772 824 Quod
2802 767 2979 813 autem
3026 742 3422 830 primoaurum
3442 778 3541 834 po-

1973 843 2100 907 suit,
2136 851 2198 896 ut
2219 856 2401 899 sermo
2429 847 2620 901 melius
2646 852 2936 915 texeretur,
2969 851 3023 905 id
3045 852 3111 907 ad
3139 851 3537 922 fortitudinem,

1972 950 2081 989 non
2107 934 2177 990 ad
2201 937 2438 1006 speciem
2484 942 2818 1009 comparavit
2846 960 2859 996 :
2885 944 3011 1013 quia
3040 954 3321 1014 argentum
3347 945 3541 1004 fortius

1973 1042 2125 1090 auro,
2179 1028 2302 1082 ideo
2351 1030 2561 1086 meliori
2609 1033 2826 1102 ponitur
2866 1034 3004 1091 loco.
3055 1036 3183 1091 Tria
3210 1041 3542 1095 econtrario

1974 1135 2173 1192 genera
2217 1120 2523 1177 malorum:
2575 1126 2795 1191 malum,
2848 1128 3023 1197 pejus,
3072 1128 3391 1199 pessimum,
3423 1146 3546 1201 quas
3648 1184 3657 1193 ,

1974 1212 2155 1283 lignis,
2185 1211 2329 1277 feno,
2356 1212 2565 1282 stipulas
2593 1226 2991 1285 comparantur.
3020 1217 3128 1272 Aut
3158 1224 3308 1274 certe
3329 1235 3540 1286 aurum,

1974 1304 2298 1374 pmnitentes
2335 1304 2645 1375 signiﬁcat;
2699 1316 2979 1379 argentum
3026 1308 3340 1381 conjugatos
3364 1326 3380 1376 ;
3408 1310 3545 1381 lapi-

1974 1396 2069 1450 des
2095 1397 2318 1465 prctiosi
2346 1397 2602 1468 virgines.
2643 1396 2794 1463 item,
2821 1400 2965 1470 ligna
2992 1402 3295 1472 virginitas,
3324 1403 3420 1458 sed
3448 1404 3546 1457 im-

1973 1488 2252 1558 perfecta;
2295 1489 2495 1556 fenum,
2543 1490 2914 1549 irrationabile
2949 1493 3399 1559 matrimonium;
3447 1494 3542 1548 sti-

1973 1586 2096 1655 pula
2125 1585 2462 1656 poenitentia,
2492 1585 2584 1639 sed
2612 1600 2718 1639 non
2746 1600 2895 1641 vera.
2936 1585 3069 1640 item
3099 1602 3310 1652 aurum,
3338 1581 3544 1659 cogita-

1977 1677 2151 1732 tiones
2201 1677 2410 1743 bonas;
2444 1684 2748 1749 argentum,
2797 1691 3076 1732 sermones
3100 1678 3307 1749 justos;
3340 1678 3548 1748 lapides

1972 1766 2217 1834 pretiosi,
2254 1782 2416 1838 Opera
2458 1777 2695 1836 perlecta
2722 1784 2734 1820 :
2769 1761 2933 1840 ligna,
2957 1781 3094 1821 vana
3119 1782 3303 1837 opera,
3334 1783 3440 1821 non
3467 1781 3549 1819 1n-

299 1866 357 1913 et
393 1870 583 1912 sensus
618 1855 760 1910 illius
794 1869 904 1909 non
936 1853 1259 1923 ὶῐηεὶιὶθίων
1286 1853 1354 1915 ab
1392 1854 1607 1908 homine
1644 1854 1867 1908 carnali.
1898 1844 1946 1904 B
1975 1864 2124 1929 tcgra
2158 1859 2420 1923 materia;
2450 1856 2653 1924 fenum,
2676 1873 2842 1912 vanas
2888 1858 3263 1929 cogitationes,
3294 1874 3414 1930 qua:
3434 1874 3548 1913 ma-

301 1947 432 2015 ριε,
468 1948 607 2003 enim
648 1945 885 2015 cognovit
930 1959 1138 1997 sensum
1179 1943 1434 1996 Domini?
1481 1942 1594 1997 Nisi
1622 1944 1871 1999 videlicet

298 2040 596 2113 spiritualis
617 2040 799 2095 homo.
825 2035 941 2089 Nos
959 2043 1131 2087 autem
1150 2050 1359 2091 sensum
1374 2034 1583 2087 Domini
1602 2035 1869 2091 habemus.

296 2136 437 2193 Dum
473 2132 787 2205 spirituales
825 2129 1047 2184 sumus?
1076 2128 1190 2181 lloe
1228 2134 1409 2181 autem
1436 2127 1586 2192 dicit,
1627 2141 1695 2180 ne
1721 2136 1876 2198 puta-

294 2236 424 2284 rent
454 2228 601 2296 quod
635 2225 724 2279 ille
745 2222 1000 2278 deﬁceret
1034 2220 1100 2274 ad
1126 2220 1448 2286 docendum,
1476 2234 1602 2274 cum
1633 2221 1737 2290 ipsi
1774 2222 1876 2275 im-

294 2318 527 2375 becilles
552 2325 732 2375 essem
758 2316 827 2370 ad
858 2313 1207 2369 audiendum.

909 2444 1136 2503 CAPUT
1174 2444 1275 2501 Ill.‘

380 2587 441 2647 Et
475 2604 589 2659 ego,
635 2587 845 2657 fratres,
888 2600 995 2639 non
1032 2583 1178 2653 ponti
1217 2582 1363 2635 vobis
1412 2596 1546 2652 ,oqut
1578 2580 1732 2650 quasi
1761 2578 1872 2649 spi-

293 2681 597 2745 ritualibns,
637 2680 726 2734 sed
948 2674 1269 2730 canalibus.
1308 2674 1542 2729 lnﬂrmis
1576 2674 1631 2729 in
1657 2674 1781 2740 ﬁde,
1820 2682 1877 2728 et

297 2770 670 2829 contentiosis.

367 2861 533 2931 Quasi
553 2857 805 2932 parvulis.
833 2856 953 2913 Non
976 2862 1137 2912 atate
1164 2854 1392 2923 carnali,
1424 2854 1518 2910 sed
1552 2854 1605 2909 in
1631 2852 1868 2910 Christo.

297 2957 357 3015 Si
387 2971 516 3027 ergo
547 2952 758 3025 parvuli
783 2952 961 3011 adhuc
989 2950 1063 3005 illi
1098 2956 1223 3005 sunt
1248 2948 1340 3020 qui
1369 2963 1584 3007 omnem
1612 2946 1872 3002 malitiam

292 3046 640 3117 abiecerunt,
679 3043 808 3117 quia
846 3042 1083 3097 nondum
1122 3048 1250 3097 sunt
1286 3040 1341 3095 in
1376 3040 1580 3095 virtute
1619 3038 1870 3109 perfecti,

293 3136 423 3209 quid
460 3134 527 3190 de
567 3132 675 3191 illis
716 3133 1047 3187 censendum
1087 3138 1169 3187 est
1210 3129 1406 3201 quibus
1464 3129 1611 3184 omni
1660 3127 1871 3187 malitia

1973 1951 2108 2005 teria
2161 1957 2286 2005 sunt
2338 1949 2649 2014 fructuum;
2690 1948 2903 2019 stipula,
2933 1949 3107 2005 otiosa
3150 1949 3349 2014 verba,
3371 1948 3545 2014 arida,

1976 2044 2091 2099 sine
2140 2043 2338 2096 fructu.
2387 2041 2455 2095 Et
2486 2042 2897 2113 uniuscujusque
2949 2058 3076 2113 opus
3113 2039 3269 2113 quale
3318 2041 3385 2095 sit
3412 2040 3547 2111 ignis

1974 2130 2231 2201 probabit.
2264 2129 2469 2182 Aurum
2498 2136 2553 2183 et
2584 2136 2865 2198 argentum
2899 2142 3005 2183 non
3051 2129 3225 2184 solum
3254 2146 3362 2186 non
3392 2129 3550 2185 arde-

1966 2221 2111 2275 ‘bunt
2140 2235 2241 2289 per
2266 2220 2467 2290 ignem,
2499 2219 2594 2274 sed
2625 2227 2679 2273 et
2704 2219 3069 2289 splendidiora
3118 2221 3407 2275 radiabunt
3437 2236 3452 2275 :
3486 2221 3551 2276 li-

1974 2329 2080 2387 gna
2116 2329 2247 2368 vero
2304 2321 2359 2367 et
2411 2320 2609 2367 caetera
2670 2313 3177 2373 concremabuntur.
3262 2312 3366 2368 Sed
3423 2327 3603 2389 εχει-ο

1975 2403 2325 2463 minationem
2366 2402 2556 2472 judicii
2602 2404 2712 2474 igni
2768 2403 2941 2459 voluit
2986 2420 3335 2475 comparare,
3392 2403 3552 2474 juxta

1973 2494 2421 2550 consuetudinem
2474 2493 2898 2563 Scripturarum.
2940 2492 3030 2549 Sic
3082 2503 3255 2553 tamen
3284 2497 3436 2567 quasi
3461 2512 3554 2568 per

1975 2588 2163 2658 ignem.
2200 2586 2335 2657 Quia
2364 2587 2486 2658 igne
2512 2587 2825 2657 purgatorio
2849 2586 3038 2655 iudicii
3074 2588 3411 2659 probabitur.
3442 2589 3551 2646 Au-

1975 2679 2219 2749 gustimts
2270 2687 2451 2733 autem
2504 2678 2662 2732 aliter
2712 2679 2935 2747 exponit
2965 2696 2977 2732 :
3006 2678 3102 2733 Est
3146 2681 3366 2752 quidem
3412 2681 3553 2752 ignis

1975 2768 2204 2823 tentatio
2265 2769 2651 2835 tribulationis,
2700 2770 2767 2825 de
2798 2786 2906 2842 quo
2935 2771 3172 2827 dicitur:
3222 2769 3364 2827 Vasa
3398 2772 3553 2844 ﬁguli

1974 2859 2159 2929 probat
2180 2858 2395 2929 fornax,
2420 2869 2468 2914 et
2507 2859 2740 2915 homines
2774 2862 2945 2929 iustos
2995 2863 3215 2917 tentatio
3252 2862 3552 2919 tribulatio-

1976 2950 2057 3003 nis
2098 2948 2266 3021 (Eccl.
2299 2950 2492 3019 nm).
2546 2950 2652 3005 lste
2693 2951 2833 3023 ignis
2858 2951 2914 3005 in
2938 2951 3040 3006 hac
3077 2953 3296 3007 interim
3325 2954 3437 3006 vita
3468 2951 3551 3008 fa-

1976 3044 2069 3110 cit,
2100 3043 2241 3114 quod
2263 3042 2553 3113 Apostolus
2583 3044 2714 3099 dicit
2740 3062 2753 3098 :
2786 3044 2868 3099 sic
2887 3044 3100 3107 accidet
3136 3044 3347 3099 duobus
3373 3043 3550 3099 ﬁdeli-

1976 3140 2096 3195 bus,
2125 3134 2219 3188 uni
2242 3134 2501 3205 cogitanti
2555 3149 2675 3204 quae
2704 3141 2831 3189 sunt
2872 3132 2993 3201 Dei,
3043 3135 3313 3205 quomodo
3340 3133 3552 3204 placeat

297 3223 643 3285 dominatur?
687 3221 817 3276 Lac.
867 3220 1080 3279 Rudem
1130 3220 1450 3276 doctrinam.
1512 3218 1635 3273 Non
1674 3235 1867 3275 escam.
1896 3216 1943 3280 C
1975 3223 2105 3289 Deo,
2136 3224 2240 3279 hoc
2261 3234 2363 3289 est,
2406 3224 2697 3279 :edilicanti
2748 3238 2959 3305 aurum,
3007 3236 3310 3297 argentum,
3346 3220 3551 3296 lapides

296 3320 540 3379 Obscura
580 3315 837 3390 mysteria
885 3314 1217 3383 solidamque
1258 3312 1582 3369 doctrinam.
1614 3310 1867 3367 dimata-

294 3412 479 3469 tiones.
524 3408 813 3464 ln-mente
860 3405 1029 3461 zelus.
1079 3403 1467 3461 Contentiones.
1527 3403 1701 3460 Verbo
1740 3418 1867 3470 erga

293 3500 607 3570 magistros.

368 3593 668 3650 Secundum
702 3591 988 3647 hominem.
1040 3589 1323 3645 Carnalcm
1376 3589 1864 3655 conversationem,

300 3695 410 3736 non
439 3682 725 3735 secundum
750 3681 936 3735 Deum.
966 3680 1154 3734 Nonne
1180 3680 1413 3735 homines
1438 3680 1597 3735 estis?
1628 3678 1750 3734 Vult
1776 3695 1869 3734 eos

295 3772 422 3845 plus
451 3787 571 3827 esse
607 3787 764 3843 quam
799 3772 1065 3826 homines.
1102 3770 1241 3837 Quid
1276 3781 1349 3826 est
1385 3787 1507 3843 ergo
1552 3770 1774 3841 Apollo?
1810 3770 1871 3824 Si

293 3882 393 3922 nos
431 3862 565 3922 nihil
602 3882 805 3931 sumus,
837 3865 921 3920 vel
954 3879 1091 3939 quos
1128 3863 1403 3918 ministros
1444 3863 1543 3933 ipsi
1586 3863 1870 3917 constitui-

292 3974 444 4023 mus,
484 3963 685 4028 quanto
726 3956 895 4025 magis
928 3944 1359 4027 pseudoapostoli
1398 3953 1595 4024 quibus
1634 3953 1871 4008 credidi-

286 4050 425 4106 ‘stis?
461 4048 531 4105 Et
567 4048 843 4118 unicuique
872 4048 1007 4102 sicut
1043 4045 1296 4099 Dominus
1334 4042 1496 4100 dedit.
1538 4044 1651 4100 Hoc
1693 4045 1869 4117 ipsum

292 4161 399 4200 non
444 4159 511 4197 ex
559 4142 735 4207 nobis,
784 4142 877 4196 sed
919 4138 1014 4194 Dei
1065 4132 1263 4193 donum
1298 4146 1401 4203 est,
1449 4145 1509 4191 ut
1550 4152 1648 4207 per
1680 4153 1871 4193 manus

291 4254 443 4295 meas
492 4238 644 4309 signa
681 4234 892 4299 fierent,
956 4244 1075 4302 qum
1108 4247 1206 4287 vos
1237 4231 1544 4286 excitarent
1577 4230 1645 4285 ad
1678 4231 1865 4297 lidem;

291 4340 347 4388 et
385 4329 576 4403 Apollo
621 4345 719 4384 sua
765 4342 863 4381 vos
911 4323 1155 4380 doctrina
1203 4323 1443 4381 ﬁrmaret
1486 4340 1501 4377 :
1544 4322 1673 4391 quia
1727 4322 1869 4379 sicut

290 4424 556 4496 plantatio
596 4422 713 4477 sine
750 4434 911 4490 aqua,
943 4418 1021 4473 sic
1055 4415 1187 4470 ﬁdes
1226 4416 1342 4470 sine
1378 4413 1626 4469 doctrina
1662 4428 1873 4468 marce—

293 4520 416 4577 scit.
458 4518 515 4574 Si
542 4534 673 4589 ergo
712 4524 766 4571 et
789 4514 1045 4587 plantatio
1072 4522 1125 4567 ct
1153 4510 1273 4567 fons
1301 4510 1396 4567 Dei
1426 4519 1530 4575 est,
1558 4510 1685 4581 quid
1715 4510 1868 4565 nobis

1972 3322 2270 3392 pretiosos;
2299 3319 2454 3373 alteri
2483 3319 2742 3389 cogitanti
2774 3334 2893 3392 qua:
2922 3328 3049 3375 sunt
3093 3319 3300 3386 mundi,
3327 3334 3550 3395 quomo-

1973 3415 2042 3469 do
2087 3414 2298 3484 placeat
2353 3411 2529 3479 uxori,
2568 3412 2619 3467 id
2661 3421 2762 3478 est,
2816 3412 3106 3469 :edilicanti
3146 3413 3312 3483 ligna,
3343 3412 3547 3478 leuum,

1972 3506 2222 3577 stipulam
2248 3524 2260 3559 :
2290 3504 2432 3560 illius
2459 3521 2594 3576 opus
2628 3505 2901 3569 exuritur;
2931 3504 3056 3585 quia
3100 3519 3162 3558 ea
3192 3503 3380 3557 dilexit
3418 3517 3551 3573 quo-

1972 3615 2093 3657 rum
2126 3614 2310 3653 amore
2333 3599 2683 3653 cruciaretur.
2718 3592 2977 3651 Exuritur
3007 3602 3187 3649 autem
3209 3597 3389 3666 hujus,
3418 3611 3549 3666 quo-

1972 3691 2118 3745 niam
2156 3691 2272 3744 sine
2302 3690 2484 3743 dolore
2505 3705 2611 3743 non
2644 3696 2873 3759 pereunt
2920 3703 3039 3761 qua:
3062 3704 3185 3741 cum
3210 3702 3395 3742 amore
3426 3703 3551 3759 pos-

1974 3794 2120 3835 sessa
2148 3787 2291 3841 sunt.
2324 3777 2430 3834 Sed
2474 3780 2731 3850 quoniam
2768 3779 3028 3834 alterutra
3081 3778 3390 3833 conditione
3417 3794 3548 3849 pro-

1971 3869 2170 3943 posita,
2210 3870 2289 3924 eis
2314 3870 2493 3940 potius
2531 3868 2927 3925 maluilcarere
2974 3885 3136 3939 quam
3178 3867 3416 3935 Christo,
3452 3885 3553 3926 nec

1973 3961 2168 4015 timore
2196 3961 2475 4015 amittendi
2523 3960 2651 4015 talia
2704 3960 2906 4037 deserit
2953 3960 3251 4029 Christum,
3302 3961 3549 4032 quamvis

1971 4051 2151 4107 doleat
2183 4068 2304 4107 cum
2359 4053 2557 4106 amittit
2608 4051 2788 4107 salvus
2833 4059 2916 4106 est
2963 4051 3201 4127 quidem,
3260 4050 3339 4106 sic
3368 4061 3550 4106 tamen

1973 4149 2127 4218 quasi
2175 4164 2272 4218 per
2304 4149 2505 4218 ignem,
2556 4147 2682 4217 quia
2713 4147 2824 4201 urit
2859 4154 2979 4202 eum
3016 4144 3172 4215 dolor
3200 4161 3379 4215 rerum
3414 4158 3551 4215 quas

1973 4240 2237 4295 dilexerat
2267 4240 2612 4302 amissarum,
2664 4253 2770 4292 non
2800 4237 3063 4294 subvertit
3088 4235 3421 4291 fundamenti
3449 4242 3552 4290 sta-

1972 4330 2257 4384 bilitatem.
2321 4326 2489 4381 Nemo
2534 4343 2622 4381 vos
2644 4326 2878 4381 seducet.
2919 4326 2997 4380 Ac
3043 4325 3090 4380 sl
3137 4322 3548 4379 diceret:Dum

1971 4418 2229 4487 templum
2257 4416 2352 4472 Dei
2379 4418 2531 4481 estis,
2560 4432 2719 4473 nemo
2771 4430 2866 4472 vos
2893 4414 3061 4469 violet
3086 4428 3185 4483 per
3217 4412 3547 4466 mundanam

1975 4513 2314 4584 sapientiam.
2373 4511 2434 4566 Si
2475 4513 2591 4582 quis
2636 4512 2838 4565 videtur
2866 4509 3071 4580 sapiens
3098 4524 3207 4562 esse
3230 4510 3287 4561 in
3324 4508 3422 4561 hoc
3446 4522 3548 4562 sae-

293 4583 1023 4682 ascribitis,quasi-aliquid
1079 4613 1263 4659 nostra
1307 4603 1503 4658 virtute
1547 4603 1871 4659 fecerimus?
1896 4583 1949 4644 Ῑ)
1973 4583 2112 4663 culo.
2169 4605 2227 4661 in
2262 4606 2499 4659 humana
2550 4604 2833 4672 sapientia.
2894 4600 3099 4658 Stultus
3136 4603 3253 4671 ﬁat.
3291 4600 3408 4658 Hoc
3438 4613 3541 4668 est,

292 4701 412 4773 Ego
452 4700 702 4772 plantaui.
756 4695 907 4751 Fide.
958 4693 1144 4765 Apollo
1189 4694 1393 4766 rigavit.
1443 4691 1739 4763 Baptismo,
1782 4693 1867 4753 vel

293 4794 561 4852 doctrina.
593 4790 699 4846 Sed
724 4789 863 4843 Deus
888 4787 1255 4842 incrementum
1283 4783 1446 4839 dedit.
1474 4784 1531 4839 In
1557 4785 1714 4841 bouis
1745 4801 1871 4856 ope-

291 4887 472 4945 ribus.
527 4882 606 4937 lta
642 4898 803 4953 neque
844 4880 931 4952 qui
970 4878 1173 4950 plantat
1221 4886 1295 4931 est
1337 4876 1557 4946 aliquid.
1609 4876 1724 4932 Nisi
1767 4877 1873 4935 Do-

290 4981 477 5039 minus
514 4977 907 5035 incrementum
942 4971 1167 5037 dederit,
1201 4972 1316 5029 sine
1347 4986 1510 5029 causa
1540 4968 1870 5027 laboramus.

289 5073 406 5131 Nos
440 5068 762 5129 mercenarii
802 5081 988 5123 sumus
1030 5065 1084 5119 in
1126 5080 1254 5132 agro
1291 5064 1494 5130 alieno,
1534 5064 1728 5127 alienis
1770 5064 1873 5120 uti-

288 5183 418 5226 mur
475 5162 868 5218 ferramentis:
919 5157 1054 5219 nihil
1103 5157 1364 5215 habemus
1407 5160 1718 5231 proprium,
1762 5159 1869 5219 nisi

289 5257 600 5317 mercedem
630 5255 800 5313 nostri
826 5252 1047 5309 laboris.
1079 5249 1175 5306 Dei
1207 5251 1342 5305 enim
1372 5268 1551 5309 sumus
1575 5252 1865 5322 adjutores.

285 5353 610 5411 Plantantes
656 5358 714 5405 et
755 5347 995 5421 rigantes
1022 5345 1238 5400 vineam
1285 5344 1422 5415 ejus.
1462 5344 1560 5399 Dei
1587 5343 1868 5413 ludiﬁcatio

286 5442 437 5498 estis.
477 5439 591 5494 Hoc
624 5446 710 5494 est
746 5438 1003 5507 templum
1040 5435 1157 5489 Dei.
1198 5433 1347 5489 Alius
1381 5434 1783 5504 supertrdi/icat.
1810 5432 1871 5489 ld

287 5541 402 5599 est,
432 5533 649 5603 Apollo,
682 5530 771 5586 vel
799 5530 937 5584 alius
967 5528 1195 5598 quilibet
1224 5528 1433 5583 doctor.
1466 5525 1745 5591 Quomodo
1775 5541 1869 5580 su-

285 5622 657 5697 penedilicat?
686 5629 744 5676 ut
779 5620 1062 5692 diligenter
1087 5621 1297 5685 doceat,
1328 5625 1384 5673 et
1418 5617 1830 5671 rationabiliter.

367 5712 797 5769 Fundamentum
845 5714 981 5766 enim
1031 5711 1179 5765 aliud
1232 5726 1379 5764 nemo
1433 5717 1595 5779 potest
1656 5724 1866 5776 ponere.

286 5806 416 5866 Non
442 5814 531 5864 est
554 5805 695 5861 alius
743 5804 1014 5871 Christus,
1049 5816 1211 5873 quem
1260 5802 1434 5873 possit
1483 5799 1636 5855 vobis
1674 5799 1868 5871 aliquis

1974 4697 2161 4755 credat
2204 4696 2375 4752 Deum
2428 4694 2768 4771 crucifixum,
2815 4693 2960 4765 quod
3008 4693 3237 4750 stultitia
3280 4702 3367 4750 est
3405 4694 3547 4749 Gen-

1973 4790 2141 4856 tibus,
2199 4789 2519 4861 percutienti
2554 4789 2794 4858 prrehere
2840 4786 3066 4844 alteram
3112 4787 3405 4850 maxillam,
3439 4801 3548 4843 non

1975 4881 2166 4937 reddat
2219 4879 2419 4935 malum
2460 4895 2560 4957 pro
2594 4878 2736 4934 malo
2769 4896 2783 4933 :
2811 4894 2930 4948 qur.
2982 4880 3163 4935 omnia
3192 4878 3344 4947 quasi
3379 4876 3544 4932 stulta

1979 4988 2100 5030 esse
2150 4973 2443 5027 videntur:
2479 4971 2751 5043 Sapientia
2801 4972 2939 5025 enim
2990 4970 3147 5040 hujus
3184 4967 3385 5023 mundi.
3422 4966 3548 5025 Hzec

1977 5072 2102 5121 est:
2132 5064 2335 5118 malum
2364 5078 2463 5134 pro
2506 5062 2650 5117 malo
2676 5061 2902 5117 reddere
2930 5077 2944 5116 :
2976 5061 3061 5116 vel
3101 5058 3546 5131 philosophorum

1975 5159 2160 5216 inﬂata
2187 5158 2412 5213 scientia
2442 5165 2601 5226 atque
2626 5164 2870 5211 ventosa.
2898 5153 3124 5210 Nescitis
3143 5154 3391 5223 quoniam
3417 5164 3547 5211 tem-

1973 5253 2119 5325 plum
2165 5250 2263 5306 Dei
2318 5250 2460 5305 estis.
2492 5247 2572 5305 Ac
2596 5249 2641 5305 si
2689 5249 2933 5304 diceret:
2963 5246 3088 5301 ideo
3129 5260 3343 5312 aurum,
3368 5255 3423 5303 et
3452 5264 3543 5305 ar-

1975 5355 2217 5420 gentum,
2256 5350 2311 5398 et
2355 5341 2561 5412 lapides
2612 5342 2879 5412 pretiosos
2925 5336 3368 5408 supertedillcate,
3417 5343 3545 5412 quia

1975 5437 2231 5508 templum
2260 5434 2355 5489 Dei
2382 5434 2537 5499 estis,
2567 5441 2622 5488 et
2653 5433 2780 5487 dum
2808 5446 2915 5486 nou
2950 5430 3087 5484 bene
3131 5428 3410 5486 teditlcans
3431 5433 3546 5502 pri-

1972 5533 2211 5597 vabitur,
2238 5537 2441 5600 quanto
2479 5529 2651 5598 magis
2700 5527 2907 5591 violans
2941 5524 3184 5595 peribit?
3216 5527 3391 5583 Violat
3417 5545 3546 5587 vero

1975 5639 2169 5693 corpus
2204 5638 2359 5677 suum
2407 5620 2705 5691 peccando,
2739 5620 2850 5673 sive
2873 5617 3171 5675 Ecclesium
3216 5636 3316 5691 per
3343 5622 3543 5681 malam

1974 5716 2273 5771 doctrinam
2323 5713 2646 5776 seducendo,
2703 5711 2815 5765 sive
2878 5712 3181 5782 exemplum
3228 5729 3543 5783 perversum

1972 5807 2323 5865 ostendendo.
2392 5803 2783 5862 Rcareltendam
2829 5806 3104 5876 sapientes.
3154 5804 3236 5860 Ad
3286 5804 3545 5873 ell‘ugien-
