4108 6334
609 357 708 415 155

1987 347 2255 404 SEDULII
2292 347 2489 405 SCOTI

3747 359 3855 415 156

605 473 726 526 dam
763 482 981 526 manum
1004 469 1100 526 Dei
1127 467 1277 524 nulla
1300 464 1684 536 suffragabitur
1710 465 1920 518 illorum
1949 463 2170 516 astutia.
2202 468 2253 526 Α
2280 463 2549 532 apostolos
2587 464 2928 529 novissimos,
2978 478 3076 521 nos
3103 464 3346 520 omnium
3371 467 3593 525 ultimos
3621 472 3689 527 ad
3715 474 3856 532 Gen-

609 562 734 618 Sive
788 563 891 616 hoc
936 561 1035 615 sub
1085 559 1302 614 Christo
1351 558 1620 626 impletur,
1662 553 1876 626 quando
1925 554 2174 608 vincebat

608 651 828 706 Scribas
852 658 906 706 et
931 648 1234 715 Phariscos,
1295 655 1470 702 astute
1501 651 1767 700 tentantes
1806 658 1928 697 eum
1953 643 2007 696 in
2030 657 2174 712 quae-

606 743 890 798 stionibus.

677 835 846 890 Nemo
875 834 1144 906 glorietur.
1174 833 1248 889 Ut
1272 839 1354 887 est
1389 829 1519 886 illud
1543 846 1556 883 :
1614 826 1931 882 Maledictus
1955 827 2046 891 qui
2073 827 2172 880 ha-

604 926 682 980 bet
714 942 857 995 spem
883 926 939 979 in
972 926 1178 978 homine
1218 923 1350 995 (Jer.
1375 920 1535 992 xvn),
1577 920 1632 974 in
1656 921 1878 975 doctore
1905 918 2096 981 Paulo,
2119 925 2174 973 et

601 1017 810 1088 Apollo,
867 1026 922 1072 et
956 1014 1418 1086 pseudoapostolo.
1479 1012 1609 1067 Sine
1657 1013 1784 1065 vita.
1821 1011 1957 1064 Dum
1983 1023 2081 1080 per
2105 1009 2172 1063 il-

604 1109 711 1164 lam
741 1110 956 1164 servitis
984 1109 1116 1174 Deo,
1146 1116 1205 1162 ut
1230 1105 1550 1162 mereamini
1586 1105 1755 1158 vitam
1780 1099 2175 1182 futuram..Seu
2201 1147 2204 1152 .

604 1218 764 1255 mors.
822 1201 950 1268 Quae
1001 1207 1156 1270 porta
1215 1206 1297 1253 est
1317 1213 1416 1268 per
1472 1213 1636 1268 quam
1695 1196 1802 1250 itur
1831 1194 1898 1248 ad
1926 1208 2170 1264 regnum.

604 1291 745 1362 Ergo
771 1292 949 1346 omnia
985 1297 1166 1346 creata
1192 1297 1318 1345 sunt
1352 1297 1573 1360 propter
1617 1295 1852 1352 sanctos,
1896 1286 2023 1356 quia
2051 1301 2174 1340 cum

603 1381 740 1437 nihil
763 1384 1015 1449 habeant,
1047 1389 1242 1437 cuncta
1266 1381 1564 1452 possident.

1205 1513 1431 1571 CAPUT
1482 1515 1570 1571 IV.

673 1632 741 1687 Ut
775 1631 1038 1686 ministros
1080 1628 1297 1685 Christi.
1362 1629 1478 1684 Non
1516 1636 1574 1682 ut
1607 1626 2031 1682 fundamentum.
2074 1623 2176 1678 llic

594 1726 728 1796 jam.
766 1725 824 1779 Id
851 1731 952 1790 est,
981 1725 1038 1778 in
1069 1723 1375 1778 ministerio
1397 1721 1814 1792 prazdicationis,
1845 1719 1930 1774 vel
1957 1719 2011 1773 in
2036 1733 2175 1787 prae-

2279 565 2360 611 tes
2389 565 2642 625 tanquam
2667 558 2733 611 ad
2775 566 3004 612 mortem
3049 558 3268 614 direxit.
3304 559 3636 618 Novissimos
3664 575 3849 622 autem

2277 647 2408 702 dicit
2459 657 2724 718 tempore,
2758 663 2864 702 non
2911 647 3130 704 merito.
3190 648 3296 704 Sed
3338 653 3559 720 quidam
3587 669 3653 708 ex
3698 657 3859 712 vobis

2274 746 2471 809 putant
2497 754 2597 794 nos
2620 753 2737 793 esse
2765 737 3089 794 novissimos
3116 739 3409 808 apostolos,
3441 757 3546 798 nec
3573 743 3860 812 dignitatis

2274 829 2470 884 merito
2504 830 2695 898 primis
2735 829 2993 899 apostolis
3037 832 3451 900 comparandos,
3498 834 3588 902 qui
3616 848 3861 903 praesen~

2275 928 2384 974 tem
2409 919 2462 973 in
2491 934 2657 974 carne
2682 919 2969 976 Dominum
3011 920 3257 976 comitati
3300 929 3447 976 sunt.
3475 921 3644 978 Primi
3671 923 3859 982 autem

2275 1008 2502 1079 apostoli
2555 1009 2831 1078 prophetze
2879 1009 3270 1080 intelliguntur,
3324 1011 3416 1080 qui
3451 1013 3606 1068 missi
3657 1025 3785 1070 sunt
3824 1033 3858 1071 a

2277 1100 2405 1156 Deo.
2444 1099 2735 1154 Novissimi
2783 1114 2914 1155 vero
2942 1099 3227 1156 duodecim
3282 1103 3534 1170 apostoli,
3577 1113 3671 1160 aut
3693 1107 3859 1175 primi

2275 1191 2560 1248 duodecim
2603 1191 2850 1260 apostoli,
2891 1192 2983 1261 qui
3009 1201 3132 1247 ante
3160 1195 3470 1263 passionem
3505 1211 3660 1251 suam
3690 1213 3721 1251 a
3749 1199 3859 1254 Do-

2275 1283 2422 1337 mino
2453 1282 2612 1337 electi
2646 1290 2791 1337 sunt.
2847 1280 3137 1338 Novissimi
3184 1295 3364 1341 autem
3391 1287 3613 1353 Paulus,
3641 1297 3698 1343 et
3725 1289 3859 1344 Bar-

2277 1376 2470 1441 nabas,
2497 1383 2554 1430 et
2580 1375 2794 1445 Apollo,
2825 1375 2916 1445 qui
2947 1385 3135 1445 postea
3162 1387 3289 1433 sunt
3316 1379 3492 1434 electi.
3548 1381 3642 1436 Vel
3673 1384 3859 1438 novis-

2277 1468 2463 1530 simos,
2491 1481 2599 1520 non
2622 1467 2688 1520 ad
2717 1466 2985 1532 ordinem,
3016 1467 3110 1521 sed
3138 1468 3206 1522 ad
3237 1469 3696 1527 ministrationem
3721 1490 3858 1544 per-

2279 1558 2431 1623 tinet,
2463 1557 2620 1628 quasi
2648 1557 2872 1612 dixisset
2921 1559 3244 1615 novissimos
3273 1575 3393 1616 esse
3415 1563 3662 1629 miseros,
3693 1574 3750 1618 et
3775 1567 3860 1620 ul-

2280 1647 2438 1703 timos
2475 1648 2741 1715 omnium,
2777 1648 2917 1702 sicut
2945 1649 3129 1703 statim
3150 1649 3442 1723 subjungit.
3477 1652 3858 1722 Spectaculum

2277 1741 2404 1810 [acti
2458 1760 2660 1798 sumus.
2721 1741 2921 1798 Omnes
2974 1753 3223 1814 spectant
3264 1754 3477 1802 nostras
3506 1747 3751 1816 injurias.
3783 1750 3859 1805 Et

602 1819 741 1875 senti
789 1815 1002 1872 saeculo.
1045 1813 1331 1880 Quwritur.
1395 1813 1439 1866 A
1483 1813 1639 1867 nobis
1691 1809 2165 1882 dispensatoribus.

2277 1809 2474 1904 angelis
2504 1843 2553 1888 et
2589 1833 2904 1888 hominibus.
2933 1809 3096 1890 Bonis
3124 1835 3373 1891 videlicet
3418 1845 3474 1892 et
3501 1809 3676 1895 malis.
3732 1840 3857 1896 Nos

602 1907 671 1962 Ut
724 1906 894 1976 ﬁdelis
948 1907 1064 1977 quis
1094 1906 1408 1959 inveniatur.
1443 1904 1557 1960 Iloc
1579 1913 1664 1958 est
1693 1911 1755 1957 ut
1800 1903 2174 1971 unusquisque

599 1999 942 2068 dispensator
977 1996 1148 2051 ﬁdelis
1185 1997 1314 2060 ﬁat;
1347 2011 1411 2049 ac
1464 1996 1509 2050 si
1538 1995 1780 2050 diceret:
1816 1994 1927 2048 Hoc
1965 2001 2173 2047 tantum

599 2092 910 2162 quwrimus,
938 2097 998 2143 ut
1025 2089 1209 2145 ﬁdeles
1255 2087 1615 2152 inveniamur,
1645 2097 1699 2142 et
1749 2104 1856 2143 non
1881 2087 2174 2156 quaerimus

598 2181 807 2237 laudari
833 2196 864 2234 a
888 2179 1041 2235 vobis
1068 2197 1080 2232 :
1121 2180 1261 2234 unde
1292 2179 1521 2248 subjecit
1547 2197 1562 2233 :
1601 2178 1735 2233 Mihi
1762 2186 1935 2232 autem
1960 2195 2054 2248 pro
2075 2177 2174 2230 mi-

597 2277 736 2331 nimo
759 2284 855 2341 est,
893 2284 947 2328 ut
985 2291 1017 2328 a
1044 2274 1182 2326 vobis
1211 2273 1445 2344 judicer.
1489 2273 1674 2326 Laude
1729 2272 1942 2342 dignus.
1974 2270 2078 2323 Aut
2107 2269 2170 2324 ab

503 2383 520 2398 °
594 2368 824 2422 humano
857 2367 958 2420 die.
1016 2365 1124 2421 Sed
1162 2365 1371 2422 Domini
1427 2366 1534 2429 die,
1568 2364 1622 2417 id
1673 2371 1776 2428 est,
1809 2363 1896 2417 die
1941 2362 2170 2438 judicii;

594 2476 702 2514 non
731 2460 797 2513 ab
829 2460 1066 2513 humano
1124 2457 1231 2524 die,
1259 2457 1316 2511 in
1375 2456 1629 2526 praesenti
1673 2455 1871 2511 saeculo
1914 2452 2168 2522 jndicari,

594 2552 699 2606 hoc
725 2558 828 2614 est,
856 2549 1061 2605 laudari
1090 2557 1300 2618 appeto.
1355 2547 1462 2602 Sed
1491 2565 1652 2619 neque
1679 2548 1932 2618 meipsum
1953 2547 2164 2616 judico.

594 2641 708 2698 Iloc
729 2649 828 2708 est,
855 2657 954 2712 ego
998 2641 1090 2712 qui
1140 2640 1523 2696 conscientiam
1565 2654 1742 2694 meam
1799 2640 2001 2709 optime
2022 2638 2168 2704 novi,

593 2751 770 2805 neque
795 2736 914 2790 aliis
937 2750 1022 2790 me
1033 2733 1475 2789 excellentiorem
1489 2749 1611 2788 esse
1631 2732 1834 2801 judico.
1864 2732 2014 2787 Nihil
2033 2733 2171 2786 enim

591 2829 718 2882 mihi
744 2829 979 2883 conscius
1001 2843 1136 2881 sum.
1169 2824 1322 2881 Unde
1349 2839 1510 2896 super
1559 2839 1748 2880 omnes
1801 2825 2028 2879 debeam
2054 2824 2170 2894 glo-

592 2920 743 2975 riari.
779 2919 836 2976 Si
864 2920 970 2975 hoc
994 2918 1193 2974 Paulus
1237 2919 1388 2985 dicit,
1438 2918 1570 2989 quid
1596 2933 1627 2972 a
1657 2917 1812 2973 nobis
1843 2917 1950 2972 dici
1979 2918 2171 2972 debeat

592 3011 933 3081 cogitandum
958 3017 1060 3065 est.
1102 3007 1210 3065 Sed
1257 3026 1361 3064 non
1415 3009 1469 3063 in
1510 3010 1606 3063 hoc
1653 3008 1981 3078 justiﬁcatus
2029 3026 2166 3064 sum.

589 3103 647 3158 ln
669 3117 776 3174 quo
803 3118 890 3159 me
916 3102 1133 3172 quidam
1157 3101 1381 3157 laudant
1410 3120 1423 3157 :
1465 3102 1593 3172 quia
1629 3101 1705 3156 ita
1735 3101 1964 3171 quisque
1992 3101 2170 3158 aliena

594 3195 753 3250 laude
799 3209 904 3249 non
952 3193 1303 3264 justiﬁcatur,
1335 3202 1393 3249 ut
1433 3209 1534 3249 nec
1564 3193 1867 3248 maculatur
1917 3193 2161 3249 infamia.
2193 3191 2238 3255 C

592 3285 891 3355 Unicuique
916 3287 1058 3356 apud
1093 3285 1261 3341 Deum
1291 3285 1433 3356 quod
1479 3293 1582 3349 est,
1611 3300 1721 3338 non
1767 3283 1910 3353 quod
1941 3283 2160 3348 dicitur,

590 3377 900 3447 imputatur.
944 3375 1163 3431 Occulta
1214 3375 1566 3430 tenebrarum.
1612 3375 1668 3429 1d
1701 3383 1802 3437 est,
1853 3389 2018 3444 opera
2045 3389 2166 3443 qua:

588 3468 642 3522 in
671 3466 904 3521 tenebris
932 3475 1181 3537 aguntur.
1215 3464 1438 3536 Propter
1488 3482 1597 3519 vos.
1651 3463 1882 3534 Propter
1917 3473 2163 3519 vestram

591 3558 896 3612 utilitatem.
926 3557 1080 3612 Nihil
1103 3558 1240 3611 enim
1268 3556 1396 3609 mihi
1446 3556 1685 3610 conscius
1715 3572 1851 3609 sum.
1885 3554 1942 3610 Id
1967 3565 2070 3620 est,
2109 3555 2166 3609 in

587 3652 768 3722 aliquo
797 3651 1063 3706 criminali
1092 3657 1334 3720 peccato,
1362 3659 1648 3720 postquam
1675 3665 1774 3719 per
1795 3649 2024 3721 gratiam
2048 3649 2165 3704 Sal-

588 3744 789 3798 vatoris
814 3743 1071 3797 liberatus
1095 3757 1233 3807 sum,
1265 3749 1320 3796 et
1357 3743 1424 3797 ab
1454 3741 1600 3796 omni
1629 3749 1851 3811 peccato
1879 3749 2160 3811 purgatus.

587 3833 688 3888 Sed
708 3850 812 3887 non
835 3834 892 3887 in
915 3834 1012 3886 hoc
1037 3831 1364 3902 justiﬁcatus
1396 3849 1534 3886 sum.
1571 3831 1724 3888 Licet
1751 3848 1856 3886 non
1895 3832 1998 3887 sim
2029 3833 2164 3887 mihi

587 3923 837 3978 conscius
863 3923 916 3975 in
939 3921 1118 3991 aliquo
1171 3923 1390 3994 capitali
1419 3923 1668 3988 crimine,
1718 3938 1826 3977 non
1873 3929 2054 3977 tamen
2091 3923 2162 3977 ob

587 4012 1007 4084 hoe.perfectam
1028 4013 1294 4084 justitiam
1331 4013 1463 4067 mihi
1493 4013 1731 4079 vindico,
1777 4020 1996 4083 propter
2023 4013 2162 4068 levia

587 4115 642 4158 et
663 4104 882 4158 minima
933 4112 1174 4175 peccata,
1230 4104 1428 4174 quibus
1460 4106 1638 4161 nullus
1690 4113 1910 4160 sanctus
1944 4106 2000 4160 in
2024 4120 2160 4175 prte-

589 4195 756 4250 sentis
779 4196 903 4250 vita
931 4195 1202 4250 curriculo
1237 4211 1424 4251 carere
1450 4205 1645 4266 potest.

664 4306 748 4360 Ne
792 4323 953 4378 supra
997 4323 1154 4377 quam
1184 4308 1434 4378 scriptum
1463 4316 1559 4361 est.
1602 4307 1674 4362 Ut
1709 4323 1871 4376 supra
1920 4309 2153 4380 scripsi:

589 4399 690 4465 Qui
719 4397 995 4469 gloriatur,
1025 4399 1079 4453 in
1109 4397 1334 4452 Domino
1368 4397 1637 4469 glorietur.
1703 4399 1804 4453 Et:
1841 4398 2009 4454 Nemo
2047 4401 2160 4472 glo-

585 4489 821 4542 rieturin
847 4489 1069 4543 nomine.
1102 4489 1169 4543 Et
1201 4507 1213 4542 :
1257 4488 1432 4542 Nolite
1481 4489 1724 4558 judicare
1771 4500 1893 4544 ante
1932 4502 2150 4562 tempus.

587 4580 718 4647 Quis
753 4581 886 4634 enirn
910 4589 958 4634 te
985 4581 1233 4634 discernit
1257 4581 1282 4633 Σ)
1305 4580 1665 4637 Aliis’scilicet
1694 4582 1971 4637 meliorem
1993 4598 2112 4638 esse
2136 4600 2150 4648 ;

589 4679 680 4727 aut
709 4671 828 4741 quis
857 4679 908 4726 te
931 4670 1192 4726 discernit
1219 4686 1250 4724 a
1281 4687 1459 4726 massa
1488 4672 1954 4742 perditionis,_nisi
1978 4673 2156 4727 Deus?

584 4779 690 4818 non
715 4764 907 4816 merita
937 4771 1050 4827 tua,
1073 4777 1246 4832 neque
1273 4761 1516 4815 scientia.
1546 4761 1612 4814 Et
1643 4769 1899 4828 tanquam
1927 4777 2154 4833 respon-

583 4854 726 4910 denti
756 4871 769 4906 :
824 4853 983 4908 Fides
1015 4870 1135 4908 mea
1160 4867 1246 4904 me
1295 4851 1571 4914 discernit,
1625 4852 1821 4906 merita
1852 4869 1994 4921 mea,
2022 4870 2149 4925 pro-

582 4947 814 5016 positum
853 4961 1071 5001 meum:
1129 4942 1313 4996 statim
1347 4941 1585 4995 occurrit
1634 4941 1968 5012 Apostolus:
2011 4945 2153 5011 Quid

583 5052 754 5095 autem
786 5042 942 5094 habes
971 5037 1110 5108 quod
1136 5052 1238 5088 non
1266 5034 1505 5104 accepisti
1532 5035 1556 5086 ?
1605 5033 1742 5102 Quid
1779 5037 1945 5093 habes
1975 5055 2041 5094 ex
2075 5049 2153 5095 te-

583 5132 698 5202 ipso
734 5133 834 5187 nisi
879 5127 1205 5200 peccatum?
1233 5123 1358 5178 Jam
1407 5127 1630 5179 saturati
1687 5129 1826 5183 estis.
1875 5131 2148 5187 Doctrina.

581 5225 795 5279 Divites.
845 5221 900 5273 In
927 5216 1212 5286 sapientia.
1248 5215 1376 5269 Sine
1407 5215 1552 5270 nobis
1585 5220 1828 5289 regnatis.
1871 5221 1987 5276 Non
2010 5224 2152 5277 indi-

581 5324 768 5385 gentes
795 5316 977 5364 nostra
1010 5305 1274 5369 doctrina,
1305 5307 1676 5378 exemploque.
1704 5309 1816 5364 Nos
1845 5310 2012 5364 stulti.
2044 5311 2155 5368 Iro-

581 5406 702 5458 nice
731 5399 967 5469 loquitur
999 5413 1013 5453 :
1043 5406 1138 5454 aut
1179 5398 1509 5468 increpantis
1555 5398 1751 5456 affectu
1787 5402 2148 5472 pronuntian-

581 5498 706 5550 dum
735 5499 819 5547 est

655 5582 868 5635 Utinam
899 5583 1214 5653 regnaretis.’
1239 5583 1293 5638 Id
1319 5584 1641 5649 est,utinam
1672 5599 1776 5640 non
1805 5585 1994 5639 essetis
2018 5584 2154 5640 falsa

582 5671 899 5750 gloriatione
946 5673 1197 5744 decepti!
1252 5675 1478 5729 forsitan
1535 5675 1694 5728 simul
1749 5690 2146 5743 regnassemus.

581 5762 721 5819 Puto
748 5765 906 5831 enim,
929 5767 1065 5838 quod
1096 5766 1238 5824 Deus
1265 5783 1377 5822 nos.
1413 5764 1529 5823 Non
1575 5773 1634 5819 ut
1667 5781 1762 5820 vos
1787 5766 1878 5838 qui
1912 5771 2151 5839 regnatis

2273 1926 2420 1981 stulti
2452 1938 2662 1997 propter
2690 1926 2974 1982 Christum.
3017 1927 3130 1984 Hoc
3164 1940 3267 1996 est,
3301 1929 3356 1984 in
3384 1935 3668 1988 tormentis
3685 1937 3861 2003 positi

2271 2032 2371 2087 pro
2391 2016 2630 2072 Christo.
2659 2017 2868 2073 Ironice
2894 2033 3013 2087 quae
3034 2019 3247 2074 videtur
3269 2023 3617 2090 conﬁrmare,
3652 2035 3858 2096 negat;

2272 2117 2326 2162 et
2363 2122 2482 2176 qua:
2506 2107 2719 2176 videtur
2754 2121 2973 2178 negare,
3023 2109 3328 2165 conﬁrmat.
3386 2111 3489 2168 Vos
3517 2125 3691 2169 autem
3722 2135 3862 2186 pru-

2273 2199 2449 2254 dentes
2480 2201 2536 2253 in
2558 2198 2784 2255 Christo.
2817 2201 2887 2257 Ut
2913 2202 3134 2271 putatis.
3188 2202 3301 2259 Nos
3333 2206 3552 2275 inﬁrmi.
3586 2209 3724 2263 Dum
3747 2226 3860 2264 no-

2272 2293 2449 2348 lumus
2478 2294 2702 2350 reddere
2731 2293 2934 2348 malum
2960 2309 3057 2365 pro
3097 2295 3258 2350 malo.
3306 2297 3405 2352 Vos
3428 2299 3642 2354 nobiles.
3685 2301 3860 2358 Vobis

2273 2385 2608 2441 nobilitatem
2655 2395 2927 2441 terrenam
2970 2387 3275 2444 vindicatis.
3312 2387 3483 2461 Usque
3515 2391 3570 2444 in
3597 2391 3735 2447 hanc
3756 2395 3861 2447 ho-

2276 2495 2410 2531 ram.
2466 2479 2512 2532 A
2563 2493 2668 2548 quo
2722 2488 2964 2549 tempore
3021 2481 3283 2551 ccepimus
3330 2482 3628 2552 prredicare
3676 2500 3861 2554 usque

2273 2582 2435 2622 nunc.
2489 2567 2620 2622 Item
2654 2586 2666 2621 :
2700 2569 2807 2624 Vos
2834 2578 3015 2625 autem
3052 2572 3344 2640 prudentes
3369 2572 3425 2626 in
3479 2571 3716 2639 Christo,
3746 2575 3862 2632 hoc

2272 2641 2377 2722 est,
2408 2673 2503 2714 vos
2552 2659 2624 2713 ita
2665 2659 2824 2714 vultis
2857 2659 3154 2715 Christiani
3202 2676 3342 2728 esse,
3396 2668 3458 2716 ut
3501 2663 3862 2732 prudentiam

2271 2750 2456 2804 saeculi
2486 2751 2714 2807 teneatis

2343 2859 2662 2934 Peripsema.
2695 2864 2923 2935 Abjecti,
2943 2865 3254 2921 humillimi.
3279 2865 3612 2938 Peripsema,
3632 2884 3859 2937 rasura,

2272 2960 2366 3008 aut
2414 2954 2668 3010 limatura
2723 2955 3094 3027 cujuscunque
3123 2957 3222 3013 rei.
3259 2957 3382 3013 Non
3425 2967 3483 3012 ut
3525 2960 3864 3029 confundam

2273 3062 2359 3100 vos
2383 3047 2494 3101 lucc
2540 3048 2728 3103 scribo.
2761 3049 2839 3104 Ac
2867 3050 2915 3104 si
2948 3049 3195 3106 diceret:
3235 3049 3354 3106 Non
3399 3066 3498 3121 pro
3525 3051 3866 3122 gloriatione

2270 3151 2495 3206 operum
2547 3153 2791 3193 meorum
2839 3141 3103 3196 bonorum
3151 3141 3267 3196 haec
3295 3142 3417 3197 dico
3442 3160 3457 3210 ;
3488 3144 3581 3198 sed
3612 3144 3727 3200 haec
3751 3161 3866 3216 po-

2272 3227 2378 3282 tius
2405 3243 2788 3296 commemoro,
2817 3247 2886 3286 ne
2910 3247 3006 3288 vos
3035 3232 3340 3302 gloriemini
3391 3235 3443 3289 in
3471 3236 3742 3290 mundana
3763 3252 3865 3291 sa-

2264 3319 2487 3389 pientia.
2519 3318 2779 3376 Poterant
2814 3322 3071 3378 confundi
3106 3325 3173 3380 de
3200 3340 3299 3379 sua
3323 3325 3514 3395 gloria,
3545 3328 3591 3381 si
3613 3343 3707 3383 eos
3734 3343 3862 3384 non

2267 3410 2531 3465 relevaret
2555 3425 2569 3464 :
2599 3428 2708 3468 non
2735 3412 2879 3468 enim
2919 3414 3172 3470 ruborem
3204 3416 3421 3471 illorum
3445 3418 3718 3488 cupiebat,
3746 3421 3864 3475 sed

2265 3503 2656 3574 perfectionem
2685 3523 2697 3558 :
2730 3505 2920 3561 Decem
2964 3507 3153 3561 millia.
3185 3508 3396 3566 Finitus
3448 3526 3704 3565 numerus
3733 3525 3860 3579 pro

2267 3595 2496 3651 inﬁnito.
2534 3595 2974 3669 Pwdagogorum.
3035 3600 3352 3669 Doctorum,
3406 3603 3755 3659 nutrientium
3789 3613 3866 3662 et

2265 3689 2685 3746 custodientium
2710 3706 2806 3746 vos
2839 3690 2895 3746 in
2917 3690 3020 3747 ﬁde
3048 3691 3270 3749 Christi.

2335 3800 2449 3872 Ego
2474 3818 2562 3857 vos
2596 3804 2770 3874 genui.
2801 3803 2859 3858 In
2893 3820 3090 3862 novam
3118 3807 3284 3861 vitam
3312 3807 3621 3863 reformavi.
3653 3806 3863 3863 Imita-

2266 3898 2404 3945 tores
2439 3893 2540 3947 mei
2566 3904 2746 3948 estote.
2777 3894 2912 3960 Quia
2959 3897 3223 3950 bonorum
3254 3897 3488 3951 ﬁliorum
3538 3908 3623 3953 est
3669 3899 3862 3956 bonos

2264 3984 2465 4038 imitari
2494 3995 2767 4054 parentes.
2809 3986 2913 4050 Qui
2934 4004 3018 4040 vos
3054 3988 3486 4054 commonefaciat
3530 3990 3642 4042 vias
3675 4007 3856 4046 meas.

2263 4073 2330 4127 Et
2349 4075 2484 4128 meis
2512 4075 2729 4140 litteris,
2761 4084 2816 4128 et
2836 4092 2934 4130 suo
2959 4076 3206 4146 exemplo
3227 4077 3442 4133 docebit
3467 4097 3479 4132 :
3519 4079 3665 4137 aliud
3692 4085 3858 4141 enim

2262 4163 2378 4217 sine
2407 4163 2510 4217 alio
2545 4163 2846 4232 perfectura
2867 4179 2987 4219 esse
3013 4178 3120 4218 non
3151 4175 3348 4233 potest.
3407 4167 3678 4240 Tanquam
3725 4189 3847 4228 non

2261 4264 2505 4308 venturus
2527 4271 2689 4307 essem
2723 4255 2791 4308 ad
2813 4272 2919 4309 vos.
2955 4254 3092 4309 Hinc
3127 4255 3316 4327 incipit
3361 4274 3578 4315 causam
3602 4261 3855 4317 fornica-

2264 4351 2425 4408 tionis
2455 4366 2702 4422 arguere.
2736 4351 2921 4421 I'n/lati
2964 4361 3088 4407 sunt
3107 4354 3342 4424 quidam.
3383 4357 3441 4412 In
3469 4359 3701 4413 humana
3731 4361 3852 4414 sci-

2260 4443 2387 4496 licet
2437 4442 2744 4510 sapientia:
2786 4442 2913 4511 quia
2951 4444 3098 4499 omni
3149 4453 3392 4516 peccato,
3441 4455 3498 4502 et
3548 4450 3663 4503 viro
3687 4454 3845 4506 acci-

2182 4544 2234 4602 D
2259 4534 2429 4604 pienti
2485 4547 2708 4588 uxorem
2734 4536 2906 4604 patris
2933 4537 3016 4591 sui
3045 4553 3143 4593 vos
3179 4540 3513 4595 consentitis.
3552 4541 3619 4594 Et
3665 4541 3718 4595 in
3751 4559 3846 4598 sa-

2261 4624 2464 4695 pientia
2503 4624 2738 4679 humana
2775 4642 2871 4682 vos
2901 4630 3247 4695 contenditis,
3276 4632 3431 4700 quasi
3475 4648 3579 4686 non
3609 4645 3842 4702 peccata

2258 4723 2460 4769 essent.
2508 4713 2788 4770 Virtutem.
2842 4715 3078 4787 Operum
3134 4728 3188 4774 et
3224 4719 3366 4775 ﬁdei.
3419 4719 3543 4776 Non
3587 4723 3722 4776 enim
3779 4727 3837 4781 in

2258 4821 2514 4860 sermone.
2556 4805 2698 4861 Nibil
2720 4807 2867 4861 enim
2909 4809 3131 4878 prodest
3155 4809 3398 4864 doctrina
3447 4812 3563 4866 sine
3607 4809 3836 4880 justiti-ae

2257 4899 2530 4968 cperibus,
2557 4899 2606 4952 ei
2644 4899 2736 4967 qui
2785 4913 2893 4953 non
2929 4898 3059 4953 facit
3112 4901 3255 4968 quod
3297 4899 3601 4957 faciendum
3650 4903 3828 4960 docet.

2257 4987 2491 5057 Regnum
2517 4987 2638 5042 Dei.
2675 4987 2734 5042 Id
2783 4995 2886 5054 est,
2917 4989 3204 5059 acquisitio
3232 4991 3380 5062 regni
3411 4991 3524 5046 Dei.
3557 4990 3694 5056 Quid
3717 4995 3836 5048 vul-

2255 5080 2340 5132 tis.
2372 5078 2642 5148 Benignus
2669 5077 2929 5149 magister
2975 5089 3075 5145 est,
3115 5081 3206 5150 qui
3235 5080 3621 5150 discipulorum
3647 5098 3833 5141 corrc-

2254 5171 2494 5239 ptionem
2525 5171 2580 5225 in
2619 5187 2804 5226 eorum
2832 5175 3011 5242 posuit
3032 5173 3328 5229 voluntate.

2326 5262 2394 5316 In
2429 5263 2572 5333 virga
2595 5265 2815 5318 veniam.
2848 5266 2905 5320 Id
2929 5274 3028 5328 est,
3066 5265 3301 5320 vindicta
3333 5284 3345 5319 :
3378 5268 3522 5336 quali
3552 5283 3702 5338 Virga
3727 5266 3829 5322 Pe-

2258 5360 2374 5407 trus
2400 5353 2467 5406 ad
2489 5352 2756 5410 Ananiam
2775 5365 2827 5412 et
2843 5356 3150 5427 Saphiram,
3182 5364 3237 5412 et
3260 5357 3377 5427 ipse
3403 5357 3600 5414 Paulus
3625 5359 3694 5413 ad
3719 5358 3828 5414 Ma-

2257 5462 2383 5517 gum
2409 5461 2538 5501 usus
2567 5455 2666 5502 est.

2867 5560 3092 5619 CAPUT
3120 5565 3181 5619 ν.

2327 5677 2396 5730 Et
2424 5693 2510 5731 vos
2541 5679 2712 5748 inflati
2743 5680 2883 5733 estis.
2923 5679 3060 5745 Quia
3117 5696 3254 5736 vana
3281 5685 3506 5739 scnentia
3535 5684 3820 5752 inﬂamini,

2256 5779 2309 5826 ct
2337 5786 2523 5826 curant
2582 5771 2646 5826 de
2695 5771 2780 5826 bis
2824 5773 2914 5843 qui
2940 5782 3168 5842 pereunt
3213 5791 3322 5832 non
3379 5778 3608 5845 habetis,
3636 5787 3696 5834 ut
3725 5788 3822 5834 aut
