4108 6334
269 363 372 430 137

1355 361 1685 421 COLLECT.
1724 360 1792 418 ΙΝ
1832 360 2045 419 EPIST.
2085 360 2107 416 Ι
2142 360 2234 415 AD
2269 358 2424 417 COR.

3412 365 3514 423 158

269 485 633 558 corrigantur,
669 489 762 538 aut
811 483 879 539 ab
925 479 1169 538 Ecclesia
1223 489 1561 552 separentur.
1614 479 1686 534 Et
1729 496 1836 539 non
1862 478 1917 539 Α
1939 484 2151 531 ctorum
2179 475 2460 531 hominum
2497 470 2564 526 ad
2585 472 2974 544 acquirendum
3019 475 3218 531 multos
3249 476 3318 531 ad
3341 477 3514 536 vitam

271 578 438 648 magis
465 575 692 630 luxistis.
741 572 877 641 Quia
926 572 1054 628 boni
1092 580 1341 642 pastores
1385 585 1598 642 semper
1623 586 1722 641 pro
1744 587 1842 642 po-

270 668 382 740 puli
410 665 648 738 peccatis
675 663 825 720 llent.
859 663 1102 720 Praesens
1135 673 1312 718 autem
1353 665 1562 733 spiritu.
1596 662 1842 717 Praesen-

269 768 380 816 tem
403 759 537 815 dicit
565 757 780 829 Spiritu,
820 770 890 812 ne
912 771 981 812 ex
1011 755 1127 812 solo
1171 755 1360 810 auditu
1385 756 1666 811 absentem
1693 756 1842 810 dam-

269 865 404 906 nare
436 855 723 920 putaretur
749 865 763 902 :
797 848 1093 904 secundum
1140 847 1272 902 illud
1301 846 1479 902 Elissei
1517 846 1746 902 dicentis
1773 847 1843 901 ad

269 941 423 999 Giezi
453 960 465 994 :
510 939 700 996 Nonne
722 940 936 1011 spiritus
956 955 1102 994 meus
1138 946 1309 993 tecum
1337 947 1450 994 erat
1471 939 1527 993 in
1547 939 1677 993 uia?
1710 937 1844 993 Cum

268 1034 463 1088 virtute
487 1031 702 1086 Domini
740 1031 922 1086 nostri.
953 1029 1056 1098 Qui
1082 1043 1184 1099 pro
1206 1045 1295 1085 me
1322 1037 1444 1085 erat
1469 1044 1730 1098 przesens,
1762 1028 1843 1082 lit-

268 1134 514 1182 terarum
536 1138 781 1179 mearum
807 1123 1150 1188 auctoritate,
1173 1137 1270 1193 per
1293 1136 1457 1192 quam
1473 1120 1686 1176 Domini
1710 1137 1844 1190 quo—

271 1230 376 1288 que
401 1215 575 1270 virtus
616 1215 872 1271 assistere
912 1213 1202 1283 judicelur.
1261 1213 1490 1269 Tradere
1539 1212 1844 1283 hujusmodi

270 1307 534 1362 hominem
554 1305 788 1361 Satante.
812 1305 872 1360 Id
896 1313 1001 1372 est,
1023 1304 1219 1361 tortori
1240 1304 1460 1373 diaboli,
1490 1313 1551 1360 ut
1573 1304 1852 1361 tormento

270 1399 454 1457 carnis
488 1399 709 1469 spiritus
759 1399 1100 1456 salvaretur:
1153 1401 1437 1471 oportebat
1482 1399 1626 1454 enim
1659 1407 1721 1454 ut
1748 1415 1847 1471 per

271 1491 548 1550 diabolum
599 1499 900 1559 sanaretur,
961 1491 1055 1563 qui
1092 1506 1190 1563 per
1241 1491 1525 1547 Diabolum
1575 1492 1842 1560 peccavit.

272 1584 400 1640 Non
431 1583 567 1638 bona
613 1582 782 1653 gloria
815 1592 1004 1638 uestra.
1051 1582 1313 1650 Dicendo,
1344 1582 1460 1653 Ego
1491 1599 1608 1637 sum
1658 1581 1844 1649 Pauli,

267 1679 376 1728 etc.
407 1672 525 1728 Non
552 1672 714 1739 bona,
745 1675 871 1728 dum
910 1690 1021 1729 non
1049 1674 1321 1746 corrigitis
1373 1674 1718 1730 adulterium.
1753 1673 1849 1728 To-

270 1774 381 1820 tam
411 1781 661 1820 massam.
711 1765 991 1822 Ecclesiae.
1051 1765 1371 1838 Corrumpit.
1411 1767 1470 1822 In
1497 1767 1709 1833 Graeco,
1739 1765 1849 1822 fer-

1939 581 2038 635 per
2067 565 2344 621 caelestem
2373 563 2692 620 doctrinam.
2746 562 2851 630 Qui
2879 565 3288 636 contemptibiles
3317 577 3441 624 sunt
3457 571 3517 626 in

1941 657 2202 712 Ecclesia.
2235 656 2351 713 Hoc
2374 665 2478 723 est,
2518 655 2611 726 qui
2637 655 2850 711 minimi
2880 665 3006 712 sunt
3037 657 3093 712 in
3125 657 3393 728 Ecclesia,
3423 668 3520 716 aut

1942 757 2091 804 certe
2126 749 2219 818 qui
2247 747 2477 819 injurias
2525 763 2651 803 suas
2680 757 3075 817 contemnunt;
3110 764 3177 806 ac
3198 750 3246 807 si
3274 751 3520 808 diceret:

1942 839 2046 908 Qui
2073 839 2312 895 minores
2343 847 2469 896 sunt
2506 840 2563 895 in
2585 840 2848 908 ecclesiis,
2905 849 2959 897 et
2985 842 3148 898 nullis
3195 857 3519 915 magnorum

1942 937 2212 994 donorum
2243 937 2470 1008 pollent,
2497 937 2603 1008 ipsi
2635 937 2704 992 de
2726 939 2959 996 terrenis
2986 939 3223 1011 negotiis
3247 939 3516 1009 judicent,

1942 1036 2207 1100 quatenus
2252 1042 2351 1098 per
2382 1042 2520 1098 quos
2549 1039 2826 1100 nequeunt
2851 1030 3076 1101 majora,
3137 1031 3350 1089 minora
3374 1035 3521 1091 bona"

1943 1120 2318 1190 suppleantur,
2349 1133 2486 1188 quos
2517 1122 2952 1192 contemptibiles
2970 1123 3234 1188 nominat,
3257 1131 3312 1178 et
3340 1131 3524 1181 tamen

1945 1211 2217 1282 sapientes
2246 1218 2426 1276 vocat,
2455 1225 2579 1265 cum
2603 1212 2736 1267 dicit
2763 1231 2778 1267 :
2817 1211 2879 1268 Si
2910 1230 3014 1268 non
3034 1223 3108 1268 est
3138 1214 3276 1270 inter
3308 1231 3397 1269 vos
3423 1231 3516 1270 sa-

1943 1302 2089 1373 piens
2129 1301 2422 1374 quisquam.
2461 1299 2578 1369 Qua
2633 1316 2701 1358 ex
2757 1319 2818 1358 re
2841 1305 2973 1374 quid
3027 1305 3172 1360 aliud
3219 1305 3515 1377 colligitur,

1945 1395 2053 1451 nisi
2090 1403 2151 1450 ut
2177 1395 2237 1450 bi
2263 1410 2460 1452 causas
2510 1404 2760 1451 terrenas
2789 1399 3120 1462 examinent,
3160 1399 3253 1467 qui
3282 1398 3521 1454 exterio-

1946 1502 2070 1543 rum
2098 1502 2281 1543 rerum
2305 1487 2628 1558 sapientiam
2656 1487 2968 1557 accipiunt?
3026 1487 3127 1554 Qui
3157 1497 3336 1545 autem
3361 1489 3525 1560 spiri—

1949 1577 2185 1632 tualibus
2205 1577 2408 1634 addicti
2430 1584 2580 1643 sunt,
2639 1578 2874 1633 terrenis
2905 1592 3015 1632 non
3044 1578 3244 1635 debent
3290 1580 3526 1652 negotiis

1949 1670 2234 1741 implicari.
2263 1672 2342 1726 Ac
2369 1672 2416 1726 si
2438 1671 2681 1742 apertius
2717 1672 2926 1728 diceret
2954 1690 2966 1726 :
2993 1672 3096 1740 Qui
3124 1682 3416 1744 penetrare
3443 1676 3526 1731 in-

1950 1763 2083 1818 tima
2139 1762 2420 1834 sapientiae
2475 1770 2774 1834 nequeunt,
2805 1762 2995 1818 saltem
3031 1766 3343 1821 necessaria
3390 1764 3527 1822 foris

269 1864 475 1913 mentat
527 1857 744 1930 [caput].
799 1856 958 1913 Vetus
994 1859 1329 1928 fermentum.
1381 1857 1840 1913 Forniustionem.
1871 1841 1922 1903 Β
1947 1864 2260 1926 operentur.
2319 1855 2452 1910 Item
2489 1855 2944 1925 contemptibiles,
2976 1856 3070 1927 qui
3130 1857 3370 1914 minores
3394 1867 3525 1915 sunt

273 1947 343 2005 Ut
370 1951 483 2006 sitis
506 1967 638 2006 nova
666 1951 983 2021 conspersio.
1010 1949 1083 2005 Ut
1110 1951 1166 2004 in
1190 1950 1364 2019 gratia
1383 1951 1527 2005 sacri
1551 1951 1846 2019 baptisma-

267 2043 342 2099 tis
397 2043 847 2114 conspergamini,
896 2043 1040 2097 sicut
1085 2043 1460 2114 conspergitur
1483 2043 1659 2097 farina
1683 2058 1844 2112 aqua.

265 2132 476 2204 Azymi.
535 2134 662 2189 Sine
707 2133 973 2189 fermento
1006 2134 1236 2204 peccati.
1295 2133 1504 2188 Etenim
1533 2134 1729 2203 pascha
1757 2149 1850 2187 no-

262 2233 459 2278 strum.
511 2224 636 2279 Ideo
656 2225 862 2280 debetis
896 2224 1068 2294 azymi
1097 2237 1249 2288 esse,
1281 2224 1408 2292 quia
1436 2221 1608 2278 Judaei
1634 2223 1849 2294 quando

261 2329 474 2384 agnum
503 2314 868 2381 immolabant,
921 2329 1112 2385 azyma
1140 2314 1514 2379 comedebant,
1553 2315 1632 2369 sic
1661 2320 1717 2368 et
1750 2328 1850 2368 nos

263 2406 550 2461 debemus.
618 2403 724 2460 Sed
772 2406 830 2459 in
856 2405 1055 2474 azymis
1093 2404 1432 2459 sinceritatis.
1487 2402 1850 2459 Similitudine

264 2497 650 2554 Hebraeorum:
675 2498 804 2568 quia
826 2498 928 2568 ipsi
939 2507 1225 2569 postquam
1249 2499 1632 2555 immolabatur
1653 2514 1845 2570 agnus,

265 2599 325 2647 et
354 2599 475 2662 post
497 2590 641 2645 diem
673 2589 894 2646 Paschze
916 2607 1106 2662 azyma
1134 2592 1490 2648 comedebant
1515 2608 1614 2664 per
1640 2601 1850 2661 septem

267 2683 385 2738 dies
412 2699 426 2735 :
454 2682 532 2737 sic
555 2697 654 2737 nos
686 2697 816 2737 vero
842 2697 980 2752 agno
1006 2682 1302 2749 immolato,
1345 2690 1458 2738 tota
1499 2682 1613 2737 vita
1641 2689 1848 2745 nostra,

267 2789 392 2845 qua:
411 2781 617 2843 septem
643 2774 832 2828 diebus
860 2774 1156 2843 peragitur,
1187 2773 1393 2844 azymis
1427 2774 1695 2829 bonorum
1723 2788 1851 2844 ope-

268 2878 390 2917 rum
420 2877 725 2919 vescamur.
789 2863 859 2918 Et
875 2865 1123 2918 veritatis.
1172 2863 1230 2920 Id
1266 2871 1369 2930 est,
1421 2865 1689 2934 aequitatis
1707 2862 1852 2932 judi-

267 2954 360 3010 cii.
418 2954 476 3010 Si
521 2956 666 3011 enim
695 2957 905 3012 lactuca
933 2965 1052 3012 erat
1079 2973 1204 3012 cum
1240 2957 1367 3014 ﬁliis
1410 2957 1576 3012 Israel
1601 2972 1703 3027 pro
1737 2957 1851 3014 fer--

268 3056 474 3113 mento,
527 3063 596 3102 ne
649 3049 828 3104 cibum
855 3049 1121 3104 insulsum
1148 3049 1494 3104 comederent
1530 3064 1630 3120 pro
1658 3049 1851 3104 celeri-

268 3147 383 3194 tate
431 3139 770 3205 ambulandi,
815 3138 893 3196 sic
942 3141 1166 3211 aequitas
1191 3141 1380 3211 judicii
1433 3148 1490 3195 et
1519 3141 1849 3197 sinceritatis

267 3246 392 3288 cum
422 3230 764 3288 Christianis.
805 3232 1006 3304 Scripsi
1036 3234 1194 3287 vobis.
1223 3232 1330 3289 Pro
1361 3233 1560 3293 scribo.
1608 3233 1705 3290 Vel
1730 3234 1850 3291 ideo

264 3325 604 3394 praeteritum
634 3326 784 3391 dicit,
840 3327 966 3397 quia
998 3342 1120 3382 cum
1160 3326 1419 3398 legerent,
1474 3335 1686 3398 tempus
1714 3330 1850 3384 scri-

266 3414 430 3470 bendi
467 3419 800 3488 prasteritum
820 3429 982 3474 esset.
1015 3419 1141 3474 Non
1166 3421 1343 3492 utique
1358 3421 1660 3489 fornicariis
1689 3423 1849 3492 hujus

266 3505 475 3559 mundi.
541 3507 693 3575 Quod
713 3508 834 3564 luce
874 3510 1072 3565 clarius
1107 3519 1211 3566 est.
1271 3512 1484 3568 Abillis
1539 3513 1685 3568 enim
1721 3515 1850 3569 olim

266 3599 511 3668 separati
558 3603 706 3666 estis,
740 3610 795 3657 et
826 3603 1028 3658 idcirco
1068 3603 1232 3660 nolite
1256 3604 1454 3660 iterum
1495 3605 1602 3661 illis
1627 3607 1852 3661 commi-

268 3691 442 3746 sceri.
493 3691 550 3746 Si
575 3695 687 3764 quis
717 3695 880 3764 frater
908 3697 1229 3753 nominatur.
1278 3699 1336 3753 Id
1363 3709 1468 3765 est,
1496 3700 1610 3754 solo
1631 3701 1852 3756 nomine

265 3782 580 3854 appellatur
610 3801 732 3842 cum
755 3787 1048 3845 fornicator
1078 3791 1380 3861 detegatur,
1409 3799 1504 3845 aut
1526 3791 1632 3857 fur,
1655 3791 1723 3846 ab
1749 3793 1852 3847 hoc

264 3875 513 3942 separari
558 3875 828 3946 jubemur.
887 3877 990 3944 Qui
1027 3879 1156 3949 foris
1194 3889 1334 3935 sunt.
1393 3881 1641 3937 Infideles
1697 3891 1852 3938 extra

265 3963 584 4021 Ecclesiam.
649 3967 752 4035 Qui
800 3973 942 4025 intus
984 3981 1124 4027 sunt.
1184 3971 1298 4028 Hoc
1337 3980 1442 4038 est,
1471 3973 1655 4029 fideles
1708 3974 1852 4029 intra

267 4054 584 4112 Ecclesiam.
641 4056 748 4115 Eos
769 4069 944 4116 autem
968 4064 1057 4134 qui
1087 4063 1216 4133 foris
1246 4073 1366 4119 sunt
1402 4064 1545 4118 Deus
1561 4065 1846 4134 judicabit.

266 4144 426 4204 Foris
449 4147 749 4206 Ecclesiam
786 4161 914 4209 sunt
941 4154 1204 4221 haeretici,
1240 4154 1431 4222 Judaei,
1459 4154 1720 4213 Gentiles.

883 4236 1109 4299 CAPUT
1147 4243 1232 4298 Vl.

343 4328 510 4384 Audet
532 4329 726 4402 aliquis
750 4340 999 4399 uestrum,
1053 4335 1316 4404 negotium
1355 4335 1548 4389 habens
1600 4336 1852 4392 adversus

269 4429 520 4488 a.terum,
541 4423 783 4492 judicari
811 4424 952 4494 apud
992 4425 1217 4496 iniquos.
1252 4425 1559 4482 Notandum
1583 4428 1728 4494 quod
1755 4429 1853 4482 ali-

269 4513 488 4583 quando
520 4514 810 4584 Apostolus
841 4517 896 4570 in
927 4517 1104 4572 media
1133 4533 1297 4574 causa
1324 4534 1489 4589 quam
1519 4523 1654 4590 agit,
1687 4535 1852 4591 quos-

269 4603 399 4658 dam
432 4603 640 4661 inserat
669 4620 880 4672 sensus,
912 4615 965 4661 et
998 4608 1063 4662 de
1088 4607 1256 4663 latere
1280 4608 1490 4678 jactet:
1523 4610 1724 4679 quibus
1752 4627 1848 4667 ex-

265 4693 496 4762 plicitis,
547 4712 764 4752 rursum
804 4699 1114 4753 revertitur.
1156 4700 1327 4754 Audet
1371 4718 1492 4771 ergo
1540 4702 1731 4771 aliquis
1763 4721 1850 4758 ve-

267 4793 471 4850 strum,
520 4796 650 4854 ete.,
680 4798 870 4843 contra
924 4790 1133 4845 scilicet
1161 4800 1494 4861 praeceptum
1525 4793 1740 4849 Domini
1769 4796 1852 4850 di-

267 4876 455 4932 centis
482 4894 493 4930 :
524 4875 581 4932 Si
614 4881 732 4949 quis
761 4882 875 4936 vult
923 4891 1098 4938 tecum
1132 4884 1461 4941 contendere
1510 4885 1736 4956 judicio,
1764 4897 1848 4943 tu-

269 4968 456 5024 nicam
483 4976 631 5024 tuam
659 4973 871 5029 dimitte
900 4974 972 5041 ei,
1002 4982 1057 5029 et
1095 4975 1341 5044 pallium.

343 5060 428 5114 An
458 5063 666 5117 nescitis
699 5064 950 5134 quoniam
979 5068 1148 5120 sancti
1195 5069 1258 5123 de
1287 5070 1385 5124 hoc
1412 5069 1608 5125 mundo
1629 5072 1852 5141 judica-

269 5151 420 5206 bunt.
475 5152 629 5209 Sicut
685 5155 942 5211 Dominus
993 5159 1250 5226 apostolis
1309 5163 1579 5230 promisit,
1614 5164 1849 5218 dicens:

269 5242 536 5300 Sedebitis
588 5255 636 5301 et
665 5259 957 5320 uos'super
993 5250 1141 5306 sedes
1202 5252 1499 5320 duodecim,
1547 5257 1854 5326 judicantes

267 5335 551 5391 duodecim
600 5340 768 5396 tribus
815 5341 988 5398 Israel
1045 5343 1263 5417 (Matth.
1291 5345 1434 5417 xix),
1466 5349 1720 5405 omnibus
1751 5351 1856 5407 hoc

267 5429 623 5498 promittens,
677 5435 768 5504 qui
803 5437 1074 5506 apostolos
1111 5437 1311 5493 fuerint
1367 5439 1586 5495 imitati.
1642 5443 1700 5497 Si
1729 5459 1857 5514 ergo

270 5521 451 5575 sancti
481 5520 550 5578 de
600 5522 705 5580 hoc
732 5529 932 5582 mundo
978 5527 1316 5597 judicabunt,
1354 5545 1450 5585 cur
1500 5533 1566 5586 de
1613 5533 1852 5589 minimis

269 5613 480 5668 vestris
517 5616 750 5685 negotiis
803 5632 909 5672 non
949 5617 1234 5688 judicant?
1295 5619 1365 5675 In
1412 5621 1552 5675 vobis
1587 5621 1859 5691 judicabi-

271 5709 389 5756 tur.
449 5703 506 5760 Id
536 5713 639 5771 est,
677 5722 774 5777 per
799 5723 915 5763 vos.
959 5709 1182 5780 Angelos
1228 5711 1610 5781 judicabimus.
1642 5710 1723 5766 Illi
1759 5728 1857 5766 an-

271 5793 385 5867 geli
411 5793 804 5867 iudicabuntur
859 5803 914 5856 in
944 5799 1175 5871 judicio,
1203 5804 1259 5860 in
1297 5804 1702 5877 comparatione
1730 5819 1856 5862 san-

685 5895 961 5962 Pnnon.
1008 5896 1173 5961 CIII.

1949 1948 2005 2002 in
2029 1948 2293 2013 doctrina,
2317 1961 2452 2019 quos
2478 1948 2617 2004 dona
2642 1947 2944 2017 spiritualia
2973 1962 3081 2004 non
3103 1958 3390 2006 exornant.
3420 1949 3522 2006 Vel

1951 2040 2400 2109 contemptibiles,
2416 2040 2473 2095 id
2486 2048 2590 2107 est,
2613 2040 2786 2095 sancti
2797 2040 2891 2110 qui
2911 2056 2942 2095 a
2955 2042 3111 2098 vobis
3125 2042 3520 2114 despiciuntur.

2021 2128 2102 2182 Ad
2141 2129 2504 2184 uerecundiam
2538 2139 2762 2184 vestram
2805 2131 2943 2185 dico.
3007 2131 3145 2190 Nam
3196 2136 3523 2191 erubescere

1953 2220 2159 2278 debetis
2180 2235 2245 2276 eo
2274 2221 2417 2292 quod
2443 2236 2601 2276 nemo
2627 2221 2699 2276 sit
2726 2221 2870 2290 inter
2895 2236 2993 2278 vos
3021 2233 3132 2278 tam
3157 2226 3398 2293 sapiens,
3428 2226 3525 2296 qui

1950 2312 2167 2367 noverit
2192 2327 2385 2367 causas
2404 2311 2547 2366 inter
2574 2311 2775 2368 fratres
2798 2313 3126 2369 discernere.
3159 2313 3229 2370 Et
3257 2315 3353 2370 hoc
3381 2316 3523 2386 apud

1949 2403 2207 2470 inﬁdeles.
2241 2403 2448 2472 Duplex
2477 2411 2763 2472 peccatum
2787 2411 2894 2471 est,
2925 2412 2981 2458 et
3009 2406 3151 2474 quod
3167 2406 3376 2476 judicio
3403 2422 3529 2462 con-
3577 2473 3579 2475 ι

1951 2494 2192 2560 tenditis,
2229 2501 2284 2548 et
2307 2494 2434 2564 quia
2460 2493 2602 2565 apud
2625 2493 2872 2550 infideles
2896 2495 2964 2549 ad
2980 2493 3162 2565 jurgia
3193 2498 3527 2565 provocatis.

1949 2584 2075 2642 Iam
2100 2585 2309 2655 quidem
2347 2587 2560 2642 omnino
2605 2586 2856 2642 delictum
2887 2594 2962 2641 est
2985 2588 3041 2642 in
3071 2588 3236 2642 vobis.
3277 2588 3402 2646 Ideo
3425 2591 3532 2648 hoc

1950 2678 2114 2734 iterat
2140 2696 2153 2732 :
2183 2693 2310 2734 nam
2347 2679 2523 2749 potuit
2568 2687 2782 2750 putare,
2808 2679 3075 2749 judicium
3102 2679 3308 2736 habere
3336 2681 3530 2738 adver-

1950 2785 2046 2826 sus
2073 2770 2307 2826 alterum
2339 2785 2447 2826 non
2491 2784 2613 2826 esse
2640 2779 2947 2842 peccatum,
3007 2773 3102 2828 sed
3155 2775 3529 2831 tantummodo

1949 2871 2233 2933 peccatum
2259 2877 2383 2918 esse
2415 2870 2570 2918 extra
2629 2862 2936 2921 Ecclesiam
2963 2863 3103 2920 velle
3124 2863 3384 2934 judicari,
3424 2867 3533 2923 nisi

1953 2955 2274 3025 adjungeret
2300 2974 2312 3010 :
2343 2954 2470 3010 Iam
2496 2956 2708 3027 quidem
2734 2957 2948 3014 omnino
2997 2957 3245 3014 delictum
3295 2969 3370 3016 est
3397 2961 3534 3016 inter

1952 3058 2060 3108 vos,
2091 3045 2216 3114 quia
2254 3044 2464 3113 judicia
2490 3045 2690 3100 habetis
2718 3046 3004 3102 vobiscum.
3036 3048 3106 3104 Et
3145 3063 3215 3105 ne
3241 3049 3532 3120 quisquam

1951 3132 2057 3189 hoc
2081 3135 2155 3188 ita
2197 3143 2502 3204 excusaret,
2542 3143 2598 3191 et
2636 3137 2840 3194 diceret
2861 3137 3072 3208 justum
3113 3155 3174 3195 se
3198 3141 3404 3198 habere
3430 3148 3540 3199 ne-'

1953 3229 2178 3300 gotium,
2209 3241 2266 3285 et
2303 3231 2647 3302 iniquitatem
2676 3247 2736 3288 se
2763 3231 2877 3302 pati
2923 3248 3086 3302 quam
3110 3234 3277 3290 vellet
3305 3252 3337 3291 a
3364 3252 3424 3292 se
3442 3237 3532 3308 ju-

1952 3319 2133 3375 dicum
2181 3324 2452 3378 sententia
2507 3325 2771 3392 amoveri,
2804 3327 3065 3382 continuo
3102 3327 3300 3384 talibus
3327 3329 3533 3402 cogita-

1951 3409 2192 3467 tionibus
2217 3412 2306 3468 vel
2342 3417 2784 3473 excusationibus
2813 3419 3073 3486 occurrit,
3110 3426 3165 3474 et
3197 3420 3311 3475 ait:
3353 3419 3532 3487 Quare

1951 3517 2057 3556 non
2082 3504 2251 3573 magis
2279 3504 2536 3574 injuriam
2568 3510 2840 3579 accepistis
2863 3502 2889 3563 ἲ
2915 3510 2987 3566 Ut
3018 3511 3337 3581 impleretur
3362 3511 3529 3568 illud:

1951 3589 2011 3645 Si
2053 3594 2170 3662 quis
2221 3593 2331 3648 uult
2379 3598 2688 3652 contendere
2723 3600 2932 3668 judicio
2976 3609 3168 3666 tecum,
3211 3610 3260 3655 et
3298 3602 3532 3656 tunicam

1953 3689 2100 3736 tuam
2149 3682 2346 3750 tollere,
2381 3686 2582 3741 dimitte
2635 3691 2684 3741 ei
2728 3699 2777 3742 et
2821 3688 3283 3762 palliumlMatth.
3312 3690 3389 3763 ν).
3424 3690 3535 3748 Sed

1952 3782 2137 3831 tamen
2175 3769 2305 3832 alia
2338 3781 2554 3849 negotia
2607 3797 2707 3852 per
2731 3782 2978 3839 infirmos
3001 3783 3238 3853 judicari
3261 3787 3319 3841 in
3347 3786 3536 3844 Eccle-

1953 3866 2035 3920 sia
2063 3869 2358 3922 secundum
2379 3870 2770 3942 indulgentiam
2794 3877 3066 3932 concessit
3097 3876 3362 3934 fratribus
3388 3879 3535 3938 inter

1953 3955 2155 4013 fratres
2206 3957 2622 4028 judicantibus:
2665 3972 2822 4020 extra
2870 3966 3173 4023 Ecclesiam
3203 3985 3336 4026 vero
3382 3968 3534 4040 judi-

1954 4049 2068 4103 cari
2101 4050 2422 4107 terribiliter
2457 4062 2623 4109 vetat.
2658 4055 2766 4111 Sed
2794 4075 2884 4112 vos
2931 4058 3216 4128 fraudatis.
3256 4061 3392 4117 Cum
3419 4062 3535 4119 illa-

1953 4147 2065 4195 tam
2115 4141 2368 4211 injuriam
2417 4147 2716 4202 secundum
2769 4159 3104 4222 praeceptum
3161 4153 3441 4226 Evangelii
3479 4163 3537 4211 et

1954 4231 2168 4286 Domini
2221 4235 2529 4306 exemplum
2581 4239 2856 4308 patienter
2913 4243 3184 4299 sustinere
3240 4245 3534 4312 deberetis,

1952 4334 2050 4377 vos
2075 4338 2105 4378 e
2135 4326 2414 4381 contrario
2469 4343 2579 4383 non
2608 4329 2784 4385 solum
2809 4347 2920 4387 non
2945 4332 3203 4398 sulfertis,
3237 4335 3332 4388 sed
3367 4335 3534 4389 etiam

1955 4429 2063 4469 non
2101 4414 2426 4474 facientibus
2454 4420 2729 4493 irrogatis.
2773 4423 2844 4479 Et
2873 4426 2970 4478 hoc
3021 4424 3300 4492 fratribus.
3334 4423 3533 4491 ld'est,

1955 4508 2130 4575 vobis,
2174 4509 2368 4578 quibus
2418 4527 2519 4568 nec
2572 4516 2793 4584 quidem
2822 4515 2997 4570 vicem
3023 4515 3250 4570 reddere
3302 4516 3536 4572 inimicis

1957 4616 2277 4657 concessum
2307 4609 2411 4658 est.
2442 4604 2526 4658 An
2569 4607 2782 4659 nescitis
2832 4606 2957 4676 quia
2983 4606 3153 4676 iniqui
3193 4623 3411 4677 regnum
3436 4606 3536 4662 Det

1958 4710 2061 4748 non
2085 4695 2467 4765 possidebunt?
2491 4695 2567 4752 Ac
2593 4699 2640 4752 si
2664 4697 2867 4753 diceret
2897 4717 2908 4752 :
2938 4699 3076 4754 Dum
3106 4700 3280 4772 iniqui
3310 4715 3536 4772 regnum

1958 4785 2056 4840 Dei
2103 4803 2212 4842 non
2265 4789 2641 4857 possidebunt,
2693 4790 2862 4846 nolite
2908 4807 3006 4847 vos
3058 4792 3161 4862 ipsi
3216 4792 3386 4862 iniqui
3419 4791 3536 4846 ﬁeri

1957 4879 2281 4947 fraudando,
2309 4890 2364 4936 et
2399 4880 2653 4950 injuriam
2678 4880 2947 4940 faciendo.
2992 4881 3173 4937 Nolite
3201 4898 3398 4936 errare.
3422 4881 3536 4936 Hoc

1958 4980 2061 5037 est,
2101 4971 2305 5037 seduci,
2347 4973 2721 5030 existimantes
2779 4975 2846 5030 de
2879 4975 3086 5041 multis,
3127 4981 3317 5028 etnon
3370 4972 3534 5027 etiam

1958 5063 2025 5117 de
2051 5078 2161 5116 uno
2217 5072 2444 5132 peccato
2481 5065 2800 5136 puniendos.
2840 5065 2949 5121 Aut
3001 5065 3168 5120 nolite
3195 5078 3382 5118 errare
3408 5078 3534 5120 vos-

1959 5157 2219 5226 metipsos
2241 5166 2294 5212 et
2324 5158 2459 5214 alios
2500 5160 2716 5230 iniquos
2749 5170 3004 5232 putantes
3031 5175 3258 5231 regnum
3287 5159 3384 5214 Dei
3417 5175 3532 5230 pos-

1959 5249 2153 5305 sidere.
2181 5249 2252 5304 Et
2280 5251 2376 5306 hoc
2404 5252 2690 5325 aliquando
2714 5255 2910 5325 fuistis.
2946 5255 3051 5310 Sed
3076 5268 3221 5307 nunc
3246 5269 3354 5310 non
3375 5256 3530 5313 estis.

1959 5341 2138 5398 Nolite
2171 5360 2301 5416 ergo
2338 5345 2531 5402 timere
2569 5347 2636 5403 de
2687 5349 3001 5420 praeteritis,
3054 5353 3262 5402 tantum
3292 5364 3361 5404 ne
3408 5359 3536 5419 post

1959 5433 2288 5505 baptismum
2319 5438 2671 5494 criminosum
2714 5439 2916 5509 aliquid
2943 5438 3316 5497 committatis.
3346 5439 3536 5498 Molles

1961 5534 2107 5592 sunt,
2147 5542 2272 5582 cum
2323 5530 2520 5601 quibus
2571 5532 2730 5588 virile
2766 5531 3048 5601 perficitur
3076 5531 3272 5600 scelus,
3304 5543 3359 5590 et
3392 5550 3529 5605 quo-

1960 5635 2083 5674 rum
2107 5621 2288 5677 virilia
2317 5622 2374 5679 in
2409 5625 2641 5695 pueritia
2683 5623 3082 5694 castrabantur,
3115 5635 3178 5682 ut
3204 5641 3419 5697 semper
3446 5641 3532 5681 es-

1960 5721 2082 5769 sent
2106 5713 2398 5785 imberbes,
2428 5727 2483 5772 et
2528 5716 2830 5783 muliebria,
2871 5717 2975 5775 hoc
3027 5727 3130 5787 est,
3169 5718 3352 5775 mollia
3402 5733 3527 5774 cor-

1957 5821 2093 5879 Ροτδ
2121 5807 2401 5867 haberem-
2461 5808 2527 5865 Hi
2553 5823 2683 5865 ervo
2743 5811 2882 5883 apud
2913 5812 3142 5882 gentiles
3173 5811 3228 5866 in
3267 5809 3529 5867 honorem

3068 5906 3109 5967 ὅ
