4108 6334
594 359 700 418 145

1974 361 2243 415 bEDULh
2282 362 2480 414 δρυῒ.

3737 365 3835 420 tu

592 475 818 541 laboris,
845 482 899 540 et
917 473 1060 545 quo'd
1080 475 1199 546 plus
1224 475 1431 544 praemii
1460 475 1642 530 habet.
1669 471 1856 542 Itaque
1877 470 2014 535 dico,
2055 470 2166 537 fra-
2193 474 2247 534 Α
2272 469 2398 526 Sua:
2420 468 2723 525 voluntatis.
2760 470 2832 527 Ut
2857 469 3023 527 faciat
3046 471 3446 542 quod‘voluerit
3472 475 3541 529 de
3581 473 3689 530 ﬁlia
3719 492 3836 535 sua.

591 577 716 622 tres.
745 565 843 620 Hic
867 581 1056 620 omnes
1085 566 1154 620 ad
1192 566 1577 622 c0ntinentiam
1620 558 1887 619 hortatur.
1945 559 2164 615 Fratres

591 664 776 711 autem
810 655 959 722 dicit,
988 663 1048 710 ut
1076 655 1332 711 libentius
1357 655 1595 710 audiant.
1623 651 1844 723 Tempus
1879 652 2166 705 breviatum

591 757 686 801 est.
731 746 986 802 Dicamus
1016 747 1202 814 breve,
1257 747 1467 802 etiamsi
1525 743 1810 814 nongentis
1857 741 2164 796 viveremus

591 837 768 904 annis,
793 845 855 892 ut
882 838 1088 910 antiqui
1114 839 1392 904 homines;
1433 843 1615 890 tamen
1666 834 1829 889 breve
1868 833 2165 904 putandum

589 937 735 984 esset
753 930 896 1000 quod
915 929 1139 986 haberet
1160 929 1445 999 aliquando
1472 927 1672 993 ﬁnem;
1696 941 1843 980 nunc
1867 939 1997 980 vero
2022 923 2166 993 quod

585 1019 770 1076 brevis
793 1021 997 1077 sitnon
1024 1029 1134 1078 tam
1175 1023 1360 1078 laetitia
1407 1037 1572 1092 quam
1617 1019 1896 1074 tribulatio
1943 1018 2165 1088 nuptia-

587 1128 731 1180 rum,
762 1115 891 1184 quid
941 1115 1228 1185 accipimus
1280 1130 1479 1169 uxores
1520 1129 1655 1183 quas
1695 1113 1936 1184 cogimur
2001 1112 2163 1167 amit-

587 1209 735 1263 tere?
772 1207 939 1274 Quasi
960 1226 1062 1262 non
1087 1206 1349 1262 habentes.
1396 1207 1490 1261 Ille
1531 1222 1755 1261 uxorem
1795 1206 2018 1269 habens,
2068 1204 2163 1259 sed

585 1297 741 1366 quasi
776 1313 884 1352 non
921 1299 1101 1362 habet,
1135 1297 1225 1366 qui
1253 1298 1332 1352 sic
1356 1298 1536 1352 studet
1563 1295 1778 1365 placere
1833 1295 2066 1366 conjugi,
2102 1302 2164 1349 ut

585 1394 766 1442 tamen
789 1403 896 1442 non
924 1387 1204 1457 displiceat
1224 1387 1480 1441 creatori.
1512 1384 1632 1439 Flet
1670 1402 1896 1457 quoque,
1923 1385 2012 1439 sed
2045 1394 2161 1438 tan-

581 1493 738 1547 quam
786 1479 832 1531 si
875 1493 977 1532 non
1032 1479 1178 1547 ﬂeat.
1233 1477 1337 1544 Qui
1394 1477 1473 1531 sic
1520 1475 1905 1547 temporalibus
1950 1475 2162 1530 damnis

582 1567 855 1638 afﬂigitur,
887 1575 948 1623 ut
981 1577 1162 1622 tamen
1192 1569 1257 1622 de
1301 1568 1520 1622 aeternis
1569 1567 1738 1622 lucris
1789 1581 2003 1636 semper
2046 1566 2164 1620 ani-

580 1673 728 1712 mum
752 1659 1084 1714 consoletur.
1110 1655 1312 1712 Gaudet
1334 1672 1535 1729 quoque
1564 1667 1813 1728 tanquam
1832 1657 1878 1710 si
1902 1673 2006 1711 non
2034 1672 2163 1726 gau-

577 1750 717 1806 deat.
741 1751 843 1818 Qui
869 1751 949 1806 sic
974 1751 1363 1820 temporalibus
1387 1751 1543 1806 bonis
1564 1750 1861 1816 hilarescit,
1893 1757 1956 1804 ut
1981 1757 2161 1804 tamen

2266 559 2554 616 Iudicavtt.
2611 561 2876 618 Praefatus
2925 571 3098 632 pater.
3156 564 3327 620 Aliter
3374 572 3437 620 ut
3485 563 3840 639 Hieronymus

2266 653 2483 722 eXponit
2511 671 2524 707 :
2558 652 2614 708 Si
2637 654 2780 724 quis,
2807 655 2911 709 hoc
2929 663 3030 720 est,
3054 655 3299 726 quisquis
3327 656 3519 723 homo;
3545 673 3708 728 super
3733 659 3841 714 vir-

2267 743 2464 813 ginem,
2489 743 2544 797 id
2564 751 2666 810 est,
2685 760 2902 800 carnem
2923 746 3198 815 propriam
3225 763 3409 814 suam;
3441 749 3571 818 quid
3595 750 3711 804 vult
3729 752 3843 821 ipse

2267 832 2450 898 homo,
2474 835 2648 902 idest,
2685 837 3048 908 virginitatem
3079 853 3149 894 an
3174 837 3510 910 coniugium;
3545 841 3671 910 quia
3711 842 3842 899 libe-

2267 941 2388 979 rum
2414 924 2693 981 arbitrium
2717 927 2901 995 habet,
2925 944 3032 984 non
3055 930 3262 998 peccat,
3291 930 3417 1000 quia
3437 929 3839 988 matrimonium

2265 1037 2374 1077 non
2395 1030 2480 1078 est
2521 1031 2820 1093 peccatum.
2877 1025 3094 1080 Statuit.
3144 1024 3202 1080 Id
3255 1032 3357 1092 est,
3405 1039 3726 1095 permanere
3785 1025 3839 1079 in

2263 1111 2590 1182 virginitate.
2625 1112 2742 1168 Non
2767 1115 2970 1170 habens
3012 1115 3413 1180 necessitatem,
3445 1115 3568 1184 quia
3601 1130 3710 1169 non
3753 1129 3845 1171 co-

2265 1203 2411 1273 gitur
2434 1218 2466 1256 a
2501 1203 2706 1268 carnali
2739 1203 3029 1274 voluptate.
3057 1204 3389 1260 Potestatem
3415 1203 3598 1270 habet,
3643 1204 3698 1258 id
3736 1213 3840 1271 est,

2264 1293 2612 1364 facere'quod
2641 1295 2775 1350 vult.
2811 1295 3004 1350 Mulier
3031 1299 3200 1352 vincta
3221 1306 3295 1352 est
3323 1297 3443 1369 legi.
3472 1296 3623 1352 Nunc
3652 1297 3845 1366 incipit

2265 1384 2331 1439 de
2368 1385 2594 1456 digamis
2629 1395 2685 1440 et
2707 1386 2900 1442 viduis.
2929 1387 3175 1442 Liberata
3194 1398 3288 1443 est.
3330 1389 3378 1443 Α
3405 1389 3619 1444 vinculo
3658 1389 3844 1458 conju-

2265 1475 2372 1546 gali
2402 1475 2574 1530 libera
2603 1476 2749 1532 facta
2779 1479 3074 1533 secundum
3100 1479 3272 1550 legem
3293 1487 3416 1549 post
3436 1485 3665 1533 mortem
3714 1479 3839 1545 viri,

2264 1565 2309 1618 si
2334 1579 2436 1619 nec
2455 1572 2587 1621 tunc
2613 1568 2851 1636 potuerit
2878 1583 2937 1623 sc
2971 1569 3268 1624 continere.
3301 1566 3400 1623 Cui
3417 1567 3634 1624 voluerit
3656 1569 3840 1625 nubat.

2263 1654 2658 1713 Tantummodo
2686 1657 3017 1724 Christiano,
3048 1675 3157 1714 non
3181 1659 3398 1726 Gentili,
3426 1666 3635 1714 tantum
3663 1659 3719 1714 in
3742 1659 3845 1717 Do.

2264 1746 2411 1800 mino
2450 1755 2671 1817 propter
2709 1749 3118 1805 continentiam.
3159 1746 3300 1804 Puto
3325 1751 3462 1804 enim
3485 1750 3622 1821 quod
3671 1758 3720 1805 et
3749 1767 3842 1823 ego
3917 1747 3920 1750 ’

579 1855 792 1910 semper
812 1848 1072 1912 perpetua
1096 1848 1364 1895 tormenta
1385 1842 1712 1907 consideret,
1735 1849 1792 1896 et
1811 1842 1866 1896 in
1892 1841 1997 1896 hoc
2018 1840 2162 1910 quod
2187 1824 2236 1885 Β
2263 1838 2502 1907 spiritum
2520 1837 2618 1892 Dei
2643 1839 2880 1895 habeam.
2913 1839 3036 1896 Ideo
3081 1840 3161 1896 sic
3182 1840 3436 1921 loquitur,
3467 1841 3623 1912 quasi
3651 1842 3840 1910 ἀιώὶθν

581 1941 822 1989 mentem
878 1931 1072 2004 gaudio
1112 1932 1376 1997 sublevet,
1432 1933 1574 1986 hanc
1619 1933 1877 1988 continuo
1926 1933 2164 2002 pondere

576 2025 788 2093 providi
817 2024 1029 2080 timoris
1048 2031 1281 2094 premat.
1312 2022 1457 2076 Emit
1477 2039 1679 2094 quoque
1706 2024 1858 2093 quasi
1896 2040 2000 2076 non
2038 2039 2162 2092 pos-

574 2115 768 2178 sidens.
833 2114 934 2181 Qui
957 2122 1013 2169 et
1041 2114 1107 2168 ad
1134 2129 1292 2168 usum
1319 2121 1536 2167 terrena
1565 2121 1857 2183 praeparat,
1888 2122 1943 2168 et
1978 2121 2160 2168 tamen

572 2212 733 2258 cauta
759 2205 1085 2275 cogitatione
1104 2204 1385 2274 praevidet,
1406 2202 1554 2274 quod
1585 2203 1703 2258 haec
1741 2203 1904 2258 citius
1925 2204 2160 2259 derelin-

571 2302 723 2365 quat.
749 2294 949 2350 Mundo
976 2312 1178 2367 quoque
1204 2296 1393 2362 utitur,
1418 2295 1507 2349 sed
1527 2296 1680 2366 quasi
1707 2313 1809 2350 non
1831 2305 2029 2350 utatur.
2055 2297 2159 2364 Qui

569 2392 629 2440 et
651 2384 961 2441 necessaria
993 2393 1188 2440 cuncta
1217 2385 1458 2441 exterius
1498 2386 1564 2440 ad
1597 2385 1724 2440 vitae
1764 2402 1873 2442 suae
1914 2387 2160 2442 ministe-

570 2477 716 2532 rium
769 2475 986 2547 redigit,
1025 2483 1078 2531 et
1109 2484 1290 2532 tamen
1330 2477 1445 2531 haec
1493 2490 1602 2531 non
1661 2476 1789 2530 sinit
1825 2491 1934 2530 suae
1990 2476 2158 2532 menti

571 2566 863 2634 dominari,
892 2567 987 2622 sed
1009 2575 1069 2622 ut
1096 2568 1338 2638 subjecta
1363 2567 1497 2623 foris
1518 2568 1777 2635 serviant,
1803 2577 1858 2623 et
1877 2585 2156 2640 nunquam

569 2661 928 2717 intentionem
948 2661 1116 2716 animi
1166 2661 1234 2716 ad
1269 2661 1374 2715 alia
1399 2661 1670 2717 tendentis
1722 2658 1991 2731 frangant.
2038 2661 2153 2716 Ali-

567 2762 694 2808 ter:
725 2752 864 2808 Sunt
907 2754 1000 2824 qui
1054 2753 1334 2824 patiuntur
1381 2753 1594 2809 labores
1646 2761 1701 2808 et
1745 2768 2059 2824 pressuram
2099 2753 2155 2808 in

565 2846 818 2915 presenti
846 2845 1003 2916 quasi
1044 2861 1151 2900 non
1177 2852 1531 2915 paterentur:
1562 2846 1687 2915 quia
1733 2845 1837 2900 ista
1889 2845 1947 2899 in
1998 2843 2153 2899 brevi

566 2935 743 3004 spatio
799 2936 1206 3005 pertransibunt
1235 2944 1289 2990 et
1316 2936 1589 2990 ﬁnientur.
1637 2933 1727 2990 Sic
1775 2942 1831 2989 et
1869 2933 2151 3004 sequentia

565 3025 762 3095 exponi
785 3035 1033 3097 possunt.
1085 3025 1329 3082 Praeterit
1359 3027 1496 3080 enim
1539 3026 1713 3097 ﬁgura
1754 3025 1913 3095 hujus
1942 3024 2148 3078 mundi.

566 3114 684 3171 Hoc
737 3117 994 3171 saeculum
1047 3117 1204 3186 quasi
1231 3118 1425 3172 umbra
1450 3117 1764 3187 pertransit.
1796 3114 1973 3170 Nolite
2017 3130 2148 3184 ergo

567 3203 634 3258 de
655 3219 722 3260 eo
741 3204 970 3264 multum
993 3220 1116 3261 esse
1135 3205 1375 3272 solliciti,
1397 3221 1466 3261 ne
1486 3206 1883 3276 possessionem
1906 3205 2148 3274 perdatis

566 3301 854 3363 aeternam,
883 3304 938 3352 et
966 3297 1192 3367 ﬁguram
1228 3305 1533 3367 quaerentes
1577 3297 1848 3366 incipiatis
1899 3296 2150 3352 amittere

562 3385 877 3442 veritatem.
926 3387 1028 3443 Hic
1079 3388 1223 3444 enim
1275 3389 1506 3444 mundus
1534 3388 1712 3458 imago
1737 3386 1904 3442 futuri
1943 3395 2048 3443 est.
2089 3385 2148 3442 Si

563 3490 696 3548 ergo
718 3477 842 3534 talis
881 3487 964 3534 est
996 3479 1194 3553 imago,
1220 3482 1336 3551 ipsa
1381 3479 1582 3535 veritas
1611 3479 1787 3550 qualis
1825 3481 1942 3535 est?
1993 3479 2149 3536 Unde

561 3568 608 3622 si
635 3568 740 3624 h'oc
769 3575 880 3623 tam
904 3569 1149 3641 impense
1175 3569 1416 3643 diligitis,
1443 3576 1646 3640 quanto
1674 3570 1848 3642 magis
1895 3569 2023 3624 illud
2052 3569 2147 3624 im-

563 3656 788 3725 pensius
813 3673 1000 3715 amare
1023 3659 1259 3725 debetis;
1294 3675 1421 3715 nam
1464 3660 1761 3716 secundum
1788 3661 1893 3716 hoc
1923 3674 2022 3715 nos
2068 3660 2148 3716 di-

565 3747 828 3804 missuros
857 3749 1172 3820 quotidiana
1191 3750 1541 3806 morientium
1573 3751 1821 3822 exempla
1843 3754 2147 3808 testantur?

561 3839 645 3894 An
684 3840 826 3896 forte
850 3857 950 3898 nos
971 3841 1115 3900 solos
1139 3857 1261 3899 esse
1293 3843 1580 3899 credamus
1603 3844 1956 3909 immortales,
1990 3844 2146 3914 quasi

567 3943 674 3985 non
706 3931 873 3988 simus
899 3947 968 3990 ex
1013 3933 1322 3991 hominibus
1365 3935 1627 4007 generati.
1688 3936 1844 4001 Item,
1901 3935 2148 3990 Praeterit

559 4024 700 4077 enim
745 4025 919 4096 ﬁgura
957 4027 1118 4098 hujus
1147 4027 1348 4083 mundi.
1406 4028 1465 4084 Si
1497 4027 1731 4084 mundus
1769 4027 1984 4094 transit,
2038 4043 2146 4098 quo

561 4113 818 4172 universa
841 4117 1182 4186 clauduntur,
1213 4101 1322 4176 imo
1347 4120 1520 4191 ﬁgura
1551 4127 1606 4175 et
1625 4121 1965 4176 conversatio
1986 4120 2146 4190 hujus

558 4205 750 4261 mundi
778 4207 933 4277 quasi
956 4208 1130 4265 nubes
1157 4209 1422 4279 praeterit,
1460 4219 1516 4266 et
1537 4210 1681 4266 inter
1710 4219 1907 4266 caetera
1959 4213 2143 4268 mundi

557 4315 744 4371 opera,
773 4311 829 4360 et
853 4304 1058 4376 nuptiae
1083 4307 1452 4376 praeteribunt.
1480 4305 1539 4362 Si
1565 4307 1709 4362 enim
1735 4322 1883 4363 mors
1916 4307 2039 4362 ﬁnis
2062 4316 2146 4364 est

560 4395 897 4464 nuptiarum,
920 4412 1019 4452 cur
1045 4398 1424 4454 necessitatem
1449 4398 1506 4452 in
1527 4399 1817 4456 utilitatem
1844 4417 1950 4456 non
1972 4401 2140 4455 verti-

558 4486 928 4542 mus‘tDivisa
955 4496 1038 4542 est
1066 4489 1260 4545 mulier
1305 4498 1360 4546 et
1401 4490 1573 4561 virgo,
1601 4491 1656 4547 id
1700 4499 1802 4558 est,
1850 4491 2140 4547 dissimiles

557 4584 702 4633 sunt.
751 4574 821 4629 Ut
849 4578 916 4630 sit
956 4588 1142 4634 sancta
1167 4590 1215 4635 et
1246 4599 1461 4654 corpore
1499 4593 1547 4638 et
1575 4585 1783 4654 spiritu.
1826 4583 1965 4649 Quid
2011 4597 2138 4654 pro-

560 4668 684 4723 dest
711 4679 930 4721 carnem
954 4668 1158 4724 habere
1175 4672 1462 4741 virginem,
1502 4673 1548 4726 si
1594 4672 1764 4726 menti
1793 4673 1915 4740 quis
1941 4688 2141 4742 nupse-

561 4757 653 4822 rit,
682 4763 744 4811 ut
768 4754 842 4812 sit
869 4754 1124 4826 frequens
1154 4761 1370 4814 oratio?
1401 4760 1626 4828 impedit
1655 4761 1798 4815 enim
1831 4761 2136 4834 conjugium

547 4847 837 4916 jugitatem
857 4846 1140 4902 orationis.
1177 4845 1235 4901 Si
1262 4849 1398 4918 quis.
1435 4848 1492 4903 Id
1530 4858 1634 4914 est,
1684 4858 1858 4919 pater.
1916 4852 2138 4925 Turpem

552 4953 610 4989 se
634 4937 797 4991 videri
824 4935 1107 4991 existimat.
1143 4932 1340 5007 Turpis
1364 4937 1652 5004 videbitur,
1679 4940 1725 4995 si
1753 4955 1878 5016 cum.
1899 4943 1967 4998 ad
2014 4957 2138 5012 per-

553 5024 757 5081 fectam
804 5026 1022 5080 aetatem
1046 5028 1376 5095 pervenerit,
1432 5036 1682 5086 neutrum
1734 5031 2010 5100 deliberet,
2050 5035 2136 5089 vel

551 5115 921 5185 virginitatem
956 5130 1194 5183 servare,
1224 5119 1308 5174 vel
1350 5120 1572 5188 nubere,
1627 5123 1672 5178 si
1703 5125 1906 5180 nubere
1933 5125 2135 5182 volenti

555 5220 664 5260 non
695 5206 990 5275 permittat,
1023 5217 1079 5264 et
1122 5209 1216 5264 illa
1268 5209 1434 5267 fuerit
1462 5211 1745 5269 fornicata.
1803 5215 1958 5282 Quod
2002 5217 2130 5271 vult.

549 5294 609 5349 Id
633 5303 739 5361 est,
766 5306 919 5367 pater
945 5300 1034 5355 vel
1069 5299 1179 5356 ﬁlia
1201 5301 1383 5369 faciat,
1408 5303 1466 5358 id
1491 5312 1575 5359 est
1600 5314 1757 5374 pater
1783 5322 1892 5362 non
1920 5317 2132 5377 peccat,

551 5384 599 5439 si
618 5384 736 5454 ipsa
769 5388 944 5457 puella
978 5390 1163 5446 nubat.
1193 5391 1297 5456 Qui
1327 5403 1500 5446 autent
1536 5395 1720 5448 statuit
1753 5395 1811 5448 in
1836 5396 1992 5450 corde
2013 5413 2129 5451 suo.

552 5476 610 5530 Id
630 5486 732 5543 est,
771 5479 818 5534 si
867 5489 1021 5551 pater
1063 5483 1290 5553 quisque
1317 5484 1602 5555 disposuit.
1653 5485 1892 5544 Firmus.
1942 5488 1998 5545 Id
2026 5482 2130 5556 est,

550 5569 681 5625 dum
701 5575 971 5628 consentit
1005 5573 1055 5629 ei
1078 5574 1184 5630 ﬁlia
1213 5592 1330 5632 sua.
1384 5576 1508 5632 Non
1544 5577 1758 5634 habens.
1806 5577 1865 5634 Id
1895 5588 2000 5644 est,
2038 5597 2132 5650 pa-

551 5669 656 5716 ter.
699 5662 1092 5721 Necessitatem.
1129 5666 1264 5735 Quia
1285 5684 1393 5725 non
1431 5669 1640 5740 cogitur
1672 5685 1702 5722 a
1734 5669 1843 5724 ﬁlia
1901 5685 2017 5736 sua,
2069 5681 2130 5728 ut

553 5753 709 5811 daret
735 5771 856 5813 eam
881 5757 1016 5815 viro.
1049 5757 1366 5816 Potestatem
1393 5770 1567 5817 autem
1593 5759 1763 5814 habet.
1801 5758 1919 5830 Ipse
1954 5769 2123 5829 pater.

2163 4533 2218 4594 D

2263 1941 2333 1982 ne
2360 1927 2630 1996 jactanter
2666 1929 2732 1984 de
2760 1945 2820 1985 se
2867 1930 3014 2000 loqui
3044 1929 3310 1985 videatur.
3337 1928 3594 2001 Spiritum
3619 1931 3715 1987 Dei
3744 1932 3845 1988 ha—

2263 2016 2374 2072 beo.
2402 2017 2517 2074 Hoc
2555 2027 2659 2087 est,
2691 2021 2860 2077 nolite
2902 2031 3273 2090 contemnere,
3314 2023 3439 2092 quia
3473 2039 3581 2079 non
3630 2039 3698 2079 ex
3751 2040 3845 2081 me

2260 2108 2362 2164 hoc
2399 2110 2575 2181 ipsum
2600 2121 2684 2166 est
2717 2114 2859 2182 quod
2883 2113 3026 2182 dico,
3076 2115 3171 2171 sed
3202 2115 3425 2186 spiritus
3466 2117 3562 2172 Dei
3587 2123 3694 2184 est,
3745 2119 3843 2190 qui

2259 2197 2498 2269 loquitur
2524 2201 2579 2256 in
2608 2216 2714 2269 me,
2745 2218 2905 2273 quem
2934 2205 3207 2259 contemni
3237 2220 3346 2260 non
3375 2206 3613 2277 expedit.

2853 2291 3081 2349 CAPUT
3110 2293 3240 2348 VIII.

2329 2376 2408 2432 De
2453 2379 2533 2432 his
2579 2388 2754 2435 autem
2782 2398 2900 2453 qua:
2935 2382 3091 2436 idolis
3128 2383 3488 2440 immolantur.
3543 2385 3837 2457 Subaudis,

2260 2469 2401 2535 dico,
2432 2471 2498 2525 de
2526 2471 2720 2540 quibus
2755 2473 3050 2542 scripsistis
3096 2474 3250 2529 mihi.
3291 2474 3390 2530 Hic
3425 2483 3605 2532 autem
3633 2477 3839 2535 Paulus

2257 2561 2475 2630 scriptis
2501 2561 2906 2619 Corinthiorum
2941 2566 3252 2635 respondet,
3285 2567 3413 2637 quia
3441 2568 3517 2622 illi
3543 2568 3839 2640 epistolam

2256 2651 2592 2720 scripserunt
2617 2656 2687 2707 ad
2714 2667 2856 2721 eum,
2905 2663 2967 2709 ut
3009 2657 3175 2712 sciret
3218 2657 3347 2727 quid
3394 2658 3650 2714 facerent.
3696 2659 3840 2716 Nam

2255 2741 2348 2796 alii
2371 2757 2560 2797 eorum
2585 2743 2642 2798 in
2689 2745 2903 2814 templis
2943 2746 3207 2802 idolorum
3248 2748 3545 2820 idolothyta
3598 2752 3839 2807 mandu-

2257 2836 2474 2903 cabant,
2505 2845 2566 2892 ut
2619 2847 3027 2895 contemnerent
3052 2840 3282 2906 idolum;
3311 2843 3532 2911 quidam
3559 2858 3689 2899 vero
3739 2846 3840 2914 qui

2254 2938 2411 2982 erant
2454 2929 2656 2998 infirmi
2701 2930 2757 2985 in
2783 2930 2886 2986 ﬁde
2920 2939 2975 2986 et
3015 2934 3366 2998 conscientia,
3407 2950 3515 2989 non
3561 2935 3841 2992 audebant

2253 3018 2601 3085 manducare,
2629 3029 2684 3075 et
2721 3021 3180 3078 contristabantur
3233 3024 3390 3080 valde
3419 3024 3552 3080 alios
3584 3025 3841 3083 videntes

2254 3123 2440 3163 coram
2483 3125 2542 3165 se
2581 3113 2927 3178 manducare,
2968 3115 3060 3183 qui
3112 3114 3362 3169 dicebant
3407 3133 3420 3168 :
3461 3113 3599 3181 Quia
3646 3119 3840 3173 omnis

2177 3188 2221 3250 C
2254 3209 2499 3254 creatura
2525 3202 2665 3256 bona
2693 3203 2782 3268 sit,
2806 3211 2860 3257 et
2885 3203 3018 3257 nihil
3041 3203 3111 3258 sit
3137 3204 3364 3271 idolum;
3395 3215 3450 3260 et
3470 3207 3573 3262 hac
3595 3208 3840 3280 imagine

2251 3290 2423 3359 magis
2449 3306 2612 3360 quam
2636 3293 2847 3348 ratione
2874 3293 3119 3349 veritatis
3140 3297 3413 3352 errabant.
3444 3296 3837 3369 Idolothytum,

2251 3380 2306 3435 id
2345 3387 2450 3446 est,
2493 3381 2697 3436 idolum
2721 3383 2980 3451 occisum,
3014 3385 3100 3439 vel
3149 3387 3502 3443 immolatum.
3543 3391 3658 3445 Θύω
3687 3390 3840 3447 Grae-

2251 3488 2330 3537 ce,
2371 3472 2577 3529 occido.
2605 3473 2791 3545 Itaque
2825 3476 2967 3532 solas
3004 3493 3194 3534 carnes
3231 3480 3534 3536 immolatas
3572 3481 3675 3536 hoc
3725 3498 3840 3539 no-

2251 3567 2396 3621 mine
2421 3568 2813 3639 signiﬁcabant.
2842 3568 3050 3626 Scimus
3079 3573 3203 3643 quia
3226 3590 3398 3629 omnes
3438 3575 3709 3630 scientiam
3730 3576 3843 3634 ha-

2253 3656 2446 3714 bemus.
2477 3659 2594 3717 Hoc
2625 3668 2732 3729 est,
2760 3676 2867 3718 non
2897 3663 3020 3732 plus
3041 3663 3116 3719 illi
3139 3665 3316 3720 sciunt
3336 3666 3428 3736 qui
3459 3665 3632 3721 inﬂati
3676 3677 3841 3736 sunt,

2251 3762 2414 3818 quam
2441 3765 2557 3806 vos.
2589 3748 2815 3807 Scimus.
2867 3750 2927 3806 Id
2975 3759 3076 3818 est,
3108 3753 3251 3823 quod
3293 3753 3429 3808 nihil
3474 3755 3546 3808 sit
3599 3753 3839 3810 idolum.

2253 3838 2490 3897 Scientia
2523 3851 2701 3898 autem
2728 3844 2845 3900 sine
2875 3844 3140 3899 charitate
3187 3843 3336 3900 inﬂat
3364 3860 3461 3913 per
3493 3845 3838 3915 superbiam.

2248 3927 2342 3983 Illa
2380 3933 2605 3986 scientia
2636 3933 2807 3998 inﬂat,
2837 3949 2958 4002 quae
2997 3949 3064 3988 ex
3091 3948 3252 3988 sensu
3279 3935 3496 4002 proprio
3540 3945 3596 3989 et
3637 3937 3841 3995 Imma-

2248 4036 2318 4075 no
2354 4022 2650 4086 descendit,
2676 4030 2732 4075 et
2757 4037 2877 4090 quae
2910 4021 3232 4089 conjecturis
3259 4022 3430 4091 magis
3464 4023 3638 4079 utitur
3663 4043 3839 4099 quam

2247 4112 2529 4181 exemplis.
2584 4109 2829 4166 Charitas
2855 4129 2973 4168 vero
3014 4113 3264 4181 aediﬁcat.
3306 4114 3442 4180 Quia
3492 4131 3600 4171 non
3631 4123 3840 4188 quaerit

2247 4216 2368 4272 qua:
2388 4217 2486 4257 sua
2518 4208 2661 4268 sunt,
2694 4203 2788 4259 sed
2814 4219 2936 4274 quae
2975 4204 3243 4260 aediﬁcant
3268 4206 3487 4262 fratres.
3509 4206 3660 4264 Illius
3695 4225 3838 4284 ergo

2248 4293 2488 4348 charitas
2512 4293 2744 4349 aediﬁcat
2783 4297 2877 4364 qui
2903 4297 3070 4352 dicit:
3105 4296 3259 4353 Licet
3287 4314 3375 4354 me
3405 4314 3513 4355 non
3563 4300 3838 4369 impediat

2246 4383 2575 4439 manducare
2606 4384 2924 4458 idolothyta,
2982 4397 3160 4443 tamen
3196 4398 3420 4461 propter
3478 4390 3682 4446 idolum
3705 4430 3722 4458 ,
3755 4408 3835 4448 ne

2248 4473 2368 4528 aliis
2424 4473 2725 4544 displiceat,
2777 4493 2883 4533 non
2936 4479 3295 4538 manducabo.
3357 4479 3512 4547 Quod
3539 4481 3584 4535 si
3629 4482 3745 4554 quis
3770 4501 3834 4539 se

2244 4560 2506 4614 existimat
2535 4563 2668 4616 scire
2698 4563 2918 4634 aliquid,
2952 4565 3182 4619 nondum
3212 4568 3468 4637 cognovit.
3500 4567 3614 4622 Hoc
3641 4576 3744 4636 est,
3780 4573 3829 4627 si

2244 4652 2366 4722 quis
2394 4653 2496 4708 sibi
2534 4653 2744 4708 videtur
2768 4656 3004 4724 sapiens,
3037 4663 3092 4710 et
3121 4657 3166 4712 si
3190 4673 3349 4727 quem
3380 4659 3532 4714 inﬂat
3563 4661 3823 4718 scientia.

2245 4744 2696 4810 Quemadmodum
2727 4757 2960 4817 oporteat
2991 4765 3108 4802 eum
3132 4751 3283 4805 scire.
3323 4750 3381 4808 Id
3415 4761 3518 4818 est,
3556 4751 3673 4808 sine
3715 4754 3830 4816 ela-

2242 4838 2410 4904 tione,
2439 4853 2561 4893 cum
2593 4839 2895 4896 humilitate
2920 4848 2975 4896 et
3000 4841 3282 4899 charitate.
3305 4843 3365 4900 Si
3390 4845 3506 4917 quis
3532 4853 3707 4910 autem
3744 4848 3830 4902 di-

2241 4930 2356 5002 ligit
2389 4932 2578 4988 Deum.
2630 4932 2722 4988 Ille
2763 4932 2934 5005 diligit
2974 4934 3166 5000 Deum,
3207 4936 3298 5006 qui
3332 4936 3562 4992 aediﬁcat
3595 4935 3821 4995 fratres.

2243 5025 2347 5081 Hic
2377 5029 2611 5099 cognitus
2654 5038 2729 5083 est
2773 5029 2836 5083 ab
2879 5047 2957 5085 eo.
2999 5029 3099 5087 Hic
3136 5032 3374 5103 diligitur
3407 5049 3439 5088 a
3471 5033 3604 5101 Deo,
3639 5043 3702 5090 ut
3735 5044 3826 5092 est

2199 5110 2202 5112 ’
2241 5117 2372 5172 illud
2400 5135 2414 5172 :
2443 5118 2602 5173 Novit
2635 5117 2888 5175 Dominus
2914 5123 3004 5192 qui
3033 5134 3154 5177 sunt
3187 5123 3300 5193 ejus
3337 5122 3424 5195 (ΙΙ
3451 5123 3582 5178 Tim.
3613 5123 3697 5196 ιι).
3739 5123 3823 5180 De

2240 5211 2369 5264 escis
2398 5219 2569 5264 autem
2590 5227 2706 5282 quae
2723 5213 2877 5267 idolis
2903 5213 3263 5280 immolantur,
3296 5216 3507 5270 scimus.
3547 5213 3699 5271 Nunc
3733 5231 3822 5271 re-

2194 5296 2196 5298 ’
2237 5301 2373 5373 petit
2403 5305 2547 5374 quod
2588 5307 2832 5376 superius
2873 5307 3114 5372 dixerat,
3151 5315 3206 5362 et
3242 5309 3368 5377 quid
3405 5309 3476 5364 sit
3517 5309 3820 5364 evidentius

2239 5391 2491 5448 ostendit.
2532 5393 2670 5460 Quia
2690 5395 2820 5450 nihil
2843 5404 2918 5450 est
2940 5396 3158 5449 idolum.
3199 5397 3323 5452 Sive
3347 5399 3403 5453 in
3432 5399 3588 5464 caelo,
3621 5399 3671 5454 id
3704 5408 3814 5465 est,

2239 5486 2444 5555 angeli;
2476 5496 2569 5542 aut
2601 5488 2778 5543 sidera
2805 5487 2944 5552 coeli,
2977 5494 3036 5542 ut
3069 5487 3361 5556 Saturnus;
3399 5491 3513 5546 sive
3548 5490 3603 5544 in
3644 5500 3816 5558 terra,

2236 5584 2300 5631 ut
2318 5576 2476 5632 idola.
2517 5576 2623 5632 Sed
2650 5577 2823 5631 nonin
2841 5577 3077 5633 omnibus
3098 5588 3172 5635 est
3193 5580 3429 5635 scientia.
3469 5579 3587 5636 Non
3620 5594 3814 5635 omnes

2237 5668 2413 5723 sciunt
2455 5669 2600 5739 quod
2633 5678 2852 5738 propter
2891 5679 3256 5742 contemptum
3297 5674 3424 5730 idoli
3463 5673 3569 5731 hoc
3606 5671 3812 5738 facitis,

2236 5763 2329 5820 sed
2355 5770 2546 5834 putant
2570 5777 2665 5820 vos
2690 5773 2906 5836 propter
2926 5770 3325 5829 venerationem
3359 5770 3460 5828 hoc
3498 5769 3699 5828 facere.
3736 5767 3813 5826 In

4039 4347 4041 4500 ω
