4108 6334
332 362 445 422 145

1410 364 1742 426 COLLECT.
1784 368 1853 425 IN
1891 367 2109 428 EPIST.
2148 369 2168 425 I
2206 369 2298 425 AD
2332 369 2486 428 COR.

3481 385 3587 441 M6

329 429 830 551 conscientiamque
857 480 1028 536 adhuc
1051 479 1202 547 idoli,
1223 481 1374 552 quasi
1396 481 1739 552 idolothgtum
1758 498 1904 538 man-
1931 486 1985 546 Α
2009 483 2374 540 tabernaculo.
2425 483 2556 550 Qua:
2583 485 2644 539 de
2673 489 2906 543 sacrario
2934 500 3054 547 sunt
3081 493 3260 550 edunt.
3300 496 3437 565 Quia
3467 515 3586 570 qua:

329 569 545 624 ducant.
585 570 775 626 Adhuc
803 572 848 626 si
875 571 1156 628 habentia
1177 573 1502 629 conscientia
1525 573 1901 646 idolothytum,

328 661 599 732 quomodo
626 669 914 733 antequam
939 665 1222 719 crederent
1245 665 1658 719 manducabant.
1698 663 1768 718 Et
1790 680 1906 720 con-

325 753 546 808 scientia
573 755 759 823 ipsius,
785 773 906 809 cum
937 756 1004 810 sit
1038 757 1273 826 inﬁrma,
1304 757 1685 828 coinquinatur.
1723 756 1903 813 Decli-

326 847 506 901 nando
537 863 554 902 :
590 848 656 902 ad
699 848 1057 904 idololatriam
1097 865 1195 920 per
1229 849 1431 904 malum
1465 850 1768 921 exemplum
1808 865 1903 905 ve-

325 944 522 1004 strum,
559 946 651 992 aut
677 941 916 1009 putando
944 939 1145 1010 aliquid
1168 940 1440 1008 religionis
1462 956 1582 996 esse
1606 942 1661 995 in
1682 956 1904 996 vescen-

324 1030 408 1085 dis
437 1030 767 1102 idolothytis.
809 1031 946 1086 Esca
971 1041 1147 1086 autem
1167 1048 1260 1086 nos
1295 1047 1398 1085 non
1425 1033 1751 1087 commendat
1769 1033 1899 1088 Deo.

321 1119 434 1177 Sed
459 1121 698 1176 Charitas
734 1121 1004 1177 aediﬁcans
1041 1121 1262 1176 fratres.
1305 1120 1408 1186 Qui
1449 1121 1601 1176 habet
1632 1123 1903 1176 scientiam

318 1209 377 1268 in
412 1213 572 1266 idolo.
621 1212 735 1268 IIoc
769 1220 872 1278 est,
918 1213 1061 1282 quod
1102 1213 1304 1267 idolum
1339 1212 1476 1267 nihil
1523 1213 1612 1279 sit,
1662 1222 1718 1268 et
1758 1212 1904 1282 quod

318 1304 521 1358 munda
547 1305 617 1360 sit
644 1305 819 1359 omnis
843 1304 1069 1359 visibilis
1105 1312 1373 1368 creatura,
1412 1319 1591 1360 nonne
1625 1305 1903 1360 conscien-

319 1395 395 1448 tia
422 1395 538 1465 ejus
558 1394 610 1448 id
636 1395 862 1464 putabit,
893 1396 1037 1464 quod
1061 1394 1218 1450 idolis
1245 1395 1525 1450 immolare
1554 1395 1624 1450 sit
1651 1395 1902 1450 licitum?

316 1483 716 1553 Ediﬁcabitur.
755 1483 1243 1552 Corroborabitur,
1287 1485 1656 1541 suscitabitur.
1700 1485 1781 1551 ,Et
1813 1503 1903 1558 pe-

315 1574 439 1627 ribit
479 1575 739 1643 inﬁrmus.
786 1575 923 1629 Dum
954 1584 1159 1644 contra
1209 1577 1372 1633 ﬁdem
1423 1586 1478 1632 et
1516 1577 1900 1634 conscientiam

313 1663 621 1720 manducat.
677 1664 842 1720 Omne
867 1675 1043 1721 autem
1065 1667 1204 1738 quod
1229 1684 1296 1722 ex
1322 1668 1428 1737 ﬁde
1469 1685 1569 1722 non
1607 1677 1682 1722 est
1717 1686 1900 1740 pecca-

315 1767 421 1812 tum
446 1767 542 1813 est.
575 1757 642 1812 In
673 1766 764 1813 tua
791 1761 1126 1814 conscientia.
1165 1760 1301 1827 Quia
1322 1759 1553 1816 ﬁrmiter
1575 1761 1753 1816 credis
1783 1762 1899 1818 ido-

313 1850 424 1905 lum
455 1865 562 1905 non
591 1864 728 1904 esse.
780 1848 1137 1904 Percutientes
1164 1852 1532 1904 conscientiam
1555 1868 1735 1905 eorum
1752 1853 1900 1922 inﬁr-
1924 1845 1973 1907 B

312 1959 473 1996 mam.
531 1939 781 1997 Nondum
813 1941 1048 1994 validam
1084 1943 1138 1994 in
1173 1940 1278 1995 ﬁde
1314 1940 1535 1996 Christi.
1589 1942 1712 1996 Non
1749 1960 1900 1998 man-

311 2035 515 2089 ducabo
545 2051 754 2088 carnem
791 2035 847 2087 in
890 2042 1164 2087 internum.
1211 2034 1315 2088 Dat
1355 2034 1661 2104 exemplum
1708 2036 1773 2089 de
1817 2051 1895 2102 se,

309 2127 611 2182 sed'tamen
635 2125 780 2196 quod
798 2124 1006 2181 licitum
1026 2131 1146 2179 erat
1162 2138 1270 2179 non
1295 2123 1461 2193 facit,
1477 2139 1559 2180 ne
1587 2124 1708 2181 aliis
1730 2124 1898 2184 offen-

311 2219 556 2275 diculum
585 2219 803 2274 faceret.

923 2305 1150 2363 CAPUT
1195 2305 1289 2360 IX.

382 2396 508 2452 Non
535 2414 650 2453 sum
675 2397 844 2452 liber?
883 2395 1047 2452 Liber
1068 2412 1188 2451 sum
1207 2397 1389 2452 omnia
1410 2395 1646 2452 visibilia
1670 2397 1896 2452 mandu-

306 2503 468 2555 care,
521 2491 646 2545 dum
694 2489 950 2559 apostolis
986 2489 1184 2544 dicitur
1214 2507 1227 2541 :
1254 2487 1572 2542 Handucale
1608 2505 1724 2560 qua:
1753 2490 1894 2559 apud

305 2578 424 2632 illos
462 2585 601 2632 sunt.
652 2577 776 2632 Non
809 2596 924 2634 sum
966 2578 1276 2649 apostolus?
1313 2577 1391 2632 Ita
1440 2578 1720 2649 legendum
1762 2588 1846 2635 est
1877 2597 1889 2635 :

305 2667 558 2738 Nunquid
588 2684 694 2725 non
737 2685 854 2723 sum
893 2669 1204 2738 apostolus?
1246 2668 1414 2724 Suum
1447 2669 1555 2724 illis
1587 2670 1892 2741 exemplum

305 2759 567 2829 replicat,
620 2759 763 2828 quod
809 2774 934 2815 cum
973 2760 1250 2816 habuisset
1287 2759 1469 2816 omnia
1510 2760 1565 2814 in
1601 2769 1890 2830 potestate,

305 2849 539 2906 noluerit
565 2847 747 2907 facere
778 2851 918 2921 quod
949 2851 1027 2906 illi
1053 2851 1277 2916 licebat,
1305 2860 1525 2922 propter
1553 2853 1782 2908 aliorum
1811 2869 1893 2909 sa-

305 2944 492 2998 lutem.
520 2943 664 3014 Opus
685 2961 878 3010 meum,
901 2944 956 2999 id
976 2953 1080 3010 est,
1105 2945 1440 3015 apostolatus
1459 2946 1563 3000 mei
1585 2961 1738 3016 opus.
1769 2945 1890 3003 Etsi

305 3035 424 3090 aliis
447 3053 549 3090 non
576 3053 693 3090 sum
721 3035 1006 3107 apostolus.
1057 3036 1116 3090 ld
1147 3044 1251 3103 est,
1281 3035 1498 3103 Iudicis,
1525 3039 1592 3092 ad
1620 3052 1755 3108 quos
1781 3055 1890 3095 non

305 3141 422 3182 sum
447 3128 665 3193 missus,
692 3127 805 3182 sive
835 3128 1047 3182 caeteris
1079 3129 1326 3198 gentibus
1357 3137 1552 3199 praeter
1576 3145 1693 3186 vos.
1746 3130 1889 3185 Nam

2006 574 2305 633 oﬁ'erebant
2331 579 2426 633 ﬁlii
2453 579 2617 635 Israel
2645 585 2712 637 ad
2745 585 3019 656 templum,
3059 589 3115 645 hi
3155 591 3249 662 qui
3289 592 3344 648 in
3386 597 3584 666 templo

2007 677 2164 722 erant
2185 671 2601 728 manducabant.
2643 673 2709 728 Et
2731 677 2821 747 qui
2848 677 3009 733 altari
3032 680 3346 738 deserviunt.
3396 684 3456 741 Id
3479 698 3581 755 est,

2006 760 2317 814 sacerdotes
2343 771 2398 816 et
2423 761 2620 818 levitas.
2663 762 2896 822 Gloriam
2924 786 3112 825 meam.
3164 771 3452 831 Prtemium
3477 793 3586 850 quo

2007 848 2265 919 gloriatus
2291 867 2427 919 sum,
2463 870 2570 909 non
2593 859 2875 915 comedere
2898 862 2963 916 de
2991 865 3286 935 evangelio.
3329 848 3580 938 Evacuet,

2008 938 2066 995 Si
2100 943 2404 997 necessaria
2432 947 2720 1003 ministret.
2763 948 2820 1004 Si
2853 953 2988 1006 enim
3017 955 3454 1027 evangelisavero,
3477 979 3584 1018 non

2005 1040 2078 1085 est
2114 1033 2241 1086 mihi
2274 1033 2461 1104 gloria.
2503 1037 2616 1094 Hoc
2658 1049 2759 1105 εει,
2806 1042 2853 1096 si
2891 1047 3332 1116 evangelizavero
3376 1058 3437 1106 ut
3477 1054 3584 1109 ista

2007 1125 2138 1181 ﬁant
2162 1127 2215 1182 in
2236 1144 2340 1194 me,
2367 1130 2419 1184 id
2442 1140 2549 1198 est,
2569 1135 2614 1188 si
2635 1145 2918 1206 pr0pterea
2944 1143 3404 1213 evangelizavero,
3429 1155 3492 1202 ut
3517 1147 3586 1204 ad

2006 1216 2096 1271 illa
2118 1221 2452 1288 perveniam,
2482 1231 2538 1278 et
2561 1224 2723 1280 ﬁnem
2747 1231 3008 1300 evangelii
3033 1234 3088 1287 in
3110 1235 3254 1302 cibo,
3282 1246 3498 1308 etpotu,
3531 1247 3587 1293 et

2004 1311 2328 1368 vestimento
2351 1313 2621 1371 locavero.
2663 1317 2768 1375 Sed
2797 1337 2966 1390 quare
2987 1341 3095 1380 non
3123 1337 3208 1382 est
3229 1329 3441 1399 gloria?
3477 1329 3588 1384 Ne-

2007 1405 2221 1458 cessitas
2262 1407 2398 1460 enim
2438 1409 2588 1476 mihi,
2625 1410 2819 1481 inquit,
2850 1417 3118 1472 incumbit.
3158 1420 3214 1475 Id
3243 1429 3342 1487 est,
3376 1430 3437 1478 ut
3466 1423 3588 1478 ideo

2005 1495 2389 1566 evangelizem.
2445 1496 2532 1554 Va:
2563 1502 2698 1555 enim
2727 1505 2872 1568 mihi,
2900 1507 3091 1576 inquit,
3124 1511 3168 1564 si
3192 1528 3296 1566 non
3326 1512 3591 1583 evangeli-

2005 1603 2208 1641 zavero.
2248 1587 2355 1644 Sed
2401 1593 2667 1659 quomodo
2714 1592 2876 1650 debet
2920 1601 3336 1669 evangelizare?
3381 1604 3590 1660 scilicet

2003 1679 2143 1732 utin
2173 1680 2289 1749 ipso
2319 1682 2616 1754 evangelio,
2646 1693 2702 1739 et
2740 1685 2794 1740 in
2835 1702 3001 1757 regno
3039 1691 3135 1745 Dei
3174 1701 3340 1761 ponat
3375 1711 3587 1751 merce~

2005 1771 2128 1826 dem
2160 1791 2172 1826 :
2206 1774 2281 1828 ita
2307 1775 2452 1830 enim
2478 1784 2658 1845 potest
2681 1792 2789 1834 non
2816 1790 3035 1836 coactus
3069 1785 3458 1855 evangelizare,
3492 1788 3589 1844 sed

1998 1863 2206 1920 volens.
2255 1865 2318 1922 Si
2347 1869 2506 1936 enim,
2538 1870 2734 1938 inquit,
2761 1871 2938 1928 volens
2968 1875 3066 1928 hoc
3107 1877 3264 1945 facio,
3298 1881 3586 1934 mercedem

1999 1955 2162 2009 habeo
2186 1959 2267 2010 :si
2299 1969 2473 2013 autem
2505 1962 2716 2029 invitus,
2755 1965 3075 2036 dispensatio
3107 1970 3236 2023 mihi
3263 1972 3459 2026 credita
3489 1982 3584 2028 est.

1997 2044 2058 2098 Id
2083 2055 2184 2112 est,
2217 2049 2264 2102 si
2291 2059 2512 2105 coactus
2550 2053 2730 2122 inopia
2772 2071 2961 2112 earum
2996 2075 3178 2114 rerum
3219 2077 3340 2131 qua:
3380 2071 3590 2135 tempo-

2002 2137 2134 2192 ralis
2165 2139 2289 2193 vitaa
2315 2150 2460 2207 sunt,
2496 2146 2804 2200 necessario
2827 2148 3060 2216 praedico
3089 2153 3452 2222 evangelium,
3494 2156 3588 2211 alii

1996 2242 2096 2297 per
2125 2243 2212 2282 me
2239 2228 2444 2284 habent
2468 2233 2776 2287 mercedem
2810 2237 3106 2305 evangelii,
3133 2240 3225 2308 qui
3251 2243 3588 2313 evangelium

1997 2322 2175 2393 ipsum
2207 2339 2295 2380 me
2327 2326 2657 2396 praedicante
2697 2329 2926 2400 diligunt
2955 2350 2968 2384 :
2999 2346 3097 2404 ego
3130 2342 3310 2390 autem
3345 2353 3453 2392 non
3490 2339 3589 2394 ha-

1995 2415 2116 2481 beo,
2150 2418 2243 2488 qui
2278 2433 2388 2472 non
2416 2420 2592 2488 ipsum
2627 2423 2961 2492 evangelium
2988 2424 3174 2495 diligo,
3203 2429 3296 2482 sed
3322 2428 3440 2497 ejus
3466 2446 3592 2501 pre-

1995 2506 2132 2560 tium
2166 2507 2221 2560 in
2244 2505 2352 2562 illis
2375 2510 2710 2578 temporibus
2733 2513 3116 2580 constitutum,
3145 2517 3289 2586 quod
3323 2517 3478 2574 nefas
3506 2530 3592 2576 est

1995 2596 2133 2663 ﬁeri,
2168 2605 2230 2652 ut
2256 2614 2364 2655 non
2395 2608 2654 2671 tanquam
2683 2602 2827 2658 ﬁlius
2857 2605 3130 2664 ministret
3156 2608 3387 2679 quisque
3415 2627 3584 2668 evan-

1995 2688 2214 2760 gelium,
2239 2690 2336 2746 sed
2365 2699 2621 2762 tanquam
2647 2709 2858 2763 servus,
2890 2697 2977 2750 cui
3004 2697 3340 2772 dispensatio
3381 2703 3589 2759 credita

1994 2789 2108 2847 est,
2139 2789 2200 2836 ut
2230 2789 2489 2853 tanquam
2515 2784 2751 2841 alienum
2781 2797 3000 2859 eroget,
3031 2791 3168 2846 nihil
3203 2792 3329 2848 inde
3356 2793 3472 2864 ipse
3499 2810 3591 2851 ca-

1992 2872 2108 2944 piat
2139 2882 2340 2944 praeter
2375 2875 2601 2943 cibaria,
2634 2892 2754 2947 quae
2779 2879 2846 2935 de
2871 2881 3287 2951 participatione
3313 2895 3591 2944 sustenta—

1993 2963 2173 3018 culum
2218 2965 2432 3020 misera:
2469 2968 2747 3024 servitutis
2787 2970 2985 3026 dantur
3017 2975 3378 3044 extrinsecus,
3418 2993 3586 3047 quan-

1994 3070 2156 3126 quam
2170 3055 2406 3112 alioloco
2428 3067 2482 3112 et
2507 3059 2935 3128 dispensatorem
2959 3078 3017 3120 se
3043 3065 3204 3120 dicat.
3234 3066 3421 3124 Potest
3443 3071 3587 3126 enim

1992 3153 2048 3200 et
2075 3161 2264 3202 servus
2288 3147 2343 3202 in
2368 3148 2603 3204 ﬁliorum
2629 3167 2915 3208 numerum
2956 3155 3263 3226 adoptatus,
3292 3173 3414 3214 eam
3443 3175 3583 3229 rem,

301 3217 650 3289 signaculum
694 3217 958 3320 Ῑοάίοίυῐξι
985 3219 1320 3320 θροεῑριδῑιξε
1348 3228 1448 3287 εει»
1485 3221 1628 3291 (Ιαοά
1662 3237 1758 3279 VOS
1781 3236 1893 3320 ’ξεν
1919 3224 1963 3288 C
1995 3234 2051 3289 in
2076 3251 2182 3306 qua
2213 3237 2513 3294 cohaeredis
2543 3248 2748 3296 sortem
2771 3244 2993 3311 meruit,
3017 3217 3259 3302 ﬁdeliter.
3275 3217 3588 3320 dispensare

305 3323 392 3363 me
426 3309 755 3375 credidistis,
800 3309 970 3380 signis
1007 3317 1061 3365 et
1095 3310 1385 3367 virtutibus
1421 3314 1716 3381 provocati.
1770 3313 1894 3369 Mea

301 3397 554 3468 defensio.
596 3398 713 3454 Mea
739 3399 982 3456 defensio
1009 3401 1148 3471 apud
1184 3401 1306 3457 illos
1333 3403 1425 3472 qui
1464 3404 1681 3461 dicent:
1706 3405 1892 3473 Qualis

301 3497 388 3546 est
405 3485 626 3556 Paulus;
668 3499 849 3546 utrum
896 3492 1167 3561 apostolus
1207 3500 1308 3557 est,
1360 3508 1429 3547 an
1467 3497 1615 3550 non?
1664 3495 1765 3552 Hic
1806 3512 1892 3553 re-

303 3582 656 3652 spondebitur
675 3583 818 3653 quod
843 3583 1040 3639 Paulus
1074 3584 1347 3654 apostolus
1370 3584 1440 3640 sit
1462 3585 1886 3643 Corinthiorum.

309 3671 569 3741 Nunquid
596 3690 698 3727 non
721 3674 985 3728 habemus.
1043 3675 1156 3746 Ego
1189 3684 1242 3730 et
1272 3675 1548 3730 Barnabas
1572 3677 1595 3729 ?
1649 3676 1890 3730 Potesta-

302 3775 429 3820 tem.
486 3766 648 3822 Nobis
676 3783 706 3821 a
734 3768 844 3824 Deo
874 3784 1206 3825 concessam.
1259 3768 1640 3824 Manducandi.
1690 3770 1766 3826 De
1793 3784 1886 3825 ve-

300 3857 451 3924 stris,
483 3865 543 3911 ut
572 3858 762 3930 dignus
783 3869 865 3916 est
885 3861 1164 3932 cperarius
1186 3862 1436 3918 mercede
1458 3877 1575 3917 sua.
1614 3860 1884 3918 Mulieres.

299 3951 358 4006 In
406 3949 594 4006 Graeco
638 3968 852 4009 sorores
905 3953 1155 4028 [abripui],
1202 3969 1311 4010 non
1357 3955 1611 4011 mulieres
1666 3955 1883 4027 legitur.

301 4039 760 4098 Circumducendi.
817 4043 921 4100 Per
977 4045 1285 4114 provincias
1331 4047 1400 4102 ad
1447 4047 1882 4103 ministrandum.

301 4129 451 4186 Sicut
487 4141 536 4186 et
575 4135 750 4187 caeteri
794 4135 1035 4205 apostoli.
1088 4135 1382 4192 Nonnullos
1426 4139 1743 4204 contemnit,
1789 4139 1887 4196 sed

301 4237 458 4276 suum
491 4223 583 4278 dat
615 4224 942 4294 exemplum.
978 4225 1057 4280 Illi
1087 4227 1232 4283 enim
1262 4227 1591 4284 ﬁdelioribus
1622 4231 1885 4299 praedica-

299 4313 431 4369 bant
455 4333 468 4368 :
493 4323 549 4370 et
579 4317 722 4387 apud
765 4316 963 4374 Jude‘os
1000 4319 1220 4390 antiqua
1269 4322 1597 4377 consuetudo
1640 4331 1778 4389 erat,
1825 4333 1887 4378 ut

302 4412 609 4466 necessaria
636 4411 949 4469 doctoribus
970 4429 1001 4468 a
1023 4415 1299 4486 discipulis
1325 4417 1713 4486 praeberentur,
1742 4419 1886 4488 quod

303 4511 487 4570 gentes
512 4501 690 4558 adhuc
717 4505 878 4559 rudes
900 4512 1115 4574 poterat
1136 4507 1524 4564 scandalizare.
1575 4508 1704 4584 Quis
1733 4509 1884 4580 plan-

1993 3334 2346 3405 participibus
2368 3337 2500 3390 suis.
2545 3336 2653 3392 Sed
2677 3354 2822 3394 nunc
2845 3341 2938 3395 ubi
2964 3341 3079 3399 ait.:
3105 3341 3439 3414 Dispensatio
3458 3345 3587 3400 mihi

1994 3424 2193 3479 credita
2220 3436 2318 3492 est,
2350 3427 2515 3482 talem
2537 3428 2995 3498 dispensationem
3019 3433 3245 3506 intelligi
3275 3437 3466 3503 voluit,
3496 3437 3586 3508 qui

1994 3516 2229 3574 alienum
2261 3520 2570 3590 dispensat,
2603 3523 2746 3578 unde
2772 3525 2887 3595 ipse
2914 3526 3052 3581 nihil
3083 3528 3333 3597 accipiat.
3385 3529 3454 3582 Ut
3485 3546 3589 3585 nor.

1993 3608 2186 3662 abutar
2215 3619 2469 3680 potestate
2499 3629 2636 3666 mea.
2666 3612 2815 3679 Sive,
2839 3629 2908 3670 ne
2936 3625 3060 3670 utar
3087 3625 3355 3687 potestate
3375 3620 3466 3688 qui
3491 3635 3582 3677 ac-

1993 3699 2108 3769 cepi
2135 3700 2318 3754 vivere
2347 3700 2414 3756 de
2435 3699 2618 3756 fructu
2638 3705 2927 3775 evangelii,
2960 3706 3074 3761 sive
3097 3707 3223 3762 dum
3247 3708 3469 3765 voluero
3495 3725 3588 3765 ac-

1991 3788 2192 3859 cipere,
2220 3790 2385 3845 vilem
2409 3792 2608 3848 faciam
2634 3801 2959 3864 potestatem
2981 3813 3180 3866 meam,
3211 3815 3333 3855 cum
3363 3810 3584 3872 propter

1988 3890 2235 3937 ventrem
2257 3883 2454 3938 docere
2478 3883 2780 3941 existimor.
2835 3887 2980 3942 Nam
3003 3906 3120 3944 cum
3152 3889 3282 3947 liber
3309 3909 3493 3948 essem.
3525 3893 3585 3951 Id

1988 3982 2088 4041 est,
2131 3973 2278 4030 licita
2327 3975 2536 4033 edendo
2574 3987 2796 4049 propter
2835 3980 3156 4038 doctrinam.
3207 3983 3285 4038 Ab
3320 3986 3582 4042 omnibus.

1985 4063 2043 4120 Id
2067 4073 2173 4130 est,
2199 4067 2632 4124 necessitatibus.
2677 4067 2927 4126 Omnium
2949 4090 3030 4128 me
3053 4091 3258 4130 servum
3294 4075 3412 4146 feci.
3457 4077 3587 4134 Om-

1984 4157 2145 4212 nibus
2189 4172 2502 4229 compassus
2551 4175 2690 4215 sum.
2743 4160 2814 4215 Et
2853 4161 3035 4229 'factus
3074 4182 3192 4220 sum
3232 4164 3440 4222 Iudaeis
3483 4167 3584 4222 Ju-

1987 4248 2151 4302 dwus.
2188 4247 2634 4305 Circumcidendo
2657 4251 2864 4308 scilicet
2886 4252 3249 4322 Timotheum,
3274 4258 3417 4327 quod
3441 4265 3578 4314 tem-

1984 4355 2116 4410 pore
2142 4341 2328 4409 gratiae
2357 4342 2566 4397 sciebat
2586 4358 2707 4398 esse
2731 4344 3080 4414 superﬂuum.

2060 4429 2333 4502 Tanquam
2365 4432 2458 4486 sub
2498 4432 2606 4502 lege
2645 4451 2828 4488 essem.
2869 4435 2928 4488 ld
2963 4442 3066 4501 est,
3116 4443 3280 4505 caput
3317 4438 3579 4508 radendo,

1987 4531 2044 4578 et
2060 4522 2401 4593 puriﬁcando
2424 4537 2483 4578 se
2504 4523 2559 4578 in
2583 4526 2800 4594 templo.
2842 4525 3115 4598 Tanquam
3134 4529 3247 4583 sine
3268 4528 3377 4601 lege
3391 4548 3575 4589 essem.

304 4600 378 4646 ται
419 4609 650 4664 “nquam
673 4595 698 4646 ?
731 4592 772 4647 Ρ
774 4609 834 4648 δι’
871 4599 1328 4666 comparationem
1375 4599 1546 4654 νίηθεε
1593 4581 1648 4654 et
1687 4601 1884 4670 ετεεὶε,
1909 4575 1964 4637 D
1991 4575 2127 4683 Quia
2161 4629 2270 4670 non
2297 4622 2409 4670 tam
2437 4575 2986 4684 legalibusrdoctrinis
3026 4633 3187 4688 quam
3222 4575 3579 4680 rationalibus

302 4682 559 4752 populum
591 4683 707 4738 vult
744 4685 987 4756 intelligi,
1031 4688 1171 4742 sicut
1209 4689 1471 4759 scriptum
1505 4697 1631 4746 est:
1675 4690 1886 4747 Vineam

306 4771 372 4824 de
409 4770 631 4843 Egypto
652 4776 967 4831 transtulisti
997 4776 1167 4849 (Psal.
1195 4779 1382 4852 LXXII)
1407 4798 1420 4833 :
1445 4780 1512 4834 Et
1539 4799 1551 4835 :
1579 4781 1725 4836 Dabo
1746 4783 1889 4838 vobis

298 4871 542 4934 pastores
578 4867 861 4921 secundum
893 4885 983 4922 cor
1022 4886 1194 4924 meum
1222 4869 1352 4942 (Jer.
1386 4869 1490 4942 ιιι).
1548 4871 1672 4926 Νοη
1701 4873 1890 4944 alliga-

303 4957 381 5012 bis
403 4973 479 5014 os.
526 4957 641 5015 Hoc
666 4969 750 5016 est
767 5002 782 5027 ,
814 4976 921 5016 non
951 4961 1168 5017 fraudes
1196 4962 1470 5020 doctorem
1500 4965 1620 5020 cibo
1646 4973 1701 5020 et
1723 4968 1894 5023 vesti-

301 5059 506 5105 mento.
558 5050 691 5106 Bovi
720 5040 988 5106 trituranti
1024 5052 1199 5124 (Deut.
1235 5055 1381 5127 xxv).
1430 5056 1487 5110 Id
1529 5064 1635 5124 est,
1675 5058 1883 5114 doctori

303 5141 548 5196 triticum
580 5144 845 5198 virtutum
870 5159 900 5197 a
928 5142 1082 5214 palea
1119 5144 1374 5200 vitiorum
1409 5149 1702 5218 separanti.
1751 5150 1890 5215 Quo-

300 5236 448 5288 niam
472 5236 528 5291 in
550 5253 656 5308 spe.
693 5238 863 5293 Debet
878 5237 1109 5293 fructum
1132 5237 1328 5292 laboris
1350 5254 1586 5309 sperare.
1622 5241 1724 5307 Qui
1747 5252 1884 5298 arat.

299 5325 360 5380 Id
401 5334 504 5393 est,
537 5319 818 5399 'pmdicat.
861 5328 922 5385 Si
967 5329 1062 5383 alii
1093 5331 1362 5400 potestatis
1395 5341 1576 5387 uestrae
1611 5335 1888 5406 participes

299 5426 444 5471 sunt.
478 5417 936 5490 Pseudoapostoli,
961 5420 1052 5491 qui
1079 5420 1213 5475 nihil
1235 5420 1483 5476 utilitatis
1500 5425 1886 5492 praestiterant.

303 5508 391 5564 Ne
427 5510 570 5582 quod
611 5511 984 5583 o/I'endiculum
1022 5513 1200 5568 demus
1248 5514 1510 5586 evangelio
1543 5515 1755 5571 Christi.
1811 5515 1888 5574 Ne

299 5616 404 5673 per
449 5618 550 5660 nos
588 5607 1053 5677 pseudoapostolis
1095 5609 1309 5665 occasio
1356 5610 1664 5680 cupiditatis
1705 5609 1884 5680 detur,

302 5708 402 5754 aut
424 5717 494 5759 ne
523 5702 614 5758 alii
642 5705 844 5772 dicant,
873 5706 1015 5776 quod
1051 5719 1212 5761 causa
1251 5707 1491 5762 avaritiae
1516 5707 1885 5784 praedicemus

306 5793 650 5858 evangelium
688 5795 908 5854 Christi.
956 5796 1020 5852 In
1058 5799 1309 5854 sacrario.
1355 5799 1412 5855 In
1447 5798 1666 5865 templo.
1705 5799 1789 5856 vel
1825 5801 1882 5858 in

1991 4708 2322 4780 argumentis
2352 4707 2472 4763 illos
2503 4708 2571 4762 ad
2603 4707 2729 4763 ﬁdei
2766 4709 3142 4766 credulitatem
3177 4714 3537 4784 provocabam
3558 4757 3574 4783 ,

1991 4799 2132 4854 sicut
2157 4798 2287 4853 dicit
2314 4798 2369 4851 in
2396 4797 2623 4853 Actibus
2656 4799 3022 4868 apostolorum
3049 4820 3062 4854 :
3093 4801 3320 4857 Circuivi
3345 4819 3468 4858 aras
3493 4819 3578 4857 ue-

1989 4902 2148 4959 stras,
2171 4901 2219 4946 et
2242 4893 2412 4948 inveni
2435 4909 2585 4947 aram
2606 4894 2662 4948 in
2682 4910 2786 4964 qua
2813 4896 3060 4965 scriptum
3079 4905 3193 4950 erat
3214 4913 3231 4950 :
3254 4895 3442 4966 Ignoto
3463 4894 3574 4952 Deo

2013 4985 2129 5037 Act.
2157 4983 2312 5056 xvn).
2355 4983 2597 5054 Cumque
2630 4986 2697 5040 de
2730 5001 2917 5041 eorum
2954 4988 3578 5058 superstitionesermo—

1985 5091 2110 5132 nem
2137 5076 2329 5131 fuisset
2353 5075 2578 5141 orditus,
2613 5085 2871 5148 tanquam
2897 5085 2950 5132 et
2978 5079 3092 5148 ipse
3114 5077 3232 5131 sine
3261 5077 3376 5147 lege
3405 5088 3571 5147 esset,

1987 5167 2087 5220 sub
2115 5165 2399 5220 occasione
2428 5164 2640 5234 profani
2666 5165 2807 5221 illius
2839 5166 2980 5220 tituli
3007 5165 3168 5219 ﬁdem
3199 5164 3402 5220 Christi
3430 5167 3574 5222 intu-

1986 5257 2067 5324 lit,
2111 5257 2295 5312 dicens
2321 5274 2334 5311 :
2361 5255 2515 5322 Quod
2545 5258 2844 5328 ignorantes
2879 5274 2966 5311 vos
3007 5254 3196 5320 colitis,
3223 5256 3320 5310 hoc
3348 5273 3440 5328 ego
3470 5275 3570 5313 an—

1985 5348 2172 5402 nuntio
2198 5348 2360 5402 vobis.
2401 5347 2467 5401 Et
2496 5356 2617 5418 post
2644 5363 2834 5418 pauca,
2872 5346 3020 5402 velut
3039 5346 3084 5399 si
3106 5346 3296 5402 divinat
3317 5347 3453 5420 legis
3475 5363 3572 5420 pe-

1991 5437 2138 5492 nitus
2175 5451 2320 5494 esset
2370 5439 2611 5509 ignarus,
2661 5437 2875 5510 gentilis
2919 5443 3093 5506 poetae
3128 5452 3347 5493 versum
3391 5440 3572 5511 potius

1991 5542 2152 5598 quam
2183 5527 2350 5600 Moysi
2377 5536 2471 5584 aut
2493 5529 2697 5585 Christi
2720 5526 2910 5582 maluit
2936 5525 3180 5595 proferre
3206 5529 3564 5605 sententiam:

1987 5619 2060 5675 Et
2081 5622 2156 5676 sic
2175 5621 2411 5693 quidam,
2456 5621 2704 5692 inquiens
2721 5661 2736 5684 ,
2771 5627 3058 5674 vestrorum
3083 5628 3356 5692 poetarum
3387 5621 3521 5675 dixit
3549 5635 3566 5675 :

1986 5709 2163 5782 Ipsius
2187 5712 2322 5766 enim
2345 5729 2506 5784 genus
2532 5727 2732 5765 sumus.

1947 5850 1968 5869 _.
1991 5863 2006 5870 ,
2059 5802 2259 5858 Factus
2284 5821 2397 5858 sum
2422 5802 2646 5858 inﬁrmis
2675 5802 2934 5864 inﬁrmus.
2975 5804 3170 5862 Dicens
3196 5804 3264 5860 de
3289 5800 3562 5860 matrimo-
3645 5855 3648 5857 λ
