4108 6334
517 287 616 344 151

1903 232 2175 339 sanum
2213 279 2408 340 SCOTI

3663 291 3774 349 {52

516 399 868 458 suetudinem.
916 395 1043 454 Sive
1091 395 1470 462 contendendi,
1512 395 1626 451 sive
1660 393 1794 449 talia
1839 393 2091 450 faciendi.
2121 394 2176 456 Α
2200 404 2309 462 tur;
2341 397 2437 452 sed
2467 404 2722 467 putamus
2753 395 3194 454 consuetudinem
3229 410 3352 454 esse
3387 399 3567 470 potius
3602 417 3774 473 quam

521 497 636 551 Hoc
662 504 836 550 autem
880 491 1207 563 prwcipiens.
1238 489 1296 544 Id
1319 498 1434 553 est,
1461 489 1552 558 qui
1591 488 1800 557 primus
1843 488 2091 544 hortatur

521 589 587 642 de
617 587 805 642 ordine
825 585 1068 638 virorum
1093 589 1148 638 et
1175 581 1482 636 mulierum.
1509 579 1635 634 Non
1657 579 1836 634 laudo.
1866 579 1942 634 De
1964 593 2092 633 eon-

519 678 768 748 sequenti
815 689 1033 730 causam
1084 673 1234 728 dicit.
1276 671 1382 726 Sed
1422 673 1479 724 in
1522 671 1751 725 deterius
1787 671 2088 725 convenitis.

516 769 616 824 llic
637 768 783 824 enim
809 767 916 822 tria
945 763 1264 836 principalia
1288 772 1512 833 peccata
1535 764 1590 817 in
1613 763 1692 818 eis
1721 763 2090 833 reprehendit,

512 866 573 911 ut
602 859 658 912 in
683 855 1035 926 sequentibus
1067 856 1420 918 demonstrat,
1449 854 1593 923 quod
1624 853 1806 908 cibum
1832 867 2092 923 corpora-

511 949 620 1003 lem
644 947 702 1002 in
736 947 966 1002 ecclesia
990 945 1300 1013 sumebant,
1323 947 1468 1016 quod
1500 953 1626 999 ante
1655 945 2092 1001 communionem

514 1040 758 1110 corporis
805 1038 1006 1094 Christi
1047 1040 1162 1109 ipso
1209 1039 1331 1094 cibo
1370 1039 1748 1102 vescebantur,
1788 1036 1932 1107 quod
1958 1035 2093 1091 nihil

512 1131 836 1202 pauperibus
858 1131 1078 1196 dabant,
1104 1140 1159 1184 et
1184 1131 1327 1200 quod
1350 1129 1672 1185 contentiosi
1709 1136 1884 1182 erant.
1923 1127 2092 1198 Opor-

510 1232 579 1276 tet
625 1224 762 1276 enim
808 1223 1025 1277 haereses
1054 1239 1184 1277 esse.
1215 1221 1334 1277 Non
1375 1222 1515 1291 quod
1559 1220 1792 1275 hiereses
1831 1218 1941 1273 Deo
1977 1218 2093 1288 pla-

511 1324 696 1381 ceant,
731 1315 827 1370 sed
855 1315 996 1385 quod
1031 1330 1132 1385 per
1160 1330 1253 1370 eas
1302 1313 1486 1368 ﬁdeles
1525 1317 1882 1378 exercentur,
1907 1319 1968 1364 ut
1998 1309 2091 1380 qui

435 1400 448 1420 ’“
511 1409 621 1464 Deo
648 1410 759 1463 noti
784 1415 927 1474 sunt,
953 1408 1266 1463 hominibus
1289 1405 1707 1461 manifeslentur
1734 1423 1747 1458 :
1777 1403 1921 1460 unde
1945 1403 2092 1458 enim

511 1500 842 1571 gubernator
863 1499 1191 1564 laudabitur,
1223 1499 1270 1553 si
1295 1499 1448 1553 navis
1473 1499 1717 1568 inportu
1741 1497 1826 1550 vel
1856 1496 1911 1550 in
1939 1503 2090 1549 tran-

511 1594 777 1664 quillitate
829 1593 1124 1648 consistat?
1173 1588 1242 1644 Ut
1283 1600 1332 1644 et
1379 1591 1466 1662 qui
1519 1589 1725 1659 probati
1770 1595 1910 1641 sunt.
1965 1585 2091 1640 Sive

511 1688 762 1742 doctores
789 1687 847 1742 in
878 1685 1200 1750 resistendo,
1234 1683 1347 1739 sive
1391 1681 1578 1737 ﬁdeles
1608 1682 1663 1735 in
1700 1679 2088 1751 permanendo.

2198 487 2433 557 culpam.
2462 488 2657 544 Tribus
2695 504 2828 544 sane
2871 489 3048 544 causis
3094 489 3437 547 inﬁrmitates
3475 493 3777 553 adveniunt

2197 578 2506 648 corporales
2533 597 2546 633 :
2578 587 2672 634 aut
2697 595 2766 635 ex
2793 582 3123 648 tentatione,
3152 583 3292 638 sicut
3329 582 3430 639 Job
3465 592 3522 640 et
3548 586 3775 656 Tobiae;

2197 678 2291 724 aut
2318 684 2385 724 ex
2412 680 2663 740 peccato,
2706 673 2846 728 sicut
2875 674 3009 729 Assa
3042 674 3174 746 regi,
3219 677 3316 746 qui
3350 678 3536 734 dolore
3569 682 3775 752 pedum

2196 770 2469 832 aegrotans
2512 771 2758 820 mortuus
2800 773 2918 832 est,
2947 781 3108 835 quem
3134 767 3181 821 ei
3216 766 3476 825 Dominus
3511 771 3774 838 immisit,

2196 855 2323 924 quia
2347 857 2648 912 amicitiam
2677 859 2928 916 Benadab
2968 861 3111 932 regis
3158 861 3329 932 Syriae
3373 865 3643 922 habebat:
3677 876 3780 921 aut

2195 962 2263 1001 ex
2315 947 2493 1017 aliqua
2544 950 2991 1021 intemperantia,
3041 960 3100 1006 ut
3147 952 3432 1010 Timotheo
3469 965 3526 1010 et
3553 956 3640 1012 his
3674 959 3777 1028 qui

2187 1038 2451 1109 jubentur
2474 1041 2740 1096 medicum
2763 1043 3047 1098 honorare.
3078 1042 3215 1098 Huic
3239 1052 3449 1100 tantum
3474 1061 3650 1102 causa:
3671 1048 3778 1102 hu—

2193 1147 2355 1186 mana
2381 1141 2562 1204 potest
2587 1149 2905 1190 succurrere
2926 1135 3215 1191 medicina.
3241 1136 3380 1191 Dum
3423 1147 3595 1194 autem
3619 1140 3779 1210 judi-

2195 1240 2379 1278 camur
2403 1242 2436 1279 a
2461 1226 2706 1281 Domino.
2739 1227 2798 1283 Id
2826 1235 2927 1294 est,
2955 1245 3054 1299 per
3083 1228 3319 1299 aliquam
3340 1239 3661 1300 praesentem
3690 1233 3776 1287 in-

2193 1314 2510 1372 ﬁrmitatem
2561 1319 2902 1388 corripimur.
2940 1319 3219 1392 Correptio
3265 1330 3504 1392 paternae
3548 1323 3777 1392 pietatis

2195 1419 2298 1476 est,
2329 1419 2390 1465 ut
2415 1411 2799 1481 paeniteamus,
2828 1429 2896 1468 ne
2921 1429 3044 1469 cum
3073 1413 3382 1470 inﬁdelibus
3399 1415 3588 1470 mundi
3618 1417 3776 1470 dam-

2193 1516 2404 1558 nemur.
2457 1504 2699 1560 Judicem
2736 1517 3054 1576 exspectare.
3101 1506 3159 1561 Id
3207 1517 3318 1573 est,
3370 1523 3647 1579 usquequo
3680 1525 3774 1564 sa-

2193 1594 2457 1650 criﬁcium
2505 1596 2800 1666 accipiatis.
2860 1596 2927 1651 In
2964 1597 3248 1667 judicium.
3279 1598 3335 1654 Id
3363 1606 3478 1664 est,
3505 1599 3559 1654 in
3593 1600 3772 1655 vindi-

2193 1690 2338 1739 ctam
2358 1724 2374 1751 ,
2402 1681 2607 1741 Cetera
2634 1702 2772 1742 vero.
2800 1685 2860 1742 Id
2881 1693 2964 1742 est
2983 1727 2998 1753 ,
3029 1687 3096 1743 de
3125 1687 3293 1759 ipsius
3320 1690 3560 1760 mysterii
3586 1704 3771 1746 sacra-

508 1777 672 1832 Suam
697 1793 895 1832 caenam
923 1777 1211 1848 prtesumit.
1255 1774 1392 1843 Quia
1438 1782 1565 1830 ante
1593 1772 1922 1830 sacriﬁcium
1966 1771 2088 1826 ede-
2115 1783 2165 1845 B
2189 1775 2397 1832 mentis.

506 1868 658 1934 bant,
683 1878 737 1923 et
769 1869 1099 1940 pauperibus
1140 1867 1278 1923 nihil
1319 1869 1647 1934 allerebant,
1678 1881 1855 1937 neque
1886 1867 2086 1937 imper-

509 1960 734 2016 tiebant.
768 1961 925 2031 Apud
949 1961 1259 2017 Corinthios
1286 1960 1581 2029 quondam,
1612 1966 1673 2012 ut
1699 1957 1790 2011 alii
1813 1965 2085 2023 asserunt,

506 2066 677 2121 prava
705 2052 933 2108 invaluit
960 2051 1312 2114 consuetudo,
1345 2049 1603 2104 ecclesias
1621 2049 1825 2120 passim
1853 2048 2089 2104 dehone-

508 2150 654 2211 stare
680 2143 962 2209 conviviis,
1001 2145 1055 2196 in
1082 2143 1278 2211 quibus
1301 2141 1662 2196 vescebantur
1687 2147 1813 2195 ante
1845 2139 2089 2195 Domini-

509 2246 628 2286 cam
657 2231 1008 2312 oblationem,
1039 2247 1204 2301 quam
1236 2247 1450 2288 coenam
1478 2232 1729 2287 noctibus
1766 2231 2087 2287 adorieban-

507 2333 630 2390 tur;
658 2341 888 2396 cumque
913 2326 1111 2381 divites
1133 2326 1272 2381 ebrii
1294 2327 1364 2382 ad
1393 2327 1792 2382 Eucharistiam
1816 2327 2086 2393 venirent,

507 2417 847 2473 vexabantur
874 2417 1064 2488 inopes
1089 2417 1252 2474 fame.
1286 2418 1400 2474 Mos
1427 2434 1556 2474 vero
1578 2419 1679 2474 istc
1699 2460 1712 2486 ,
1739 2427 1801 2473 ut
1824 2418 2085 2484 referunt,

508 2510 576 2564 de
606 2511 794 2581 gentili
822 2511 1000 2566 adhuc
1025 2512 1406 2582 superstitione
1433 2513 1716 2578 veniebat,
1756 2513 1899 2567 unde
1925 2513 2088 2567 etiam

509 2603 567 2656 in
614 2603 936 2673 quibusdam
980 2601 1112 2659 locis
1153 2619 1250 2674 per
1274 2601 1494 2675 Egypti
1520 2603 1606 2658 vel
1632 2603 1802 2674 Syriae
1823 2604 1971 2667 loca,
2004 2604 2090 2658 die

512 2692 736 2748 Sabbati
788 2702 983 2760 nocte,
1032 2702 1156 2764 post
1205 2710 1417 2750 omnam
1466 2695 1663 2750 dicitur
1699 2694 1769 2750 ad
1802 2692 2090 2750 ecclesiam

511 2787 808 2842 conveniri.
840 2788 944 2842 Aut
965 2786 1250 2843 'ecclesiam
1285 2787 1384 2842 Dei
1413 2788 1784 2843 contemnitis?
1807 2786 2091 2842 Facientes

512 2895 635 2935 eam
664 2880 960 2936 triclinium
991 2881 1296 2952 epularum.
1326 2881 1537 2953 Accepit
1562 2898 1771 2952 panem.
1810 2880 1869 2936 Id
1895 2888 1996 2946 est,
2035 2881 2092 2935 in

511 2973 842 3040 convivium,
870 2983 933 3028 ut
964 2989 1062 3028 vos
1091 2973 1269 3030 facitis
1293 2993 1305 3029 :
1337 2974 1467 3030 hinc
1493 2972 1610 3042 jam
1639 2974 1707 3029 de
1734 2972 2092 3029 sacramentis

513 3065 671 3134 quasi
701 3064 898 3120 oblitos
922 3074 1331 3132 commemorat,
1359 3081 1523 3136 quam
1551 3081 1808 3136 magnum
1835 3066 1907 3120 sit
1932 3063 2091 3133 hujus

2260 1955 2340 2012 De
2365 1958 2729 2029 spiritualibus
2753 1970 2948 2016 autem.
2978 1960 3132 2017 Nunc
3170 1960 3238 2016 de
3264 1960 3616 2018 divisionibus
3644 1978 3771 2035 gra-

2191 2049 2392 2106 tiarum
2409 2053 2677 2123 pmdicit,
2700 2061 2758 2109 et
2775 2055 2840 2110 de
2863 2054 3166 2111 volentibus
3189 2055 3344 2111 novis
3375 2055 3521 2126 loqui
3547 2057 3765 2128 linguis.

2189 2144 2271 2198 Ad
2317 2146 2601 2199 simulacra
2648 2155 2814 2200 muta.
2859 2144 2972 2200 Hoc
3018 2147 3150 2202 dicit
3180 2153 3243 2201 ut
3281 2156 3642 2219 cognoscant,
3673 2149 3767 2217 qui

2192 2243 2319 2289 ante
2362 2235 2794 2290 misericordiam
2826 2235 2969 2290 illius
3005 2235 3256 2306 fuerunt,
3301 2246 3449 2292 muta
3492 2239 3768 2294 adorando

2190 2324 2336 2380 idola
2363 2343 2377 2379 :
2408 2333 2463 2378 et
2487 2332 2548 2378 ut
2570 2326 2748 2381 sciant
2769 2335 2972 2396 quanta
3003 2343 3228 2384 munera
3255 2328 3360 2384 illis
3379 2345 3478 2399 per
3503 2329 3767 2399 Spiritum

2191 2423 2442 2473 sanctum
2491 2416 2685 2473 collata
2715 2426 2860 2472 sunt.
2893 2419 3063 2473 Prout
3102 2421 3450 2474 ducebamini.
3501 2422 3558 2477 Id
3592 2429 3704 2488 est,
3737 2436 3768 2475 a

2191 2507 2468 2578 magistris
2512 2514 2568 2561 et
2611 2508 2949 2578 aruspicibus
2995 2516 3049 2564 et
3097 2510 3451 2582 philosophis.
3495 2510 3664 2565 Nemo
3712 2513 3768 2564 in

2191 2600 2380 2668 spiritu
2421 2598 2548 2651 dicit
2590 2598 2871 2652 anathema
2914 2596 3064 2653 Jesu.
3093 2599 3226 2667 Quia
3273 2599 3504 2656 fortasse
3549 2601 3639 2656 alii
3671 2613 3770 2672 per

2193 2688 2442 2759 spiritum
2463 2688 2662 2744 diaboli
2682 2689 2936 2745 dixerunt
2955 2689 3242 2746 anathema
3261 2689 3408 2758 Jesu,
3422 2692 3578 2761 quasi
3602 2691 3771 2746 dixis-

2194 2789 2300 2846 set,
2335 2780 2394 2836 Si
2423 2780 2618 2850 aliquis
2639 2781 2839 2836 dixerit
2873 2782 3160 2836 anathema
3205 2781 3331 2837 Jesu
3355 2823 3368 2848 ,
3423 2797 3532 2838 non
3575 2783 3772 2852 spiritu

2193 2872 2311 2941 Dei,
2342 2875 2438 2930 sed
2469 2874 2663 2944 spiritu
2693 2874 2960 2932 diabolico
2988 2875 3246 2947 loquitur.
3285 2876 3611 2944 Anathema,
3640 2891 3772 2948 per-

2195 2964 2348 3030 ditio,
2379 2965 2670 3021 detestatio
2701 2966 3110 3038 interpretatur.
3139 2967 3323 3023 Jesum
3358 2976 3541 3024 tamen
3579 2969 3635 3022 in
3663 2971 3776 3039 spi-

2194 3056 2306 3111 ritu
2325 3055 2422 3110 Dei
2451 3055 2602 3128 [non]
2627 3057 2883 3128 loquitur,
2912 3059 3152 3130 quandiu
3180 3075 3421 3131 paganus
3449 3067 3552 3115 est.
3580 3060 3650 3114 Et
3683 3077 3775 3114 ne-

515 3156 763 3227 mysterii
800 3165 1220 3214 sacramentum.
1248 3157 1364 3212 Hoc
1391 3159 1576 3228 facite,
1601 3167 1650 3213 et
1674 3159 1827 3224 dixit,
1855 3159 2092 3227 accipite,
2123 3139 2169 3205 C
2199 3165 2284 3203 mo
2314 3156 2477 3219 potest
2506 3149 2676 3203 dicere
2707 3149 2988 3204 Dominum
3013 3149 3214 3205 Iesum.
3239 3152 3298 3206 Id
3324 3160 3428 3218 est,
3455 3153 3771 3217 corde,ore,

517 3249 614 3302 hoc
641 3256 714 3302 est
738 3265 926 3321 corpus
957 3265 1146 3304 meum.
1178 3250 1344 3317 Quasi
1371 3249 1606 3305 Paulus:
1641 3249 1839 3304 Cavete
1868 3265 1933 3304 ne
1962 3248 2092 3303 illud

517 3353 717 3410 corpus
742 3339 963 3411 indigne
990 3341 1318 3408 comedatis,
1349 3341 1477 3395 dum
1503 3354 1700 3410 corpus
1728 3339 1933 3396 Christi
1969 3346 2088 3394 est:

516 3429 738 3500 indigne
759 3431 864 3486 hoc
889 3432 1209 3499 comedetis,
1236 3432 1283 3488 si
1308 3446 1575 3504 pauperes
1610 3430 1982 3495 confundatis,
2021 3431 2093 3485 si-

427 3579 429 3581 .
518 3535 624 3591 que
655 3537 834 3578 escam
864 3522 1098 3593 aliquam
1128 3530 1254 3580 ante
1281 3520 1614 3594 spiritualem
1655 3530 1711 3577 et
1753 3521 2095 3578 Dominicam

518 3624 731 3670 omnem
762 3616 1008 3672 sumatis.
1038 3613 1155 3672 Hoc
1177 3616 1336 3686 facite
1365 3615 1420 3669 in
1450 3631 1620 3670 meam
1643 3615 2094 3670 commemoratio-

518 3722 655 3760 nem.
675 3705 843 3762 Suam
866 3707 1183 3762 memoriam
1205 3707 1360 3764 nobis
1380 3705 1622 3776 reliquit,
1643 3706 2096 3776 quemadmodum

518 3797 566 3852 si
593 3797 714 3866 quis
739 3803 966 3868 peregre
988 3797 1358 3867 proﬁciscens,
1385 3797 1601 3869 aliquod
1629 3799 1824 3868 pignus
1856 3798 1907 3852 ei
1937 3812 2099 3868 quem

521 3886 698 3958 diligit
724 3887 1092 3957 derelinquat,
1132 3896 1193 3943 ut
1236 3890 1661 3959 quotiescunque
1701 3890 1832 3945 illud
1868 3889 2094 3955 viderit,

523 3979 696 4050 possit
715 3977 831 4048 ejus
854 3979 1116 4035 beneﬁcia
1132 3988 1186 4035 et
1205 3981 1499 4041 amicitiam
1525 3981 2097 4050 recordari,quoniam

519 4068 618 4124 ille
636 4071 680 4124 si
707 4069 947 4141 perfecte
971 4070 1178 4138 dilexit,
1215 4072 1332 4129 sine
1358 4073 1564 4146 ingenti
1595 4072 1866 4130 desiderio
1892 4079 1948 4126 et
1969 4069 2096 4126 ﬁetu

522 4159 651 4214 illud
681 4177 787 4216 non
817 4170 996 4233 potest
1013 4163 1216 4219 videre.
1247 4163 1351 4218 Hic
1373 4173 1448 4220 est
1479 4164 1618 4219 calix
1637 4162 1773 4218 Novi
1801 4161 2098 4216 Testamen-

522 4253 582 4306 ti.
606 4251 743 4321 Quia
773 4250 940 4310 Vetus
982 4256 1084 4312 hoc
1107 4271 1204 4327 per
1231 4257 1549 4328 sanguinem
1575 4255 1862 4308 brutorum
1891 4251 2099 4306 anima-

522 4346 656 4402 lium
694 4350 1139 4418 portendebatur.
1195 4350 1319 4406 Ideo
1369 4355 1548 4403 autem
1591 4345 1732 4402 calix
1791 4344 2098 4402 testamenti

519 4448 766 4507 vocatur,
801 4443 928 4512 quia
959 4449 1188 4497 testatus
1212 4447 1313 4506 est,
1338 4447 1462 4510 post
1490 4437 1766 4509 paululum
1787 4439 2098 4509 passionem

519 4528 792 4596 futuram,
843 4539 897 4584 et
946 4549 1092 4587 nunc
1131 4531 1454 4587 testiﬁcatur
1487 4531 1704 4587 factam.
1737 4530 1807 4586 In
1834 4547 1947 4585 meo
1976 4547 2100 4584 san-

519 4623 694 4693 guine.
742 4620 907 4674 Vetus
956 4630 1011 4674 et
1054 4621 1264 4676 Novum
1308 4641 1405 4694 per
1443 4624 1759 4692 sanguinem
1796 4621 2093 4687 dedicatur,

520 4712 648 4780 quia
678 4711 796 4765 sine
824 4717 997 4764 morte
1043 4708 1256 4763 ﬁrmum
1287 4723 1405 4767 esse
1442 4726 1551 4765 non
1582 4718 1760 4779 potest
1807 4718 2097 4766 testamen-

522 4814 655 4870 tum,
703 4803 996 4859 secundum
1049 4801 1344 4872 Epistolam
1389 4804 1458 4858 ad
1501 4802 1775 4858 Hebraeos.
1818 4803 1957 4858 Reus
1999 4806 2099 4860 erit
2134 4815 2144 4828 '

521 4893 753 4964 corporis
776 4903 824 4948 et
853 4891 1124 4961 sanguinis
1158 4889 1390 4947 Domini.
1426 4892 1593 4960 Quasi
1623 4892 1774 4948 illum
1806 4878 2093 4960 occiderit,

521 4993 582 5039 ut
607 4983 811 5049 Judaei,
842 4983 936 5053 qui
964 4982 1099 5036 tanti
1135 4984 1378 5053 mysterii
1430 4993 1831 5041 sacramentum
1860 5002 1962 5057 pro
2002 4986 2097 5042 vili

521 5076 900 5143 despexerunt.
937 5069 1132 5126 Probet
1165 5080 1360 5128 autem.
1390 5075 1449 5130 Id
1478 5083 1580 5141 est,
1607 5076 1830 5130 mundet
1861 5094 1872 5130 :
1907 5091 2029 5130 nam
2051 5074 2096 5131 si

519 5165 577 5220 in
598 5162 843 5230 linteum,
874 5162 960 5218 vel
990 5163 1176 5228 ingvas
1199 5165 1476 5220 sordidum
1502 5181 1662 5221 nemo
1707 5167 1837 5222 illud
1879 5168 2097 5222 mittere

519 5254 710 5319 audet,
747 5255 1145 5326 quanto-magis
1182 5255 1238 5310 in
1279 5271 1373 5312 cor
1401 5257 1702 5328 pollutum?
1738 5257 1861 5312 Non
1898 5258 2100 5327 dijudi-

520 5361 645 5399 cans
685 5360 870 5415 corpus
897 5345 1131 5401 Domini.
1165 5345 1224 5400 Id
1254 5354 1336 5402 est
1365 5362 1472 5403 non
1499 5348 1813 5404 discernens
1861 5348 2037 5418 ipsum
2066 5361 2099 5402 a

519 5436 642 5491 cibo
669 5437 960 5492 communi.
995 5435 1124 5490 Ideo
1151 5437 1288 5492 inter
1323 5434 1412 5492 vos
1444 5438 1596 5492 multi
1623 5437 1840 5508 inﬁrmi.
1886 5436 1943 5492 Id
1981 5444 2092 5503 est,

521 5526 703 5582 dolore
729 5528 894 5582 totius
923 5528 1186 5596 corporis.
1223 5528 1294 5583 Et
1337 5530 1482 5599 (egri.
1530 5529 1585 5585 Id
1629 5537 1747 5595 est,
1798 5528 2094 5584 imbecilles

521 5618 842 5688 quibusdam
872 5616 1151 5684 membris,
1178 5625 1240 5673 ut
1264 5621 1392 5674 caeci
1440 5628 1498 5676 et
1535 5619 1709 5675 claudi
1739 5634 1752 5672 :
1787 5626 1904 5673 erat
1930 5618 2094 5687 igitur

522 5723 758 5777 persons
785 5709 1054 5780 correptio
1082 5717 1136 5765 et
1161 5725 1305 5767 nunc
1327 5721 1429 5779 est,
1457 5719 1511 5769 et
1535 5711 1691 5768 multi
1728 5710 1851 5766 talia
1878 5709 2090 5778 patiun-
2131 5773 2143 5781 _

2123 4492 2178 4554 D

2198 3254 2380 3309 opere.
2407 3238 2520 3294 Mos
2545 3247 2627 3294 est
2650 3238 3052 3312 Scripturarum
3073 3243 3216 3298 dicta
3234 3260 3332 3315 pro
3354 3243 3512 3300 factis
3531 3259 3731 3315 ponere
3759 3264 3772 3299 :

2199 3345 2330 3403 ergo
2359 3330 2558 3396 dicere,
2592 3331 2848 3389 invocare
2877 3342 2992 3400 est,
3022 3335 3108 3390 vel
3134 3337 3356 3392 credere
3383 3339 3666 3402 Dominum
3687 3337 3779 3394 Je-

2199 3436 2340 3487 sum,
2368 3421 2473 3476 hoc
2501 3429 2602 3490 est,
2640 3431 2702 3478 ut
2729 3424 2843 3495 ipse
2866 3425 2938 3480 sit
2964 3441 3150 3482 servus
3175 3427 3390 3484 Domini
3413 3427 3560 3495 Jesu,
3582 3443 3645 3483 ac
3665 3428 3777 3484 Do-

2199 3514 2379 3569 minus
2403 3512 2521 3582 ejus
2549 3513 2726 3571 Iesus.
2755 3516 2878 3571 Nisi
2915 3518 2972 3573 in
3016 3517 3222 3590 Spiritu
3262 3529 3463 3576 sancto.
3512 3520 3570 3576 Id
3599 3527 3682 3575 est
3715 3520 3781 3582 in

2199 3605 2341 3663 dono
2371 3604 2604 3675 Spiritus
2630 3609 2803 3663 sancti
2830 3626 2842 3662 :
2874 3609 3026 3665 Unde
3062 3611 3246 3666 statim
3293 3612 3540 3679 disserit,
3580 3612 3780 3682 quibus

2199 3705 2256 3753 et
2289 3707 2421 3767 quot
2443 3698 2602 3756 donis
2621 3697 2806 3756 Jesum
2835 3701 3065 3771 quisque
3093 3701 3344 3769 fateatur,
3371 3704 3556 3759 dicens
3581 3720 3596 3758 ξ
3626 3701 3782 3757 Divi-

2198 3788 2370 3842 siones
2391 3797 2566 3843 autem
2591 3792 2882 3860 gratiarum
2906 3798 3028 3845 sunt
3049 3805 3069 3843 :
3090 3791 3228 3846 idem
3245 3801 3420 3846 autem
3439 3793 3674 3863 spiritus.
3701 3791 3782 3848 Ne

2199 3883 2280 3932 tot
2310 3884 2634 3948 putarentur
2661 3879 2883 3946 spiritus
2923 3886 3056 3947 quot
3100 3888 3227 3932 sunt
3266 3880 3425 3934 dona.
3463 3880 3780 3938 Gratiarum

2197 3965 2518 4021 vocabulum
2573 3965 2782 4034 spiritui
2830 3966 2998 4034 gratis
3049 3965 3336 4036 inspiranti
3385 3968 3567 4023 omnia
3637 3971 3781 4028 dona

2199 4052 2468 4109 convenit.
2517 4052 2587 4105 Et
2633 4053 2912 4108 divisiones
2955 4054 3402 4112 ministrationum
3449 4067 3608 4127 sunt,
3637 4063 3779 4116 idem

2200 4153 2373 4205 autem
2395 4143 2673 4199 Dominus.
2707 4145 3001 4213 Dominus,
3045 4147 3138 4217 qui
3185 4149 3356 4204 servis
3385 4150 3496 4206 suis
3533 4150 3781 4207 diversas

2198 4237 2627 4308 ministrationes
2653 4245 2708 4291 et
2738 4237 3104 4294 ecclesiastica
3131 4239 3305 4296 ofﬁcia
3329 4242 3573 4315 largitur.
3604 4243 3671 4299 Et
3695 4247 3781 4301 di—

2198 4329 2419 4384 visiones
2446 4330 2802 4400 operationum
2827 4339 2978 4397 sunt,
3010 4331 3147 4386 idem
3175 4348 3291 4387 vero
3323 4331 3463 4387 Deus
3485 4374 3499 4400 ,
3530 4336 3616 4405 ταί
3658 4352 3780 4406 ope-

2202 4430 2353 4473 ratur
2380 4419 2635 4473 omniain
2663 4420 2920 4476 omnibus.
2952 4420 3011 4477 Id
3047 4429 3150 4488 est,
3194 4422 3487 4492 insignium
3515 4425 3778 4481 virtutum

2205 4525 2267 4566 ac
2289 4509 2676 4566 miraculorum
2703 4510 2816 4568 Deo
2837 4527 3036 4568 nomen
3063 4515 3324 4584 competit
3343 4555 3356 4581 ,
3381 4516 3475 4585 qui
3511 4519 3777 4586 potentia-

2204 4601 2327 4656 liter
2356 4602 2474 4656 htec
2492 4616 2590 4671 per
2613 4617 2742 4658 suos
2765 4603 3121 4661 electissimos
3143 4614 3420 4676 operatur.
3446 4607 3572 4663 Haec
3592 4609 3779 4680 itaque

2207 4693 2309 4747 tria
2342 4693 2582 4760 nomina,
2606 4693 2661 4749 id
2693 4701 2798 4760 est,
2837 4696 3060 4766 spiritus
3080 4736 3094 4763 ,
3126 4705 3181 4752 et
3206 4695 3466 4752 Dominus
3486 4738 3501 4764 ,
3521 4707 3574 4753 et
3596 4698 3741 4755 Deus
3761 4743 3776 4766 ,

2205 4783 2430 4856 Spiritui
2459 4794 2647 4841 sancto
2672 4787 3018 4854 conveniunt,
3050 4788 3142 4857 qui
3169 4789 3336 4858 gratis
3361 4797 3416 4843 et
3443 4803 3554 4844 non—
3582 4792 3779 4845 merito

2203 4884 2396 4930 cuncta
2419 4876 2673 4946 spirando
2696 4891 2761 4931 ac
2792 4892 2982 4934 servus
3016 4878 3288 4934 ministrat
3325 4888 3379 4933 et
3413 4880 3781 4950 potentialiter

2203 4967 2358 5035 quasi
2403 4967 2544 5022 Deus
2589 4967 2822 5037 perﬁcit.
2877 4967 3237 5039 Manifestatio
3284 4970 3520 5040 spiritus.
3573 4970 3778 5026 Unum-

2204 5060 2454 5130 quodque
2486 5061 2706 5128 donum,
2732 5078 2831 5132 per
2856 5064 2998 5133 quod
3030 5079 3089 5120 se
3116 5064 3447 5121 manifestat.
3479 5066 3558 5120 Ad
3579 5068 3779 5122 utilita-

2205 5161 2326 5206 tem.
2358 5151 2477 5208 Non
2507 5153 2577 5207 ad
2603 5153 2823 5224 inanem
2851 5153 3108 5232 gloriamf,
3138 5163 3197 5209 ut
3225 5155 3389 5213 vultis
3420 5157 3585 5212 variis
3630 5157 3776 5228 loqui

2202 5245 2420 5316 linguis,
2440 5246 2532 5301 sed
2554 5247 2621 5302 ad
2645 5248 2931 5304 utilitatem
2959 5248 3358 5305 incredulorum
3377 5259 3435 5305 et
3457 5250 3775 5308 inﬁdelium.

2206 5335 2391 5391 Sermo
2423 5339 2712 5409 sapientice.
2761 5338 3036 5409 Sapientia
3076 5342 3313 5410 pertinet
3349 5343 3417 5398 ad
3441 5343 3774 5400 intellectum

2205 5439 2551 5487 aeternorum.
2585 5431 2822 5489 Scientia
2853 5447 2980 5487 vero
3018 5432 3084 5487 ad
3113 5449 3176 5488 ea
3217 5450 3336 5504 quae
3379 5437 3626 5492 sensibus
3656 5453 3777 5493 cor-

2201 5525 2350 5592 poris
2376 5526 2772 5594 exprimuntur.
2798 5523 2985 5580 Gratia
3005 5530 3356 5584 curationum.
3384 5530 3453 5586 Ut
3479 5531 3602 5600 quis
3624 5541 3778 5586 curet

2201 5631 2397 5688 aegros.
2427 5615 2675 5686 Operatio
2698 5616 2965 5670 virtutum.
3001 5616 3146 5688 Opus
3175 5620 3434 5676 virtutum
3463 5630 3547 5677 est
3574 5621 3775 5677 daemo-

2199 5725 2297 5767 nes
2324 5707 2520 5778 ejicere
2551 5704 2636 5761 vel
2665 5712 2906 5764 mortuos
2935 5709 3217 5767 suscitare.
3255 5710 3362 5770 Alii
3382 5704 3633 5768 discretio
3671 5715 3777 5768 soi-
