4108 6334
267 377 375 436 153

1362 365 1689 426 COLLECT.
1731 364 1798 421 IN
1833 364 2051 425 EPIST.
2090 366 2112 423 I
2148 366 2240 424 AD
2275 368 2428 427 (ΞΟΠ.

3403 385 3508 441 154

270 495 494 548 rituum.
519 485 592 545 Ut
618 483 844 557 quisque
867 483 1005 540 sciat
1035 483 1177 554 quod
1206 481 1425 554 spiritus
1445 479 1706 551 'suggerit
1737 478 1834 533 ali-
1857 480 1913 542 Α
1937 494 1996 534 ra
2021 481 2298 550 praevidet.
2316 481 2384 536 Ut
2417 499 2522 540 non
2547 484 2651 540 sint
2669 485 2953 543 schismata
2977 488 3033 544 in
3060 505 3293 562 corpore.
3319 491 3378 549 Id
3399 506 3504 564 εει,

271 583 404 656 quid
430 580 696 652 agendum
720 593 840 634 esse
862 577 947 632 vel
971 592 1098 632 non.
1122 576 1229 630 Alii
1257 575 1610 647 interpretatio
1645 587 1836 628 sermo-

273 693 420 731 num.
443 673 557 729 Hoc
579 680 678 738 est,
694 686 760 726 ex
783 670 888 725 alia
905 670 960 724 in
981 669 1136 724 aliam
1159 669 1392 740 linguam
1420 677 1516 722 aut
1540 665 1834 721 ditiicilium

271 779 585 824 sermonum
630 762 955 834 explanatio.
999 760 1263 832 Operatur
1316 776 1449 813 unus
1497 766 1651 830 atque
1697 757 1834 810 idem

269 859 508 930 spiritus.
537 855 723 910 Potest
771 869 910 909 unus
949 868 1100 916 esse,
1127 851 1255 906 licet
1288 849 1562 916 diversus,
1604 857 1665 903 ut
1697 863 1836 914 unus

272 948 408 1003 mihi
440 946 586 1002 illam
607 959 724 1000 rem
748 945 868 1000 beri
885 943 1122 1008 donavit,
1146 941 1230 998 vel
1250 941 1600 1007 ministravit,
1621 947 1677 995 et
1696 955 1836 994 unus

272 1039 436 1095 hodie
461 1053 475 1091 :
510 1052 637 1092 nam
662 1036 788 1091 talis
815 1035 1013 1090 locutio
1037 1033 1198 1088 etiam
1225 1035 1291 1088 de
1329 1031 1558 1086 diversis
1590 1029 1836 1100 personis

270 1135 452 1200 potest
477 1126 858 1183 convenienter
883 1123 1124 1194 intelligi,
1147 1122 1241 1178 sed
1262 1135 1330 1175 ne
1349 1121 1597 1175 diversus
1616 1119 1838 1188 spiritus

272 1216 453 1288 aliqua
483 1215 826 1271 successione
852 1212 1139 1284 temporis,
1172 1211 1257 1266 vel
1297 1211 1380 1265 sui
1423 1209 1721 1264 mutatione
1755 1208 1840 1263 in-

267 1310 618 1381 telligeretur,
642 1307 919 1377 signanter
941 1303 1009 1358 ab
1035 1301 1292 1374 Apostolo
1313 1302 1416 1357 hoc
1438 1301 1677 1357 additum
1705 1307 1791 1355 est
1818 1317 1832 1354 :

267 1403 434 1472 Atque
460 1401 597 1455 idem
628 1398 862 1469 spiritus.
891 1395 970 1451 Ne
996 1396 1121 1465 quia
1143 1394 1358 1448 diversa
1394 1400 1522 1448 sunt
1565 1392 1724 1458 dona,
1758 1391 1840 1447 di-

263 1506 456 1547 versus
489 1489 734 1563 spiritus.
761 1502 827 1542 ac
865 1485 1048 1540 varius
1100 1490 1400 1555 putaretur.
1448 1480 1556 1538 Sed
1601 1496 1741 1537 unus
1785 1486 1839 1536 et

263 1585 408 1640 idem
453 1597 666 1653 semper
715 1581 832 1636 sine
870 1578 979 1634 ulla
1027 1563 1390 1633 mutabilitate
1429 1589 1553 1630 cum
1593 1574 1753 1629 Patre
1785 1580 1841 1629 et

263 1676 404 1732 Filio
429 1689 653 1730 manens
680 1681 837 1744 prout
858 1672 990 1738 vult,
1024 1686 1129 1726 non
1152 1671 1247 1736 ait,
1272 1677 1333 1724 ut
1357 1669 1604 1724 homines
1625 1682 1840 1723 meren-

263 1777 371 1833 tur,
400 1768 525 1838 quia
552 1767 690 1822 dona
717 1765 925 1821 diversa
953 1771 1009 1818 et
1036 1762 1269 1832 indignis
1297 1759 1625 1826 tribuuntur,
1662 1767 1725 1814 ut
1755 1764 1840 1812 est

1937 580 1999 627 ut
2039 589 2138 644 pro
2185 574 2418 631 invicem
2447 576 2657 633 solliciti
2684 579 2875 646 simus,
2905 581 3033 636 dum
3058 582 3229 640 altero
3271 585 3510 659 indigea-

1937 680 2078 720 mus.
2112 663 2231 721 Sive
2259 668 2487 722 letatur.
2520 668 2910 727 Incolumitate.
2950 671 3293 746 Congaudent
3331 682 3510 734 omnia

1938 757 2187 812 membra.
2237 758 2309 814 Ut
2354 759 2640 817 Sallustius
2689 764 2806 818 ait:
2838 765 3011 822 Corde
3061 767 3281 824 laetante
3327 769 3510 825 vultus

1938 847 2113 904 ﬂoret.
2147 848 2250 903 Vos
2272 861 2445 905 autem
2465 855 2587 908 estis
2609 872 2792 926 corpus
2815 857 3032 912 Christi.
3049 859 3205 916 Nunc
3228 862 3509 933 physicam

1939 938 2346 994 similitudinem
2373 944 2600 1013 mystice
2625 946 2892 1016 explanat.
2927 947 3170 1004 Secundo
3208 951 3505 1021 prophetas.

1938 1030 2074 1086 Novi
2117 1033 2478 1100 Testamenti,
2531 1045 2593 1091 ut
2638 1037 2740 1092 fuit
2787 1039 2970 1096 Achab
3014 1051 3070 1097 et
3114 1042 3210 1098 lilii
3252 1043 3505 1114 Philippi.

1939 1120 2138 1177 Deinde
2160 1123 2390 1178 virtutes.
2413 1124 2694 1183 Facientes
2716 1129 2920 1199 majora
2946 1132 3119 1204 signa,
3161 1141 3220 1188 ut
3265 1143 3509 1188 mortuos

1939 1215 2219 1270 suscitare.
2247 1215 2458 1272 Gratias
2489 1222 2836 1276 curationum.
2863 1223 2934 1279 Ut
2957 1224 3196 1294 leprosos
3224 1228 3505 1280 mundare.

1943 1304 2344 1378 Opitulationes.
2394 1309 2451 1365 Id
2487 1318 2599 1377 est,
2635 1313 2988 1385 cleemosynae
3041 1333 3172 1390 erga
3221 1333 3506 1389 pauperes.

1941 1397 2374 1458 Cubernationes.
2433 1403 2800 1461 Ecclesiarum
2856 1408 2970 1463 Dei.
3023 1408 3278 1482 Nunquid
3336 1428 3510 1466 omnes

1941 1490 2204 1558 apostoli?
2234 1490 2388 1548 Sicut
2411 1510 2514 1550 nec
2539 1502 2712 1551 totum
2753 1511 2950 1567 corpus
2977 1500 3164 1556 oculus
3207 1509 3309 1556 est.
3355 1500 3512 1568 Quod

1942 1582 2086 1637 enim
2117 1583 2174 1638 in
2203 1584 2426 1656 singulis
2458 1587 2767 1644 hominibus
2803 1589 3055 1646 universa
3098 1591 3238 1648 dona
3278 1591 3512 1662 Spiritus

1941 1676 2116 1731 sancti
2142 1691 2262 1732 esse
2285 1693 2391 1732 non
2417 1687 2666 1749 possunt,
2690 1696 2799 1736 non
2825 1679 3059 1751 Spiritus
3083 1683 3278 1749 sancti,
3301 1684 3396 1738 sed
3421 1685 3514 1738 ho-

1942 1770 2104 1825 minis
2152 1771 2422 1826 inllmitati
2477 1773 2842 1842 deputandum
2885 1784 2988 1829 est.
3028 1774 3396 1830 xEmulemini.
3454 1775 3514 1830 Id

263 1859 392 1913 illud
434 1876 447 1912 :
499 1856 687 1912 Nonne
744 1857 801 1908 in
852 1864 939 1908 tuo
992 1854 1200 1907 nomine
1267 1852 1528 1905 daemonia
1588 1850 1832 1920 ejecimus

1937 1869 2022 1917 est
2052 1862 2336 1918 imitemini
2367 1861 2700 1919 Charismata
2726 1865 2962 1920 meliora.
2993 1865 3051 1920 Id
3075 1876 3162 1920 est
3181 1907 3196 1932 ,
3223 1868 3362 1922 dona
3397 1881 3513 1921 me-

262 1951 479 2023 (Hatth.
520 1947 656 2019 vn)?
699 1948 768 2002 Et
813 1948 952 2002 sicut
994 1946 1122 2000 alibi
1157 1945 1418 2013 scriptum
1447 1953 1531 1998 est
1561 1962 1574 1997 :
1603 1943 1834 2013 Spiritus

260 2043 350 2095 ubi
380 2042 488 2098 vult
529 2042 694 2112 spirat
724 2037 906 2110 (Joan.
935 2036 1041 2108 ιιι).
1071 2035 1222 2091 Sicut
1263 2035 1400 2090 enim
1445 2051 1631 2104 corpus
1671 2050 1836 2088 unum

258 2143 355 2188 est.
389 2134 496 2189 Per
527 2130 984 2202 comparationem
1029 2127 1275 2196 corporis
1305 2125 1568 2190 ostendit,
1603 2139 1713 2180 non
1741 2140 1837 2179 na-

258 2235 443 2279 turam
472 2224 860 2287 membrorum,
898 2218 992 2275 sed
1037 2217 1212 2272 ollicia
1241 2232 1362 2272 esse
1392 2218 1624 2281 diversa,
1657 2224 1712 2270 et
1737 2231 1834 2272 ne-

255 2315 467 2369 minem
492 2329 683 2368 curare
725 2311 917 2365 debere
963 2308 1116 2378 cujus
1159 2307 1229 2363 sit
1270 2305 1462 2373 ollicii,
1491 2306 1618 2360 dum
1646 2317 1835 2361 omnes

255 2405 448 2460 eodem
473 2404 665 2473 spiritu
690 2403 1015 2456 animentur.
1049 2398 1120 2453 Et
1163 2413 1338 2452 omnes
1384 2413 1547 2450 unum
1591 2395 1833 2466 spiritum

256 2503 585 2565 potaverunt.
629 2493 687 2548 Id
730 2501 832 2559 εει,
881 2490 1184 2547 doctrinam
1218 2488 1460 2558 spiritus,
1489 2501 1650 2556 quam
1679 2484 1833 2540 Chri-

257 2594 373 2640 stus
402 2584 713 2639 lluminibus
736 2598 887 2652 aqua:
916 2581 1251 2652 comparavit
1276 2579 1462 2635 dicens
1487 2593 1501 2631 :
1533 2577 1638 2643 Qui
1665 2576 1831 2632 credit

257 2679 312 2732 in
333 2695 434 2743 me,
456 2677 678 2746 ﬂumina
701 2676 765 2730 de
792 2683 964 2729 ventre
988 2673 1103 2744 ejus
1125 2673 1288 2742 ﬂuent
1313 2686 1463 2742 aqua:
1489 2670 1616 2724 viva:
1645 2667 1826 2737 (Joan.

256 2773 377 2844 vn).
419 2771 508 2826 Ita
545 2780 594 2825 et
625 2769 881 2825 Christus.
913 2765 1222 2823 Notandum
1260 2764 1403 2834 quod
1427 2771 1540 2818 tota
1585 2760 1828 2817 Ecclesia

257 2878 381 2918 cum
403 2877 499 2917 suo
523 2860 702 2931 capite
730 2858 978 2914 Christus
1005 2855 1302 2928 appellatur
1329 2872 1342 2908 :
1371 2868 1498 2910 nam
1533 2861 1594 2908 ut
1632 2867 1828 2924 corpus

259 2971 365 3011 non
395 2961 480 3010 est
504 2969 670 3008 unum
693 2953 1015 3018 membrum,
1044 2951 1118 3006 ita
1149 2966 1257 3006 non
1277 2956 1458 3020 potest
1491 2955 1663 3004 totum
1701 2963 1824 3004 cor-

257 3063 359 3120 pus
387 3061 553 3102 unum
587 3043 821 3101 oﬂicium
851 3058 1032 3115 agere,
1057 3044 1161 3098 hoc
1185 3050 1300 3109 est,
1328 3050 1388 3097 ut
1416 3049 1588 3096 totum
1629 3055 1828 3111 corpus

257 3141 341 3195 vel
365 3141 564 3204 videat,
592 3139 678 3194 vel
707 3137 911 3204 audiat,
940 3136 1036 3192 sed
1072 3135 1490 3206 unumquodque
1516 3135 1821 3190 membrum

257 3249 412 3290 suum
445 3230 675 3288 cilicium
718 3230 903 3286 habet.
951 3226 1012 3283 Si
1055 3196 1420 3297 disserit-pes,-
1442 3227 1691 3296 quoniam
1723 3242 1828 3280 non
1852 3196 1899 3260 Ο

255 3343 373 3382 sum
401 3342 610 3388 manus,
637 3340 741 3377 non
774 3338 891 3376 sum
934 3321 998 3374 de
1039 3335 1273 3390 corpore.
1307 3318 1409 3373 Pes
1431 3317 1684 3373 Ecclesiae
1721 3316 1829 3372 dici

257 3419 416 3483 solet,
439 3418 531 3487 qui
559 3416 626 3471 ad
663 3411 1106 3470 intercedendum
1147 3411 1456 3482 egreditur;
1485 3425 1710 3478 manus,
1741 3409 1831 3466 ille

255 3510 350 3580 qui
383 3513 668 3578 operatur;
695 3520 778 3571 os,
809 3503 900 3559 ille
931 3503 1023 3574 qui
1061 3503 1218 3559 docet
1238 3503 1324 3558 vel
1343 3503 1434 3572 qui
1462 3501 1702 3574 loquitur
1725 3501 1830 3557 lin-

254 3599 400 3670 guis.
432 3595 573 3651 Num
611 3596 727 3651 ideo
766 3611 872 3649 non
910 3603 984 3648 est
1017 3593 1081 3647 de
1124 3594 1376 3664 corpore?
1415 3593 1652 3649 Decebat
1683 3593 1830 3648 enim

258 3703 370 3744 non
399 3702 520 3742 esse
544 3687 610 3742 de
637 3700 862 3758 corpore
895 3683 1178 3750 Ecclesiae,
1205 3684 1298 3751 qui
1326 3683 1497 3749 banc,
1526 3699 1689 3753 quam
1735 3682 1829 3739 alii

254 3787 602 3850 acceperant,
627 3779 858 3851 gratiam
884 3792 992 3832 non
1039 3775 1328 3832 habebant.
1361 3773 1420 3829 Si
1450 3784 1615 3829 totum
1641 3790 1828 3845 corpus

253 3871 458 3927 oculus.
492 3870 605 3927 Hoc
635 3878 751 3936 εει,
777 3870 823 3925 si
850 3882 1040 3924 omnes
1084 3867 1336 3922 doctores
1364 3872 1507 3920 sunt.
1537 3863 1635 3920 Ubi
1676 3865 1828 3921 audi-

253 3965 379 4022 tus?
403 3963 462 4019 Id
487 3971 589 4030 est,
622 3963 713 4018 ubi
738 3969 866 4018 sunt
883 3959 1191 4016 auditores?
1221 3956 1279 4013 Si
1308 3966 1474 4012 totum
1497 3959 1733 4014 auditus.
1769 3957 1827 4015 Si

253 4075 443 4118 omnes
472 4065 596 4115 sunt
625 4057 918 4112 auditores.
953 4051 1051 4108 Ubi
1093 4053 1381 4108 odoratus?
1411 4051 1525 4109 Hoc
1553 4061 1667 4119 εει,
1705 4053 1828 4123 quis

252 4157 357 4212 erit
381 4154 508 4210 boni
531 4152 715 4208 odoris
734 4150 928 4206 malive
955 4148 1254 4204 discretor?
1280 4145 1436 4200 Nunc
1462 4155 1633 4200 autem
1653 4145 1827 4216 posuit

253 4247 399 4301 Deus
424 4244 673 4299 membra.
702 4240 761 4296 Id
791 4247 892 4305 est,
927 4239 983 4294 in
1008 4239 1184 4309 prima
1215 4235 1522 4292 conditione
1569 4235 1821 4291 hominis.

258 4337 382 4392 Non
421 4343 585 4407 potest
614 4331 816 4388 oculus.
844 4330 902 4386 Id
928 4337 1030 4395 est,
1056 4330 1140 4383 vir
1175 4327 1431 4384 theoricee
1458 4327 1602 4381 vitae.
1641 4325 1827 4380 Dicere

254 4427 458 4484 manui.
499 4425 716 4481 Homini
755 4422 982 4479 actualis
1022 4421 1163 4476 vitae.
1192 4419 1318 4476 Ideo
1358 4419 1590 4474 invicem
1623 4417 1829 4488 indige-

1936 1952 2075 2007 liora
2124 1968 2286 2021 quam
2333 1953 2482 2024 loqui
2523 1955 2740 2026 linguis.
2788 1951 2858 2010 Et
2888 1956 3060 2010 adhuc
3091 1955 3508 2010 excellentiorem

1938 2041 2075 2096 viam
2105 2041 2244 2096 vobis
2265 2043 2584 2099 demonstro.
2614 2045 2672 2100 Id
2697 2054 2810 2112 est,
2835 2046 3154 2102 cbaritatem
3172 2087 3188 2114 ,
3216 2062 3313 2118 per
3347 2046 3510 2118 quam

1937 2131 2253 2200 pervenitur
2279 2131 2347 2186 ad
2377 2132 2566 2187 Deum.

2525 2222 2754 2280 CAPUT
2793 2223 2926 2280 XIII.

2004 2308 2066 2365 Si
2105 2309 2300 2381 linguis
2339 2311 2606 2367 hominum
2642 2313 2830 2385 loquar
2869 2323 2917 2368 et
2954 2314 3279 2386 angelorum.
3311 2313 3370 2370 Id
3395 2323 3508 2382 est,

1935 2413 2041 2455 non
2071 2399 2248 2455 solum
2279 2401 2522 2476 omnium
2551 2401 2770 2472 linguis,
2797 2403 2892 2458 sed
2911 2403 3076 2459 etiam
3103 2405 3149 2460 si
3187 2420 3308 2474 quae
3340 2420 3508 2476 ange-

1932 2491 2106 2546 lorum
2144 2489 2358 2560 linguaa.
2388 2489 2460 2544 Et
2487 2492 2715 2545 noverim
2757 2493 3005 2562 mysteria
3051 2495 3244 2548 omnia.
3297 2493 3356 2548 Id
3403 2501 3508 2558 est,

1932 2581 2179 2637 notitiam
2210 2579 2455 2635 omnium
2478 2588 2843 2648 secretorum,
2891 2582 2982 2638 hic
3024 2589 3080 2640 et
3117 2584 3172 2638 in
3203 2582 3405 2639 futuro.
3439 2583 3511 2638 Et

1932 2688 2135 2730 omnem
2153 2674 2444 2728 scientiam.
2476 2673 2533 2730 Id
2553 2682 2656 2740 est,
2678 2675 2888 2731 Veteris
2909 2683 2966 2730 et
2987 2674 3124 2731 Novi
3153 2675 3508 2732 Testamenti.

1930 2763 2001 2818 Et
2028 2765 2074 2818 si
2096 2763 2411 2818 distribuere
2439 2765 2496 2818 in
2522 2765 2662 2819 cibos
2700 2783 2987 2837 pauperum
3013 2783 3190 2822 omnes
3231 2769 3511 2838 facultates

1929 2871 2095 2908 meas.
2126 2851 2240 2909 Hoc
2281 2861 2393 2920 est,
2425 2854 2474 2908 si
2510 2869 2621 2910 non
2657 2863 2881 2926 propter
2918 2856 3087 2912 Deum
3108 2898 3124 2924 ,
3153 2858 3248 2914 sed
3287 2867 3511 2930 propter

1931 2947 2158 3019 gloriam
2184 2948 2497 3002 humanam.
2524 2946 2594 3000 Et
2625 2947 2894 3002 tradidero
2931 2965 3120 3019 corpus
3144 2965 3316 3004 meum
3353 2952 3427 3004 ita
3451 2959 3511 3004 ut

1930 3038 2166 3093 ardeam.
2197 3038 2254 3092 Id
2282 3046 2392 3104 est,
2424 3037 2479 3092 in
2524 3037 2876 3110 martyrium,
2912 3039 2958 3095 si
2998 3039 3053 3094 in
3096 3040 3212 3111 ipso
3247 3042 3510 3113 martyrio

1931 3133 2192 3188 adversus
2215 3129 2440 3186 fratrem
2469 3131 2733 3187 retineam
2768 3132 2907 3187 iram
2935 3150 2950 3186 :
2979 3140 3344 3188 contemnens
3384 3149 3509 3189 eum

1929 3225 2021 3296 qui
2048 3222 2211 3294 jussit
2237 3237 2338 3280 nos
2359 3222 2622 3278 malitiam
2648 3225 2886 3293 proximi
2916 3223 3195 3292 oblivisci,
3222 3233 3278 3281 et
3307 3227 3360 3281 in
3391 3227 3508 3295 ipsa

1930 3319 2095 3374 etiam
2124 3324 2301 3374 morte
2327 3316 2713 3387 praevaricator
2735 3318 2996 3374 existens.
3029 3317 3273 3374 Charitas
3305 3320 3508 3390 patiens

1929 3422 2023 3468 est.
2048 3411 2187 3480 Quia
2213 3414 2384 3470 multa
2416 3413 2558 3468 mala
2583 3415 2961 3485 aequanimiter
2993 3414 3214 3473 tolerat.
3246 3415 3504 3486 Benigna.

1927 3507 2106 3562 Etiam
2133 3507 2390 3564 inimicis.
2420 3506 2665 3563 Charitas
2695 3524 2801 3564 non
2834 3507 3136 3564 aemulatur.
3182 3508 3332 3563 Bona
3376 3508 3510 3563 alte-

1927 3599 2060 3654 rius.
2092 3596 2217 3652 Non
2238 3599 2346 3668 agit
2365 3613 2655 3668 perperam.
2685 3598 2745 3652 Id
2765 3607 2871 3663 est,
2903 3608 3094 3652 contra
3125 3598 3412 3664 rationem,
3443 3605 3506 3652 ut

1927 3688 2239 3745 Gennadius
2275 3688 2423 3742 dicit.
2455 3688 2550 3743 Vel
2579 3703 2896 3758 perperam,
2945 3688 3170 3755 vitiose,
3226 3696 3503 3759 corrupte.

1929 3782 2056 3837 Non
2083 3781 2270 3852 quierit
2290 3797 2407 3852 qua:
2434 3797 2532 3834 sua
2552 3789 2690 3835 sunt.
2719 3781 2837 3837 Non
2866 3782 3062 3852 quaerit
3089 3783 3232 3854 quod
3258 3783 3358 3838 sibi
3391 3790 3508 3838 tan-

1927 3883 2045 3931 tum
2067 3874 2219 3940 utile,
2248 3873 2341 3929 sed
2364 3873 2508 3944 quod
2538 3873 2742 3929 multis.
2775 3874 2900 3929 Non
2923 3875 3184 3931 irritatur.
3207 3876 3289 3931 Ad
3303 3874 3505 3948 jurgia.

1929 3966 2054 4022 Non
2076 3966 2270 4037 cogitat
2295 3963 2512 4018 malum.
2547 3963 2665 4020 Non
2707 3963 2877 4020 solum
2909 3981 3018 4022 non
3065 3967 3226 4034 facit,
3273 3968 3369 4025 sed
3403 3981 3505 4023 nec

1927 4057 2149 4128 cogitat.
2183 4053 2489 4126 Congaudet
2531 4064 2706 4109 autem
2733 4056 2956 4110 veritati.
3009 4055 3147 4123 Quia
3185 4065 3246 4111 ut
3278 4056 3352 4111 sit
3379 4057 3498 4113 dili-

1927 4162 2086 4219 gens,
2111 4153 2373 4201 caaterum
2401 4160 2504 4215 per
2527 4146 2632 4200 hoc
2659 4147 2802 4215 quod
2825 4156 3032 4202 rectum
3063 4147 3183 4204 aliis
3204 4149 3504 4219 conspicit,

1927 4238 2083 4308 quasi
2137 4237 2203 4292 de
2253 4244 2545 4308 augmento
2604 4237 2810 4308 proprii
2864 4237 3145 4307 profectus
3205 4238 3503 4296 hilarescit.

1929 4329 2121 4384 Omnia
2156 4329 2360 4398 suffert.
2389 4326 2590 4384 Sutl'ert
2617 4328 2844 4398 injurias
2865 4368 2880 4394 ,
2912 4327 3270 4384 satisfacienti
3309 4329 3503 4385 credit.

1930 4418 2122 4474 Omnia
2144 4427 2336 4488 sperat.
2368 4415 2500 4484 Ejus
2525 4416 2978 4482 emendationem,
3029 4424 3084 4469 et
3133 4416 3305 4472 donec
3339 4417 3509 4471 corri-

256 4535 396 4586 mus,
419 4527 480 4574 ut
504 4519 679 4590 magis
712 4532 776 4573 ac
810 4516 982 4587 magis
1009 4513 1246 4570 charitas
1281 4511 1633 4568 conﬁrmetur
1657 4525 1672 4564 :
1700 4525 1826 4564 nam
1851 4551 1906 4612 Β
1932 4520 2088 4586 gatur
2119 4513 2388 4582 patienter
2417 4519 2716 4582 expectat.
2748 4511 2939 4577 Aliter,
2985 4511 3166 4566 omnia
3206 4517 3422 4580 sperat,
3453 4509 3505 4564 id

257 4612 305 4665 si
331 4627 469 4665 unus
496 4609 679 4665 omnia
707 4607 957 4672 haberet,
992 4605 1247 4660 adversus
1275 4611 1498 4657 caeteros
1527 4599 1823 4656 inﬂaretur.

255 4702 568 4771 Inﬁrmiora
594 4700 843 4756 membra.
877 4699 1077 4755 Venter
1100 4703 1156 4750 et
1181 4702 1375 4751 caetera
1410 4694 1682 4749 intestina.
1721 4691 1830 4747 Ne-

257 4795 574 4849 cessariora.
604 4791 662 4848 Id
691 4799 794 4859 est,
823 4791 950 4845 dum
993 4790 1158 4844 vitam
1205 4787 1448 4858 corporis
1497 4786 1826 4842 custodiunt.

255 4886 447 4954 Itaque
487 4884 728 4940 membra
757 4897 878 4952 quae
903 4881 1155 4951 spernitis
1203 4881 1259 4934 in
1301 4877 1576 4942 Ecclesia,
1610 4877 1830 4947 majoris

256 4977 509 5032 utilitatis
541 4975 934 5045 approbantur;
981 4973 1028 5026 si
1070 4972 1124 5026 in
1169 4984 1397 5042 corpore
1438 4970 1556 5026 sine
1582 4969 1834 5026 manibus

254 5068 593 5139 pedibusque
616 5066 837 5127 vivitur,
871 5064 987 5119 sine
1018 5061 1270 5116 intestino
1303 5061 1523 5116 omnino
1552 5075 1660 5115 non
1691 5058 1828 5114 vivi-

254 5169 366 5215 tur.
419 5157 865 5214 Abun'danliorem
926 5153 1310 5208 circumdamus
1362 5155 1631 5208 honorem.
1691 5152 1830 5207 Dum

254 5250 470 5305 cautius
501 5247 842 5304 vestimentis
868 5254 924 5301 et
945 5244 1255 5316 diligentius
1278 5245 1670 5300 custodiuntur.
1696 5244 1827 5311 Quae

254 5351 434 5396 autem
461 5341 678 5395 honesta
701 5347 843 5394 sunt.
871 5338 926 5393 Id
953 5345 1056 5402 est,
1081 5351 1200 5406 qua:
1220 5350 1317 5405 per
1339 5349 1399 5390 se
1426 5336 1650 5406 pulchra
1680 5344 1826 5402 sunt,

255 5440 317 5486 ut
363 5438 530 5502 caput
555 5438 612 5486 et
636 5443 852 5508 manus.
879 5427 948 5482 Et
981 5428 1064 5483 cui
1092 5426 1252 5480 deest.
1296 5423 1354 5479 Id
1402 5433 1504 5490 est,
1552 5426 1826 5481 honestas.

255 5523 709 5578 Abundantiorem
744 5522 991 5576 honorem
1025 5519 1225 5574 tribuit.
1259 5517 1375 5574 Hoc
1401 5526 1504 5584 est,
1531 5519 1830 5574 minoribus

255 5613 519 5669 Ecclesiae
554 5612 816 5669 membris
848 5609 1052 5680 majora
1091 5611 1228 5666 dona
1267 5611 1599 5677 concedens,
1634 5619 1693 5667 ut
1741 5611 1832 5682 qui

258 5707 469 5763 honore
496 5706 677 5763 minor
707 5713 849 5772 erat,
871 5704 1041 5776 gratia
1071 5703 1325 5759 abundet.
1361 5703 1419 5759 Si
1445 5705 1636 5759 dixerit
1663 5707 1829 5760 auris.

257 5801 316 5858 Id
346 5811 451 5864 est.
481 5803 700 5865 sapiens
730 5798 962 5857 auditor.
990 5795 1206 5855 Oculus.
1237 5796 1675 5868 Doctor,quique
1695 5797 1860 5855 tutu--

1930 4614 2035 4672 est,
2060 4605 2300 4676 praemia.
2327 4603 2517 4659 Omnia
2542 4605 2726 4658 credit.
2753 4603 3026 4660 Promissa
3046 4620 3076 4660 a
3102 4604 3234 4672 Deo,
3259 4621 3325 4661 ac
3347 4606 3504 4661 retri-

1928 4697 2059 4752 buta
2089 4695 2246 4752 malis
2271 4703 2324 4750 et
2349 4694 2525 4750 bonis.
2556 4692 2747 4748 Omnia
2771 4696 3008 4752 sustinet.
3031 4695 3091 4752 Id
3119 4705 3237 4763 est,
3268 4696 3503 4768 promis-

1932 4804 2011 4845 sa.
2045 4787 2291 4843 Charitas
2320 4802 2586 4858 nunquam
2610 4785 2832 4853 excidet,
2853 4788 2957 4841 sive
2986 4788 3270 4859 prophetiae
3289 4804 3506 4842 evacua-

1934 4882 2146 4936 buntur.
2178 4879 2605 4950 Superveniente
2645 4879 2792 4934 enim
2821 4879 3178 4950 completione
3205 4919 3220 4945 ,
3266 4877 3503 4934 cessabit

1930 4972 2240 5043 prophetia,
2267 4972 2397 5042 quia
2420 4971 2556 5026 nihil
2581 4970 2825 5028 futurum
2855 4973 2978 5031 erit.
3009 4971 3136 5027 Sive
3165 4971 3360 5041 linguae
3385 4984 3505 5026 ces-

1932 5069 2146 5132 sabunt,
2170 5066 2297 5136 quia
2322 5072 2450 5119 tunc
2472 5080 2578 5120 non
2603 5067 2923 5121 necessaria:
2947 5073 3124 5120 erunt.
3147 5063 3267 5119 Sive
3282 5062 3498 5118 scientia

1930 5159 2245 5214 destruetur.
2276 5157 2332 5212 Id
2361 5167 2464 5224 est,
2502 5158 2816 5228 imperfecta
2857 5167 2912 5214 et
2952 5159 3133 5214 dubia.
3174 5153 3304 5210 Cum
3341 5173 3500 5212 essem

1933 5248 2200 5320 parvulus,
2225 5247 2472 5320 loquebar
2495 5258 2552 5302 ut
2576 5250 2846 5320 parvulus,
2871 5249 3132 5320 sapiebam
3152 5257 3208 5301 ut
3231 5248 3496 5318 parvulus,

1933 5340 2225 5411 cogitabam
2265 5348 2322 5392 ut
2354 5339 2641 5411 parvulus:
2669 5339 2802 5394 Cum
2841 5348 3014 5392 autem
3053 5338 3224 5407 factus
3248 5355 3362 5392 sum
3398 5341 3499 5407 vir,

1935 5432 2177 5486 evacuavi
2224 5447 2343 5502 qua:
2382 5441 2531 5485 erant
2574 5432 2799 5502 parvuli.
2844 5429 2944 5484 Hic
2986 5429 3206 5501 physice
3239 5430 3496 5502 loquitur.

1939 5521 2077 5577 Nam
2104 5538 2343 5594 pmsens
2374 5531 2584 5593 tempus
2608 5522 2752 5578 aetati
2781 5519 2991 5592 parvuli
3027 5530 3323 5592 comparat,
3355 5521 3502 5578 futu-

1938 5631 2059 5671 rum
2084 5631 2215 5673 vero
2261 5624 2474 5688 tempus
2503 5617 2623 5670 viro
2662 5613 2920 5685 perfecto.
2959 5613 3205 5670 Videmus
3245 5631 3382 5670 nunc
3411 5631 3503 5687 per

1936 5706 2220 5779 speculum.
2249 5708 2459 5764 Nostra:
2485 5705 2694 5762 scilicet
2722 5705 2939 5772 mentis,
2983 5706 3068 5762 vel
3115 5706 3310 5762 divina:
3356 5704 3502 5761 Scri—

1934 5807 2124 5868 ptura).
2158 5799 2226 5858 In
2247 5801 2538 5867 (enigmate.
2568 5797 2625 5854 Id
2646 5805 2749 5862 est,
2775 5798 3121 5857 obscuritate.
3156 5797 3298 5854 Tunc
3327 5807 3501 5854 autem
