4108 6334
602 376 708 458 ιὲςε

1981 391 2251 450 SEDULII
2289 391 2484 449 SCOTI

3740 395 3847 455 160

602 533 702 574 nos
718 515 919 574 eorum
945 512 1245 572 dominatui
1268 509 1492 580 subjecti
1536 522 1738 567 sumus.
1769 466 1859 564 .Et
1905 493 2164 564 virtutem.
2195 509 2248 571 Α
2271 507 2568 563 rectionem
2592 505 2924 578 negantium.
2972 503 3343 576 Ignorantiam
3385 505 3506 563 Dei.
3537 505 3598 563 Id
3617 517 3722 578 est,
3739 526 3844 583 pu-

602 610 719 678 Qua
743 623 842 665 nos
864 607 1113 662 vicerunt
1143 623 1155 658 :
1185 605 1358 659 virtus
1382 603 1528 658 enim
1554 615 1741 657 eorum
1771 607 1956 656 nostra
1983 614 2168 670 pecca-

601 709 657 756 ta
685 707 826 755 sunt.
857 698 1072 768 Oportet
1095 695 1230 750 enim
1251 692 1403 748 illum
1424 708 1657 762 regnare.
1684 690 1831 746 Istud
1853 691 1918 746 de
1953 690 2169 745 homine

600 794 801 849 dictum
833 806 942 846 non
959 803 1242 861 negamus,
1273 788 1340 841 de
1366 802 1432 842 eo
1452 786 1543 855 qui
1569 800 1759 855 passus
1800 793 1884 840 est
1925 798 2164 849 crucem,

599 886 691 956 qui
712 893 899 955 postea
926 881 1350 952 sederejubetur
1392 895 1424 934 a
1452 878 1674 934 dextris.
1729 876 1867 943 Quid
1913 877 2018 930 sibi
2043 875 2160 930 vult

599 979 704 1033 hoc
729 977 875 1046 quod
899 977 976 1031 ait
1003 993 1016 1029 :
1051 975 1267 1046 Oportet
1291 974 1426 1028 enim
1452 972 1602 1025 illum
1636 986 1852 1041 regnare
1881 969 2042 1022 donec
2077 985 2171 1039 po-

601 1077 692 1122 nat
711 1083 884 1122 omnes
915 1066 1153 1120 inimicos
1190 1063 1284 1118 sub
1307 1063 1518 1134 pedibus
1569 1061 1720 1130 ejus?
1758 1059 2009 1128 Nunquid
2059 1067 2170 1114 tam

600 1158 691 1214 diu
718 1166 1038 1231 regnaturus
1062 1163 1147 1212 est
1171 1154 1451 1219 Dominus,
1482 1155 1652 1209 donec
1675 1151 1938 1222 incipiant
1962 1148 2168 1205 inimici

601 1251 700 1305 sub
726 1250 953 1320 pedibus
973 1249 1090 1321 ejus
1115 1263 1257 1314 esse,
1289 1255 1345 1303 et
1373 1253 1657 1318 postquam
1691 1242 1766 1297 illi
1815 1242 1916 1297 sub
1942 1242 2168 1311 pedibus

602 1341 822 1407 fuerint,
859 1355 1088 1414 regnare
1120 1339 1381 1396 desistet?
1417 1352 1542 1392 cum
1591 1335 1779 1404 utique
1828 1341 1954 1389 tunc
1994 1333 2168 1403 magis

601 1445 826 1502 regnare
852 1432 1092 1503 incipiat.
1143 1431 1322 1486 Donec
1369 1436 1529 1500 ponat
1566 1442 1738 1480 omnes
1789 1425 2025 1479 inimicos
2076 1425 2170 1478 sub

600 1521 834 1591 pedibus.
865 1521 924 1576 ld
947 1529 1052 1587 est,
1082 1529 1176 1576 aut
1200 1519 1496 1583 voluntate,
1540 1525 1633 1571 aut
1681 1515 2002 1570 necessitate
2044 1513 2173 1569 sub-

598 1610 786 1681 iectos.
803 1611 914 1668 Sub
939 1614 1154 1684 pedibus
1175 1612 1311 1683 ejus.
1335 1611 1443 1666 Aut
1462 1610 1561 1665 sub
1584 1608 1789 1664 Christi
1815 1607 2170 1674 humanitate,

602 1710 696 1756 aut
726 1702 826 1758 sub
866 1703 1144 1773 apostolis,
1178 1703 1372 1772 quibus
1411 1701 1668 1756 mundum
1698 1698 2027 1770 peragravit.
2064 1696 2173 1751 De-

599 1803 836 1848 struetur
861 1811 1020 1850 mors.
1048 1794 1106 1850 Id
1131 1793 1512 1859 est,diabolus,
1533 1791 1624 1862 qui
1647 1797 1837 1844 auctor
1856 1797 1938 1843 est
1959 1787 2168 1850 mortis,

2269 609 2448 656 tantes
2482 601 2652 656 Deum
2679 613 2783 654 non
2808 613 2968 668 posse
2999 599 3287 655 suscitare.
3319 597 3424 653 Sed
3468 601 3606 655 dicet
3625 602 3843 676 aliquis.

2269 693 2386 764 Ipse
2427 692 2528 746 sibi
2553 706 2621 745 ex
2652 691 3136 746 contradicentium
3154 706 3386 762 persona
3402 695 3674 764 proponit.
3704 695 3850 763 Quo-

2270 785 2422 838 modo
2457 794 2723 855 resurgent
2746 786 2980 839 mortui?
3006 784 3064 840 Id
3104 793 3204 850 est,
3237 786 3366 864 dum
3391 802 3619 857 corpora
3648 791 3704 844 in
3727 790 3848 860 pul-

2270 893 2452 932 verem
2476 878 2719 932 redeunt.
2750 879 2910 942 Ouali
2952 888 3129 934 autem
3186 897 3400 952 corpore
3431 882 3689 937 redeunt?
3732 884 3850 940 Hoc

2270 977 2374 1034 est,
2389 975 2568 1023 utrum
2585 976 2645 1023 ut
2657 971 3002 1039 sepeliantur,
3022 971 3101 1026 sic
3115 975 3439 1044 resurgunt?
3454 974 3605 1029 verbi
3627 979 3801 1046 gratia
3829 997 3844 1033 :

2273 1059 2331 1116 Si
2359 1076 2532 1117 caecus
2572 1070 2626 1116 et
2648 1062 2893 1132 leprosus
2919 1064 3201 1134 sepelitur,
3262 1073 3442 1121 utrum
3497 1066 3636 1123 idem
3667 1083 3851 1128 caicus

2272 1162 2326 1209 et
2348 1154 2595 1224 leprosus
2622 1156 2902 1226 resurget?
2955 1154 3132 1226 Atque
3165 1156 3251 1212 his
3298 1157 3508 1213 duabus
3543 1159 3852 1232 interroga-

2274 1245 2510 1301 tionibus
2529 1247 2710 1301 statim
2734 1249 3042 1317 respondet,
3073 1250 3259 1304 dicens
3291 1293 3306 1305 .
3335 1249 3365 1304 Ι
3371 1252 3598 1323 nsipiens
3614 1254 3850 1321 tu.Quia

2273 1353 2384 1392 non
2408 1338 2640 1393 attendis
2667 1339 2797 1409 quid
2820 1341 3057 1409 quotidie
3084 1356 3270 1397 coram
3291 1344 3399 1399 tuis
3425 1345 3599 1401 oculis
3611 1348 3846 1417 geritur.

2277 1428 2435 1494 Quod
2460 1430 2684 1484 seminus
2713 1446 2816 1483 non
2836 1431 3130 1500 viviﬁcatur
3157 1434 3258 1487 nisi
3290 1435 3437 1503 prius
3465 1447 3748 1504 moriatur,
3801 1450 3852 1494 et

2273 1519 2412 1590 quod
2439 1521 2662 1574 seminus
2687 1520 2712 1574 ?
2734 1537 2838 1575 non
2858 1538 3064 1592 corpus.
3091 1522 3175 1578 Ad
3207 1523 3340 1579 illud
3367 1528 3658 1596 respondet
3701 1530 3852 1600 quod

2273 1611 2537 1682 praemisit
2569 1629 2580 1665 :
2610 1610 2754 1680 quali
2784 1621 2962 1667 autem
2979 1629 3204 1683 corpore
3223 1617 3485 1671 veniunt?
3516 1618 3642 1674 Non
3656 1635 3852 1690 corpus

2274 1702 2415 1773 quod
2449 1703 2689 1771 futurum
2711 1712 2806 1758 est.
2835 1703 2914 1758 Ac
2944 1705 2990 1758 si
3020 1705 3245 1773 diceret,
3271 1707 3390 1762 Non
3433 1708 3640 1778 spicam
3683 1713 3855 1767 semi-

2278 1809 2378 1849 nas
2407 1794 2462 1848 in
2492 1800 2712 1862 terram,
2741 1797 2835 1850 sed
2872 1811 3098 1866 granum
3124 1806 3179 1853 et
3225 1797 3366 1854 sicut
3392 1815 3516 1854 cum
3550 1816 3719 1872 grano
3751 1819 3848 1859 se-

603 1887 717 1941 sive
754 1900 901 1941 mors
923 1885 1166 1956 corporis
1211 1886 1519 1940 destruetur
1567 1882 1819 1937 sorbente
1857 1876 2176 1935 immortali-
2203 1863 2252 1923 Β
2280 1885 2509 1940 cundior
2535 1900 2658 1940 cum
2685 1888 2868 1956 granis
2891 1896 3138 1959 resurget
3157 1889 3341 1956 arista,
3372 1891 3449 1945 ita
3470 1898 3525 1945 et
3563 1890 3857 1965 incorrup-

608 1989 722 2036 tate
756 1999 770 2034 :
817 1988 996 2050 potest
1028 1981 1117 2036 hic
1153 1979 1363 2034 excludi
1401 1976 1720 2039 haereticus,
1759 1988 1828 2028 ne
1875 1974 2050 2041 ipsum
2081 1985 2177 2040 pa-

605 2081 747 2126 trem
770 2071 1163 2143 subjiciendum
1183 2069 1402 2125 Christo
1431 2067 1539 2122 dici
1559 2072 1795 2135 putaret.
1827 2065 1971 2118 Tunc
1994 2072 2044 2116 et
2068 2065 2179 2132 ipse

603 2162 865 2232 subjectus
894 2162 989 2214 erit
1019 2160 1118 2225 illi,
1141 2160 1230 2228 qui
1255 2158 1475 2228 subjecit
1508 2156 1605 2210 sibi
1645 2156 1841 2209 omnia.
1884 2153 1997 2208 Hoc
2050 2153 2180 2208 dicit

600 2269 698 2323 pro
741 2260 896 2322 parte
924 2250 1294 2317 humanitatis,
1329 2249 1417 2304 vel
1444 2263 1546 2318 pro
1594 2247 1856 2302 membris
1901 2245 2174 2300 Ecclesiae.

598 2345 790 2412 Aliter,
820 2344 1082 2414 subjectio
1101 2358 1212 2398 non
1239 2357 1454 2412 semper
1480 2341 1548 2395 ad
1569 2337 1988 2394 diminutionem
2009 2337 2180 2391 hono-

602 2437 678 2491 ris
707 2435 964 2505 pertinet,
994 2435 1088 2490 sed
1109 2435 1276 2488 etiam
1303 2433 1371 2486 ad
1395 2429 1676 2485 charitatis
1699 2427 1957 2492 cilicium,
1999 2426 2177 2480 maxi-

601 2541 688 2581 me
713 2541 836 2580 cum
862 2533 918 2579 et
946 2526 1166 2595 spiritus
1197 2523 1583 2593 prophetarum
1623 2518 1908 2589 prophetis
1965 2518 2179 2573 dicatur

606 2633 725 2674 esse
746 2616 1040 2685 subjectus,
1066 2624 1128 2670 ut
1154 2630 1263 2669 non
1281 2615 1353 2668 sit
1376 2613 1519 2668 Deus
1548 2611 1926 2674 dissensionis,
1956 2609 2049 2664 sed
2085 2623 2182 2689 pa-

612 2709 712 2774 cis,
738 2723 862 2762 cum
889 2713 943 2760 et
970 2707 1084 2775 ipse
1104 2705 1364 2760 Dominus
1388 2702 1584 2772 Joseph
1614 2710 1668 2756 et
1691 2701 1877 2756 Mariae
1905 2699 2178 2755 scribatur

603 2797 772 2853 fuisse
791 2795 1084 2866 subjectus.
1119 2792 1184 2847 Ut
1200 2795 1267 2848 sit
1293 2792 1434 2847 Deus
1463 2793 1638 2846 omnia
1687 2795 1743 2846 in
1788 2790 2048 2845 omnibus.
2083 2788 2182 2844 Sa-

604 2887 708 2952 lus,
742 2887 873 2952 vita,
905 2884 1106 2950 victus,
1135 2891 1192 2940 et
1228 2883 1402 2953 copia,
1429 2882 1620 2952 gloria,
1656 2889 1712 2937 et
1742 2883 1936 2946 honor,
1957 2888 2013 2936 et
2051 2895 2180 2950 pax,

602 2985 658 3031 et
679 2977 861 3032 omnia
889 2976 1052 3031 bona.
1079 2975 1328 3045 Alioquin
1347 2974 1474 3044 quid
1499 2973 1694 3044 facient
1721 2974 1810 3044 qui
1845 2973 2183 3044 baptizantur

603 3085 696 3140 pro
730 3069 993 3123 mortuis?
1023 3067 1334 3138 Quicunque
1360 3067 1415 3121 in
1445 3065 1653 3120 Christo
1683 3065 1936 3137 baptizati
1976 3081 2177 3131 sumus,

603 3159 660 3212 in
685 3167 849 3212 morte
876 3158 1039 3228 ipsius
1066 3157 1316 3228 baptizati
1358 3173 1556 3220 sumus,
1583 3156 1637 3210 id
1663 3163 1766 3222 est,
1797 3163 1857 3209 ut
1886 3153 2001 3224 jam
2022 3154 2180 3225 quasi

609 3248 931 3303 commortui
953 3263 1077 3303 cum
1099 3247 1191 3302 illo
1221 3247 1412 3312 simus,
1437 3246 1566 3314 quid
1599 3260 1730 3314 ergo
1763 3245 1984 3314 prodest
2027 3245 2185 3301 nobis

611 3338 812 3394 mundo
839 3339 1002 3405 mori,
1031 3340 1077 3395 si
1104 3340 1248 3394 hunc
1294 3346 1664 3407 contemptum
1713 3337 2048 3407 voluptatum
2071 3337 2184 3392 vita

605 3444 713 3486 non
739 3431 983 3502 sequitur
1025 3431 1257 3486 aeterna?
1303 3428 1494 3493 Aliter,
1548 3445 1642 3499 pro
1688 3430 1931 3494 mortuis,
1969 3428 2024 3482 id
2077 3437 2181 3497 est,

604 3521 859 3590 operibus
905 3537 1026 3592 quae
1054 3529 1322 3594 generant
1352 3527 1605 3575 mortem.
1656 3517 1723 3573 Ut
1766 3519 1892 3590 quid
1921 3517 2186 3589 periclite-

607 3614 765 3670 mur?
794 3613 853 3669 Si
885 3614 1018 3668 nihil
1040 3622 1187 3670 esset
1213 3613 1268 3668 in
1291 3612 1495 3679 futuro,
1519 3625 1699 3666 nonne
1723 3625 1940 3666 eramus
1962 3608 2186 3667 stultiut

585 3713 788 3762 tantas
825 3705 1204 3762 tribulationes
1237 3720 1338 3775 pro
1378 3703 1501 3758 aliis
1542 3700 1894 3774 pateremur?
1941 3699 2186 3766 Quotidie

608 3796 805 3851 morior
821 3814 914 3867 pro
933 3805 1102 3851 uestra
1122 3782 1292 3866 gloria
1309 3807 1356 3848 α.
1379 3793 1438 3849 Id
1459 3801 1562 3859 est,
1577 3808 1736 3847 causa
1757 3799 1951 3847 vestra:
1971 3793 2180 3862 gloriae:

607 3901 824 3956 semper
857 3886 1001 3942 enim
1039 3901 1157 3942 sum
1188 3892 1427 3957 paratus,
1465 3890 1520 3939 et
1547 3883 1787 3953 quotidie
1817 3897 1903 3936 me
1932 3890 2186 3953 exspecto

611 3993 711 4049 pro
735 3985 915 4032 vestra
937 3977 1106 4049 gloria
1131 3977 1474 4033 moriturum.
1507 3974 1614 4028 Per
1640 3990 1749 4030 non
1782 3989 1995 4044 semper
2021 3974 2187 4045 signi-

613 4070 796 4126 ﬁcatio
837 4069 1130 4139 juramenti
1159 4077 1245 4125 est
1277 4086 1290 4122 :
1337 4081 1465 4122 nam
1493 4067 1539 4122 si
1577 4067 1773 4132 dicam,
1802 4065 1906 4120 Per
1958 4081 2190 4136 puerum

613 4161 756 4227 misi,
786 4177 894 4217 non
924 4163 1106 4218 statim
1129 4177 1228 4232 per
1249 4174 1477 4230 puerum
1499 4156 1713 4226 iurasse
1737 4155 1987 4226 putabor.
2013 4155 2184 4222 Quam

609 4254 770 4309 habeo
807 4255 864 4309 in
884 4253 1111 4308 Christo.
1166 4251 1350 4307 Bonus
1376 4251 1524 4306 enim
1576 4249 1763 4304 doctor
1787 4249 2058 4319 particeps
2099 4255 2186 4304 est

608 4343 795 4416 gloriae
843 4343 1247 4414 discipulorum.
1294 4340 1356 4397 Si
1419 4340 1709 4394 secundum
1748 4340 2029 4394 hominem.
2071 4338 2186 4394 Hoc

610 4444 712 4503 est,
764 4437 810 4492 si
842 4435 977 4490 nihil
999 4432 1458 4490 remunerationis
1484 4446 1515 4485 a
1538 4431 1649 4487 Deo
1674 4446 1773 4500 pro
1801 4433 1906 4487 hoc
1933 4432 2186 4487 certami-

609 4543 677 4583 ne
701 4539 875 4596 spero.
907 4523 1082 4589 Quare
1105 4524 1334 4595 pugnavi
1371 4522 1568 4594 Ephesi
1614 4531 1798 4577 contra
1845 4521 2075 4577 bestias?
2123 4519 2182 4574 Id
2205 4549 2259 4610 Β

610 4627 713 4683 est,
753 4615 1059 4681 haereticos,
1084 4624 1140 4670 et
1167 4631 1339 4672 saevos
1366 4615 1634 4670 homines.
1656 4613 1740 4668 An
1775 4621 1838 4667 ut
1869 4610 2183 4666 hominibus

612 4706 918 4781 placerem?
939 4704 1338 4761 Manducemus.
1368 4707 1615 4776 Increpat
1635 4703 1883 4772 exemplo
1907 4702 2183 4771 propheta:

615 4798 750 4871 (Isa.
792 4793 948 4865 xxu),
980 4793 1118 4864 gula:
1168 4795 1377 4850 deditos
1427 4793 1807 4864 desperatione
1851 4791 2178 4847 futurorum.

617 4888 794 4944 Nolite
830 4887 1027 4942 seduci.
1053 4886 1108 4941 ld
1137 4893 1242 4951 est,
1291 4887 1359 4941 ab
1397 4886 1485 4940 his
1513 4885 1606 4956 qui
1654 4883 1784 4939 talia
1808 4883 2011 4939 dicunt.
2052 4882 2182 4939 Cor-

615 4987 859 5049 rumpunt
882 4978 1040 5031 bonos
1064 4991 1232 5031 mores
1255 4975 1517 5047 colloquia
1545 4993 1726 5048 prava.
1752 4975 2112 5048 Hieronymus
2126 4976 2182 5030 in

615 5068 947 5140 expositione
974 5067 1225 5138 Epistola:
1247 5070 1314 5124 ad
1342 5068 1523 5124 Titum
1545 5069 1677 5124 dicit
1713 5084 1728 5123 :
1761 5065 1844 5124 Ad
1871 5067 2186 5124 Corinthios

615 5173 829 5230 quoque
858 5159 923 5214 de
943 5158 1219 5214 Menandri
1243 5159 1273 5200 ιι
1294 5159 1560 5216 comoedia
1574 5175 1792 5216 versum
1815 5159 2041 5229 sumpsit
2059 5158 2189 5214 iam-

616 5252 794 5306 bicum
827 5248 1217 5322 :Corrumpunt
1245 5268 1414 5307 mores
1456 5251 1636 5307 bonos.
1659 5251 1774 5307 Mos
1803 5259 1887 5307 est
1929 5249 2188 5320 apostolis

617 5344 684 5398 de
711 5344 979 5400 mundana
999 5344 1262 5413 sapientia
1288 5343 1533 5415 accipere
1563 5343 1894 5409 testimonia,
1925 5351 1983 5396 et
2008 5341 2186 5395 sinon

617 5436 686 5491 ad
715 5439 1111 5504 auctoritatem,
1138 5447 1320 5494 tamen
1361 5437 1797 5502 aediﬁcationem,
1820 5442 1880 5490 ut
1910 5433 2040 5488 illud
2064 5433 2179 5489 Vir-

618 5527 729 5599 gilii
755 5529 808 5585 in
843 5529 1066 5586 Actibus
1085 5531 1451 5602 apostolorum
1482 5545 1496 5584 :
1522 5529 1697 5601 Ipsius
1725 5529 1862 5584 enim
1908 5545 2067 5600 genus
2095 5545 2186 5582 su-

617 5637 754 5676 mus.
788 5619 964 5677 Sobrii
993 5631 1172 5679 estote.
1199 5623 1321 5680 Non
1335 5623 1664 5680 seducatvos
1685 5620 1988 5690 ignorantia
2003 5633 2186 5674 resur-

690 5748 717 5777 ι
749 5734 1022 5793 Sedulium
1039 5736 1234 5810 legisse
1261 5754 1352 5809 per
1370 5745 1595 5792 vestram
1643 5731 1865 5803 gloriam
1917 5739 2066 5803 patet
2113 5740 2181 5789 e‘x

620 5810 1023 5870 wmmentario.

2278 1977 2430 2032 tibile
2469 1993 2666 2048 corpus
2708 1979 2765 2032 in
2812 1979 2997 2050 gloriae
3051 1990 3301 2052 resurget
3348 1991 3655 2051 augmento.
3710 1984 3861 2042 Deus

2277 2077 2453 2122 autem
2474 2067 2567 2121 dat
2594 2068 2674 2123 illi
2704 2085 2912 2141 corpus.
2937 2071 2997 2125 Id
3035 2079 3134 2135 est,
3183 2072 3251 2126 ab
3281 2071 3435 2127 initio
3482 2073 3750 2144 disposuit
3801 2083 3863 2130 ut

2277 2158 2458 2212 omnia
2488 2160 2694 2214 semina
2719 2176 2843 2215 cum
2867 2162 3197 2230 putruerint,
3230 2163 3283 2216 in
3300 2162 3532 2232 amplius
3556 2163 3863 2221 reformen-

2277 2258 2385 2305 tur.
2419 2249 2702 2323 Proprium
2741 2270 2948 2324 corpus.
2976 2253 3093 2310 Non
3124 2254 3380 2321 alienum,
3430 2257 3526 2311 sed
3555 2259 3862 2313 secundum

2278 2355 2445 2412 genus
2475 2359 2632 2397 suum
2657 2345 2938 2413 pr0prium
2971 2363 2984 2398 :
3011 2355 3070 2399 ut
3105 2353 3232 2415 pote
3261 2345 3501 2402 triticum
3551 2351 3616 2404 de
3646 2351 3861 2418 tritico,

2278 2434 2543 2489 hordeum
2565 2450 2632 2490 ex
2654 2435 2880 2502 hordeo,
2907 2437 2984 2492 sic
3003 2437 3251 2493 homines
3271 2454 3366 2492 sua
3382 2441 3603 2511 pr0pria
3627 2457 3864 2512 corpora

2278 2528 2560 2596 recipient,
2592 2541 2701 2581 non
2721 2527 2916 2582 aliena.
2950 2527 3074 2582 Non
3094 2530 3261 2583 omnis
3309 2548 3432 2584 caro
3481 2532 3664 2588 eadem
3707 2550 3862 2590 caro.

2280 2615 2416 2670 Tota
2446 2618 2864 2685 comparationis
2897 2618 3057 2687 hujus
3103 2621 3387 2676 diversitas
3435 2622 3504 2676 ad
3540 2624 3644 2678 hoc
3693 2624 3866 2692 valet,

2280 2717 2341 2762 ut
2371 2709 2560 2764 credas
2586 2726 2754 2765 unum
2800 2725 2967 2781 genus
3007 2711 3165 2768 facile
3212 2729 3470 2784 reparare
3521 2731 3703 2787 posse,
3767 2719 3871 2788 qui

2282 2807 2434 2855 tanta
2456 2801 2586 2856 fecit
2603 2816 2670 2856 ex
2699 2803 2891 2869 nihilo,
2916 2805 3030 2860 sive
3051 2813 3258 2860 tantam
3282 2809 3602 2868 meritorum
3619 2810 3872 2866 ostendit

2282 2903 2404 2945 esse
2426 2889 2740 2946 distantiam
2767 2891 3040 2960 justorum
3065 2911 3095 2950 a
3142 2898 3543 2966 peccatoribus,
3595 2908 3873 2969 quantum

2283 2983 2487 3037 distant
2515 2983 2758 3040 caelestia
2787 3001 2818 3040 a
2845 2989 3231 3044 terrestribus:
3267 2997 3324 3043 et
3350 2991 3592 3060 ipsorum
3629 2993 3776 3046 inter
3808 3007 3874 3048 se

2277 3071 2550 3142 justorum
2577 3076 2635 3130 in
2659 3085 2870 3133 tantum
2893 3079 3094 3134 distare
3111 3079 3372 3152 fulgorem
3405 3083 3643 3138 ostendit
3688 3099 3874 3153 quan-

2212 3209 2256 3272 C
2288 3170 2402 3216 tum
2430 3163 2683 3219 differunt
2707 3166 2996 3222 luminaria
3020 3185 3051 3222 a
3072 3169 3452 3226 luminaribus.
3479 3170 3712 3242 Corpora
3751 3190 3874 3228 cae-

2289 3253 2457 3308 lestia.
2500 3254 2571 3310 Ut
2596 3257 2676 3312 sol
2704 3265 2758 3311 et
2782 3258 2927 3326 luna,
2961 3260 3037 3313 ita
3061 3268 3116 3314 et
3143 3263 3461 3316 resurrectir
3493 3272 3875 3334 mortuorum,

2287 3359 2394 3398 non
2421 3346 2682 3413 omnium,
2732 3349 2827 3403 sed
2887 3351 3257 3405 tantummodo
3298 3360 3631 3409 sanctorum.
3684 3353 3878 3410 Semi-

2285 3443 2446 3489 natur
2463 3437 2519 3489 in
2539 3439 2870 3494 contumelia.
2900 3440 3040 3508 Quid
3072 3450 3184 3498 tam
3214 3444 3468 3515 ignobile,
3496 3454 3558 3501 ut
3593 3447 3882 3503 cadaver?

2287 3525 2594 3582 Seminatur
2618 3530 2673 3583 in
2694 3531 3015 3599 inﬁrmitate.
3059 3533 3117 3589 ld
3142 3543 3242 3601 est,
3289 3536 3489 3592 doloris
3531 3546 3583 3592 et
3635 3540 3879 3596 mortis.

2288 3615 2479 3688 Surget
2505 3619 2561 3673 in
2582 3620 2786 3676 uirtute.
2823 3621 3080 3679 Sanitatis
3108 3633 3163 3679 ct
3192 3627 3630 3682 immortalitatis.
3686 3625 3883 3684 Semi—

2287 3714 2444 3759 natur
2462 3723 2648 3778 corpus
2671 3711 2918 3766 animale.
2964 3711 3024 3766 In
3077 3715 3390 3784 corporibus
3455 3715 3879 3786 resurgentium

2289 3803 2436 3852 tanta
2461 3795 2693 3856 felicitas
2718 3801 2844 3868 erit,
2871 3812 3093 3874 propter
3118 3806 3261 3875 quod
3297 3815 3351 3861 et
3385 3805 3680 3875 spiritualia
3710 3804 3881 3861 dicta

2287 3895 2436 3954 sunt,
2468 3902 2590 3943 cum
2619 3892 2808 3959 procul
2827 3892 2989 3947 dubio
3014 3909 3240 3963 corpora
3257 3896 3365 3948 sint
3392 3895 3595 3960 futura,
3625 3910 3732 3949 non
3745 3898 3882 3965 spi-

2287 3977 2442 4032 ritus.
2486 3977 2594 4032 Sed
2622 3980 2761 4034 sicut
2784 3996 2929 4036 nunc
2949 3997 3144 4050 corpus
3165 3982 3400 4034 animale
3440 3983 3660 4050 dicitur,
3710 3988 3878 4053 quod

2285 4075 2468 4121 tamen
2487 4083 2688 4137 corpus
2711 4070 2888 4124 anima
2917 4085 3026 4124 non
3065 4080 3167 4137 est,
3209 4070 3283 4124 ita
3314 4077 3441 4124 tunc
3469 4085 3664 4142 corpus
3692 4073 3878 4143 spiri-

2286 4157 2429 4212 tuale
2457 4159 2583 4225 erit,
2613 4174 2806 4230 corpus
2831 4167 3013 4216 tamen
3041 4176 3148 4216 non
3195 4161 3416 4232 spiritus
3466 4164 3590 4219 erit.
3623 4164 3881 4225 Proinde

2285 4256 2547 4319 quantum
2579 4252 2774 4307 attinet
2810 4252 2878 4306 ad
2906 4253 3328 4324 corruptionem,
3355 4269 3475 4324 qua:
3502 4270 3611 4310 non
3661 4269 3878 4327 aggra-

2283 4348 2376 4396 vat
2404 4341 2641 4396 animam
2670 4351 2724 4397 et
2769 4344 2960 4410 vitam,
2999 4345 3194 4414 quibus
3222 4359 3350 4400 caro
3398 4344 3657 4401 adversus
3685 4348 3875 4417 spiri-

2285 4440 2400 4488 tum
2426 4435 2775 4505 concupiscit,
2801 4442 2930 4492 tunc
2977 4450 3086 4492 non
3131 4437 3238 4492 erit
3286 4452 3436 4504 caro,
3485 4438 3582 4492 sed
3627 4453 3872 4509 corpus,

2285 4524 2412 4594 quia
2445 4523 2682 4579 coelestia
2722 4540 2948 4595 corpora
2995 4527 3345 4598 perhibentur
3369 4569 3383 4595 ,
3424 4536 3644 4600 propter
3710 4532 3877 4600 quod

2288 4614 2494 4669 dictum
2533 4624 2616 4670 cst
2643 4633 2656 4669 :
2686 4613 2822 4669 Caro
2843 4626 2892 4670 et
2921 4617 3134 4688 sanguis
3166 4634 3380 4688 regnum
3421 4617 3521 4672 Dei
3551 4635 3656 4673 non
3681 4623 3872 4688 possi-

2287 4707 2498 4762 debunt.
2526 4707 2595 4761 Et
2635 4716 2890 4780 tanquam
2936 4724 3208 4781 exponens
3237 4711 3366 4780 quid
3415 4711 3633 4774 dixerit,
3679 4727 3872 4782 neque

2287 4799 2562 4866 corruptio
2589 4798 3048 4870 incorruptionem
3076 4801 3390 4869 possidebit,
3415 4809 3472 4856 et
3525 4800 3666 4870 quod
3703 4801 3871 4872 prius

2285 4901 2510 4959 regnum
2539 4890 2656 4957 Dei,
2697 4891 2799 4946 hoc
2837 4892 3106 4960 posterius
3152 4893 3644 4963 incorruptionem;
3683 4909 3869 4964 quan-

2285 4987 2401 5036 tum
2425 4990 2605 5038 autem
2627 4985 2822 5038 attinet
2859 4985 2927 5039 ad
2947 4985 3326 5051 substantiam,
3360 4987 3526 5042 etiam
3555 4995 3687 5042 tunc
3726 5002 3868 5046 caro

2285 5074 2410 5128 erit.
2437 5074 2581 5128 Idem
2608 5075 2663 5129 in
2687 5075 2823 5130 libro
2846 5075 2912 5130 de
2957 5078 3244 5147 generibus
3291 5077 3563 5134 visionum
3601 5077 3866 5149 :Conpus

2283 5163 2429 5234 quod
2456 5163 2696 5220 futurum
2718 5166 2879 5221 estin
2919 5169 3320 5225 resurrectione
3352 5177 3708 5236 mortuorum,
3739 5171 3864 5240 spi-

2283 5255 2479 5309 rituale
2508 5257 2742 5326 appellat
2760 5257 3070 5328 Apostolus,
3099 5259 3190 5313 ubi
3217 5260 3332 5314 ait:
3376 5258 3683 5315 Seminatur
3733 5277 3859 5315 cor-

2283 5361 2380 5416 pus
2403 5346 2840 5419 animale,surget
2861 5366 3048 5420 corpus
3077 5350 3365 5420 spirituale,
3396 5367 3460 5407 eo
3504 5353 3651 5423 quod
3698 5353 3862 5410 miris

2287 5436 2462 5490 modis
2483 5437 2551 5492 ad
2583 5452 2798 5494 omnem
2825 5438 3137 5494 felicitatem
3157 5448 3212 5495 et
3241 5442 3703 5515 incorruptionem
3744 5445 3861 5514 spi-

2288 5527 2415 5583 ritui
2447 5529 2730 5595 subdatur,
2782 5537 2837 5582 et
2881 5530 2999 5584 sine
3022 5529 3130 5584 ulla
3156 5531 3449 5603 indigentia
3493 5533 3862 5604 corporalium

2289 5624 2666 5680 alimentorum
2693 5624 2805 5680 solo
2823 5624 3127 5681 vivificetur
3153 5627 3343 5697 spiritu
3383 5647 3396 5684 :
3441 5644 3546 5686 non
3571 5630 3717 5700 quod
3767 5629 3857 5686 inv

2361 5738 2390 5781 δ
2413 5737 2691 5796 Menandri
2712 5739 2866 5796 Arati
2888 5739 2945 5798 in
2961 5740 3367 5805 Phoenomenis.
