4108 6334
235 383 337 442 161

1299 375 1628 434 COLLECT.
1667 375 1734 431 IN
1771 372 1988 431 EPIST.
2028 371 2072 429 Il
2109 373 2200 428 AD
2236 371 2392 428 COR.
2923 387 2968 453 ς›

3381 372 3485 428 162

239 504 566 562 corpoream
591 487 945 546 substantiam
983 485 1055 543 sit
1086 485 1420 553 habiturum,
1449 501 1624 556 neque
1664 486 1812 541 enim
1836 486 1890 546 Α
1917 483 2283 538 commissum.
2341 478 2646 534 Victoriam.
2699 480 2792 536 Vel
2839 480 3047 552 peccati
3075 488 3262 538 contra
3309 482 3484 556 legem

239 593 299 640 et
326 585 431 638 hoc
443 584 647 652 corpus
671 582 812 652 quod
832 596 975 636 nunc
1007 579 1266 635 habemus
1290 580 1483 635 animae
1508 580 1672 635 habet
1683 581 1812 636 sub-

241 673 519 729 stantiam.
550 670 702 728 Sicut
742 673 989 742 scriptum
1016 679 1112 726 est.
1139 670 1322 738 Idest,
1357 672 1412 727 in
1437 671 1632 726 Genesi
1659 670 1810 742 (Cap.

242 767 309 840 t).
343 767 412 822 Et
441 767 612 837 factus
639 775 712 821 est
747 768 901 821 homo
928 767 984 820 in
1005 766 1235 821 animam
1257 767 1524 822 viventem.
1563 765 1624 821 In
1657 765 1817 837 spiri—
1849 780 1852 782 ‘

248 867 366 915 tum
391 859 775 914 viviﬁcantem.
804 857 1134 915 Novissimus
1156 858 1327 913 Adam
1352 859 1408 912 in
1435 858 1678 930 spiritum
1701 858 1818 914 vivi-

247 951 510 1020 ﬁcantem.
539 948 656 1014 Non
680 949 851 1019 prius,
885 950 979 1006 sed
1009 949 1153 1020 quod
1204 948 1490 1019 spirituale
1525 956 1608 1004 est
1635 967 1646 1002 :
1678 948 1820 1004 sicut

244 1045 399 1116 prior
425 1051 509 1099 est
537 1050 782 1098 terrenus
805 1041 1012 1123 Adam,
1057 1051 1113 1098 et
1137 1042 1406 1112 posterior
1456 1040 1713 1109 caelestis,
1743 1041 1819 1096 ita

240 1138 396 1209 prius
425 1135 673 1200 animale,
698 1135 968 1206 posterius
987 1127 1267 1205 spirituale
1289 1149 1485 1205 corpus
1500 1135 1816 1204 accipimus.

242 1228 323 1282 De
350 1227 476 1283 caelo
499 1225 736 1283 catastis.
773 1225 890 1282 Non
921 1226 1064 1296 quod
1089 1241 1287 1296 corpus
1306 1225 1372 1281 de
1400 1224 1538 1281 caelo
1552 1223 1818 1291 attulerit,

241 1321 342 1378 sed
364 1322 507 1390 quod
535 1327 825 1390 conceptus
853 1319 926 1375 sit
950 1320 1017 1375 de
1044 1319 1251 1390 Spiritu
1281 1327 1488 1374 sancto.
1518 1317 1665 1373 Sicut
1695 1333 1820 1388 por-

243 1412 470 1467 tavimus
489 1411 768 1482 imaginem
794 1411 1007 1466 terreni.
1041 1409 1619 1480 Peccator‘imaginem
1664 1408 1815 1472 Adae,

240 1513 429 1578 portat
445 1505 624 1576 justus
649 1518 778 1558 vero
799 1503 1092 1573 imaginem
1122 1501 1349 1557 Christi.
1379 1501 1520 1571 Ergo
1537 1501 1678 1556 sicut
1696 1515 1822 1571 por-

245 1599 481 1654 tavimus
507 1585 742 1653 veterem
768 1595 1045 1651 hominem
1075 1602 1201 1649 ante
1238 1593 1589 1663 baptismum,
1637 1591 1714 1646 ita
1765 1597 1822 1646 et

242 1696 369 1760 post
391 1689 719 1758 baptismum
745 1694 1022 1759 portemus
1053 1701 1274 1741 novum.
1323 1682 1460 1740 Caro
1509 1692 1558 1738 et
1603 1683 1820 1754 sanguis

247 1798 463 1852 regnum
487 1780 583 1835 Dei
612 1798 714 1836 non
739 1781 1092 1852 possidebunt.
1141 1779 1202 1834 Id
1228 1786 1331 1845 est,
1370 1778 1504 1833 vitia
1559 1789 1613 1833 et
1653 1793 1821 1849 opera

249 1850 506 1936 carnalia,
533 1885 652 1940 qua:
673 1850 860 1940 postea
888 1870 1104 1924 nomine
1127 1869 1490 1940 corruptionis
1540 1868 1776 1939 appellat
1803 1886 1815 1922 :
1847 1850 1897 1911 Β

248 1961 562 2033 frequenter
612 1963 758 2017 enim
800 1962 1082 2031 Scriptura
1138 1976 1359 2016 carnem
1418 1977 1518 2031 pro
1569 1961 1823 2031 operibus

246 2055 428 2110 carnis
453 2040 718 2118 nominat,
768 2060 832 2106 ut
885 2052 1050 2106 alibi:
1088 2050 1192 2105 Vos
1233 2060 1406 2106 autem
1453 2067 1556 2104 non
1600 2052 1722 2105 estis
1769 2052 1825 2104 in

245 2161 429 2210 carne,
452 2145 542 2198 sed
568 2144 626 2197 in
649 2143 858 2213 spiritu.
900 2139 1004 2195 Sed
1030 2157 1132 2194 non
1181 2157 1357 2194 omnes
1408 2139 1821 2193 immutabimur.

242 2233 308 2289 In
355 2235 581 2305 gloriam
615 2241 670 2288 et
712 2233 882 2288 vitam
941 2239 1239 2286 aeternam:
1271 2233 1396 2301 quia
1439 2233 1507 2287 de
1542 2240 1716 2287 morte
1771 2232 1826 2286 in

243 2331 488 2378 mortem
509 2324 739 2378 transire
767 2337 874 2376 non
902 2329 988 2377 est
1023 2322 1328 2376 immutatio
1357 2339 1368 2374 :
1401 2337 1530 2376 nam
1557 2323 1827 2392 gehenna-

241 2413 314 2468 lis
345 2427 509 2481 pmna
536 2427 679 2467 mors
706 2412 937 2466 secunda
961 2419 1066 2477 est,
1097 2411 1609 2482 ideopeccatoribus
1632 2413 1827 2466 immu-

246 2505 387 2559 tatio
437 2517 546 2557 non
597 2502 900 2572 deputatur.
961 2500 1033 2554 Et
1077 2502 1132 2554 in
1170 2502 1278 2555 ictu
1305 2502 1464 2556 oculi.
1512 2501 1828 2557 Per.ictum

249 2595 392 2658 oculi
416 2594 640 2648 nimiam
663 2593 982 2648 brevitatem
999 2593 1114 2647 vult
1139 2594 1445 2663 signiﬁcare
1467 2599 1748 2664 momenti,
1769 2606 1831 2652 ut

253 2702 456 2764 quanta
485 2686 554 2747 sit
580 2684 821 2762 petentis
851 2699 924 2746 ex
943 2685 1343 2740 resurrectione
1389 2703 1707 2756 cognoscas.
1760 2688 1830 2742 In

255 2785 536 2840 novissima
569 2784 713 2838 tuba.
738 2783 796 2838 Id
817 2791 922 2850 est,
945 2799 1076 2838 voce
1106 2778 1503 2853 archangelica,
1535 2786 1628 2838 ut:
1649 2778 1829 2836 Media

258 2885 408 2931 nocte
440 2873 634 2928 clamor
662 2875 831 2944 factus
865 2885 942 2929 est
979 2874 1194 2946 (Matth.
1242 2875 1393 2946 xxv).
1419 2875 1487 2928 Et
1511 2875 1705 2929 mortui
1750 2890 1831 2926 re-

256 2973 468 3034 surgent
489 2964 798 3034 incorrupti.
820 2964 878 3018 Id
907 2972 1009 3030 est,
1053 2966 1179 3034 quia
1203 2972 1432 3020 mortem
1463 2965 1644 3020 carnis
1691 2963 1832 3018 ultra

258 3070 369 3110 non
414 3053 710 3118 habebunt,
765 3059 858 3107 aut
907 3069 1030 3108 cum
1093 3054 1403 3124 integritate
1464 3055 1834 3109 membrorum

262 3161 484 3202 suorum
513 3159 818 3221 resurgent.
855 3151 1067 3222 Oportet
1083 3154 1238 3208 enim.
1263 3152 1321 3208 Id
1352 3159 1455 3217 est,
1483 3166 1707 3207 necesse
1749 3155 1834 3207 est

261 3235 406 3302 ﬁeri,
433 3239 576 3308 quod
602 3239 746 3295 Deus
767 3241 1034 3310 promisit.
1057 3241 1315 3312 Absorpta
1337 3251 1411 3296 est
1433 3257 1593 3321 mors.
1624 3239 1737 3295 Hoc
1776 3240 1832 3295 in

263 3326 402 3382 Osee
437 3331 721 3400 prophetia
759 3333 1022 3401 scriptum
1047 3339 1147 3387 est.
1178 3331 1276 3386 Ubi
1307 3340 1383 3387 est
1405 3350 1565 3387 mors.
1591 3331 1709 3386 Jam
1751 3331 1834 3386 vi-

261 3436 474 3488 remus,
491 3421 602 3491 jam
634 3439 741 3479 non
791 3425 1087 3480 moriemur
1131 3425 1186 3479 in
1236 3425 1326 3481 illo
1381 3427 1473 3496 qui
1520 3441 1621 3496 pro
1677 3425 1834 3480 nobis

264 3521 511 3568 mortuus
561 3522 646 3570 est
690 3523 745 3570 et
781 3517 1092 3572 resurrexit.
1142 3517 1365 3572 Aculeus
1420 3527 1594 3572 autem
1653 3519 1836 3572 mortis

266 3612 555 3671 peccatum.
588 3601 966 3660 Stimulus‘vel
988 3606 1182 3676 sagitta
1210 3607 1402 3661 mortis
1436 3614 1716 3675 peccatum
1731 3613 1835 3673 est,

270 3707 372 3762 per
401 3693 542 3760 quod
569 3694 754 3750 animae
775 3694 1111 3767 iugulantur.
1146 3696 1327 3750 Virtus
1351 3715 1466 3751 vero
1489 3700 1686 3768 peccati
1731 3698 1836 3752 lex.

267 3783 411 3838 Dum
435 3783 629 3841 fortius
655 3794 710 3841 et
737 3787 1024 3843 violentius
1044 3786 1105 3842 ﬁt
1125 3795 1408 3858 peccatum
1431 3803 1530 3858 per
1553 3787 1840 3844 scientiam

1918 573 2214 632 commissi.
2244 572 2330 626 vel
2358 571 2505 626 illam
2542 586 2647 642 qua
2668 587 2816 628 mors
2858 572 3236 628 absorbebitur
3277 572 3333 626 in
3373 573 3486 627 vic-

1915 663 2075 718 toria.
2101 661 2344 718 Staoiles.
2375 663 2434 719 Id
2456 671 2557 730 est,
2584 664 2640 718 in
2670 664 2776 720 ﬁde
2816 665 3228 721 resurrectionis
3271 680 3486 736 perma-

1915 764 2124 812 nentes.
2162 757 2499 813 Abundantes
2526 759 2584 813 in
2618 775 2767 830 opere
2807 758 3041 814 Domini.
3074 757 3134 814 Id
3170 765 3281 825 est,
3320 774 3388 814 ne
3416 758 3488 814 sit

1915 850 2052 906 ﬁdes
2076 858 2255 907 vestra
2284 861 2512 910 mortua.
2541 851 2668 909 Non
2687 861 2762 911 est
2806 853 3001 910 inanis.
3060 853 3290 925 Propter
3336 853 3513 926 spem'

1919 945 2354 1004 resurrectionis.

2499 1041 2726 1100 CAPUT
2769 1042 2909 1100 XVI.

1992 1171 2135 1228 Nam
2161 1173 2225 1228 de
2253 1171 2502 1241 collectis,
2527 1192 2644 1247 quae
2687 1177 2821 1247 ﬁunt
2860 1178 2917 1232 in
2943 1185 3170 1232 sanctos.
3211 1176 3363 1232 Nunc
3402 1175 3489 1232 in-

1920 1264 2055 1336 cipit
2077 1265 2144 1320 de
2185 1266 2490 1336 sumptibus
2536 1267 2650 1336 qui,
2695 1283 2795 1338 per
2824 1270 3064 1341 singulas
3101 1270 3357 1326 ecclesias
3385 1269 3494 1326 col-

1920 1356 2066 1420 lecti,
2117 1356 2173 1418 in
2218 1355 2644 1429 Hierosolymam
2697 1362 2898 1416 sanctis
2946 1362 3274 1432 pauperibus
3319 1361 3495 1418 mitte-

1919 1444 2138 1501 bantur.
2189 1445 2297 1502 Per
2342 1465 2503 1502 unam
2543 1449 2767 1502 sabbati.
2810 1450 2927 1505 Una
2962 1451 3193 1518 sabbati,
3223 1451 3496 1507 Dominica

1922 1536 2037 1591 dies
2061 1542 2165 1602 est,
2193 1543 2254 1591 ut
2281 1536 2559 1592 Dominica
2603 1537 2688 1593 die
2719 1554 2932 1609 semper
2977 1541 3239 1609 paulatim
3278 1556 3496 1612 congre-

1923 1632 2178 1696 garentur
2215 1641 2312 1695 per
2367 1625 2600 1698 tempus,
2650 1642 2720 1683 ne
2767 1628 2888 1698 plus
2933 1638 3325 1700 gravarentur:
3383 1630 3502 1685 ideo

1923 1725 2105 1773 autem
2146 1718 2202 1772 in
2251 1719 2531 1775 Dominico
2565 1719 2670 1774 hoc
2709 1721 3035 1789 permissum
3084 1729 3187 1788 est,
3230 1721 3357 1791 quia
3395 1735 3501 1775 non

1923 1823 2058 1880 Opus
2085 1817 2167 1865 est
2195 1811 2389 1866 servile
2415 1811 2810 1883 eleemosynam
2849 1827 3198 1884 congregare.
3238 1811 3500 1868 Gratiam.

1922 1902 2352 1974 Eleemosynam,
2384 1905 2510 1975 quia
2546 1904 2714 1976 gratis
2761 1905 2941 1959 datur.
2993 1904 3145 1970 Quod
3193 1905 3239 1959 si
3287 1905 3503 1974 dignum

1925 1993 2102 2061 fuerit.
2134 1993 2208 2048 Ut
2233 2007 2326 2048 eos
2349 1994 2417 2048 ad
2457 1994 2748 2065 largiorem
2771 2002 3094 2065 provocaret
3129 1994 3495 2058 collationem,

1925 2081 2127 2137 infert:
2166 2082 2318 2147 Quod
2344 2084 2388 2137 si
2432 2084 2645 2153 dignum
2683 2086 2864 2151 fuerit,
2908 2095 2966 2138 ut
3009 2102 3100 2156 ego
3131 2102 3268 2150 eam,
3298 2100 3500 2139 mecum

1926 2175 2092 2230 ibunt.
2119 2175 2177 2231 Id
2205 2183 2306 2242 est,
2347 2177 2392 2231 si
2422 2177 2548 2231 talis
2572 2177 2736 2232 fuerit
2757 2177 2954 2234 oblatio
2988 2187 3193 2242 vestra,
3235 2195 3353 2248 qua:
3381 2191 3502 2234 mea

1927 2283 2139 2338 quoque
2163 2276 2428 2323 mereatur
2455 2268 2830 2338 prosecutione
2859 2267 3076 2322 deferri.
3125 2266 3329 2321 Ostium
3365 2267 3500 2319 enim

1927 2357 2071 2421 mihi,
2087 2365 2192 2412 etc.
2211 2356 2324 2412 Hoc
2337 2364 2440 2422 est,
2453 2358 2629 2412 aditus
2641 2356 2988 2427 praedicandi,
3003 2356 3232 2426 ﬁdeique
3247 2357 3505 2426 ipsorum.

1928 2443 2034 2500 Per
2081 2445 2346 2516 Epistolas
2391 2446 2485 2500 hos
2531 2446 2700 2500 mitto.
2730 2445 2813 2500 Ad
2841 2445 3295 2500 commendandos
3323 2460 3417 2500 eos
3453 2444 3509 2498 in

1928 2537 2282 2593 Hierusalem.
2337 2536 2468 2592 Cum
2519 2537 2795 2607 fratribus.“
2842 2535 2900 2590 Id
2927 2533 3272 2602 est,'mecum
3319 2547 3510 2603 exspe—

1931 2630 2221 2694 ctantibus,
2252 2629 2367 2684 sive
2397 2630 2843 2685 commeantibus.
2903 2627 3141 2699 Vigilate.
3196 2627 3380 2684 Oculis
3410 2626 3512 2682 sci-

1930 2723 2058 2778 licet
2081 2721 2295 2786 mentis,
2335 2722 2403 2776 ad
2444 2721 2669 2777 astutias
2698 2719 2896 2776 diaboli
2924 2720 3325 2789 praecavendas.
3363 2718 3506 2773 Sub-

1923 2813 2053 2884 jecti
2081 2813 2193 2866 sitis
2219 2811 2494 2879 ejusmodi.
2542 2810 2601 2864 ld
2637 2817 2742 2876 est,
2775 2819 2836 2864 ut
2872 2810 3158 2866 consilium
3200 2825 3391 2866 eorum
3417 2824 3514 2865 vos

1933 2911 2106 2975 regat.
2136 2902 2439 2956 Laboranti.
2467 2901 2527 2955 In
2553 2900 2856 2956 ministerio
2898 2901 3317 2972 praedicationis.
3363 2901 3516 2967 Quod

1934 2995 2075 3051 vobis
2121 2994 2318 3049 deerat.
2368 2994 2427 3049 ld
2474 3002 2575 3062 est,
2627 2996 2770 3064 quod
2814 2996 2948 3051 mihi
2993 3011 3025 3050 a
3054 2995 3206 3052 vobis
3246 2998 3428 3052 deerat
3452 2997 3520 3051 de

1935 3085 2275 3151 necessariis,
2332 3084 2435 3155 ipsi
2479 3084 2880 3155 suppleverunt.
2929 3085 3273 3142 Maranatha.
3325 3086 3521 3157 Syrum

1861 3197 1907 3262 ρ
1936 3187 2039 3243 εει,
2062 3186 2118 3232 et
2138 3177 2545 3247 interpretatur,
2594 3177 2737 3233 Deus
2778 3185 2963 3234 noster
2992 3179 3158 3246 venit,
3196 3179 3352 3250 quasi
3392 3195 3522 3250 ergo

1939 3276 2123 3338 aperte
2149 3267 2437 3338 Apostolus
2466 3267 2671 3323 diceret
2700 3286 2712 3321 :
2743 3267 2845 3335 Qui
2875 3285 2980 3325 non
3023 3277 3172 3325 amat
3210 3269 3518 3338 Dominum,

1939 3360 2010 3416 sit
2036 3359 2288 3429 perditio,
2317 3360 2371 3415 id
2398 3367 2501 3427 est,
2534 3368 2722 3430 pereat
2747 3360 2802 3415 in
2847 3362 3081 3417 adventu
3123 3363 3354 3418 Domini.
3391 3361 3527 3419 Cha-

1940 3453 2071 3513 ritas
2096 3469 2231 3506 mea.
2263 3450 2321 3507 Id
2359 3459 2461 3516 est,
2504 3459 2565 3506 ut
2591 3453 2859 3523 quomodo
2897 3468 2995 3524 ego
3024 3470 3123 3510 vos
3158 3454 3340 3526 diligo,
3370 3455 3446 3510 ita
3472 3465 3528 3511 et

1943 3557 2039 3597 vos
2067 3543 2298 3597 invicem
2327 3541 2581 3611 diligatis.
2635 3541 2704 3596 In
2755 3540 2962 3599 Christo
3000 3542 3152 3599 Iesu.
3199 3545 3259 3599 Id
3285 3553 3386 3611 est,
3415 3561 3526 3601 non

1945 3634 2239 3689 secundum
2291 3634 2472 3689 saaculi
2539 3634 2879 3690 charitatem.
2937 3633 3122 3691 Amen.
3176 3635 3527 3692 Conﬁrmatio

1943 3721 2353 3779 benedictionis.

270 3943 3521 3972 mm

1006 4281 1117 4362 IN
1175 4276 1758 4358 EPISTOLAM
1817 4278 1896 4355 ΙΙ
1974 4279 2106 4356 AD
2163 4280 2826 4363 COBINTHIOS.

792 4518 1019 4577 CAPUT
1056 4521 1326 4579 PRIMUM

359 4610 554 4670 Paulus
580 4610 858 4683 Apostolus
881 4611 919 4665 Ι
921 4630 1011 4668 esu
1041 4612 1236 4668 Christi
1257 4630 1349 4684 per
1372 4613 1690 4669 voluntatem
1731 4613 1848 4670 Dei.

278 4703 402 4758 Non
419 4702 696 4757 hominum
716 4701 1007 4758 voluntate.
1036 4701 1207 4758 Simul
1226 4711 1281 4758 et
1304 4705 1556 4771 ostendit,
1587 4719 1692 4760 non
1740 4705 1855 4760 sine

285 4792 467 4847 Patris
493 4793 766 4848 voluntate
809 4808 868 4848 se
911 4793 1133 4847 missum
1171 4809 1202 4847 a
1254 4793 1491 4858 Christo,
1539 4801 1635 4848 ut:
1685 4794 1854 4848 Nemo

282 4881 422 4938 venit
448 4881 516 4935 ad
542 4899 639 4948 me,
669 4883 772 4936 nisi
813 4881 976 4938 Pater
1017 4884 1234 4947 traxerit
1271 4900 1407 4937 eum.
1458 4882 1708 4938 Ecclesia:
1735 4883 1854 4938 Dei.

283 4977 572 5048 Signanter
609 4978 745 5032 dixit
782 4975 901 5042 Dei,
940 4977 1064 5046 quia
1091 4985 1174 5034 est
1217 4977 1458 5033 Ecclesia
1493 4992 1613 5046 quae
1642 4991 1750 5030 non
1775 4982 1860 5030 est

281 5068 404 5134 Dei,
445 5068 503 5123 id
543 5075 648 5135 est,
701 5068 1079 5124 haereticorum
1127 5078 1182 5124 et
1207 5069 1637 5140 malignantium.
1695 5068 1860 5121 Pater

282 5158 786 5214 misericordiarum.
821 5159 879 5214 Id
907 5167 1010 5226 est,
1051 5175 1084 5214 a
1111 5175 1220 5229 quo
1243 5168 1326 5216 est
1349 5162 1526 5216 omnis
1554 5160 1862 5216 misericor-

283 5247 395 5302 dia.
446 5248 640 5306 Multas
669 5249 800 5305 dicit
838 5258 1016 5305 autem
1063 5249 1480 5315 misericordias,
1525 5251 1651 5320 quia
1679 5250 1862 5306 multae

285 5344 416 5392 sunt
437 5337 687 5393 humanae
731 5339 981 5394 miseriae.
1029 5338 1135 5395 Sed
1180 5340 1560 5409 requirendum
1603 5355 1771 5411 quare
1795 5339 1863 5396 de

284 5426 662 5483 misericordia
689 5438 746 5483 et
767 5429 1135 5486 consolatione
1159 5429 1213 5484 in
1243 5429 1433 5499 primis
1457 5430 1606 5496 dicit,
1632 5431 1760 5500 quia
1799 5433 1864 5488 de

284 5518 658 5575 misericordia
683 5531 740 5576 et
765 5521 1130 5578 consolatione
1173 5537 1359 5578 eorum
1401 5522 1541 5575 hanc
1568 5521 1865 5592 Epistolam

286 5609 525 5680 scripsit.
552 5611 735 5666 Totius
754 5613 1142 5668 consolationis.
1170 5613 1430 5668 Perfecta:
1449 5612 1862 5669 consolationis:

287 5719 418 5758 nam
445 5703 610 5761 homo
634 5721 700 5762 ex
728 5715 882 5777 parte
906 5707 1236 5764 consolatur.
1284 5704 1350 5761 Ut
1373 5706 1630 5778 possimus
1665 5715 1713 5761 et
1743 5707 1863 5779 ipsi.

1849 4496 1934 4584 1].)
1958 4522 2226 4579 consolari
2251 4532 2306 4578 et
2343 4524 2410 4578 de
2451 4522 2669 4578 tristitia
2706 4522 2937 4577 liberare
2980 4520 3266 4592 possimus.
3313 4521 3419 4579 Aut
3455 4521 3531 4578 ita

1953 4616 2184 4673 formam
2210 4616 2304 4670 dat
2343 4615 2499 4670 nobis
2544 4613 2677 4669 alios
2704 4613 3036 4668 consolandi.
3087 4612 3193 4669 Per
3219 4615 3534 4670 exhortatio-

1954 4725 2090 4762 nem.
2141 4707 2256 4774 Qua
2284 4705 2385 4776 ipsi
2411 4721 2440 4760 a
2490 4705 2718 4762 Domino
2759 4702 3140 4760 consolamur:
3193 4706 3535 4777 agnoscimus

1956 4793 2112 4868 quod~
2144 4797 2286 4853 Deus
2335 4797 2642 4852 timentium
2683 4812 2744 4852 se
2785 4797 3057 4854 neminem
3090 4798 3447 4868 derelinquat,
3477 4803 3535 4851 et

1956 4891 2124 4946 multo
2165 4890 2338 4962 magis
2374 4890 2431 4944 in
2482 4889 2665 4946 futuro
2711 4898 3043 4956 remuneret,
3082 4891 3295 4961 quando
3340 4904 3438 4943 nos
3481 4888 3537 4943 in

1955 4982 2211 5052 praesenti
2233 4982 2396 5037 etiam
2414 4995 2523 5036 non
2547 4980 2764 5036 deserit.
2790 4980 3035 5035 Abundat
3063 4982 3221 5035 etiam
3251 4977 3537 5034 consolatio

1959 5082 2159 5127 nostra.
2185 5072 2293 5128 Ut:
2323 5071 2582 5127 Dominus
2603 5072 2886 5140 mortiﬁcat
2911 5081 2958 5127 et
2981 5073 3225 5140 viviﬁcat.
3255 5069 3320 5124 Ut
3347 5067 3540 5124 Petrus

1937 5164 2028 5220 .de
2053 5177 2270 5220 carcere
2301 5163 2579 5228 liberatus,
2611 5172 2673 5219 ut
2717 5164 2832 5235 ipse
2875 5162 3072 5218 Paulus
3099 5162 3154 5216 in
3199 5160 3405 5217 visione
3435 5159 3540 5215 Do—

1960 5257 2094 5313 mini
2120 5270 2254 5312 voce
2278 5255 2629 5312 conﬁrmatus
2666 5256 2720 5309 in
2751 5254 2968 5325 templo.
3003 5251 3112 5306 Pro
3141 5260 3311 5306 vestra
3353 5253 3542 5307 exhor-

1964 5351 2174 5404 tatione.
2201 5347 2338 5414 Quia
2356 5362 2453 5403 vos
2472 5349 2539 5402 ad
2563 5347 2792 5403 salutem
2814 5346 3096 5400 hortamur
3120 5359 3135 5398 :
3165 5342 3280 5399 sive
3303 5351 3363 5398 ut
3385 5341 3542 5399 nobis

1923 5507 1928 5512 ε
1966 5440 2270 5510 exemplum
2295 5439 2592 5496 tolerantiae
2627 5439 2984 5509 praebeamus.
3020 5435 3141 5490 Sive
3182 5435 3540 5490 exhortamur.

1965 5530 2089 5585 Ideo
2132 5529 2446 5595 liberamur,
2474 5537 2535 5584 ut
2577 5529 2692 5598 ipsa
2718 5542 2777 5582 re
2805 5525 3195 5581 conﬁrmemini
3235 5541 3342 5581 non
3370 5524 3541 5595 perti-

1919 5691 1921 5694 p
1967 5635 2209 5676 mescere
2231 5619 2622 5685 tribulationes,
2647 5617 2758 5672 sive
2782 5623 2844 5670 ut
2865 5631 2961 5672 vos
2985 5617 3262 5674 hortemur
3280 5617 3548 5688 patienter

1968 5711 2111 5766 ferre
2139 5711 2250 5778 illa,
2278 5726 2396 5780 quae
2420 5717 2476 5766 et
2499 5714 2818 5780 praesentem
2859 5708 3276 5766 consolationem
3303 5706 3548 5763 obtinent

288 5796 586 5869 Propterea
609 5801 947 5860 consolamur
972 5811 1029 5859 et
1067 5800 1381 5872 liberamur,
1411 5807 1473 5859 ut
1509 5809 1565 5861 et
1607 5817 1706 5861 nos
1733 5785 1935 5884 alios
1971 5811 2026 5861 et
2065 5803 2319 5862 futuram.
2362 5802 2488 5862 Non
2532 5800 2670 5860 enim
2708 5799 2940 5859 volumus
2969 5801 3210 5872 ignorare
3255 5817 3364 5858 vos.
3402 5797 3548 5858 Suas
