4108 6334
595 364 698 427 107

2000 359 2270 418 SEDULII
2307 358 2508 416 SCOTI

3739 357 3843 416 168

597 487 908 561 gloriamur.
953 480 1200 537 Videmus
1245 495 1404 544 nunc,
1460 478 1614 546 dixit,
1665 496 1758 550 per
1799 477 2067 551 speculum
2118 479 2175 532 in
2201 483 2255 544 Α
2275 477 2414 534 mori
2440 489 2540 548 pro
2566 473 2682 540 illo,
2706 472 2845 528 sicut
2872 469 2962 526 ille
2986 483 3086 541 pro
3114 469 3271 527 nobis
3297 477 3541 526 mortuus
3565 479 3668 527 est.
3695 470 3761 528 Ut
3789 486 3843 530 et

599 583 895 652 aenigmate.
925 577 1145 633 Certum
1168 580 1275 639 est,
1303 571 1446 643 quod
1470 572 1689 642 speculo
1715 571 1823 626 nisi
1864 573 2041 643 imago
2064 585 2179 626 cer-

599 672 785 726 nitur:
831 669 935 723 hoc
978 679 1110 735 ergo
1153 663 1333 718 facere
1367 663 1547 718 conati
1591 678 1796 727 sumus,
1829 669 1891 717 ut
1915 677 2011 731 per
2037 661 2178 716 hanc

599 762 911 832 imaginem,
965 757 1110 828 quod
1139 772 1238 812 nos
1283 772 1491 822 sumus,
1547 755 1853 812 videremus
1904 761 2178 824 utcunque

598 868 629 907 a
659 866 766 922 quo
796 850 927 906 facti
961 863 1167 903 sumus.
1200 846 1473 918 Tanquam
1510 863 1602 917 per
1634 843 1917 916 speculum.
1964 843 2078 898 Hoc
2107 843 2178 898 si-

599 946 818 1018 gnificat
849 943 1013 998 etiam
1038 941 1169 997 illud
1196 941 1339 1011 quod
1363 941 1440 995 ait
1469 940 1756 1011 Apostolus
1782 957 1794 993 :
1853 939 1968 993 Nos
2002 947 2176 992 autem

602 1038 826 1094 revelata
853 1037 988 1106 facie
1029 1033 1250 1105 gloriam
1293 1033 1505 1087 Domini
1529 1032 1778 1088 videmus.
1829 1029 2177 1100 Speculantes

600 1128 740 1184 dixit
763 1125 1040 1197 speculum
1073 1125 1338 1190 videntes,
1364 1139 1472 1180 non
1495 1122 1562 1178 de
1608 1121 1823 1192 specula
1851 1119 2178 1190 prospicien-

601 1229 703 1284 tes,
731 1218 876 1288 quod
905 1217 959 1272 in
987 1215 1173 1271 Graeca
1197 1215 1381 1293 lingua
1430 1229 1538 1269 non
1569 1220 1653 1268 est
1677 1213 2005 1282 ambiguum,
2034 1212 2179 1267 unde

600 1311 656 1362 in
683 1307 933 1362 Latinam
977 1305 1252 1360 translatae
1281 1313 1404 1359 sunt
1434 1303 1739 1373 apostolica:
1785 1303 1994 1357 litterae.
2025 1301 2179 1369 Quod

600 1413 730 1453 vero
753 1398 846 1464 ait,
873 1398 930 1452 in
952 1398 1186 1451 eamdem
1207 1391 1487 1466 iniaginem
1512 1395 1970 1464 transformamur,
1993 1395 2177 1464 utique

601 1487 890 1559 imaginem
918 1488 1033 1543 vult
1058 1486 1286 1556 intelligi
1317 1486 1579 1550 eamdem,
1608 1485 1795 1540 dicens
1822 1485 1983 1539 istam
2005 1484 2176 1554 ipsam

603 1579 810 1635 scilicet
833 1594 998 1648 quam
1042 1576 1405 1647 speculamur,
1434 1575 1560 1646 quia
1592 1576 1782 1630 eadem
1812 1577 1990 1646 imago
2015 1583 2098 1630 est
2124 1584 2180 1630 et

605 1670 776 1741 gloria
809 1670 927 1724 Dei.
960 1666 1432 1723 Transformamur
1475 1681 1604 1740 ergo
1655 1668 1722 1723 de
1765 1667 1940 1722 forma
1986 1668 2041 1722 in
2068 1668 2179 1722 for-

602 1772 766 1825 mam,
798 1768 1072 1815 mutamur
1115 1767 1274 1828 atque
1319 1758 1607 1813 transimus
1637 1759 1703 1813 de
1745 1757 1917 1814 forma
1947 1761 2178 1815 obscura

602 1851 658 1906 in
683 1850 916 1907 formam
941 1850 1194 1913 lucidam,
1222 1849 1347 1918 quia
1375 1858 1430 1905 et
1470 1850 1587 1919 ipsa
1616 1849 1791 1921 imago
1819 1851 1936 1906 Dei.
1963 1850 2042 1906 De
2069 1851 2182 1922 glo-

601 1941 683 1995 ria
712 1943 768 1996 in
791 1941 1031 2012 gloriam.
1057 1939 1136 1995 De
1165 1940 1332 2011 gloria
1366 1941 1658 1996 creationis
1681 1941 1734 1994 in
1762 1941 1990 2011 gloriam
2022 1942 2182 2012 justi-

603 2029 896 2096 ﬁcationis,
924 2030 1008 2085 vel
1048 2030 1114 2086 de
1151 2030 1325 2100 gloria
1364 2030 1486 2085 ﬁdei
1514 2031 1566 2084 in
1595 2029 1820 2100 gloriam
1855 2031 2071 2101 speciei.
2106 2032 2182 2089 De

602 2118 774 2190 gloria
798 2120 854 2173 in
892 2134 999 2189 qua
1032 2119 1128 2173 lilii
1169 2133 1376 2185 sumus,
1410 2120 1463 2172 in
1510 2119 1732 2190 gloriam
1769 2135 1876 2194 qua
1901 2122 2103 2178 similes
2129 2123 2181 2178 ei

603 2207 827 2272 erimus,
843 2208 1098 2276 quoniam
1117 2206 1414 2261 videbimus
1437 2222 1558 2262 eum
1575 2208 1738 2266 sicuti
1764 2220 1865 2267 est.
1888 2211 2040 2278 Quod
2053 2227 2182 2268 vero

601 2297 866 2368 adiunxit.
919 2296 1192 2376 Tanquam
1233 2322 1267 2358 a
1291 2304 1503 2357 Domini
1530 2305 1737 2373 spiritu.
1787 2303 2034 2359 Ostendit
2059 2321 2183 2374 gra-

599 2395 720 2450 tum
765 2398 920 2454 nobis
961 2396 1197 2453 conferri
1246 2405 1360 2451 tam
1407 2396 1659 2467 optabilis
1694 2396 2181 2454 transformationis

602 2487 821 2542 bonum.
1319 2533 1322 2536 .

1217 2575 1443 2633 CAPUT
1472 2575 1564 2632 IV.

681 2667 805 2723 Non
833 2669 1122 2740 deficimus.
1145 2669 1206 2725 In
1238 2655 1676 2728 tribulationibus
1703 2659 1926 2729 nostris:
1958 2672 2179 2728 Occulta

603 2757 891 2813 dedecoris.
922 2757 980 2813 Id
1007 2766 1110 2824 est,
1138 2759 1315 2814 omnis
1340 2761 1574 2829 peccati.
1616 2761 1741 2815 Non
1769 2761 2098 2816 ambulantes
2119 2761 2175 2815 in

605 2850 821 2904 astutia.
853 2848 911 2903 Id
936 2857 1036 2914 est,
1072 2865 1179 2904 non
1204 2851 1376 2920 turpis
1416 2851 1552 2906 lucri
1584 2852 1757 2923 gratia
1795 2853 2176 2923 praedicantes.

603 2938 989 2994 Adulterantes.
1012 2939 1126 2996 Hoc
1141 2947 1224 2996 est
1249 2939 1384 2995 falsa
1409 2943 1821 3011 permiscentes.
1855 2941 1958 2999 Sed
1984 2943 2039 2997 in
2059 2961 2177 2997 ma.

610 3027 940 3098 nifestatione
965 3030 1217 3084 veritatis.
1252 3029 1324 3085 Ut
1349 3031 1425 3084 ita
1453 3031 1802 3087 manifestum
1824 3033 1896 3088 sit
1923 3033 2061 3104 apud
2082 3035 2181 3090 bo-

604 3121 779 3176 mines
826 3136 1016 3175 verum
1064 3135 1185 3175 esse
1214 3120 1358 3188 quod
1405 3120 1660 3188 dicimus,
1691 3130 1752 3176 ut
1794 3123 1960 3177 etiam
1990 3139 2177 3180 eorum

2283 571 2389 623 vita
2402 567 2439 622 Ι
2441 584 2532 623 esu
2548 566 2743 622 Christi
2766 566 2909 618 mani
2916 563 3131 633 fesletur
3153 565 3208 618 in
3228 564 3529 634 corporibus
3553 574 3764 621 nostris.
3781 566 3843 622 Si

2281 668 2426 718 enim
2447 663 2831 719 commorimur
2859 660 2932 726 ei,
2965 659 3075 714 vita
3099 659 3150 714 ei
3177 660 3230 714 in
3263 674 3490 730 corpore
3520 668 3710 716 nostro
3729 675 3845 715 ma-

2280 752 2625 811 nifestabitur
2653 755 2708 810 in
2739 754 2910 826 gloria
2937 753 3364 809 resurrectionis.

2364 847 2479 900 Vita
2505 855 2678 902 autem
2707 848 2761 901 in
2782 847 2941 902 vobis.
3000 846 3123 902 Ideo
3167 846 3452 912 morimur,
3483 846 3589 902 hoc
3612 855 3722 914 est,
3750 863 3847 918 pa-

2280 937 2385 992 rati
2410 951 2594 992 sumus
2640 937 2707 991 ad
2751 947 3002 1002 mortem,
3029 937 3154 992 dum
3181 937 3615 1008 evangelizamus
3655 951 3716 994 ut
3749 956 3847 997 vos

2278 1029 2445 1083 vitam
2472 1029 2795 1100 possidentis
2822 1037 3100 1094 mternam,
3132 1034 3188 1083 et
3229 1027 3367 1083 bene
3401 1029 3472 1084 sit
3500 1031 3676 1086 vobis.
3725 1031 3846 1086 Ha-

2280 1120 2450 1174 bentes
2493 1120 2727 1174 eumdem
2752 1120 3012 1191 spiritum.
3052 1118 3241 1175 Fidem
3274 1120 3664 1179 incarnationis
3691 1122 3852 1179 Chri-

2279 1213 2367 1276 sti,
2397 1214 2534 1268 sicut
2558 1213 2884 1282 patriarchte
2913 1220 2966 1268 et
2989 1213 3267 1283 prophetae
3291 1213 3523 1283 priores,
3549 1216 3617 1270 de
3650 1217 3848 1286 quibus

2280 1304 2516 1360 dicitur:
2572 1303 2662 1360 Sic
2699 1305 2836 1359 enim
2871 1306 3124 1375 persecuti
3163 1314 3282 1358 sunt
3313 1306 3611 1376 prophetas.
3635 1304 3850 1363 Credidi

2280 1393 2453 1466 (Psal.
2471 1396 2616 1467 ειν).
2635 1395 2735 1451 Ut:
2755 1395 2922 1450 Corde
2943 1395 3170 1450 creditur
3189 1396 3259 1450 ad
3277 1395 3541 1466 justitiam
3568 1397 3742 1470 (Rom.
3768 1401 3847 1473 ι).

2280 1485 2512 1542 Scientes
2558 1489 2804 1559 quoniam
2828 1489 2916 1559 qui
2940 1489 3205 1542 suscitavit
3242 1485 3444 1542 Iesum.
3480 1489 3738 1546 Firmiter
3767 1499 3848 1546 te-

2279 1587 2468 1633 nentes
2493 1578 2630 1632 banc
2654 1578 2835 1645 fidem,
2862 1593 2894 1632 a
2919 1594 3023 1648 qua
3049 1594 3149 1633 nec
3179 1588 3351 1635 morte
3377 1580 3704 1636 divellimur.

2351 1669 2542 1724 Omnia
2568 1671 2704 1724 enim
2726 1671 2956 1740 patimur
2975 1679 3184 1740 propter
3204 1687 3314 1725 vos.
3345 1670 3538 1726 Omnia
3558 1673 3701 1728 enim
3727 1673 3852 1730 ideo

2281 1758 2536 1829 patimur,
2568 1760 2693 1828 quia
2731 1758 2962 1814 ﬁdeliter
3003 1766 3240 1814 vestram
3281 1759 3511 1815 salutem
3553 1762 3850 1831 quaerimus

2205 1833 2254 1895 B
2281 1857 2335 1902 et
2359 1855 2627 1916 optamus.
2659 1846 2723 1901 Ut
2752 1849 2923 1918 gratia
2945 1847 3237 1904 abundans.
3269 1848 3366 1903 Est
3393 1865 3586 1907 sensus
3612 1870 3624 1904 :
3660 1851 3730 1908 Ut
3747 1868 3851 1922 per

2282 1938 2677 1994 multitudinem
2702 1937 3034 1994 credentium
3061 1947 3285 2009 propter
3316 1941 3682 1998 abundantem
3725 1960 3852 2014 gra-

2281 2030 2431 2096 tiam,
2481 2030 2776 2100 gratiarum
2824 2030 2966 2085 actio
3009 2029 3246 2084 abundet
3290 2017 3345 2085 in
3382 2031 3570 2102 gloria.
3625 2031 3854 2102 Propter

2280 2119 2437 2190 quod.
2467 2119 2526 2174 Id
2554 2128 2655 2186 est,
2696 2127 2916 2190 propter
2943 2134 3057 2185 vos,
3100 2127 3156 2174 et
3196 2128 3417 2189 propter
3456 2121 3685 2192 gloriam
3727 2122 3850 2178 Dei.

2282 2208 2529 2264 Exterior
2556 2210 2728 2264 homo.
2752 2209 2809 2264 ld
2833 2218 2936 2274 est,
2961 2211 3142 2264 vivum
3165 2224 3382 2280 corpus.
3417 2209 3648 2265 Interior
3672 2213 3848 2268 homo.

2279 2300 2338 2356 Id
2365 2313 2448 2356 est
2473 2315 2647 2368 mens,
2679 2301 2770 2355 ubi
2805 2301 2982 2370 imago
3017 2301 3112 2355 Dei
3155 2300 3499 2356 reformatur.
3533 2300 3713 2372 Supra
3741 2321 3854 2358 mo-

2278 2391 2422 2446 dum.
2467 2393 2850 2447 Tribulationis
2877 2411 2890 2446 :
2919 2393 3064 2448 nulla
3087 2393 3234 2448 enim
3264 2395 3595 2464 comparatio
3625 2399 3852 2454 aeternis

2280 2483 2348 2538 ad
2377 2483 2692 2554 temporalia
2730 2494 2907 2554 potest
2935 2500 3070 2540 esse.
3120 2485 3401 2540 xEternum
3440 2488 3666 2557 pondus.
3713 2488 3853 2556 Quia

2276 2573 2410 2628 illud
2435 2573 2552 2628 leve
2596 2573 2827 2639 dixerat,
2868 2574 2986 2630 ideo
3023 2573 3112 2629 hic
3147 2575 3356 2645 pondus
3383 2576 3586 2646 posuit,
3619 2592 3854 2636 servans

2279 2668 2653 2736 metaphoram
2674 2672 2912 2721 staterae.
2939 2665 3070 2731 Qute
3091 2667 3227 2720 enim
3256 2667 3516 2734 videntur,
3541 2669 3856 2739 temporalia

2279 2769 2420 2813 sunt.
2451 2757 2577 2814 Sive
2600 2759 2761 2826 bona,
2802 2759 2917 2813 sive
2943 2758 3087 2834 mala
3117 2758 3245 2824 sint,
3287 2758 3399 2814 sive
3427 2775 3708 2831 prospera,
3736 2762 3856 2818 sive

2281 2849 2526 2906 adversa.
2553 2848 2683 2916 Qua:
2709 2857 2884 2904 autem
2911 2865 3015 2903 non
3042 2847 3300 2902 videntur.
3331 2847 3562 2905 Praemia
3581 2859 3635 2906 et
3650 2864 3854 2922 paena.

2893 2980 3118 3038 CAPUT
3155 2981 3219 3038 γ.

2353 3115 2559 3171 Scimus
2586 3118 2744 3183 enim,
2787 3117 3035 3188 quoniam
3069 3117 3116 3171 si
3139 3117 3400 3172 terrestris
3442 3117 3629 3173 domus
3670 3127 3858 3174 nostra

604 3212 935 3267 conscientia
969 3187 1339 3266 testimonium
1367 3212 1525 3266 nobis
1550 3187 1853 3282 perhibeat.
1884 3213 1954 3267 In
1992 3215 2175 3284 quibus

2279 3205 2435 3275 hujus
2461 3187 2805 3261 habitationis
2824 3206 3158 3261 dissolvatur.
3189 3205 3391 3263 Domus
3418 3218 3625 3276 nostra,
3653 3211 3853 3280 inquit,

603 3300 745 3356 Deus
768 3303 928 3372 hujus
953 3301 1132 3356 steculi
1161 3303 1436 3357 exctecavit
1469 3311 1662 3358 mentes
1685 3304 1997 3372 inﬁdelium.
2033 3306 2177 3362 Ordo

605 3397 686 3443 est
710 3407 722 3441 :
754 3389 813 3442 lu
837 3389 1031 3457 quibus
1059 3388 1200 3444 Deus
1229 3379 1525 3446 excaecavit
1545 3407 1738 3447 sensus
1760 3393 2059 3448 infidelium
2077 3396 2178 3449 hu-

597 3476 688 3546 jus
721 3479 921 3534 saeculi.
951 3479 1090 3545 Quid
1117 3490 1190 3534 est
1218 3482 1389 3552 imago
1413 3483 1532 3538 Dei.
1563 3482 1678 3538 Hoc
1701 3492 1801 3550 est,
1833 3484 2010 3554 imago
2051 3487 2178 3541 sub-

604 3571 817 3626 stantia:
859 3571 955 3626 Dei
999 3587 1277 3643 expressa,
1325 3575 1468 3630 sicut
1515 3576 1776 3645 scriptum
1822 3589 1906 3631 est
1958 3579 2026 3633 ad
2073 3577 2178 3632 He—

604 3664 802 3719 braeos.
843 3662 951 3719 Sed
978 3665 1096 3720 haec
1129 3665 1306 3738 imago
1331 3666 1555 3735 aequalis
1583 3675 1667 3722 est
1697 3668 1799 3738 ipsi
1829 3668 1996 3723 Patri.
2053 3669 2178 3724 Non

601 3755 738 3808 enim
759 3753 1097 3825 nosmetipsos
1127 3756 1493 3825 praedicamus.
1523 3755 1580 3813 Id
1608 3765 1708 3823 est,
1749 3758 2048 3816 laudamus.
2073 3760 2176 3826 Qui

599 3844 746 3898 enim
775 3845 995 3914 propria
1030 3848 1314 3902 commoda
1355 3849 1568 3916 quaerit,
1613 3866 1720 3906 non
1744 3850 2050 3921 Christum,
2083 3854 2176 3911 sed

601 3949 661 3989 se
696 3935 970 4002 praedicat.
1002 3933 1226 4007 Propter
1263 3937 1464 3993 Jesum.
1508 3938 1622 3995 Hoc
1641 3949 1744 4007 est,
1775 3951 1994 4012 propter
2021 3959 2175 4000 amo-

602 4039 718 4080 rem
751 4025 951 4082 Cbristi
1001 4027 1255 4098 populum
1301 4028 1417 4098 ejus
1445 4033 1850 4101 conquirentes.
1894 4034 1998 4099 Qui
2041 4036 2174 4089 dixit

603 4116 669 4170 de
697 4116 917 4172 tenebris
939 4117 1105 4172 lucem
1132 4119 1500 4190 splendescere.
1532 4123 1601 4179 Ut
1625 4141 1639 4177 :
1672 4123 1796 4176 Fiat
1817 4123 1928 4188 lux,
1953 4133 2000 4178 et
2033 4125 2174 4194 facta

599 4217 674 4262 est
703 4207 796 4262 lux
822 4206 974 4278 (Gen.
1001 4209 1064 4281 ι).
1095 4211 1177 4265 Ad
1200 4211 1644 4284 .illuminationem
1673 4215 1900 4270 scientia:
1921 4214 2174 4271 claritatis

597 4296 718 4351 Dei.
741 4292 799 4353 Id
825 4306 927 4365 est,
959 4307 1022 4354 ut
1050 4301 1234 4357 sciatis
1259 4301 1565 4358 claritatem
1593 4303 1731 4373 ejus.
1762 4302 1829 4356 In
1860 4303 1996 4372 facie
2019 4304 2166 4358 Jesu.

599 4384 713 4443 Hoc
741 4395 828 4444 est
851 4389 971 4446 vice
1014 4389 1141 4447 Jesu
1187 4409 1200 4446 :
1233 4400 1294 4447 ut
1324 4408 1422 4463 pro
1451 4408 1557 4462 quo
1585 4391 1849 4463 legatione
1879 4393 2168 4465 fungimur.

598 4479 870 4538 Habemus
892 4493 1066 4540 autem
1089 4486 1390 4540 thesaurum
1411 4485 1466 4538 in
1486 4484 1622 4539 vasis
1642 4484 1904 4553 ﬁctilibus.
1934 4485 2171 4540 Thesau-

599 4583 722 4623 rum
752 4574 939 4640 gratiae
967 4574 1262 4642 spiritualis
1291 4576 1346 4629 in
1373 4573 1550 4646 fragili
1584 4576 2169 4646 corporebajulamus',

595 4659 652 4714 in
688 4675 795 4729 quo
824 4663 988 4715 etiam
1017 4678 1138 4717 cum
1163 4665 1297 4719 alios
1323 4680 1595 4730 sanemus,
1627 4667 1731 4734 ipsi
1775 4665 2059 4732 aliquoties
2089 4665 2171 4719 in-

598 4750 914 4817 firmamur;
947 4759 1008 4805 ut
1035 4755 1178 4822 quod
1207 4754 1434 4810 facimus
1463 4770 1570 4809 non
1597 4763 1797 4810 nostrae
1817 4754 2053 4819 virtutis,
2079 4755 2172 4810 sed

597 4841 693 4898 Dei
720 4860 840 4900 esse
866 4852 1142 4900 noscatur.
1173 4845 1241 4900 In
1272 4863 1407 4900 vasis
1429 4845 1696 4914 fictilibus.
1720 4846 1835 4901 Hoc
1853 4855 1956 4912 est,
1980 4848 2035 4902 in
2053 4861 2174 4903 cor-

597 4926 819 5003 poribus
846 4933 1144 5004 fragilibus.
1176 4933 1315 4990 Hinc
1343 4933 1514 4990 Isaias
1541 4934 1672 4991 dicit
1696 4953 1709 4988 :
1739 4937 2008 4991 Absconde
2030 4939 2168 4992 hunc

595 5021 788 5077 librum
827 5023 883 5077 in
911 5039 1029 5076 vase
1057 5023 1230 5092 fictili,
1271 5024 1326 5080 id
1377 5034 1482 5092 est,
1526 5025 1892 5097 Evangelium.
1935 5026 2042 5082 Sed
2069 5044 2174 5082 non

596 5122 1022 5183 coangustamur.
1047 5114 1278 5185 Propter
1305 5131 1453 5188 spem
1476 5117 1772 5174 cmlestium
1802 5120 2170 5190 praemiorum.

592 5201 792 5272 Aporia
820 5203 1030 5270 vulnus.
1074 5222 1264 5278 angor,
1295 5208 1536 5264 tristitia.
1573 5208 1698 5263 Non
1732 5211 2082 5266 destituimur.
2115 5210 2172 5266 Id

593 5300 694 5359 est,
743 5293 840 5350 Dei
878 5297 1078 5354 auxilio
1117 5314 1225 5354 non
1269 5300 1590 5355 deserimur.
1637 5299 2018 5356 Humiliamur.
2067 5301 2171 5358 Co-

594 5400 713 5440 ram
738 5388 956 5458 regibus
974 5397 1031 5446 et
1050 5387 1343 5460 iudicibus.
1369 5390 1474 5447 Sed
1501 5408 1602 5446 non
1625 5392 2017 5462 confundimur.
2035 5393 2171 5461 Quia

594 5472 708 5543 ipse
739 5473 978 5545 loquitur
1010 5495 1108 5549 per
1130 5496 1252 5547 nos,
1287 5490 1348 5535 ut
1390 5499 1403 5534 ε
1453 5481 1632 5536 Nolite
1672 5492 1856 5552 putare
1878 5484 2170 5554 quomodo,

593 5575 685 5618 aut
715 5567 840 5638 quid
877 5567 1164 5639 loquamini
1205 5571 1419 5645 (Matth.
1467 5570 1545 5644 ι).
1580 5571 1964 5644 Manifestetur.
1995 5575 2052 5629 ln
2084 5589 2171 5630 re-

594 5660 952 5716 surrectione.
986 5662 1446 5732 Mortiﬁcationem
1478 5664 1602 5720 Iesu
1630 5665 1824 5720 Christi
1864 5668 1919 5721 in
1959 5683 2170 5737 corpore

597 5758 774 5807 nostro
817 5751 1255 5824 circumferentes.
1309 5756 1444 5824 Quia
1487 5755 1661 5827 parati
1711 5772 1897 5814 sumus
1957 5772 2170 5829 semper

2279 3303 2552 3350 terrenum
2599 3311 2816 3365 corpus,
2846 3296 2900 3350 in
2923 3312 3029 3366 quo
3057 3297 3113 3351 in
3152 3298 3254 3353 hoc
3285 3299 3480 3354 saeculo
3502 3300 3678 3358 adhuc
3723 3315 3858 3356 cora

2277 3385 2603 3454 ruptibiliter
2655 3387 2981 3442 habitamus.
3035 3388 3091 3442 Si
3131 3397 3257 3444 ante
3295 3391 3582 3447 adventum
3637 3393 3860 3449 Domini

2275 3475 2360 3530 vel
2387 3476 2745 3546 passionibus,
2778 3477 2862 3532 vel
2891 3479 3199 3534 conditione
3228 3489 3437 3537 naturae
3474 3483 3634 3538 fuerit
3677 3485 3861 3542 disso—

2275 3567 2468 3634 lutum,
2517 3571 2795 3627 caelestem
2825 3572 3291 3644 incorruptionem
3327 3592 3394 3632 ex
3437 3578 3574 3645 Deo,
3615 3593 3858 3649 corpore

2275 3661 2654 3729 reviviscente,
2675 3679 2970 3721 sumemus.
2986 3663 3197 3721 Etenim
3221 3669 3278 3722 in
3304 3668 3421 3722 hoc.
3455 3670 3512 3724 ld
3541 3679 3624 3725 est
3646 3671 3700 3724 in
3729 3685 3859 3726 cor-

2275 3765 2424 3821 pore.
2452 3750 2864 3824 Ingemiscimus.
2894 3755 2952 3812 Id
2977 3766 3078 3822 est,
3105 3757 3372 3814 desiderio
3389 3758 3596 3816 ﬂemus.
3633 3759 3860 3816 Habita-

2276 3843 2467 3896 tionem
2494 3853 2745 3900 nostram.
2775 3845 3067 3917 Spirituale
3097 3864 3312 3918 corpus.
3345 3849 3476 3914 Quae
3505 3850 3570 3904 de
3598 3849 3726 3904 caelo
3749 3860 3850 3906 est.

2277 3931 2334 3987 Id
2359 3941 2461 3998 est,
2493 3949 2656 4002 quam
2702 3937 2756 3989 in
2784 3938 2921 3992 caelo
2964 3938 3304 3992 habebimus.
3337 3937 3397 3991 Si
3441 3949 3616 3994 tamen
3646 3940 3852 4007 vestiti',

2276 4037 2380 4075 non
2431 4022 2583 4087 nudi,
2630 4024 2969 4078 inveniemur.
3026 4025 3162 4077 Nam
3201 4024 3306 4079 etsi
3349 4024 3598 4080 volumus
3649 4038 3852 4085 εειειιηει

2274 4112 2384 4166 vita
2430 4119 2484 4165 et
2532 4113 2937 4170 immortalitate
2965 4115 3176 4180 vestiri,
3223 4124 3404 4172 tamen
3451 4116 3707 4175 timemus
3751 4120 3855 4178 hac

2273 4201 2386 4256 vita
2433 4200 2643 4255 nudari.
2704 4201 2822 4256 Non
2868 4203 3014 4258 enim
3061 4204 3308 4260 volumus
3351 4221 3473 4261 cum
3518 4205 3748 4274 dolore,
3795 4217 3855 4266 et

2275 4298 2451 4346 morte
2485 4290 2646 4344 istam
2675 4291 2946 4358 amittere,
2970 4293 3070 4347 etsi
3108 4309 3207 4349 nos
3230 4294 3297 4348 ab
3319 4293 3435 4364 ipsa
3465 4297 3674 4364 gravati
3703 4297 3855 4368 inge-

2274 4381 2574 4447 miscimus,
2601 4383 2697 4437 sed
2722 4391 2778 4436 ut
2808 4382 3146 4438 absorbeatur
3173 4386 3312 4456 quod
3333 4384 3551 4441 mortale
3579 4397 3656 4442 est
3685 4406 3719 4443 a
3745 4391 3855 4444 vita

2276 4483 2474 4528 aeterna
2507 4475 2624 4529 sine
2647 4476 2837 4530 mortis
2863 4475 3066 4532 labore.

2343 4562 2424 4616 Eo
2445 4563 2584 4634 quod
2630 4563 2872 4618 nolumus
2915 4565 3216 4634 exspoliari.
3258 4568 3316 4623 Id
3356 4576 3459 4634 est,
3489 4584 3718 4640 corpore
3753 4588 3855 4628 no-

2271 4660 2404 4707 stro.
2451 4652 2558 4709 Sed
2581 4655 2930 4725 supervestiri.
2961 4656 3019 4710 Id
3054 4667 3154 4722 est,
3188 4658 3243 4713 in
3295 4660 3705 4717 immortalitate
3749 4679 3844 4718 su-

2270 4747 2647 4816 perveniente,
2681 4749 2882 4818 absque
2915 4752 3257 4824 separatione
3285 4755 3511 4809 sarcinae
3541 4757 3850 4827 tunicaeque

2281 4841 2526 4908 corporis
2555 4842 2747 4896 nostri.
2779 4841 2849 4895 Ut
2872 4843 3213 4898 absorbeatur
3240 4846 3554 4901 mortalitas.
3596 4845 3711 4902 Hoc
3741 4856 3847 4914 est,

2275 4929 2416 4983 sicut
2445 4945 2475 4984 a
2505 4931 2630 4986 vitae
2677 4932 2908 4987 sanitate
2956 4932 3263 5001 infirmitas,
3312 4936 3389 4990 ita
3436 4937 3850 4993 immortalitate

2273 5015 2577 5080 mOrtalitas
2599 5026 2971 5081 absorbeatur.
2999 5025 3103 5092 Qui
3129 5040 3304 5082 autem
3331 5027 3549 5099 perfecit
3575 5045 3690 5082 nos.
3714 5027 3843 5084 Ideo

2273 5116 2441 5172 Deum
2502 5119 2632 5174 dicit
2675 5120 2778 5174 hoc
2831 5118 3014 5176 facere
3041 5161 3054 5188 ,
3114 5137 3184 5177 ne
3239 5123 3327 5176 cui
3381 5122 3713 5192 impossibile
3768 5123 3847 5177 vi-

2273 5209 2510 5265 deretur.
2547 5210 2648 5276 Qui
2692 5211 2834 5267 dedit
2880 5213 3026 5268 nobis
3066 5214 3254 5285 pignus
3283 5215 3518 5283 spiritus.
3553 5215 3608 5270 Id
3637 5223 3740 5278 est,
3784 5222 3847 5268 ut

2273 5304 2556 5359 credamus
2600 5305 2994 5360 absorbendam
3037 5319 3158 5361 esse
3192 5306 3597 5361 mortalitatem.
3645 5305 3742 5359 Vel
3785 5313 3847 5360 ut

2273 5395 2528 5461 sciamus,
2565 5396 2692 5464 quia
2721 5396 2979 5466 templum
3022 5396 3106 5450 sui
3149 5397 3373 5466 spiritus
3409 5398 3588 5467 perire
3614 5410 3722 5450 non
3750 5411 3845 5465 pa-

2277 5487 2426 5541 titur.
2459 5485 2873 5558 Peregrinamur
2897 5505 2929 5540 a
2957 5487 3204 5542 Domino.
3237 5487 3373 5554 Quia
3404 5504 3512 5544 non
3534 5503 3720 5544 sumus
3748 5487 3843 5542 ad-

2272 5575 2377 5630 huc
2407 5577 2461 5630 in
2500 5577 2814 5632 haereditate
2849 5583 3096 5646 paterna.
3127 5577 3394 5632 Audemus
3425 5595 3568 5648 ergo.
3612 5576 3670 5632 Id
3718 5585 3803 5632 est
3827 5615 3840 5640 ,

2271 5683 2492 5737 prorsus
2517 5669 2621 5724 hoc
2653 5669 2912 5724 audenter
2941 5668 3208 5740 eligimus.
3245 5669 3395 5726 Sicut
3425 5670 3556 5726 alibi
3587 5669 3664 5724 ait
3693 5685 3706 5721 :
3737 5666 3845 5723 Cu-

2272 5759 2360 5815 vio
2388 5758 2601 5817 dissolvi
2623 5768 2672 5817 et
2700 5775 2809 5815 esse
2847 5777 2966 5816 cum
2997 5757 3205 5817 Christo
3237 5760 3457 5834 (Philip.
3487 5759 3553 5824 ι).
3597 5759 3842 5827 Peregri-
