4108 6334
257 448 362 509 169

1296 442 1627 504 COLLECT.
1665 441 1735 499 IN
1772 441 1989 500 EPIST.
2025 442 2070 498 II
2106 441 2199 498 AD
2235 440 2389 497 COR.

3386 434 3491 492 1⁸10

255 560 379 615 nari
404 557 471 613 de
502 571 735 629 corpore.
784 552 930 613 Bene
970 556 1049 610 ait
1071 555 1428 627 peregrinari,
1474 554 1602 625 quia
1649 553 1719 610 ad
1766 552 1821 609 id
1847 560 1902 623 Α
1924 561 2081 607 stum.
2109 550 2246 618 Quia
2269 550 2349 605 eis
2375 530 2805 619 pseudoapostoli
2829 543 3074 617 exempla
3098 550 3343 601 veterum
3370 559 3500 616 pro-

257 664 445 704 sumus
469 649 664 703 iterum
686 648 742 702 in
766 646 1165 703 resurrectione
1184 646 1473 701 reversuri.

331 738 461 794 Ideo
483 739 856 793 contendimus.
888 736 1008 793 Jam
1034 738 1192 793 modo
1220 737 1354 793 tales
1376 752 1496 793 esse
1520 744 1644 792 actu
1670 749 1834 791 cona-

260 845 407 894 mur,
420 828 609 899 quales
623 826 787 885 futuri
803 843 987 884 sumus
998 829 1052 883 in
1065 843 1253 899 regno,
1266 836 1457 883 natura
1469 826 1834 898 incorporales

265 919 382 973 sine
418 916 581 972 dubio
614 926 669 972 et
707 916 951 988 perfecti.
986 918 1253 972 Absentes.
1284 917 1341 972 Id
1370 926 1472 983 εει,
1501 917 1555 972 in
1582 916 1834 988 praesenti

266 1010 400 1062 vita.
443 1007 563 1063 Sive
588 1018 886 1078 prementes.
912 1008 968 1061 In
994 1006 1177 1061 futura
1196 1006 1548 1071 beatitudine,
1578 1014 1637 1060 ut
1662 1020 1677 1059 :
1706 1003 1836 1059 Pla-

266 1095 388 1150 cebo
426 1094 647 1148 Domino
677 1096 731 1147 in
776 1096 982 1165 regione
1024 1095 1255 1149 vivorum
1306 1094 1481 1166 (Rom.
1530 1093 1666 1165 nv).
1702 1095 1837 1149 Ante

268 1188 499 1243 tribunal
542 1188 753 1243 Christi.
782 1188 888 1243 Pro
917 1188 1285 1258 magnitudine
1312 1188 1567 1258 potentiae
1601 1186 1838 1243 sedentis

268 1277 581 1346 magnitudo
623 1276 907 1332 tribunalis
961 1285 1016 1332 et
1068 1286 1244 1333 terror
1281 1275 1474 1346 judicii
1522 1276 1837 1332 aestimanda

267 1376 412 1422 sunt.
445 1367 677 1423 Scientes
707 1386 850 1439 ergo.
905 1369 1149 1425 Scientes
1176 1376 1413 1440 quantus
1438 1376 1613 1425 metus
1651 1368 1723 1423 sit
1759 1368 1839 1423 di-

264 1459 380 1513 vini
418 1458 633 1529 judicii,
665 1460 972 1517 hominibus
1011 1462 1298 1517 suademus
1344 1469 1407 1516 ut
1444 1469 1691 1516 caveant.
1726 1459 1838 1515 Deo

266 1559 441 1604 autem
468 1550 733 1629 manifesti
758 1568 959 1606 sumus.
996 1551 1055 1608 Si
1093 1568 1201 1607 non
1227 1560 1284 1608 et
1322 1567 1423 1608 nos
1450 1550 1836 1619 formidamus,

268 1637 354 1693 vel
383 1654 489 1708 qua
528 1654 690 1695 causa
720 1641 1031 1697 suademus.
1071 1640 1443 1712 Manifestatos
1468 1659 1599 1697 esse.
1627 1641 1687 1697 Id
1720 1650 1838 1710 est,

269 1729 544 1797 probatos.
576 1727 853 1785 Gloriandi
873 1747 969 1802 pro
999 1731 1167 1787 nobis.
1193 1732 1393 1788 Contra
1417 1734 1843 1815 pseudoaposto-

272 1816 375 1884 los,
401 1818 492 1888 qui
520 1820 600 1874 eis
638 1821 815 1890 primo
847 1836 947 1891 per
979 1822 1368 1879 detractionem
1412 1820 1595 1879 odium
1621 1832 1840 1893 aposto-

1928 642 2222 711 ponebant,
2253 640 2329 695 ait
2355 638 2631 695 Christum
2670 636 2965 694 carnaliter
2989 651 3115 693 cum
3144 635 3345 692 Iudaeis
3382 635 3497 692 cir-

1930 730 2232 786 cumcisum
2276 730 2457 785 omnia
2511 728 2838 796 celebrasse,
2888 729 2989 801 sed,
3007 725 3288 797 nunciam
3334 727 3500 782 istam

1932 835 2041 875 non
2068 821 2337 886 novimus,
2366 821 2497 891 quia
2524 828 2647 891 post
2674 820 3129 878 resurrectionem
3160 819 3365 875 Christi
3392 817 3504 873 No-

1932 927 2058 969 vum
2089 921 2175 969 est
2205 912 2631 969 Testamentum.
2666 912 2837 970 Aliter
2879 929 2893 967 :
2936 913 3051 968 Etsi
3093 920 3221 967 ante
3260 924 3505 967 resurre-

1935 1004 2171 1060 ctionem
2200 1004 2494 1059 secundum
2544 1004 2816 1060 carnalem
2862 1003 3209 1076 fragilitatem
3254 1009 3309 1057 et
3357 1001 3502 1056 indi-

1934 1095 2169 1165 gentiam
2205 1093 2452 1150 Christus
2470 1096 2702 1161 vixerat,
2733 1103 2913 1151 tamen
2941 1104 3063 1165 post
3098 1094 3324 1166 gloriam
3361 1092 3506 1148 illius

1936 1184 2371 1250 resurrectionis,
2403 1185 2538 1239 nihil
2586 1184 2972 1241 imbecillitatis
3016 1185 3071 1239 in
3101 1199 3165 1240 eo
3202 1190 3306 1239 est.
3355 1179 3510 1237 Nova

1937 1284 2197 1329 creatura.
2229 1274 2287 1330 Id
2313 1282 2419 1338 εει,
2449 1273 2692 1330 Ecclesia
2719 1292 2817 1347 per
2853 1275 3173 1348 sanguinem
3206 1272 3410 1329 Christi
3428 1286 3511 1327 re-

1937 1376 2155 1422 novata.
2195 1366 2303 1421 Aut
2335 1367 2382 1422 si
2409 1367 2533 1437 quis
2555 1368 2729 1423 credit
2754 1368 2809 1422 in
2830 1367 3069 1433 Christo,
3100 1382 3238 1423 nova
3261 1372 3346 1422 est
3366 1378 3513 1421 crea-

1938 1466 2193 1528 tura,per
2214 1465 2612 1513 sacramentum
2632 1457 2978 1528 baptismatis
2998 1467 3277 1514 renovata.
3306 1454 3387 1511 Ac
3408 1455 3514 1510 sic-

1938 1556 2001 1602 ut
2013 1548 2253 1602 novitate
2266 1548 2391 1603 vita
2412 1546 2717 1618 intelligens
2730 1558 2916 1603 vetera
2931 1564 3029 1603 suo
3053 1556 3298 1619 tempore
3324 1544 3515 1601 defun-

1940 1644 2027 1693 cta
2057 1636 2242 1703 fuisse,
2283 1637 2359 1692 ita
2406 1637 2567 1693 modo
2610 1652 2750 1693 novo
2793 1651 2945 1693 more
2987 1637 3302 1703 vivendum,
3348 1636 3518 1693 vitam

1942 1728 2196 1796 transire,
2220 1738 2503 1799 peccatum
2532 1729 2783 1786 videlicet
2807 1728 2938 1785 Adae
2962 1737 3020 1784 et
3042 1736 3198 1785 vetus
3229 1729 3337 1784 lex.

2014 1817 2206 1875 Omnia
2236 1837 2389 1876 nova.
2419 1819 2478 1876 Id
2522 1829 2628 1887 est,
2657 1820 2961 1892 evangelia,
2992 1820 3249 1876 mandata
3305 1826 3362 1875 et
3406 1816 3521 1874 vita

272 1908 447 1965 lorum
473 1910 726 1967 volebant
764 1908 1023 1969 inserere.
1056 1912 1125 1967 Ut
1152 1914 1385 1968 habeatis
1406 1931 1513 1993 vos.
1545 1913 1619 1969 Ut
1659 1914 1844 1970 sciatis
1870 1922 1917 1982 Β
1945 1926 2082 1966 nova
2120 1913 2177 1967 in
2216 1911 2435 1969 Christo
2470 1912 2767 1969 secundum
2818 1926 3016 1983 corpus
3054 1919 3109 1967 et
3146 1912 3383 1966 animam
3409 1949 3426 1977 ,
3464 1916 3523 1964 et

272 2000 403 2069 quid
446 2001 775 2070 respondere
821 2002 1066 2056 debeatis
1106 2010 1298 2057 contra
1342 2003 1841 2074 pseudoapostolos.

275 2088 380 2154 Qui
408 2092 464 2145 in
488 2091 700 2161 faciem.
730 2090 833 2158 Qui
865 2092 921 2146 in
958 2090 1245 2159 superﬁcie
1277 2099 1488 2147 tantum
1516 2100 1572 2148 et
1600 2093 1656 2147 in
1682 2094 1851 2165 hypo-

273 2179 425 2246 crisi,
455 2196 563 2235 non
610 2181 665 2235 in
716 2196 852 2251 pura
892 2182 1246 2248 conscientia,
1296 2197 1397 2237 nec
1438 2182 1492 2237 in
1522 2183 1721 2239 virtute
1756 2184 1851 2239 Dei

272 2290 396 2331 sese
417 2274 643 2343 iactant.
662 2275 913 2347 Siveergo
938 2286 1107 2332 mente
1120 2276 1417 2332 excedimus
1441 2278 1573 2333 Deo.
1611 2279 1853 2352 Evange-

274 2364 413 2419 lium
427 2366 558 2421 dicit
587 2384 602 2422 :
623 2366 874 2421 Videbitis
890 2364 1071 2420 caelum
1092 2378 1351 2438 apertum,
1366 2377 1415 2423 et
1433 2368 1646 2440 angelos
1670 2387 1852 2425 ascen-

272 2456 461 2509 dentes
485 2467 532 2511 et
562 2457 924 2512 descendentes
944 2473 1101 2529 super
1123 2456 1324 2513 Filium
1364 2459 1609 2515 hominis.
1641 2461 1779 2516 Audi
1796 2462 1853 2517 in

272 2564 385 2603 uno
404 2547 521 2603 loco
542 2548 714 2619 ipsum
728 2549 1029 2619 apostolum
1050 2552 1428 2606 ascendentem
1450 2560 1505 2606 et
1523 2552 1854 2609 descenden-

277 2647 389 2694 tem
413 2640 468 2693 iu
489 2655 597 2694 una
613 2642 902 2696 sententia.
937 2640 1058 2697 Sive
1070 2642 1226 2705 enim,
1243 2642 1447 2713 inquit,
1463 2652 1630 2698 mente
1644 2645 1850 2699 excedi-

276 2746 395 2784 mus
418 2729 546 2795 Deo,
565 2731 670 2785 sive
684 2740 1026 2801 temperantes
1040 2748 1221 2787 sumus
1233 2733 1393 2787 vobis.
1408 2732 1545 2801 Quid
1565 2741 1667 2799 est,
1684 2744 1855 2789 mente

279 2821 599 2888 excedimus,
627 2830 687 2876 ut
719 2822 809 2876 illa
834 2822 1112 2878 videamus
1135 2838 1255 2893 quae
1283 2838 1392 2878 non
1417 2823 1547 2879 licet
1570 2831 1624 2878 et
1648 2824 1855 2880 homini

283 2908 473 2982 loqui?
527 2914 665 2981 Quid
704 2923 805 2981 est,
862 2916 1006 2985 quod
1055 2925 1397 2986 temperantes
1446 2934 1627 2973 sumus
1677 2917 1859 2973 vobis?

287 2998 542 3074 Nunquid
581 3004 821 3074 judicavi
867 3006 1001 3060 scire
1052 3024 1133 3061 me
1181 3008 1382 3080 aliquid
1428 3010 1566 3063 inter
1606 3026 1715 3078 vos,
1757 3011 1857 3065 nisi

285 3092 551 3148 Christum
577 3095 781 3162 Jesum,
831 3106 879 3152 et
907 3098 1045 3152 hunc
1076 3098 1427 3169 cruciﬁxum?
1466 3099 1524 3155 Si
1553 3101 1668 3170 ipse
1712 3102 1858 3157 enim

284 3182 540 3239 Dominus
611 3186 855 3241 ascendit
906 3196 961 3242 et
1008 3188 1319 3255 descendit,
1370 3190 1716 3246 manifestum
1775 3201 1861 3247 est

1949 2002 2215 2072 spiritum,
2246 2012 2301 2058 et
2324 2012 2585 2059 mentem.
2620 2003 2841 2060 Gratias
2868 2013 3049 2059 autem
3075 2004 3207 2071 Deo,
3238 2016 3363 2058 cum
3409 2015 3521 2057 non

1950 2105 1983 2146 a
2009 2092 2165 2146 nobis
2201 2093 2271 2146 sit
2298 2094 2402 2147 hoc
2428 2102 2540 2148 tam
2578 2110 2834 2166 magnum
2891 2095 3235 2151 beneﬁcium.
3275 2094 3521 2149 Ministe-

1951 2183 2088 2237 rium
2114 2184 2575 2239 reconciliationis.
2604 2184 2663 2243 Id
2687 2194 2772 2241 est
2791 2200 2947 2255 opus,
2975 2185 3061 2241 vel
3097 2186 3331 2242 oﬂicium
3359 2200 3527 2240 evan-

1951 2274 2239 2347 gelizandi.
2293 2274 2554 2340 Quoniam
2603 2276 2744 2333 Deus
2795 2287 2909 2332 erat
2955 2277 3012 2332 in
3048 2277 3278 2333 Christo.
3329 2277 3527 2333 Tribus

1951 2368 2127 2422 modis
2155 2368 2297 2423 Deus
2338 2377 2459 2423 erat
2499 2370 2553 2423 in
2590 2369 2827 2426 Christo.
2860 2370 3071 2439 Primo,
3118 2375 3416 2429 secundum
3439 2373 3525 2428 in-

1952 2458 2219 2514 ﬁnitatem
2268 2459 2445 2513 omnis
2497 2468 2779 2525 creaturae,
2840 2462 2983 2531 quod
3041 2463 3241 2533 ubique
3267 2472 3373 2529 est,
3403 2469 3464 2517 ut
3509 2478 3525 2515 :

1956 2546 2148 2603 Nonne
2181 2564 2274 2620 ego
2300 2548 2489 2619 impleo
2516 2549 2700 2604 calum
2723 2559 2773 2604 et
2798 2551 3033 2606 terram?
3062 2552 3139 2608 Eo
3163 2561 3343 2609 autem
3366 2552 3529 2609 modo

1954 2652 2041 2700 est
2088 2641 2232 2699 Deus
2286 2642 2451 2697 etiam
2497 2643 2553 2697 in
2601 2643 3000 2712 peccatoribus.
3055 2644 3321 2709 Secundo,
3372 2644 3530 2716 juxta

1956 2730 2439 2789 sanctiﬁcationem
2482 2739 2538 2786 et
2564 2732 2891 2803 peculiarem
2934 2733 3385 2790 inhabitationem
3422 2750 3530 2804 qua

1958 2821 2015 2877 in
2057 2823 2259 2877 sanctis
2291 2832 2392 2888 est,
2421 2831 2482 2878 ut
2514 2832 2599 2878 est
2625 2823 2794 2879 illud:
2826 2822 3140 2879 Inhabitabo
3165 2827 3220 2880 in
3245 2826 3339 2891 eis,
3371 2835 3421 2880 et
3442 2826 3530 2881 in-

1959 2922 2039 2968 ter
2083 2930 2171 2970 eos
2200 2914 2500 2969 ambulabo.
2549 2915 2753 2981 Tertio,
2796 2916 3091 2971 secundum
3144 2916 3531 2987 plenitudinem

1962 3004 2285 3071 divinitatis,
2320 3005 2465 3075 quod
2506 3004 2723 3062 Christo
2747 3005 3024 3078 sigillatim
3065 3008 3337 3073 convenit,
3376 3006 3531 3076 juxta

1963 3092 2093 3148 illud
2120 3094 2263 3164 quod
2291 3094 2346 3148 in
2370 3094 2483 3164 ipso
2512 3094 2713 3149 habitat
2740 3096 2907 3150 omnis
2947 3096 3215 3167 plenitudo
3242 3096 3533 3152 divinitatis

1965 3185 2326 3255 corporaliter.
2361 3184 2631 3256 Tanquam
2676 3186 2786 3242 Deo
2834 3188 3160 3244 exhortante.
3193 3189 3252 3245 Id
3285 3196 3385 3254 est,
3425 3204 3533 3245 non

287 3278 430 3347 quod
480 3285 537 3332 et
579 3278 966 3348 praedicatores
1012 3280 1183 3350 ipsius
1229 3280 1527 3336 ascendunt
1576 3282 1631 3337 in
1661 3282 1856 3338 illumi-
1882 3278 1929 3341 C
1961 3289 2029 3329 ex
2074 3274 2231 3330 n0bi5
2264 3275 2556 3347 loquimur.
2587 3277 2682 3332 θεά
2705 3291 2774 3332 ex
2802 3277 2932 3335 Deo.
2962 3278 3093 3334 Cum
3128 3280 3218 3351 qui
3248 3296 3353 3334 non
3379 3295 3532 3335 ηουσ-

285 3369 521 3434 natione,
554 3368 885 3424 descendunt
910 3369 965 3424 in
994 3371 1397 3439 praedicatione.
1430 3371 1665 3427 Verbum
1693 3381 1861 3427 ecsta-

283 3460 357 3514 sis
406 3458 615 3525 Graece,
661 3458 853 3515 Latine
896 3471 1157 3530 quantum
1207 3462 1365 3517 datur
1403 3462 1651 3535 intelligi,
1691 3465 1859 3519 verbo

284 3568 395 3607 uno
424 3554 619 3623 exponi
665 3562 864 3625 potest,
912 3555 958 3610 si
988 3555 1199 3610 dicatur
1239 3571 1504 3611 excessus.
1546 3557 1605 3611 In
1630 3571 1859 3613 excessu

285 3658 419 3698 vero
455 3645 650 3699 mentis
672 3646 775 3701 duo
798 3644 1200 3717 intelliguntur,
1228 3654 1323 3701 aut
1346 3661 1538 3717 pavor,
1566 3654 1660 3701 aut
1682 3647 1861 3701 inten-

286 3733 369 3787 tio
408 3734 478 3788 ad
521 3750 749 3805 superna
772 3776 788 3802 ,
828 3737 906 3791 ita
945 3744 1008 3791 ut
1048 3738 1447 3807 quodammodo
1485 3735 1553 3792 de
1600 3737 1861 3793 memoria

286 3824 547 3881 labantur
580 3826 805 3885 inferna.
838 3829 897 3886 In
926 3832 1029 3886 hac
1054 3832 1251 3888 ecstasi
1278 3832 1499 3888 fuerunt
1523 3847 1715 3888 omnes
1738 3846 1862 3887 san-

284 3916 383 3981 cti,
427 3918 623 3986 quibus
651 3934 849 3977 arcana
874 3921 1087 3999 Domini
1116 3923 1375 3977 mundum
1404 3924 1568 3978 istum
1593 3922 1862 3977 excellen-

286 4008 362 4062 tia
390 4008 623 4065 revelata
649 4019 794 4065 sunt.
830 4012 943 4067 Hoc
970 4028 1100 4083 ergo
1125 4014 1221 4077 ait,
1247 4014 1352 4068 sive
1375 4023 1546 4067 mente
1562 4013 1861 4068 medimtts

285 4097 419 4164 Deo,
466 4099 518 4153 id
544 4110 657 4167 est,
685 4102 753 4156 ad
792 4104 1199 4159 meditationem
1248 4104 1363 4159 Dei.
1408 4102 1501 4159 Ille
1545 4106 1690 4160 enim
1716 4104 1863 4160 videt

288 4187 435 4259 quod
461 4189 706 4246 videmus
744 4192 799 4246 in
827 4194 1022 4248 mentis
1059 4208 1320 4260 excessu;
1354 4194 1445 4250 ille
1482 4195 1630 4250 solus
1657 4194 1862 4250 revelat

288 4290 503 4337 secreta
548 4298 665 4350 sua,
704 4285 899 4355 quippe
928 4286 1033 4341 hoc
1070 4286 1157 4341 ille
1186 4286 1444 4356 loquitur,
1485 4286 1578 4356 qui
1628 4301 1686 4340 se
1730 4286 1861 4341 dicit

286 4370 571 4443 abreptum
598 4387 739 4440 esse,
761 4382 816 4429 et
835 4375 1070 4431 ablatum
1099 4390 1269 4446 usque
1300 4375 1366 4429 ad
1393 4375 1612 4430 tertium
1642 4372 1857 4439 ctelum,

286 4468 343 4515 et
374 4461 587 4516 audisse
614 4462 904 4518 ineffabilia
926 4466 1111 4531 verba,
1134 4481 1254 4536 qua:
1279 4481 1389 4521 non
1411 4464 1536 4520 licet
1556 4463 1862 4520 hominibus

1961 3375 2043 3421 rat
2080 3376 2368 3438 peccatum.
2410 3367 2524 3425 Hoc
2565 3378 2667 3434 est,
2699 3369 2860 3426 Pater
2895 3387 2995 3443 pro
3030 3373 3186 3429 nobis
3214 3372 3490 3429 Christum
3513 3413 3530 3441 ,

1960 3456 2052 3527 qui
2073 3466 2356 3525 peccatum
2383 3458 2682 3524 nesciebat,
2712 3457 2994 3516 Peccatum
3035 3462 3177 3532 fecit.
3211 3462 3349 3531 Quia
3392 3463 3532 3522 sicut

1960 3548 2137 3604 hostia
2171 3565 2271 3619 pro
2308 3558 2534 3620 peccato
2575 3550 2757 3606 oblata
2803 3560 3090 3622 peccatum
3136 3553 3433 3612 vocabatur
3476 3554 3534 3609 in

1960 3640 2111 3708 lege,
2146 3641 2287 3696 sicut
2331 3642 2389 3695 in
2432 3641 2674 3696 Levitico
2722 3642 2983 3711 scriptum
3031 3650 3158 3698 est:
3207 3641 3277 3697 Et
3305 3642 3534 3715 imponet

1960 3746 2177 3783 manum
2204 3746 2359 3799 super
2385 3739 2537 3800 caput
2561 3731 2759 3801 peccati
2799 3731 2903 3795 sui,
2951 3731 3027 3786 ita
3056 3740 3114 3787 et
3141 3727 3393 3790 Christus
3432 3748 3533 3804 pro

1958 3820 2201 3890 peccatis
2225 3821 2429 3876 nostris
2454 3821 2687 3889 oblatus,
2715 3823 2924 3893 peccati
2952 3839 3149 3880 nomen
3197 3826 3424 3896 accepit.
3463 3824 3533 3880 Ut

1960 3930 2055 3969 nos
2082 3932 2309 3971 essemus
2324 3916 2535 3987 justilia
2561 3916 2680 3973 Dei.
2713 3918 2831 3974 Non
2861 3927 3065 3988 nostra,
3098 3936 3207 3977 non
3252 3922 3306 3977 in
3336 3922 3492 3979 nobis
3514 3962 3531 3989 ,

1960 4004 2056 4060 sed
2070 4006 2124 4060 in
2138 4006 2276 4077 ipso,
2292 4007 2347 4063 id
2359 4016 2463 4075 est,
2488 4007 2545 4062 in
2559 4007 2796 4075 Christo,
2824 4010 2981 4080 quasi
2990 4012 3233 4069 membra
3249 4012 3305 4067 in
3326 4012 3525 4083 capite.

2566 4116 2793 4176 CAPUT
2830 4120 2915 4177 Vl.

2028 4188 2371 4259 Adjuvantes.
2398 4190 2457 4245 Id
2475 4198 2581 4255 est,
2597 4192 2862 4261 exemplo.
2880 4192 2948 4246 Et
2975 4194 3325 4249 obsecramus.
3344 4193 3402 4249 Id
3421 4200 3529 4262 est,

1959 4278 2126 4333 verbo
2153 4280 2429 4334 doctrinae.
2455 4279 2694 4335 Gratiam
2718 4281 2836 4336 Dei.
2864 4282 3255 4355 Indulgentiam
3282 4293 3535 4355 peccato—

1962 4383 2083 4421 rum
2100 4368 2453 4439 inbaptismo.
2474 4370 2721 4442 Tempore
2739 4374 2896 4439 enim,
2911 4374 3099 4444 inquit.
3118 4373 3267 4429 Sicut
3281 4375 3423 4451 Deus
3436 4374 3537 4429 Pa-

1962 4465 2045 4511 ter
2057 4473 2154 4527 per
2167 4459 2360 4513 Isaiam
2377 4460 2475 4531 (Is.
2492 4477 2643 4528 xux,
2656 4462 2732 4534 8).
2748 4464 3065 4534 Acceptabili
3088 4474 3334 4536 tMpore.
3349 4465 3407 4522 Id
3428 4475 3531 4534 est,

284 4549 455 4620 loqui.
488 4552 696 4610 Tantus
718 4564 898 4611 autem
936 4555 1040 4611 fuit
1076 4556 1166 4612 ille
1209 4558 1410 4614 mentis
1450 4571 1728 4624 excessus,
1756 4556 1854 4611 sive

1961 4546 2097 4603 Novi
2123 4548 2473 4605 Testamenti.
2503 4551 2769 4606 Exaudivi
2796 4562 2863 4607 te.
2890 4551 2973 4607 Ad
2993 4552 3269 4610 Christum
3311 4555 3535 4628 ejusque

285 4640 345 4693 in
384 4658 619 4711 corpore,
675 4645 779 4700 sive
823 4654 970 4700 extra
1031 4664 1218 4718 corpus
1238 4686 1254 4712 ,
1296 4649 1468 4703 nescio
1489 4688 1504 4714 ,
1555 4647 1695 4701 Deus
1740 4648 1857 4701 scit.
1885 4630 1940 4693 D
1964 4638 2261 4695 Ecclesium
2285 4641 2388 4697 hoc
2418 4642 2632 4697 dicitur.
2676 4642 2812 4697 Ecce
2833 4659 2971 4698 nunc
3000 4645 3110 4701 dies
3138 4646 3347 4703 salutis.
3377 4647 3535 4703 Nunc

287 4728 540 4785 Charitas
589 4734 727 4788 enim
758 4734 954 4791 Christi
994 4747 1143 4809 urget
1183 4755 1299 4793 nos.
1331 4736 1642 4795 Ascendere
1681 4746 1862 4794 mente

286 4821 364 4874 ad
391 4821 603 4891 coelum,
643 4834 699 4880 et
726 4826 1053 4884 descendere
1098 4829 1167 4884 ad
1208 4838 1408 4884 terram
1456 4830 1524 4885 ad
1563 4829 1859 4899 proximos.

286 4912 364 4967 Ut
392 4923 441 4967 et
472 4916 559 4986 qui
588 4918 779 4973 vivunt.
808 4918 871 4974 Ei
903 4919 1161 4976 debemus
1193 4921 1359 4978 vitam
1386 4931 1647 4988 nostram,
1684 4921 1777 4991 qui
1802 4919 1864 4976 il-

278 5003 397 5075 lam
425 5004 481 5058 in
509 5006 758 5063 omnibus
783 5022 880 5063 sua
908 5017 1083 5064 morte
1110 5011 1362 5067 servavit.
1388 5009 1447 5066 Si
1476 5012 1597 5083 quis
1623 5026 1753 5081 ergo
1774 5026 1865 5082 po-

286 5095 399 5151 tius
431 5112 583 5153 suam
614 5113 778 5169 quam
804 5099 899 5156 Dei
928 5100 1260 5158 voluntatem
1283 5102 1442 5171 facit,
1471 5104 1576 5162 sibi
1601 5104 1769 5170 vivit,
1794 5109 1867 5176 _et

288 5204 400 5245 non
428 5189 524 5245 illi.

366 5279 470 5345 Qui
498 5292 735 5339 mortuus
757 5293 855 5353 est,
883 5293 933 5341 et
962 5287 1263 5343 resurrexit.
1289 5286 1517 5360 Propter
1539 5288 1866 5345 calumniam

286 5385 508 5441 semper
540 5375 703 5431 morti
745 5378 1203 5436 resurrectionem
1242 5378 1505 5451 adiungit.
1535 5378 1726 5454 Itaque
1769 5397 1865 5435 nos

287 5476 355 5514 ea:
386 5461 485 5515 hoc
514 5465 772 5522 neminem
794 5468 1029 5525 novimus
1056 5470 1342 5526 secundum
1372 5486 1603 5527 carnem.
1646 5470 1707 5526 Id
1747 5478 1863 5539 est,

288 5551 421 5607 dum
454 5552 705 5613 Christus
729 5573 831 5630 pro
856 5560 1011 5617 nobis
1038 5571 1281 5620 mortuus
1309 5571 1393 5619 est
1425 5562 1720 5619 secundum
1746 5576 1867 5619 car-

287 5655 439 5708 nem,
467 5643 520 5699 id
549 5653 657 5715 est,
685 5648 975 5707 carnaliter
998 5652 1288 5720 viventem,
1320 5652 1407 5709 vel
1433 5652 1731 5710 secundum
1773 5653 1869 5710 ob-

287 5736 631 5796 servationes
658 5743 860 5799 veteris
886 5741 1024 5817 legis
1051 5746 1106 5801 in
1138 5746 1376 5804 sabbatis
1397 5756 1452 5804 et
1475 5746 1792 5814 neomeniis,
1816 5754 1873 5802 et

289 5825 541 5901 reliquis.
582 5829 653 5889 Et
687 5835 764 5890 sic
796 5836 1129 5908 cognovimus
1152 5841 1438 5897 secundum
1482 5857 1691 5897 carnem
1719 5836 1871 5897 Chri-

698 5927 971 5993 ΡΔτιιοι.
1016 5928 1179 5995 CIII.

1962 4742 2144 4788 autem
2171 4734 2302 4789 dicit
2325 4749 2341 4788 :
2378 4734 2547 4790 Nemo
2574 4737 2793 4805 enimjin
2832 4736 3040 4807 inferno
3065 4740 3394 4809 confitebitur
3415 4738 3531 4795 tibi.

2034 4822 2247 4878 Nemini
2271 4824 2456 4879 dantes
2477 4824 2641 4879 ullam
2668 4826 3025 4896 offensionem.
3042 4828 3099 4885 ld
3124 4838 3230 4895 est,
3256 4830 3527 4886 neminem

1964 4914 2105 4969 malo
2129 4915 2373 4985 exemplo
2394 4915 2670 4971 laedentes.
2706 4917 2797 4973 Sic
2825 4919 2972 4973 enim
2998 4935 3105 4975 non
3133 4918 3534 4989 vituperabitur

1963 5005 2322 5061 ministerium
2355 5008 2750 5077 praedicationis
2793 5019 3010 5066 nostrai.
3042 5011 3194 5066 Sicut
3228 5011 3326 5064 Dei
3375 5009 3536 5063 mini-

1966 5098 2081 5151 stri.
2128 5095 2224 5151 Dei
2258 5096 2490 5153 ministri
2520 5098 2717 5155 debent
2758 5110 2921 5171 prout
2942 5100 3197 5172 possibile
3221 5108 3335 5165 est,
3367 5098 3540 5156 Deum

1966 5186 2194 5244 imitari.
2259 5188 2327 5243 In
2376 5191 2787 5247 necessitatibus.
2842 5191 2949 5248 Per
3002 5191 3241 5263 aliquam
3299 5190 3409 5245 vim
3471 5190 3540 5247 il-

1966 5277 2111 5335 latis.
2143 5278 2213 5334 In
2251 5282 2529 5352 angustiis.
2559 5282 2823 5353 Angustia
2862 5292 2947 5338 est
2995 5282 3171 5339 omnis
3196 5282 3426 5353 egentia.
3465 5281 3540 5338 In

1966 5370 2301 5430 laceratione.
2350 5372 2408 5429 Id
2431 5382 2536 5443 est,
2572 5377 2959 5432 membrorum.
2990 5374 3060 5431 In
3099 5372 3382 5431 laboribus.
3427 5374 3540 5433 Seu

1967 5476 2248 5532 manuum,
2279 5465 2394 5521 sive
2420 5464 2528 5522 huc
2542 5474 2605 5523 ει
2631 5468 2759 5524 illuc
2783 5467 3143 5523 discursuum.
3176 5464 3244 5522 In
3273 5467 3535 5524 castitate.

1970 5553 2225 5628 Corporis
2269 5572 2335 5615 ac
2375 5559 2593 5618 mentis.
2630 5560 2701 5616 In
2724 5560 2961 5615 scientia.
3001 5557 3423 5633 Scripturarum.
3468 5558 3539 5613 In

1971 5648 2383 5723 longanimitate.
2426 5652 2485 5708 In
2513 5652 2831 5709 sustinentia
2864 5652 3044 5723 longa.
3076 5652 3144 5709 In
3179 5652 3378 5726 Spiritu
3416 5667 3541 5707 sau-

1972 5754 2074 5800 cto.
2106 5745 2244 5801 Dum
2273 5745 2461 5817 dignos
2502 5760 2602 5803 nos
2629 5744 2746 5815 ejus
2792 5744 3101 5802 habitaculo
3145 5757 3538 5818 praeparamus.

1974 5836 2043 5893 In
2076 5837 2333 5896 charitate
2354 5853 2457 5894 non
2477 5836 2624 5905 ﬁcta.
2653 5834 2835 5897 Verbo
2858 5854 2966 5918 non
2994 5846 3205 5897 tantum
3231 5836 3540 5908 diligentes,

3058 5932 3095 5995 6
