4108 6334
318 427 428 491 173

1400 433 1736 496 COLLECT.
1775 437 1845 497 IN
1882 434 2107 500 ΒΡΙΜ.
2143 444 2192 500 I1
2223 446 2318 500 All
2353 443 2508 503 (ΜΚ.

3453 453 3557 516 174

317 549 441 614 pter
464 546 712 614 peccata,
740 541 834 600 vd
855 542 1158 602 absentiam
1197 555 1396 605 meam.
1456 547 1698 606 Vestram
1725 565 1891 608 ama.-
1911 563 1967 626 Α
1990 560 2106 609 tum
2132 555 2424 617 madentes
2440 563 2898 627 coartauerunt,
2925 565 2988 615 ut
3011 567 3291 632 gratamur
3313 565 3461 636 quod
3476 569 3560 626 of.

316 633 568 688 lationem
589 647 686 705 pro
708 646 809 691 tlte.
835 631 893 691 Id
921 642 1026 704 est,
1049 638 1142 708 qui
1164 638 1286 696 vice
1327 651 1448 696 mea
1469 641 1706 698 aemulati
1753 645 1890 701 estis

315 722 414 777 Dei
433 722 778 780 aemulatione
804 735 1112 797 peccantes.
1146 729 1292 785 Sane
1332 732 1528 803 triplex
1555 740 1642 790 est
1662 733 1885 790 temule-

313 814 412 879 tio,
437 823 532 870 aut
558 816 896 884 imitationis,
928 829 1022 874 aut
1046 817 1279 887 invidiae,
1324 830 1419 877 aut
1439 822 1564 878 zeli.
1591 824 1662 878 Et
1689 827 1884 880 contri-

312 906 450 959 stari
475 921 586 961 vos.
630 907 773 964 Etsi
801 923 888 966 me
915 912 1279 982 ptnnituisset,
1302 927 1370 970 eo
1395 917 1539 987 quod
1574 918 1762 974 durius
1791 931 1888 977 vos

312 999 694 1068 corripuerlm,
723 1008 903 1057 tamen
930 1009 1112 1058 vester
1131 1001 1264 1060 facit
1281 1006 1557 1075 profectus
1578 1015 1639 1064 ut
1665 1021 1775 1065 non
1799 1023 1888 1066 me

310 1091 596 1159 pmniteat.
613 1091 779 1157 Quasi
800 1093 1038 1149 medicus
1055 1095 1230 1150 dicat:
1255 1096 1408 1154 Licet
1437 1100 1647 1156 doleam
1668 1109 1778 1156 tam
1793 1115 1883 1156 ar-

312 1182 461 1235 denti
510 1198 598 1237 me
644 1198 800 1238 usum
831 1199 949 1239 esse
990 1188 1232 1242 cauterio
1259 1229 1272 1254 ,
1320 1190 1415 1244 sed
1454 1208 1596 1247 nunc
1636 1193 1841 1263 gaudeo
1866 1233 1883 1261 ,

307 1285 422 1326 non
451 1272 580 1341 quia
600 1269 870 1340 doluistis,
898 1276 994 1331 sed
1018 1275 1146 1348 quia
1173 1278 1330 1336 dolor
1354 1279 1447 1337 ille
1481 1283 1684 1353 profuit
1706 1286 1774 1341 ad
1797 1301 1886 1343 sa-

308 1360 499 1416 lutem.

309 1542 574 1599 diabolica
599 1545 827 1602 adversa
853 1547 1032 1614 saluti,
1066 1550 1113 1606 sl
1141 1553 1264 1621 quis
1295 1555 1362 1609 de
1390 1554 1534 1612 bono
1570 1571 1736 1628 opere
1760 1573 1882 1629 pte-

309 1633 500 1690 nitest.
537 1632 738 1691 Seresti
776 1645 948 1694 autem
983 1641 1220 1697 tristitia.
1255 1643 1448 1699 Steculi
1490 1643 1712 1702 tristitia
1755 1655 1838 1704 est
1863 1689 1881 1717 ,

307 1729 404 1781 aut
438 1721 506 1782 de
527 1728 742 1783 amissis
767 1731 930 1786 rebus
955 1734 1212 1802 propriis,
1241 1743 1334 1790 aut
1361 1738 1427 1790 de
1467 1737 1657 1794 alienis
1680 1738 1884 1814 invasis

307 1815 513 1884 dolere,
551 1815 635 1873 vel
680 1819 746 1873 de
793 1820 1020 1879 alterius
1048 1821 1308 1881 felicitate
1350 1829 1611 1899 torqueri.
1655 1828 1880 1887 Mortem

385 1450 751 1509 Paenitentiam
774 1455 832 1514 in
857 1455 1100 1513 salum.
1138 1455 1217 1515 Ea
1257 1467 1342 1518 est
1375 1463 1522 1518 enim
1561 1465 1880 1535 paenitentia
1941 1483 1946 1487 λ

1984 646 2232 705 ferebant
2253 651 2646 723 susciperemus
2666 650 2723 709 in
2748 653 3108 714 ministerium
3134 668 3471 721 sanctorum.
3485 666 3560 723 Et

1985 757 2091 796 non
2134 743 2269 797 sicut
2291 746 2632 814 speravimus.
2661 743 2908 818 Amplius
2933 750 3078 806 enim
3107 767 3272 823 quam
3317 760 3533 828 speravi

1985 841 2108 885 mus
2133 828 2399 886 fecerunt.
2431 829 2539 888 Ita.
2568 833 2628 890 Id
2651 843 2762 903 est,
2780 836 2837 892 in
2859 846 3074 895 tantum
3122 842 3360 901 tumulati
3407 857 3554 914 sunt,

1985 929 2046 974 stt
2070 931 2372 993 rogaremus
2394 923 2588 981 Titum.
2615 925 2686 981 Et
2724 929 2962 985 aciemin.
2995 930 3237 992 Scientia
3273 945 3359 993 est
3383 933 3558 996 Deum

1985 1025 2167 1081 nosse,
2195 1017 2368 1074 virtus
2392 1033 2526 1076 vero
2546 1021 2746 1078 coiere.
2770 1022 2928 1080 Sicut
2943 1037 3076 1098 ergo
3101 1027 3154 1082 in
3182 1028 3382 1086 itinere
3412 1027 3557 1087 cele-

1985 1105 2196 1165 brando
2211 1109 2348 1166 nihil
2371 1113 2597 1182 prodest
2630 1115 2776 1172 viam
2806 1131 2988 1187 nosse,
3017 1121 3122 1176 nisi
3144 1131 3372 1180 conatus
3394 1131 3460 1181 ac
3478 1127 3561 1182 vi-

1941 1209 1946 1212 ·
1986 1207 2076 1252 res
2095 1207 2381 1269 suppetant
2403 1203 2731 1273 ambulandi,
2763 1207 2838 1262 ita
2860 1219 2992 1266 vere
3015 1211 3242 1268 scientia
3274 1212 3409 1271 nihil
3433 1225 3561 1287 pro-

1987 1286 2126 1354 dest,
2152 1289 2198 1344 si
2217 1291 2392 1347 virtus
2421 1296 2640 1364 propria
2665 1295 2902 1354 deﬁciat.

2060 1407 2216 1470 Ulex
2259 1423 2359 1471 hac
2406 1419 2598 1489 gratia.
2650 1421 2707 1478 Id
2735 1433 2838 1492 est,
2884 1425 3142 1488 faciendae
3180 1433 3558 1510 eleemosynte.

1985 1499 2292 1560 Abundetis.
2317 1503 2374 1562 Id
2393 1518 2494 1576 est,
2519 1526 2587 1565 ne
2609 1525 2732 1568 cum
2763 1515 2818 1570 in
2841 1517 2964 1576 aliis
2996 1522 3250 1593 vincatis,
3282 1528 3335 1582 in
3358 1499 3464 1586 bdo
3490 1532 3562 1588 ab

1985 1590 2107 1649 aliis
2136 1598 2482 1667 superemini.
2520 1597 2645 1658 Non
2673 1607 2827 1676 quasi
2854 1608 3117 1678 imperans
3147 1590 3284 1672 dico.
3311 1618 3425 1678 Hoc
3453 1631 3560 1688 est,
3612 1687 3624 1702 ’

1986 1706 2094 1746 non
2133 1692 2356 1762 impero,
2390 1710 2491 1751 nec
2514 1697 2693 1770 exigo,
2733 1700 2828 1755 sed
2867 1705 3154 1762 consilium
3192 1710 3281 1778 do,
3320 1720 3382 1768 ut
3419 1715 3564 1770 sicut

1987 1779 2041 1833 in
2067 1783 2251 1837 multis
2277 1781 2508 1841 formam
2529 1788 2651 1846 aliis
2677 1791 3003 1862 praebuistis,
3031 1796 3103 1851 ita
3131 1806 3187 1854 et
3208 1800 3262 1855 in
3279 1801 3385 1860 isto
3400 1819 3566 1877 opere

307 1871 555 1978 “parad”,
1909 1907 1961 1970 Β
1987 1871 2292 1987 p‘raebeatis.
2323 1874 2422 1929 Est
2451 1877 2598 1932 enim
2620 1879 2858 1952 ingenita
2885 1885 3058 1954 pietas
3094 1887 3150 1943 iu
3198 1893 3372 1961 vobis,
3409 1903 3470 1951 ut
3493 1897 3565 1953 ab

557 1947 572 1961 ⁸
771 1949 788 1974 ⁷
1468 1958 1484 1985 s
1990 1962 2105 1987 ...ιη
2162 1978 2273 1987 η...
2333 1967 2527 1987 in---“
2599 1986 2604 1987 ,
2729 1973 2741 1985 .
2803 1973 2836 1987 ..
2953 1978 2982 1987 γ.
3087 1979 3118 1987 ,ι
3172 1982 3184 1987 -

308 1997 506 2054 anima
531 2009 547 2052 :
573 2001 874 2054 secundum
922 2001 1094 2057 Deum
1134 2013 1314 2060 autem
1367 2009 1588 2064 tristitia
1633 2017 1736 2076 est,
1768 2011 1884 2068 sive

305 2103 429 2158 sua,
457 2093 574 2148 sive
593 2093 770 2148 aliena
791 2093 976 2164 lugere
1014 2098 1327 2153 commissa.
1355 2098 1622 2166 Quantam
1649 2103 1801 2175 efﬁcit
1827 2106 1884 2160 in

300 2179 452 2237 vobis
479 2182 903 2239 sollicitudinem.
945 2185 1004 2240 Id
1037 2193 1139 2253 est,
1178 2196 1238 2244 ut
1265 2191 1520 2257 caveatis,
1571 2208 1639 2248 ne
1677 2193 1745 2250 de
1771 2197 1887 2258 {caa-

304 2279 430 2326 tero
449 2273 706 2343 peccetis.
737 2271 843 2330 Sed
862 2277 1270 2334 excusationem.
1311 2278 1369 2336 Id
1413 2289 1518 2349 est,
1542 2299 1650 2339 non
1689 2300 1881 2356 super-

302 2357 476 2426 biam,
503 2369 598 2416 aut
617 2370 998 2434 contemptum,
1023 2365 1120 2421 sed
1146 2369 1593 2428 satisfactionem.
1622 2373 1729 2432 Sed
1748 2377 1884 2432 indi-

300 2453 623 2523 gnationem.
655 2455 710 2509 Id
741 2465 846 2522 est,
887 2457 1176 2514 adversum
1219 2472 1528 2532 peccantes,
1559 2481 1667 2522 non
1711 2471 1882 2542 negli-

299 2546 558 2617 gentiam.
586 2545 692 2602 Sed
727 2549 986 2605 timorem.
1025 2551 1082 2608 Id
1111 2559 1214 2620 est,
1239 2555 1488 2613 timorem
1509 2555 1628 2628 Dei,
1656 2575 1761 2617 non
1794 2579 1881 2619 se-

299 2639 613 2693 curitatem.
636 2636 740 2693 Sed
774 2642 1053 2698 desideria.
1083 2643 1302 2703 Scilicet
1342 2647 1608 2706 bonorum
1629 2665 1877 2723 operum,

297 2741 409 2783 non
440 2727 739 2784 fastidium.
763 2729 866 2787 Sed
888 2734 1292 2792 cumulationem.
1320 2737 1377 2793 Id
1395 2749 1499 2806 est,
1535 2752 1722 2798 contra
1747 2760 1880 2816 pec-

299 2823 509 2883 cantes,
540 2831 610 2872 ue
640 2819 782 2874 ultra
807 2831 1052 2892 peccent,
1085 2839 1190 2881 non
1217 2829 1612 2887 remissionem.
1638 2831 1745 2889 Sed
1764 2835 1880 2891 vin-

293 2906 511 2961 dictam.
535 2903 594 2963 Id
616 2919 725 2978 est,
758 2925 866 2966 non
890 2913 1104 2970 veniam
1129 2930 1308 2987 noxae,
1339 2919 1433 2976 sed
1461 2921 1755 2980 vindictam
1793 2939 1878 2983 sa-

295 2996 528 3054 lutarem
561 3001 616 3056 in
647 3016 769 3058 eum
815 3005 912 3075 qui
953 3003 1098 3065 inter
1119 3023 1218 3067 vos
1262 3023 1544 3082 peccatum
1581 3017 1872 3076 commisit.

366 3091 697 3148 Exltilttustls
715 3111 800 3151 vos
825 3098 1267 3158 incontaminatos
1291 3120 1403 3160 esse
1428 3107 1656 3178 negotio.
1681 3108 1739 3166 Id
1771 3121 1852 3168 est

294 3191 519 3254 peccato
569 3183 732 3252 illius,
780 3187 875 3257 qui
923 3203 1148 3247 uxorem
1192 3196 1363 3265 patris
1411 3153 1700 3271 stupravit.
1750 3153 1874 3259 [ded

1989 1959 2108 2017 aliis
2159 1978 2277 2018 eam
2326 1967 2536 2024 discere
2579 1986 2688 2028 non
2727 1973 3034 2048 iudigeatis.
3077 1979 3184 2047 Qui
3215 1959 3429 2056 propter
3473 2003 3564 2044 vos

1985 2074 2185 2130 pauper
2202 2061 2374 2130 factus
2397 2075 2492 2119 est.
2525 2067 2667 2139 Ergo
2692 2070 2740 2125 si
2772 2071 2887 2144 ipse
2929 2073 3190 2134 Dominus
3237 2094 3334 2136 vos
3368 2081 3567 2140 divites

1985 2144 2144 2204 bonis
2173 2150 2482 2209 caelestibus
2512 2154 2663 2224 fecit,
2695 2159 2775 2214 sic
2803 2169 2860 2216 et
2898 2164 3073 2232 ipsum
3098 2181 3197 2224 vos
3221 2169 3422 2237 ditate;
3459 2172 3564 2243 ipsi

1985 2236 2132 2290 enim
2187 2236 2346 2296 datur
2393 2244 2655 2314 quidquid
2711 2247 2828 2320 ejus
2886 2255 3216 2328 pauperibus
3266 2236 3565 2332 porrigitur

1985 2324 2200 2397 (Matth.
2234 2331 2383 2405 xxv).
2417 2333 2485 2387 Et
2507 2336 2804 2395 consilium.
2852 2342 2912 2398 ld
2939 2324 3042 2413 est,
3073 2324 3379 2419 imperium.
3413 2324 3566 2410 Sicut

1981 2425 2031 2471 et
2057 2417 2182 2473 velle
2217 2424 2462 2496 coepistis.
2493 2426 2742 2485 Ostendit
2767 2435 3029 2502 quosdam
3245 2441 3428 2501 facere
3453 2460 3566 2506 non

1980 2505 2246 2582 volentes,
2271 2533 2395 2573 cum
2423 2529 2518 2576 aut
2545 2521 2926 2592 importunitas
2963 2505 3221 2600 petentis,
3247 2545 3346 2591 aut
3381 2545 3566 2596 aucto-

1981 2604 2117 2660 ritas
2141 2609 2506 2680 prtecipieutis
2531 2617 2792 2688 exegerit.
2824 2619 2951 2676 Non
2992 2624 3131 2678 enim
3154 2635 3211 2680 ut
3240 2626 3364 2686 aliis
3387 2631 3459 2686 sit
3481 2648 3563 2688 re-

1978 2696 2177 2752 missio.
2213 2697 2331 2757 Non
2365 2702 2508 2773 dico,
2558 2715 2621 2762 ut
2644 2709 2798 2767 vobis
2823 2711 2957 2768 nihil
2999 2717 3250 2785 servetis,
3300 2722 3396 2779 sed
3417 2726 3565 2795 quod

1977 2791 2223 2862 utrisque
2260 2795 2511 2854 sufficiat.
2560 2799 2669 2856 Sed
2701 2819 2768 2858 ea:
2797 2805 3114 2876 ωᾳιιαιὶιαισ.
3155 2809 3360 2870 Omnes
3409 2791 3559 2873 enim

1977 2885 2260 2954 aequaliter
2313 2891 2537 2958 dabunt,
2595 2894 2642 2949 si
2689 2898 3063 2969 unusquisque
3099 2909 3309 2964 tantum
3348 2906 3564 2965 dederit

1976 2987 2238 3047 quantum
2263 2991 2462 3052 potest.
2491 2985 2666 3044 Aliter
2695 3003 2714 3043 :
2743 2989 2832 3046 Es
2850 2993 3172 3064 cqualitate,
3205 2997 3310 3055 hoc
3329 3008 3435 3068 est,
3449 3013 3560 3072 quo

1974 3070 2139 3126 modo
2179 3087 2277 3130 vos
2317 3073 2533 3132 illorum
2584 3079 2770 3137 vivitis
2819 3083 3217 3156 spiritualibus,
3255 3089 3334 3145 ita
3377 3098 3436 3148 et
3467 3070 3558 3151 Illi

1975 3163 2172 3219 vestris
2204 3168 2514 3227 carnalibus
2539 3169 2810 3230 fruantur.
2846 3174 3020 3235 Aliter
3047 3197 3063 3234 :
3090 3180 3182 3238 Ea:
3219 3183 3556 3256 ten-liam.

294 3250 886 3347 :...............;..,
904 3279 1028 3352 qui.
1051 3250 1712 3360 messeniis.
1735 3250 1871 3350 si:
1899 3261 1948 3327 ο
1975 3250 2030 3306 id
2183 3265 2245 3311 ιιι
2274 3259 2429 3360 vbis
2452 3262 2654 3360 θείως
2677 3264 2932 3337 sumain.
2954 3269 3031 3326 ίια
3069 3250 3403 3334 dissim
3420 3250 3558 3337 ιιιιέ

293 3365 452 3422 solati
479 3381 686 3436 sumus,
717 3371 844 3426 dum
869 3383 970 3428 vos
989 3383 1170 3432 castos
1193 3377 1435 3449 probatis
1461 3391 1582 3438 esse
1628 3387 1866 3455 negouo.

293 3456 468 3529 legis
499 3461 665 3530 gavisi
700 3475 881 3519 sumus
908 3481 1066 3538 super
1090 3469 1344 3540 gaudium
1379 3469 1502 3529 Titi.
1535 3469 1592 3531 In
1623 3473 1728 3534 hoc
1755 3491 1870 3534 am-

290 3547 437 3617 plius
460 3551 712 3621 gratulati
741 3565 946 3622 sumus,
979 3557 1106 3628 quia
1131 3561 1208 3616 ita
1255 3575 1287 3617 a
1323 3559 1475 3620 vobis
1510 3564 1617 3622 Titi
1646 3570 1868 3640 spiritus

294 3647 383 3692 est
411 3639 664 3710 refectus,
690 3651 749 3701 ut
779 3661 1053 3718 nunquam
1081 3651 1148 3706 de
1177 3649 1295 3721 eius
1323 3663 1505 3712 mente
1531 3639 1754 3728 possitis
1785 3673 1869 3718 re-

295 3727 536 3783 cedere:
575 3732 847 3802 profectus
891 3739 1088 3810 quippe
1131 3727 1867 3819 discipulorumispiritualia

289 3819 487 3890 gaudia
530 3833 655 3879 sunt
707 3828 1115 3901 magistrorum.
1159 3831 1232 3888 Et
1259 3835 1305 3890 si
1352 3836 1478 3908 quid
1512 3839 1652 3910 apud
1691 3839 1861 3898 illum.

287 3913 456 3981 Quasi
481 3919 689 3988 peritus
716 3921 962 3980 medicus
988 3926 1082 3992 ait,
1107 3927 1200 3999 qui
1228 3929 1424 3988 vulnus
1446 3931 1559 4004 jam
1584 3948 1752 4008 prope
1778 3951 1867 3995 sa-

287 4014 474 4062 natum
501 4010 715 4067 blandis
741 4017 1087 4075 unctionibus
1113 4020 1280 4090 fovet,
1309 4033 1368 4078 ut
1394 4025 1606 4084 facilius
1635 4031 1865 4088 cauterii

287 4106 478 4154 ustura
533 4109 776 4158 sanetur.
832 4104 1095 4172 Quoniam
1147 4127 1266 4166 cum
1317 4113 1520 4173 timore.
1579 4117 1866 4180 Timebant

284 4187 431 4244 enim
467 4195 796 4262 contristare
824 4213 983 4268 quem
1012 4199 1333 4262 dilexerant.
1362 4208 1579 4266 Gaudeo
1625 4213 1769 4287 quod
1808 4215 1865 4269 in

285 4284 526 4339 omnibus
555 4288 764 4357 confido
788 4291 844 4345 in
879 4292 1054 4349 oobis.-
1075 4291 1198 4352 Ideo
1249 4299 1478 4369 gaudeo,
1509 4284 1645 4372 quia
1681 4307 1863 4365 omnia

282 4383 406 4441 qua:
424 4375 491 4430 de
512 4378 669 4432 vobis
693 4378 873 4448 audio,
907 4383 1070 4438 credo
1095 4393 1150 4440 et
1182 4384 1397 4445 conﬁdo
1423 4404 1556 4448 vera
1583 4405 1726 4452 esse.

870 4471 1100 4533 CAPUT
1132 4475 1266 4535 VIII.

356 4554 553 4647 Natant
581 4569 758 4616 autem
783 4561 924 4633 facio
952 4565 1114 4624 vobis.
1145 4567 1298 4627 Nunc
1318 4572 1506 4647 incipit
1525 4573 1591 4634 de
1627 4576 1861 4638 eleemo-

279 4644 452 4713 mis,
483 4654 542 4703 et
571 4649 640 4704 ad
659 4653 1057 4712 aemulationem
1087 4644 1444 4719 Macedonum
1463 4675 1721 4737 provocat
1745 4683 1857 4729 eos.

278 4734 522 4836 Gratiam
542 4739 775 4798 Domini.
804 4746 862 4801 Id
891 4755 995 4815 est,
1021 4750 1441 4825 elemosynam.
1463 4734 1726 4818 Multis
1745 4780 1864 4836 pro-

280 4827 458 4884 batus.
490 4825 549 4886 In
595 4834 757 4905 fame,
797 4849 920 4910 quae
976 4839 1116 4899 facta
1143 4853 1228 4903 est
1255 4849 1356 4905 sub
1378 4847 1604 4909 Claudio
1627 4825 1857 4913 Caesare.

276 4915 564 4989 Profunda
579 4935 880 4997 paupertas.
908 4930 966 4986 Id
994 4941 1098 5001 est,
1123 4935 1312 4992 nimia.
1343 4936 1411 4995 In
1440 4941 1635 5000 divitiis
1661 4945 1862 5019 simpli-

275 5011 476 5065 citatis.
503 5013 727 5073 Multum
755 5021 975 5090 quidem
1009 5029 1274 5097 pauperes
1298 5039 1425 5088 sunt
1449 5033 1506 5090 in
1537 5011 1860 5098 terrena'fa-

272 5279 420 5388 Ijlens
443 5288 621 5388 magis
664 5292 906 5350 animum
934 5300 1158 5369 probat,
1199 5317 1360 5373 quam
1383 5279 1526 5377 quod

269 5370 517 5429 dextera.
547 5377 654 5446 Qui
697 5384 842 5439 enim
869 5398 1132 5457 quantum
1159 5370 1341 5464 potest
1365 5370 1516 5465 facit,
1559 5370 1858 5464 lotum)

268 5466 368 5521 cit.
398 5468 539 5535 Quid
567 5478 859 5535 secundum
883 5481 1124 5540 virtutem
1157 5489 1509 5547 testimonium
1532 5493 1640 5552 illis
1668 5500 1848 5572 reddo,

263 5569 319 5612 et
346 5576 509 5633 supra
551 5569 797 5628 virtutem
818 5575 1105 5635 voluntarii
1145 5581 1379 5652 fuerunt.
1409 5581 1605 5644 Verbis
1641 5569 1853 5664 przepo;

265 5658 432 5713 steris
472 5661 576 5719 hoc
614 5665 768 5736 dicit,
824 5670 1174 5732 testimonium
1218 5678 1326 5735 tm;
1364 5682 1544 5749 reddo,
1592 5658 1848 5756 ᾳιῖοιιιξιιη

265 5753 570 5810 secundum
608 5759 869 5818 virtutem
917 5764 1202 5837 facientes,
1252 5787 1412 5843 supra
1454 5776 1708 5834 virtutem
1758 5797 1852 5838 vo-

262 5833 492 5900 luntarii
526 5845 765 5910 fuerunt.
801 5853 933 5911 Cum
970 5859 1152 5918 multis
1175 5833 1414 5936 preci-bus
1455 5833 1850 5935 orantes.MuI-

723 5941 1002 5956 ἠαδ-μα...-
1023 5949 1102 5955 —.—...~
1115 5950 1138 5954 -σ
1217 5953 1225 5955 A
1267 5953 1269 5955 ι
1329 5954 1332 5958 ι
1401 5954 1724 5963 —-‘——»~.——.———‘-»—-

1973 3361 2092 3400 rum
2109 3348 2456 3408 abundantia.
2482 3353 2541 3410 Id
2568 3364 2673 3424 est,
2703 3359 2952 3419 doctrina
2989 3371 3044 3422 et
3069 3367 3338 3427 oratione.

2043 3472 2113 3533 Ut
2145 3475 2245 3549 ﬁat
2275 3481 2571 3554 aequalitas.
2611 3483 2672 3547 Id
2719 3501 2821 3561 est,
2849 3491 3168 3555 suﬁcientis
3219 3500 3468 3576 utrisque
3494 3497 3556 3562 in

1969 3571 2338 3642 spiritualibus
2361 3586 2416 3633 et
2444 3583 2751 3639 carnalibus
2779 3585 2958 3643 bonis.
2993 3586 3142 3644 Sicut
3165 3571 3421 3663 scriptum
3447 3601 3548 3650 est.

1968 3659 2084 3720 Hoc
2115 3664 2182 3722 de
2203 3679 2399 3724 manna
2443 3669 2540 3727 Dei
2573 3673 2791 3742 dicitur,
2815 3677 2960 3749 quod
2985 3678 3215 3750 populus
3242 3659 3453 3755 accepit
3491 3686 3551 3744 in

1966 3749 2181 3814 deserto
2207 3777 2220 3814 :
2249 3758 2402 3830 cujus
2426 3765 2673 3839 exemplo
2693 3766 2973 3838 docemur,
2988 3749 3132 3844 quod
3155 3774 3334 3832 omnis
3355 3791 3550 3850 super-

1967 3847 2298 3909 abundantia
2347 3866 2569 3926 generet
2615 3873 2830 3920 vermes
2875 3882 2890 3918 :
2925 3861 3089 3922 simul
3138 3875 3194 3924 et
3225 3847 3553 3932 ostenditur

1963 3953 2087 4013 qua:
2122 3943 2266 4003 Deus
2304 3945 2397 4004 dat
2420 3951 2672 4010 omnibus
2700 3956 2924 4029 aequalia
2948 3975 3072 4017 esse
3106 3960 3324 4034 debere,
3343 3972 3400 4022 et
3420 3969 3552 4039 pro-‘-

1962 4040 2086 4105 pter
2112 4036 2272 4108 hujus
2302 4041 2600 4101 testimonii
2624 4049 3003 4107 auctoritatem
3049 4052 3166 4110 vult
3189 4054 3347 4113 nobis
3395 4036 3549 4129 dpo-

1964 4128 2133 4186 stolus
2158 4135 2448 4203 praesentia
2480 4138 2663 4194 omnia
2693 4155 2814 4198 esse
2845 4145 3174 4215 communia,
3222 4155 3284 4203 ut
3317 4145 3547 4220 perfecti

1964 4217 2266 4279 doctrinam
2292 4242 2400 4282 non
2429 4229 2783 4302 abscondant,
2815 4244 2869 4290 et
2891 4235 3154 4296 habentes
3181 4217 3544 4300 substantiam

1961 4313 2149 4369 mundi
2177 4332 2284 4372 non
2316 4319 2583 4394 denegent
2620 4324 2704 4382 eis
2747 4327 2972 4385 victum.
3004 4329 3261 4387 Eamdem
3289 4334 3548 4392 sollicitu-

1962 4401 2155 4458 dinem.
2182 4403 2239 4461 Id
2265 4416 2368 4476 est,
2401 4427 2564 4481 quam
2607 4413 2802 4472 habeo.
2847 4413 3290 4478 Consolationem.
3320 4423 3381 4479 Id
3427 4435 3542 4492 est,

1961 4494 2395 4554 exhortationem
2427 4503 2494 4556 ad
2521 4504 2825 4562 docendum
2866 4524 2983 4564 vos.
3016 4508 3249 4584 Accepit.
3277 4510 3336 4570 Id
3365 4525 3470 4585 est,
3511 4533 3545 4574 a

1963 4581 2098 4652 Deo,
2139 4585 2223 4641 vei
2277 4605 2308 4645 a
2339 4591 2514 4648 nobis.
2567 4594 2675 4650 Sed
2703 4609 2821 4652 cum
2850 4597 3126 4658 sollicitior
3147 4581 3302 4662 esset.
3331 4605 3391 4665 Id
3437 4581 3541 4680 est,

1964 4676 2056 4747 qui
2091 4677 2320 4736 aliorum
2344 4681 2714 4758 eleemosynas
2751 4689 3033 4750 aemulatus
3056 4703 3162 4751 est.
3187 4676 3538 4759 Destinatum.

1960 4765 2019 4824 Id
2049 4777 2152 4837 est,
2183 4775 2536 4846 propositam,
2569 4793 2667 4834 seu
2695 4788 2954 4852 aptatam.
2984 4781 3289 4845 Devitantes
3315 4791 3433 4848 hoc.
3459 4791 3542 4850 Ne

1960 4861 2082 4932 quis
2102 4861 2248 4919 dicat
2286 4884 2300 4920 :
2332 4864 2611 4935 Quomodo
2651 4867 2900 4932 Christus
2926 4873 3101 4952 legem
3124 4879 3386 4953 implevit,
3413 4899 3539 4942 cum

1958 4960 2070 5009 non
2112 4955 2390 5015 videamus
2435 4959 2773 5022 Christianos
2803 4973 3014 5046 tantum
3042 4967 3440 5046 eleemosynam
3465 4975 3543 5036 fa-

1959 5061 2104 5116 cere,
2137 5061 2338 5120 quanta
2366 5051 2485 5109 ﬁeri
2510 5051 2565 5111 in
2595 5056 2714 5133 lege
2734 5073 3001 5135 praecepta
3025 5066 3144 5123 est?
3172 5066 3420 5126 Hisimus
3442 5088 3542 5127 au-

1960 5146 2062 5193 tem
2088 5157 2206 5194 cum
2240 5142 2367 5199 illis.
2408 5143 2468 5201 1d
2509 5155 2613 5216 est,
2658 5149 2780 5209 Tito
2830 5164 2883 5210 ει
2911 5153 3074 5213 Luca.
3100 5156 3173 5213 Et
3199 5158 3418 5227 fratrem
3446 5180 3541 5220 tto-

1956 5341 2075 5381 ttero
2110 5324 2273 5383 multo
2300 5327 2674 5389 sollicitiorem.
2707 5336 2842 5393 Eum
2862 5337 3174 5410 probamus,
3199 5343 3535 5409 confidentes

1957 5417 2084 5488 quia
2119 5430 2298 5475 vestra
2326 5421 2630 5480 ohedientia
2667 5438 3009 5498 provocetur,
3039 5430 3156 5490 sive
3178 5450 3340 5507 quam
3377 5439 3535 5498 audi-

1944 5509 2040 5566 'vit
2077 5527 2108 5566 a
2157 5511 2302 5581 'I'ito,
2348 5512 2458 5570 sive
2494 5529 2598 5587 qua
2633 5533 2730 5588 per
2754 5534 2812 5574 se
2841 5517 2956 5590 ipse
2997 5533 3080 5581 est
3105 5524 3385 5598 probatus.
3414 5529 3537 5589 Sive

1957 5617 2052 5674 pro
2083 5597 2219 5659 Tito.
2250 5603 2402 5674 Quod
2426 5601 2558 5664 dicit
2582 5605 2686 5665 hoc
2710 5617 2813 5678 est,
2851 5621 2908 5666 ut
2952 5622 3059 5671 tam
3096 5597 3202 5676 Titi
3232 5636 3395 5678 causa
3441 5625 3536 5695 qui

1956 5703 2145 5749 eorum
2168 5694 2525 5753 obedientiam
2558 5698 2973 5774 coliaudaverat,
3003 5721 3166 5778 quam
3213 5725 3403 5767 eorum
3436 5694 3526 5782 qui

1956 5786 2024 5840 ad
2050 5787 2195 5856 ipsos
2222 5787 2434 5842 fuerant
2465 5793 2669 5860 pariter
2698 5789 2970 5863 destinati,
3016 5799 3091 5854 ita
3117 5818 3173 5856 se
3201 5803 3526 5872 exhibeant,

1955 5879 2408 5966 utficharitatis
2438 5881 3248 5977 sincet'itatem,_tgt__tip9s_tolicee
3273 5913 3374 5979 pro
3395 5897 3539 5982 ipsis~

2145 5957 2412 5968 M
