4046 6332
597 431 702 490 178

1957 424 2227 485 εευυιιι
2263 421 2461 484 SCOTI

3721 413 3828 472 176

539 593 544 596 -
593 549 780 624 gloria
811 548 1097 604 veritatem
1128 546 1185 601 in
1229 552 1523 615 conspectu
1565 543 1806 600 omnium
1839 542 2157 614 comproba-
2181 543 2234 604 Α
2329 535 2432 601 Qui
2461 535 2517 588 in
2538 531 2673 602 facie
2707 529 2918 602 quidem
2941 526 3157 624 humilis
3184 541 3320 624 sum.
3351 523 3582 624 Semper
3605 533 3828 624 sancto-

589 650 734 700 1111.

1196 729 1422 786 CAPUT
1458 727 1548 784 IX.

658 826 746 880 Bm
762 825 1089 880 abundantia
1117 831 1194 878 est
1217 823 1344 877 mihi
1371 806 1612 875 scribere.
1640 818 1700 874 Id
1727 825 1830 884 est,
1853 816 1973 887 plus
1993 830 2157 887 quam

588 915 801 986 scripsi.
826 914 1028 968 Parata
1054 921 1150 968 est.
1179 911 1363 976 Id'est,
1390 910 1458 964 ad
1481 909 1714 967 dandam
1736 907 2153 976 eleemosynam.

585 1003 657 1064 Et
687 1014 858 1059 uestra
893 1003 1179 1058 aemulatio.
1227 1001 1287 1056 Id
1315 1008 1435 1066 est,
1467 997 1717 1054 imitatio.
1749 994 1892 1049 Nam
1934 993 2153 1046 Achaia.

586 1092 722 1149 'l‘ota
754 1092 1064 1164 provincia,
1106 1089 1259 1159 cujus
1296 1097 1458 1159 caput
1490 1086 1644 1152 estis,
1691 1099 1789 1155 per
1822 1097 1919 1138 vos
1957 1082 2025 1136 ad
2054 1083 2158 1136 hoc

583 1182 946 1240 ministerium
967 1188 1258 1252 provocata
1271 1186 1374 1234 est.
1404 1177 1470 1232 In
1497 1177 1596 1230 hac
1621 1183 1786 1246 parte.
1814 1172 1870 1228 ld
1890 1178 1992 1235 est,
2024 1185 2158 1241 prae-

582 1274 837 1345 parandae
865 1272 1240 1343 eleemosynas.
1265 1269 1652 1324 Erubescamus
1684 1281 1798 1319 nos.
1828 1263 1886 1316 ld
1921 1271 2024 1326 est,
2055 1275 2156 1330 ego

582 1373 638 1421 et
659 1365 831 1420 Titus.
878 1363 1032 1418 Hanc
1079 1361 1505 1417 benedictionem.
1549 1356 1673 1412 Ideo
1723 1352 2156 1409 benedictionem

583 1455 981 1524 eleemosynam
1018 1459 1201 1518 vocat,
1226 1466 1295 1506 ne
1318 1463 1498 1521 .parva
1531 1447 1657 1512 ﬁat;
1698 1444 1842 1516 quod
1867 1446 2012 1499 enim
2064 1443 2158 1499 be-

581 1545 866 1612 nedicitur,
895 1545 964 1600 ad
990 1541 1380 1599 abundantiam
1409 1537 1761 1595 benedicitur.
1779 1536 1904 1592 Ideo
1926 1537 2153 1592 benedi-

579 1638 689 1692 ctio
717 1637 998 1692 abundans
1026 1635 1368 1704 eleemosyna
1391 1639 1631 1688 vocatur.

650 1725 768 1783 Sive
785 1729 921 1782 hanc
950 1724 1372 1780 benedictionem.
1416 1723 1474 1778 Id
1513 1730 1617 1789 est,
1649 1721 1990 1777 benedictam
2043 1717 2156 1774 Deo

579 1825 1058 1886 consecratamque
1099 1813 1514 1886 eleemosynam.
1541 1811 1629 1866 Sic
1669 1811 1822 1883 quasi
1851 1811 2158 1865 benedictio-

2261 644 2382 684 rum
2403 625 2682 698 praesentia
2720 631 2939 694 propter
2976 621 3200 679 nimiam
3241 620 3599 675 humilitatem
3647 617 3832 676 minus

2258 718 2676 789 intelligentibus
2696 723 2875 785 potest
2885 729 3004 770 esse
3017 710 3366 783 contemptui.
3388 712 3657 767 Absentes
3675 724 3826 776 vero,

2257 808 2304 864 si
2329 821 2552 862 necesse
2573 806 2754 872 fuerit,
2783 805 3116 860 conﬁdenter
3147 819 3300 859 suam
3327 803 3569 859 indicant
3593 810 3832 873 potesta-

2258 906 2391 964 tem,
2407 898 2498 967 qui
2519 905 2812 967 praesentes
2833 897 2913 951 sic
2927 906 3052 951 sunt
3071 894 3228 965 quasi
3247 893 3381 948 nihil
3401 894 3611 963 possint
3631 893 3833 947 habere

2256 989 2538 1054 virtutum,
2564 987 2610 1044 si
2655 995 2835 1042 tamen
2875 987 3010 1042 nihil
3048 985 3429 1040 vindicandum
3458 983 3734 1053 reperiant
3775 983 3834 1036 in

2256 1079 2535 1148 subjectis.
2574 1079 2782 1133 Audere
2824 1079 2882 1132 in
2927 1076 3152 1148 aliquos.
3190 1075 3480 1133 Vindicare
3514 1073 3572 1129 in
3600 1088 3834 1143 peccan-

2257 1178 2358 1225 tes.

2328 1257 2433 1323 Qui
2480 1258 2808 1312 arbitrantur
2843 1274 2937 1312 nos
2983 1267 3234 1329 tanquam
3286 1258 3572 1312 secundum
3617 1271 3832 1310 carnem

2255 1349 2598 1404 ambulemus.
2629 1350 2732 1417 Qui
2759 1358 2952 1420 putant
2975 1365 3070 1406 eos
3109 1349 3320 1405 caneris
3351 1348 3664 1404 hominibus
3694 1347 3834 1402 nihil

2255 1441 2486 1512 amplius
2515 1442 2716 1497 habere
2755 1443 2989 1498 virtutis.
3023 1441 3093 1496 In
3116 1458 3272 1496 carne
3300 1442 3439 1496 enim
3478 1439 3830 1494 ambulantes.

2253 1533 2312 1587 In
2342 1547 2569 1602 corpore
2613 1535 2861 1590 videmur
2904 1535 3174 1602 incedere,
3212 1535 3309 1591 sed
3346 1544 3407 1589 ut
3445 1534 3543 1590 Dei
3595 1533 3834 1592 ministri

2255 1623 2614 1695 spiritualiter
2640 1627 2955 1682 militamus.
2978 1627 3145 1682 Arma
3165 1629 3362 1699 quippe
3383 1627 3590 1683 militiae
3629 1636 3835 1684 nostra

2255 1729 2364 1770 non
2389 1724 2514 1772 sunt
2537 1715 2682 1773 facta
2707 1717 2773 1772 de
2796 1716 2966 1785 ferro,
2988 1733 3090 1774 nec
3116 1735 3279 1774 manu
3305 1719 3540 1774 hominis
3567 1718 3836 1775 fabricata

2259 1814 2412 1872 sunt,
2462 1807 2557 1862 sed
2606 1809 2844 1879 potentia
2892 1809 3012 1875 Dei,
3060 1809 3154 1879 qui
3194 1809 3314 1879 plus
3363 1811 3529 1865 verbo
3560 1810 3837 1877 valemus,

576 1925 715 1963 nem.
754 1909 834 1963 Ita
868 1908 1013 1962 enim
1054 1905 1358 1961 benedictio
1385 1905 1506 1969 erit,
1540 1904 1585 1958 si
1633 1910 1788 1974 grato
1831 1903 2013 1957 animo
2060 1901 2157 1956 tri-
2182 1901 2230 1961 B
2257 1911 2418 1966 quam
2439 1897 2532 1953 alii
2571 1900 2821 1957 homines
2849 1902 3017 1957 armis
3051 1902 3328 1972 corporeis
3362 1910 3608 1972 possunt.
3637 1902 3721 1956 Ad
3744 1905 3838 1958 de-

575 1996 793 2057 buatur.
846 1995 1086 2051 Hilarem
1127 1996 1264 2050 enim
1309 1995 1541 2048 datorem
1585 1993 1755 2063 diligit
1784 1993 1925 2048 Deus
1958 1991 2148 2062 (Eccli.

576 2086 766 2159 xxxv).
787 2085 998 2141 Avarus
1021 2094 1202 2141 autem
1223 2085 1471 2140 hilariter
1494 2083 1625 2139 dare
1654 2098 1762 2138 non
1785 2084 1954 2139 novit.
1993 2081 2152 2136 Nunc

574 2177 1080 2231 circumventionem.
1122 2175 1181 2230 Id
1219 2183 1320 2240 est,
1366 2174 1779 2228 fraudationem.
1842 2173 1946 2239 Qui
1995 2188 2152 2243 parce

573 2269 815 2323 seminat.
846 2267 959 2323 Hoc
984 2275 1088 2335 est,
1115 2268 1207 2338 qui
1239 2281 1402 2338 parce
1429 2275 1484 2322 et
1507 2282 1673 2322 avare
1700 2266 1892 2321 tribuit
1919 2265 2152 2321 eleemo-

571 2377 782 2432 synam.
831 2359 1002 2415 Parce
1047 2369 1096 2414 et
1125 2367 1300 2413 metet.
1351 2358 1410 2413 Id
1443 2366 1546 2425 est,
1582 2358 1808 2428 praemia
1858 2357 1912 2411 in
1943 2355 2146 2411 futuro.

571 2451 641 2506 Et
672 2453 763 2522 qui
809 2451 1030 2506 seminat
1060 2451 1117 2504 in
1168 2449 1538 2504 benedictione.
1582 2449 1682 2504 Hic
1725 2455 1965 2519 apparet,
2006 2446 2152 2517 quod

572 2542 628 2595 in
651 2543 756 2596 hoc
790 2541 910 2596 loco
946 2539 1251 2595 benedictio
1298 2538 1684 2594 abundantiam
1730 2537 2018 2609 signiﬁcat.
2050 2534 2149 2590 Se-

571 2632 804 2685 cundum
837 2631 1161 2702 propositum
1192 2629 1386 2683 cordis.
1421 2628 1479 2684 Id
1513 2636 1619 2695 est,
1641 2627 1996 2693 voluntarius,
2041 2639 2151 2680 non

570 2728 811 2776 coactus.
841 2719 1083 2774 Hilarem
1105 2720 1243 2774 enim
1282 2719 1534 2774 datorem.
1581 2717 1892 2774 Secundum
1933 2725 2151 2774 senten-

570 2813 703 2867 tiam
730 2811 1034 2868 Salomonis
1058 2829 1072 2866 :
1101 2809 1171 2866 In
1197 2811 1338 2866 omni
1365 2811 1489 2866 dato
1516 2810 1736 2864 hilarem
1753 2809 1915 2880 facito
1936 2806 2139 2862 vultum

569 2915 738 2960 tuum.
773 2905 968 2960 Potens
1003 2912 1079 2959 est
1100 2903 1262 2958 Deus.
1287 2902 1401 2959 Hoc
1425 2903 1576 2969 dicit,
1607 2917 1676 2957 ne
1702 2901 1938 2971 inopiam
1968 2899 2152 2954 formi-

567 2996 780 3053 darent.
811 2996 1088 3068 Dispersit.
1116 2995 1176 3051 Id
1211 3003 1317 3062 est,
1347 2995 1548 3063 divisit,
1575 3001 1636 3050 ut
1659 2992 1844 3048 multis
1877 2991 2144 3062 proficiat.

566 3085 788 3142 Iustitia
813 3087 929 3157 ejus
960 3095 1155 3141 manet.
1187 3079 1366 3154 Quare
1401 3085 1688 3155 justitiam,
1720 3093 1776 3140 et
1798 3098 1906 3139 non
1934 3083 2148 3138 miseri-

568 3177 811 3233 cordiam
860 3177 1027 3233 dicit?
1073 3177 1212 3246 Quia
1255 3177 1582 3249 pauperibus
1615 3178 1744 3231 dare
1795 3174 2002 3245 justum
2039 3180 2141 3230 est.

2252 1988 2587 2044 structionem
2633 1991 3003 2047 munitionum.
3046 1992 3292 2046 Muniunt
3324 1993 3470 2048 enim
3507 2000 3563 2047 et
3594 1993 3834 2050 circum-

2252 2079 2381 2132 dant
2425 2078 2732 2135 doctrinam
2777 2097 2930 2137 suam
2958 2081 3081 2138 falsi
3121 2084 3371 2140 doctores
3417 2085 3617 2140 astutia
3666 2099 3835 2157 argu-

2251 2169 2577 2240 mentisque,
2609 2187 2728 2242 quae
2773 2173 2917 2228 aries
2968 2173 3294 2243 apostolicus
3352 2174 3585 2230 destruit
3633 2175 3838 2230 virtute

2251 2259 2440 2329 gratia:
2483 2261 2801 2330 spiritualis,
2853 2263 2992 2318 sicut
3019 2272 3074 2319 et
3119 2264 3271 2320 illum
3309 2265 3522 2336 Magum
3556 2266 3677 2320 vias
3727 2267 3837 2321 Do-
3907 2311 3910 2316 .

2249 2349 2383 2404 mini
2427 2351 2830 2408 subvertentem
2857 2354 3130 2424 perversis
3173 2354 3630 2427 disputationibus
3666 2357 3837 2412 verbo

2251 2439 2470 2497 delevit.

2321 2531 2393 2585 Et
2425 2549 2628 2588 omnem
2677 2534 3028 2591 altitudinem.
3071 2535 3142 2592 Id'
3170 2544 3275 2601 est,
3315 2537 3646 2606 superbiam.
3685 2536 3833 2604 Quid

2249 2621 2395 2677 enim
2426 2630 2537 2677 tam
2561 2625 2870 2694 superbum,
2895 2640 3057 2696 quam
3075 2626 3272 2681 divinis
3292 2627 3667 2682 contradicere
3695 2643 3838 2697 prm—

2250 2714 2465 2783 ceptis?
2499 2712 2629 2780 Qum
2651 2727 2773 2771 sunt
2800 2703 3085 2772 secundum
3111 2718 3299 2788 faciem
3325 2718 3508 2774 uidete.
3539 2717 3833 2774 Manifesta

2248 2811 2333 2859 est
2361 2805 2438 2859 rei
2475 2807 2738 2876 probatio,
2769 2817 2823 2864 et
2852 2807 3107 2864 facillima
3137 2809 3434 2866 intellectu.
3467 2810 3593 2866 Sive
3620 2812 3692 2868 ab
3719 2813 3831 2884 hy-

2246 2895 2473 2964 pocritis
2506 2913 2603 2952 vos
2641 2905 2848 2964 cavete,
2892 2900 2986 2968 qui
3031 2901 3085 2955 in
3120 2902 3372 2970 praesenti
3410 2902 3736 2973 gloriantur.
3773 2903 3836 2959 Si

2246 2986 2364 3056 quis
2398 2988 2618 3057 conﬁdit
2651 3006 2706 3044 se
2736 2988 2931 3044 Christi
2953 3007 3082 3046 esse.
3105 2991 3274 3059 Nemo
3303 3000 3413 3049 tam
3445 2993 3643 3050 stultus
3670 3011 3838 3064 quam

2247 3077 2340 3148 qui
2375 3093 2436 3133 se
2467 3080 2640 3134 solum
2668 3096 2886 3138 servum
2913 3082 3115 3140 Christi
3137 3101 3255 3141 esse
3293 3086 3575 3157 gloriatur.
3599 3087 3661 3143 Si
3690 3089 3836 3143 enim

2247 3165 2601 3223 abundantius
2622 3171 2878 3242 gloriatus
2905 3173 3075 3241 fuero.
3103 3172 3216 3230 Hoc
3251 3184 3355 3242 est,
3386 3185 3441 3232 et
3473 3178 3520 3233 si
3545 3193 3633 3234 me
3657 3180 3840 3249 magis

566 3267 706 3324 Nam
734 3277 787 3325 ιε
809 3277 1042 3340 oportet,
1073 3278 1134 3325 ιιι
1161 3247 1306 3341 quoa
1332 3247 1476 3326 deus
1502 3269 1598 3325 tibi
1625 3269 1795 3342 gratis
1821 3267 1990 3334 dedit,
2012 3283 2148 3338 pan-
2174 3247 2220 3312 C
2251 3266 2572 3329 potestatem
2597 3276 2628 3314 a
2653 3260 2872 3317 Christo
2897 3264 3172 3334 accepisse
3201 3266 3390 3322 dixero
3413 3282 3574 3336 quam
3605 3247 3843 3326 exteros

566 3359 789 3428 poribus
827 3368 882 3413 tu
912 3360 1083 3430 gratis
1107 3360 1222 3416 des.
1266 3358 1363 3416 Jus
1387 3361 1531 3416 enim
1580 3369 1682 3426 est,
1715 3367 1775 3414 ut
1809 3359 1905 3414 des
1950 3373 2143 3430 egeno,

567 3449 660 3520 qui
693 3459 906 3521 partem
935 3449 1081 3507 illius
1106 3460 1285 3507 tecum
1307 3451 1497 3510 habes.
1523 3448 1724 3506 Manet.
1749 3450 1809 3506 ln
1833 3458 2038 3505 aeterna
2061 3464 2149 3506 re-

565 3539 879 3596 tributione.
1293 3529 1297 3536 ’

639 3628 743 3698 Qui
775 3640 950 3686 autem
989 3630 1325 3688 administrat
1349 3648 1524 3688 semen
1551 3633 1849 3688 seminanti.
1878 3632 1993 3689 Hoc
2025 3640 2143 3700 est,

564 3719 709 3776 Deus
733 3721 825 3792 qui
851 3722 1000 3778 dedit
1020 3724 1117 3779 tibi
1131 3723 1272 3780 unde
1292 3723 1589 3796 dispenses,
1619 3726 1828 3781 esurire
1855 3725 2146 3783 teminime

564 3812 863 3881 permittet.
907 3813 1239 3871 Incrementa
1286 3815 1495 3886 frugum
1534 3817 1781 3886 justitiw.
1834 3817 2041 3888 Fruges
2063 3817 2148 3887 ju-

565 3903 728 3960 stitiae
751 3915 875 3962 sunt
897 3905 1202 3973 facultates,
1235 3923 1359 3963 cum
1401 3906 1546 3976 juste
1576 3908 2144 3978 dispensantur..Cum

565 4010 697 4053 vero
725 4008 818 4054 aut
851 4000 1034 4070 inique
1069 3999 1449 4064 corraduntur,
1496 4006 1588 4052 aut
1617 3999 1688 4054 ad
1733 3999 2017 4053 avaritiam
2058 3999 2144 4054 vel

509 4115 515 4121 ·
566 4089 875 4159 superbiam
915 4091 1277 4162 possidentur,
1327 4088 1508 4162 fruges
1542 4090 1843 4160 iniquitatis
1890 4089 2042 4142 ﬁunt.
2073 4089 2144 4144 In

566 4196 771 4236 omnem
795 4182 1202 4252 simplicitatem.
1225 4181 1296 4238 Ut
1324 4181 1552 4252 simplici
1583 4180 1742 4236 oculo
1783 4179 1937 4234 bonae
1968 4180 2144 4233 inten-

564 4271 731 4328 tionis
759 4273 1016 4343 erogetis,
1043 4289 1166 4328 cum
1193 4271 1476 4341 multiplici
1503 4287 1568 4326 ea
1600 4272 1788 4325 fenore
1806 4277 2137 4338 recepturos.

567 4362 692 4418 Non
723 4364 892 4418 solum
918 4363 1138 4434 supplet.
1166 4362 1442 4433 Duplicem
1461 4362 1690 4431 potestis
1717 4360 1916 4415 habere
1936 4376 2145 4416 merce-

565 4456 709 4521 dem,
737 4466 792 4512 et
814 4456 1165 4512 refectionem
1191 4463 1525 4518 sanctorum,
1558 4461 1612 4508 et
1643 4453 1938 4525 gratiarum
1965 4453 2020 4507 in
2040 4453 2144 4508 Do-

562 4546 714 4600 mino
737 4546 1030 4609 actionem,
1059 4552 1114 4599 et
1142 4544 1198 4597 in
1237 4543 1476 4612 ipsorum
1525 4543 1772 4598 oratione
1803 4543 1918 4598 haec
1962 4541 2143 4596 omnia

2252 3350 2542 3420 apostolos.
2576 3351 2700 3406 Non
2742 3353 3060 3409 erubescant.
3093 3355 3194 3422 Qui
3224 3364 3279 3411 et
3307 3372 3496 3413 verum
3539 3360 3740 3427 dicam,
3775 3370 3838 3416 et

2249 3455 2359 3496 non
2404 3457 2544 3497 meae
2587 3443 2798 3514 gloriae,
2841 3445 2936 3501 sed
2979 3455 3174 3502 vestrae
3237 3449 3611 3506 aedificationis
3661 3467 3842 3508 causa

2249 3534 2558 3602 compulsus
2598 3535 2714 3590 haec
2761 3535 2922 3592 facio.
2961 3534 3173 3593 Graves.
3206 3538 3577 3611 Longitudine.
3609 3539 3837 3599 Fortes.

2249 3623 2395 3680 Dura
2419 3626 2806 3696 increpatione.
2838 3625 2964 3682 Non
3000 3629 3140 3685 enim
3173 3631 3446 3687 audemus.
3485 3631 3707 3688 Scilicet
3749 3633 3838 3688 ita

2249 3713 2419 3770 Deum
2465 3722 2841 3784 contemnere,
2885 3725 2945 3772 ut
2995 3735 3338 3791 coaequemur
3379 3722 3684 3793 aliquibus,
3729 3726 3834 3793 qui

2247 3809 2363 3865 suis
2416 3809 2626 3866 malunt
2669 3810 2919 3867 laudibus
2962 3827 3125 3884 quam
3178 3815 3276 3870 Dei
3329 3816 3503 3888 gratia
3549 3830 3836 3872 commen-

2248 3901 2385 3958 dari.
2417 3901 2531 3958 Nec
2575 3903 2643 3958 de
2686 3903 2843 3958 nobis
2869 3917 3155 3973 possumus
3181 3905 3385 3987 majora
3416 3905 3628 3974 jactare
3666 3922 3837 3979 quam

2248 4006 2454 4046 sumus.

2317 4079 2388 4134 Et
2417 4092 2777 4154 comparantes
2805 4085 3142 4153 nosmetipsos
3171 4086 3340 4141 nobis.
3363 4085 3419 4143 Id
3445 4095 3548 4156 est,
3574 4105 3685 4158 non
3714 4106 3834 4146 ma-

2239 4171 2474 4243 joribus,
2519 4175 2662 4229 sicut
2706 4175 2783 4230 illi
2828 4175 3289 4246 pseudoapostoli,
3331 4194 3454 4234 cum
3503 4181 3642 4236 nihil
3681 4183 3831 4252 sint,

2245 4265 2503 4336 apostolis
2528 4280 2588 4322 se
2631 4281 2738 4322 non
2773 4267 2932 4322 modo
2958 4277 3206 4337 aequant,
3251 4270 3348 4326 sed
3391 4271 3562 4326 etiam
3605 4282 3836 4345 antepo—

2244 4365 2399 4413 nunt.
2440 4356 2564 4413 Non
2603 4358 2658 4414 in
2686 4359 2995 4413 immensum
3023 4358 3386 4430 gloriabimur.
3429 4360 3489 4416 Id
3529 4371 3635 4429 est,
3661 4379 3836 4434 super

2246 4447 2302 4504 id
2324 4451 2468 4518 quod
2491 4465 2800 4519 possumus,
2819 4451 2972 4526 nihil
2997 4466 3159 4521 supra
3183 4452 3474 4508 humanam
3512 4469 3835 4513 mensuram

2248 4537 2502 4607 facimus,
2529 4540 2622 4596 sed
2652 4541 2708 4595 in
2729 4541 3057 4612 apostolatus
3086 4542 3337 4614 gratiam,
3361 4552 3623 4614 quantum
3668 4547 3838 4602 nobis

565 4643 841 4704 operatur.
884 4634 1205 4688 Ministratio
1235 4602 1393 4702 Iiujus
1421 4633 1593 4704 oﬁicii.
1620 4632 1748 4701 Quae
1775 4634 1942 4688 etiam
1970 4633 2142 4689 abun-
2168 4602 2222 4663 D
2247 4630 2509 4689 Dominus
2531 4634 2735 4688 donare
2761 4602 3011 4704 dignatus
3039 4602 3142 4701 est,
3164 4650 3263 4706 per
3289 4602 3450 4706 quam
3479 4637 3644 4691 etiam
3669 4637 3834 4694 vobis

568 4727 658 4782 dat
697 4725 938 4796 ipsorum
967 4739 1263 4797 pauperum
1304 4723 1550 4780 oratione
1578 4741 1677 4795 pro
1723 4725 1896 4781 vobis.
1927 4724 2147 4781 Deside-

565 4819 798 4872 rantium
822 4832 933 4871 vos.
968 4816 1026 4870 Id
1065 4823 1166 4880 est,
1201 4816 1524 4871 amantium.
1559 4816 1691 4883 Quis
1720 4817 1866 4872 enim
1910 4833 2017 4873 non
2048 4817 2143 4872 de-

567 4909 770 4965 sideret
795 4908 957 4963 talem
985 4915 1208 4978 propter
1233 4909 1464 4979 gratiam
1493 4915 1548 4962 et
1567 4907 1993 4964 misericordiam
2013 4907 2144 4964 emi-

564 5003 821 5058 nentem?
857 4998 1071 5056 Gratias
1109 5011 1286 5056 autem
1320 5001 1452 5056 Deo.
1486 5001 1592 5068 Qui
1618 5009 1820 5057 tantam
1841 5002 1996 5060 nobis
2020 5018 2144 5074 gra-

565 5095 699 5150 tiam
723 5095 925 5165 pietate
961 5110 1060 5153 sua
1086 5094 1231 5152 ferre
1261 5096 1512 5167 dignatus
1538 5105 1640 5152 est.

1187 5211 1415 5268 CAPUT
1454 5211 1524 5266 Χ.

638 5281 760 5354 Ipse
784 5294 958 5338 autem
980 5300 1072 5355 ego
1103 5281 1330 5339 Paulus.
1363 5282 1464 5351 Qui
1491 5282 1643 5354 prius
1690 5283 1874 5354 rogavi
1899 5282 2097 5338 fratres
2123 5321 2139 5348 ,

566 5381 629 5430 ut
654 5375 797 5430 irent
824 5385 879 5431 et
899 5377 1377 5440 obsecrarentvos,
1401 5374 1504 5429 hoc
1534 5382 1714 5430 autem
1733 5389 1831 5444 per
1852 5372 2138 5444 meipsum,

568 5483 678 5525 non
719 5483 818 5538 per
857 5467 1073 5524 fratres.
1130 5467 1356 5524 Obsecro
1400 5485 1487 5524 vos
1533 5485 1626 5540 per
1665 5467 2138 5522 mansuetudinem.

566 5561 647 5616 Ea
700 5575 797 5617 vos
841 5559 1256 5618 mansuetudine
1301 5577 1455 5634 rogo,
1484 5576 1592 5632 qua
1619 5559 1866 5615 Christus
1915 5573 2038 5613 cum
2085 5572 2145 5613 se

566 5662 752 5724 posset
781 5654 847 5709 de
871 5654 1149 5725 injuriosis
1171 5655 1381 5722 ulcisci,
1410 5654 1600 5718 noluit,
1624 5660 1685 5706 ut
1712 5651 1798 5707 vel
1824 5665 1948 5707 sero
1976 5649 2146 5706 corri-

567 5754 844 5816 gerentur.
873 5746 1226 5806 Mansuetudo
1254 5755 1436 5806 autem
1465 5745 1521 5803 in
1561 5745 1744 5812 corde,
1773 5741 2039 5800 modestia
2088 5741 2144 5804 in

566 5837 748 5894 verbis
773 5847 876 5897 est.

2242 4725 2541 4783 Corinthiis
2568 4727 2998 4799 praedicavimus.
3024 4727 3135 4782 Nec
3163 4728 3310 4783 enim
3337 4729 3441 4785 hoc
3463 4729 3638 4800 ipsum
3664 4745 3833 4786 usuro

2241 4822 2461 4892 patione
2490 4821 2737 4888 fecimus,
2775 4822 2871 4877 sed
2899 4827 3169 4890 praecepto
3192 4819 3310 4876 Dei.
3339 4820 3464 4876 Non
3497 4822 3637 4876 enim
3671 4825 3832 4894 quasi

2242 4929 2350 4971 non
2387 4915 2731 4985 pertingentes
2765 4929 2928 4983 usque
2957 4913 3026 4967 ad
3055 4929 3162 4968 vos.
3193 4912 3253 4967 Id
3298 4921 3402 4981 est,
3444 4929 3542 4984 per
3569 4914 3666 4970 Dei
3695 4931 3833 4972 con-

2242 5006 2426 5063 silium
2447 5022 2512 5062 ac
2539 5014 2868 5076 praeceptum
2898 5005 3403 5076 superextendimus
3430 5021 3552 5074 nos,
3583 5007 3687 5064 hoc
3715 5017 3828 5078 est,

2247 5105 2312 5153 ut
2356 5099 2472 5152 sine
2509 5105 2783 5168 praecepto
2810 5097 2905 5152 Dei
2934 5098 3167 5168 quadam
3194 5099 3545 5169 usurpatione
3573 5101 3828 5172 nosipsos

2247 5197 2459 5245 vestros
2497 5187 2764 5254 doctores,
2797 5189 3127 5259 superiores,
3166 5205 3231 5245 ac
3271 5190 3614 5247 sublimiores
3660 5208 3827 5263 quam

2247 5295 2347 5336 vos
2395 5280 2865 5336 constitueremus.
2919 5280 3058 5335 Nam
3107 5295 3166 5335 se
3211 5280 3500 5350 Apostolus
3561 5297 3826 5353 superer-

2250 5372 2519 5438 tenderet,
2559 5372 2607 5427 si
2642 5387 2750 5428 non
2775 5373 2871 5428 Dei
2911 5381 3184 5443 praecepto
3212 5374 3449 5444 seipsum
3479 5389 3668 5430 eorum
3710 5391 3831 5430 ma—

2247 5461 2477 5532 gistrum
2504 5463 2874 5518 constitueret.
2900 5459 3073 5533 Usque
3097 5463 3166 5517 ad
3193 5480 3283 5519 vos
3305 5466 3444 5520 enim
3471 5468 3824 5536 pervenimus.

2247 5553 2345 5610 Dei
2391 5555 2597 5611 scilicet
2645 5562 2935 5625 praecepto.
2966 5555 3159 5612 Aliter.
3209 5556 3336 5614 Non
3383 5559 3522 5613 enim
3574 5575 3830 5629 superes:-

2245 5648 2528 5704 tendimus.
2557 5648 2614 5703 Id
2641 5657 2744 5715 est,
2781 5664 2891 5704 non
2937 5650 3006 5706 ad
3053 5650 3189 5708 alios
3235 5653 3605 5709 transivimus.
3655 5652 3828 5721 Quasi

2246 5757 2352 5796 non
2393 5742 2736 5812 pertingentes
2771 5756 2931 5813 usque
2961 5741 3032 5797 ad
3063 5759 3172 5798 vos.
3202 5743 3260 5800 Id
3287 5751 3400 5812 est,
3434 5752 3496 5801 ut
3541 5745 3700 5803 vobis
3743 5746 3828 5802 di-

2245 5832 2430 5894 missis
2475 5839 2636 5903 atque
2691 5830 3045 5905 imperfectis,
3085 5835 3241 5907 quasi
3285 5850 3394 5896 non
3435 5851 3535 5909 per
3577 5838 3822 5900 divinum
