4046 6332
213 444 319 507 I77

1274 433 1609 494 COLLECT.
1649 436 1719 493 IN
1757 436 1977 494 EPIST.
2016 438 2060 494 II
2096 437 2188 494 AD
2225 438 2383 495 COR.

3353 437 3456 497 178

210 557 540 628 praeceptum
558 549 628 606 ad
652 558 751 604 vos
768 557 878 603 non
901 543 1334 616 perveniremus,
1356 545 1426 600 ad
1450 545 1584 602 alios
1606 555 1782 602 trans-
1805 551 1858 613 Α
1884 564 2054 620 quare
2078 565 2185 605 non
2219 548 2507 619 acceperit,
2533 556 2595 604 ut
2620 548 2936 616 adversarii,
2969 549 3062 620 qui
3083 549 3340 605 docerent
3359 565 3458 622 gu-

211 649 437 704 iremus.

282 736 408 790 Non
431 734 739 787 immensum
765 718 1066 800 gloriantes.
1088 727 1417 782 Immensum
1450 735 1534 782 est
1570 727 1626 781 in
1656 726 1788 783 alie-

101 849 108 854 ·
210 829 296 884 nis
316 824 591 881 laboribus
613 821 834 892 gloriari
857 820 1087 875 aliorum
1109 818 1411 875 doctorum.
1436 816 1591 889 Spem
1613 828 1788 873 autem

209 919 456 974 habentes
479 915 751 969 crescentis
780 913 925 981 ﬁdei.
949 912 1009 966 Id
1033 921 1138 978 est,
1169 927 1274 967 non
1305 926 1585 973 muneraa
1613 911 1788 976 vobis,

211 1011 304 1066 sed
334 1009 639 1064 mercedem
675 1022 706 1060 a
735 1005 846 1061 Deo
873 1013 1066 1061 vestrae
1105 1003 1229 1058 fidei
1267 1012 1664 1075 exspectamus.
1694 1004 1790 1061 Se-

212 1100 442 1155 cundum
492 1097 726 1168 regulam
761 1105 1012 1150 nostram.
1055 1093 1170 1150 Hoc
1213 1103 1298 1150 est
1341 1095 1527 1166 regula
1571 1103 1784 1159 nostra,

213 1199 339 1264 post
386 1190 614 1244 aliorum
665 1187 894 1242 salutem
945 1185 1012 1240 ad
1061 1185 1195 1240 alios
1241 1185 1494 1239 transire.
1545 1184 1654 1239 Aut
1701 1200 1790 1241 εε-

218 1283 458 1339 cundum
509 1279 748 1352 regulam
792 1285 1064 1344 nostram,
1102 1277 1156 1332 id
1193 1283 1306 1343 est,
1350 1291 1459 1332 non
1495 1276 1793 1332 secundum

211 1373 465 1429 alienam.

280 1462 350 1517 In
378 1462 702 1517 abundantia
725 1461 903 1516 etiam.
932 1460 1052 1516 Non
1078 1460 1224 1516 enim
1251 1475 1424 1532 usque
1463 1460 1532 1515 ad
1555 1474 1654 1517 vos
1680 1460 1792 1516 suf-

211 1554 326 1611 ﬁcit
365 1554 695 1626 pervenisse,
736 1554 834 1608 'sed
859 1567 983 1607 cum
1010 1561 1193 1608 vestra
1234 1552 1370 1608 ﬁdes
1416 1553 1686 1620 creverit,
1722 1553 1792 1608 ad

211 1653 350 1708 alios
375 1651 746 1707 transibimus.
775 1649 899 1704 Non
927 1650 984 1703 in
1011 1649 1188 1704 aliena
1216 1649 1417 1720 regula.
1453 1649 1606 1706 Sicut
1633 1664 1793 1720 pseu-

212 1741 513 1812 doapostoli
553 1741 608 1795 in
634 1739 955 1810 praeparatis
979 1739 1091 1810 jam
1119 1740 1185 1794 ab
1216 1740 1338 1796 aliis
1363 1739 1663 1812 gloriantur
1691 1739 1791 1795 im-

209 1831 488 1901 pudenter.
519 1830 622 1894 Qui
655 1838 830 1883 autem
858 1827 1135 1898 gloriatur.
1159 1829 1337 1884 Etiam
1366 1830 1459 1899 qui
1489 1829 1652 1884 debet
1675 1828 1791 1900 glo-

1885 640 2017 706 lam,
2054 641 2444 710 avaritiamque
2469 648 2827 708 sectarentur,
2865 647 3169 710 quaerentes
3196 653 3295 708 per
3320 637 3460 694 Pau-

1887 732 1999 787 lum
2025 735 2229 788 aditum
2259 734 2499 789 invenire
2516 732 2776 796 lucrandi,
2812 747 2923 787 non
2947 731 3239 796 haberent;
3273 737 3334 784 ut
3369 729 3461 786 hic

1889 824 1935 881 si
1960 823 2047 878 vel
2088 826 2284 894 pa’nem
2317 824 2606 894 acciperet,
2648 822 2726 878 illi
2768 837 2958 878 aurum
2996 809 3460 891 licentiusexige-

1889 923 2028 970 rent.
2060 914 2186 971 Ideo
2213 915 2354 970 tollit
2377 915 2727 972 occasionem
2747 913 3054 986 Apostolus,
3080 920 3142 968 ut
3167 911 3224 966 in
3245 911 3350 968 hoc
3370 926 3462 981 ap-

1888 1015 2096 1078 pareat,
2124 1006 2266 1075 quod
2285 1015 2506 1076 propter
2529 1006 2814 1061 Dominum
2843 1005 3054 1071 docent,
3095 1003 3144 1060 si
3171 1018 3204 1057 a
3227 1001 3463 1072 discipu-

1889 1096 1956 1152 lis
1984 1095 2118 1152 nihil
2140 1103 2419 1166 expetunt.

1963 1188 2205 1258 Operarii
2246 1186 2474 1242 subdoli.
2517 1186 2787 1243 Subdolus
2832 1193 2934 1252 est,
2981 1186 3071 1256 qui
3118 1184 3265 1239 aliud
3309 1181 3465 1255 fingit

1891 1278 2017 1334 dum
2047 1277 2191 1332 aliud
2221 1278 2348 1348 agit.
2385 1276 2622 1342 Quorum
2652 1278 2775 1346 ﬁnis
2805 1276 3091 1332 secundum
3137 1293 3293 1347 opera
3324 1275 3465 1344 ipso-

1890 1383 2028 1422 rum.
2062 1368 2197 1422 Mala
2222 1383 2386 1438 opera
2417 1367 2592 1422 malus
2635 1367 2760 1422 linis
2789 1375 3086 1437 exspectat.
3117 1366 3319 1421 Iterum
3347 1366 3464 1419 dico

1888 1457 2053 1511 vobis.
2077 1455 2196 1511 Jam
2219 1457 2470 1527 superius
2507 1457 2719 1512 dixerat
2744 1473 2758 1509 :
2785 1455 3048 1511 Sustinete
3076 1472 3158 1510 me
3177 1455 3464 1520 modicum,

1891 1560 1946 1610 et
1967 1569 2076 1610 non
2110 1554 2422 1609 reddiderat
2451 1553 2734 1620 rationem,
2760 1557 2904 1624 quod
2932 1554 3048 1610 zelo
3077 1554 3173 1610 Dei
3196 1569 3290 1609 eos
3320 1552 3466 1608 zela-

1891 1653 1996 1711 ret,
2022 1652 2079 1700 et
2102 1660 2210 1701 non
2233 1645 2416 1715 gloriae
2444 1644 2714 1702 desiderio
2735 1653 2881 1702 esset
2915 1646 2984 1701 de
3011 1661 3072 1701 se
3107 1644 3312 1716 aliquid
3335 1657 3465 1697 nar-

1890 1743 2130 1801 raturus,
2160 1749 2230 1790 ne
2255 1735 2312 1790 in
2339 1734 2457 1805 ejus
2481 1735 2665 1793 odium
2695 1737 2864 1804 versi,
2885 1735 3051 1792 falsos
3083 1735 3354 1807 apostolos
3382 1741 3470 1788 se-

1891 1834 2206 1898 querentur.

211 1900 357 1983 riari,
389 1920 445 1974 in
473 1919 703 1974 Domino
727 1916 881 1985 cujus
920 1918 978 1971 in
1002 1933 1068 1972 eo
1106 1920 1336 1974 virtutes
1377 1926 1614 1987 operatae
1642 1927 1789 1985 sunt,
1819 1900 1868 1960 Β
1968 1917 2052 1972 Ne
2099 1917 2214 1989 quis
2239 1917 2496 1974 existimet
2540 1918 2889 1990 insipientem.
2932 1915 3011 1973 Ne
3052 1930 3141 1973 me
3181 1915 3378 1986 aliquis
3401 1929 3470 1970 ex

211 2007 490 2080 glorietur.
521 2007 692 2074 Quem
721 2005 982 2060 Dominus
1011 2007 1358 2062 commendat.
1403 2007 1464 2066 ld
1491 2015 1603 2074 εει,
1629 2008 1795 2063 virtu-

211 2101 353 2158 tibus
382 2101 667 2173 signorum
693 2106 750 2154 et
773 2099 1057 2154 doctrinae.

824 2186 1052 2244 CAPUT
1091 2186 1182 2241 XI.

281 2276 496 2331 Utinam
531 2277 874 2332 sustineretis.
902 2276 958 2331 Id
984 2283 1098 2342 est,
1135 2275 1396 2332 sustinete
1437 2292 1527 2333 me
1553 2278 1639 2334 vel
1679 2294 1796 2335 mo-

203 2368 415 2431 dicum,
443 2367 537 2436 qui
573 2366 706 2420 alios
732 2365 960 2420 multum
985 2366 1258 2422 sustinere
1283 2367 1661 2424 consuevistis.
1701 2368 1796 2423 In-

204 2458 467 2529 sipientiaz
508 2471 657 2510 meat.
690 2456 747 2511 Id
776 2464 892 2521 est,
924 2457 1284 2527 gloriationis,
1319 2472 1440 2527 qua:
1469 2457 1626 2526 quasi
1653 2473 1794 2528 quae»

209 2555 330 2610 dam
376 2551 687 2621 insipientia
731 2551 949 2607 videtur
981 2565 1122 2607 esse.
1166 2551 1514 2622 Insipientem
1545 2564 1604 2606 se
1631 2551 1786 2618 dicit,

209 2645 336 2717 quia
358 2643 435 2698 illi
462 2656 687 2699 necesse
710 2650 830 2698 erat
854 2642 1034 2712 aliqua
1065 2643 1133 2697 de
1157 2655 1216 2698 se
1241 2641 1446 2704 dicere,
1473 2640 1601 2708 licet
1633 2655 1789 2708 vera,

209 2742 271 2790 ut
297 2734 547 2790 ostendat
572 2749 733 2804 quam
763 2749 892 2791 vere
917 2733 1234 2804 insipientes
1269 2733 1407 2800 sint,
1439 2733 1535 2804 qui
1565 2731 1705 2788 falso
1733 2747 1792 2789 se

210 2825 450 2881 laudant.

283 2917 389 2974 Sed
422 2925 469 2972 et
502 2924 804 2988 supportate
829 2932 928 2972 me.
959 2915 1258 2972 Stultitiam
1297 2930 1478 2972 meam
1505 2916 1788 2982 sustinete,

211 3009 338 3065 dum
371 3023 469 3077 pro
509 3023 694 3063 amore
720 3015 905 3062 vestro
929 3008 1034 3063 hoc
1059 3007 1200 3063 dico.
1231 3006 1484 3062 1Emulor
1515 3009 1653 3062 enim
1679 3025 1787 3062 vos.

208 3099 330 3154 Non
379 3100 600 3154 stimulo
644 3099 834 3154 livoris
880 3096 1201 3162 inﬂammor,
1247 3096 1344 3153 sed
1388 3112 1486 3153 vos
1533 3105 1790 3167 tanquam

208 3200 367 3263 pater
413 3191 596 3246 divina
638 3190 982 3245 aemulatione
1027 3189 1292 3255 custodio,
1335 3197 1394 3244 ut
1446 3189 1653 3260 possim
1692 3204 1788 3245 vos

209 3281 587 3337 immaculatos
660 3279 877 3336 Christo
948 3278 1315 3351 conjungere,
1370 3288 1519 3335 tanto
1582 3281 1788 3352 majore

208 3372 389 3427 studio
412 3379 780 3437 conservatos,
811 3379 1014 3440 quanto
1047 3370 1259 3428 meliori
1287 3371 1419 3428 estis
1445 3385 1644 3442 sponso
1665 3373 1791 3443 jun-

211 3467 392 3539 gendi.

283 3555 463 3611 Timeo
487 3572 548 3610 ne
573 3556 708 3612 sicut
732 3571 942 3626 serpens
971 3555 1178 3610 seduxit
1217 3555 1403 3611 Evam.
1451 3555 1604 3612 Sicut
1645 3557 1790 3612 enim

209 3659 440 3715 serpens
481 3646 683 3716 majora
715 3646 999 3716 promisit,
1037 3654 1100 3700 ut
1147 3647 1364 3717 propria
1411 3648 1790 3714 subtraheret,

175 3809 186 3816 κ
211 3739 295 3794 sic
321 3736 526 3806 majora
553 3738 789 3794 haeretici
819 3754 984 3808 quam
1021 3754 1141 3808 quae
1171 3739 1414 3794 doctrina
1461 3740 1664 3797 Christi
1694 3743 1794 3797 ha-

207 3829 305 3884 bet
349 3828 699 3897 promittunt,
736 3837 796 3882 ut
843 3843 1034 3884 sanam
1077 3829 1376 3884 doctrinam
1416 3842 1786 3902 corrumpant.

130 3960 136 3963 τλ
209 3920 450 3991 Simplex
486 3930 664 3975 autem
696 3935 888 3976 sensus
917 3931 1001 3976 εει
1027 3937 1188 3978 verus
1215 3937 1428 3991 sensus,
1457 3925 1603 3980 nulla
1645 3925 1794 3982 falsi-

210 4020 324 4066 tate
356 4013 666 4068 intermixta
705 4014 1037 4084 compositus
1065 4023 1228 4084 atque
1265 4025 1574 4086 corruptus.
1615 4018 1792 4074 Alium

211 4099 496 4156 Christum.
555 4102 830 4158 Meliorem
874 4112 1062 4159 nostro
1121 4104 1420 4162 Salvatore.
1466 4108 1572 4161 Aut
1628 4109 1792 4164 alium

206 4194 472 4263 spiritum.
520 4192 634 4248 Hoc
661 4202 772 4259 est,
813 4194 858 4249 si
900 4196 1054 4250 vobis
1097 4196 1299 4267 aliquid
1330 4197 1559 4268 amplius
1606 4201 1792 4270 gratia:

207 4283 563 4350 praestiterint
584 4298 748 4353 quam
774 4298 872 4353 per
892 4299 990 4338 nos
1015 4285 1318 4354 accepistis,
1347 4294 1494 4340 recte
1516 4301 1610 4341 eos
1640 4288 1793 4343 nobis

207 4375 453 4444 praeponi
487 4374 716 4431 forsitan
760 4377 1102 4446 pateremini.
1143 4376 1402 4432 Existimo
1432 4378 1569 4431 enim
1615 4395 1697 4433 me
1735 4380 1790 4434 in

208 4466 358 4520 nullo
376 4467 684 4536 inferiorem
705 4485 736 4522 a
753 4470 956 4538 magnis
987 4468 1255 4539 apostolis.
1283 4468 1494 4536 Quanto
1517 4471 1692 4541 magis
1721 4471 1790 4526 ah

206 4555 296 4609 his
320 4556 410 4624 qui
435 4557 568 4611 nihil
590 4566 734 4612 sunt.
755 4557 880 4613 Sive
908 4575 977 4614 ne
1002 4560 1199 4629 putetis
1221 4575 1316 4616 vos
1341 4576 1503 4631 quam
1527 4561 1647 4618 illos
1666 4563 1789 4633 qui-

206 4646 312 4700 bus
345 4646 538 4703 Petrus
567 4656 622 4703 et
661 4651 842 4704 caeteri
885 4651 1112 4720 apostoli
1140 4653 1572 4721 praedicaverunt
1615 4656 1793 4712 minus

205 4738 419 4808 aliquid
458 4741 750 4810 accepisse.
791 4739 895 4796 Sed
925 4759 1028 4797 non
1069 4745 1305 4799 scientia.
1349 4744 1421 4801 Ut
1460 4746 1794 4817 pseudoapo-

204 4828 366 4892 stoli,
395 4830 487 4898 qui
513 4847 633 4886 cum
663 4832 774 4888 sint
794 4832 1020 4888 scientia
1047 4834 1318 4904 imperiti,
1344 4836 1402 4891 in
1427 4851 1677 4894 sermone
1705 4845 1792 4893 tu-

204 4918 362 4974 mido
387 4918 707 4990 gloriantur.

280 5009 350 5064 In
376 5012 615 5067 omnibus
635 5023 811 5068 autem
839 5015 1104 5084 manifesti
1128 5032 1330 5071 sumus.
1362 5016 1612 5074 Ostendit
1650 5019 1786 5074 inte-

204 5101 463 5174 gritatem
494 5119 672 5170 suam,
700 5121 809 5175 qua
839 5108 1132 5161 secundum
1163 5109 1332 5164 Deum
1356 5111 1538 5166 omnia
1574 5111 1787 5179 fecerit,

205 5209 339 5250 cum
374 5209 476 5250 nec
525 5196 814 5251 avaritiam
843 5211 945 5253 nec
978 5197 1182 5266 gulam,
1233 5215 1333 5254 nec
1362 5201 1588 5271 gloriam
1617 5204 1684 5258 ab
1711 5204 1790 5258 eis

204 5283 504 5352 aliquando
544 5287 838 5354 quaesierit.
868 5289 936 5342 At
966 5289 1200 5360 nunquid
1242 5301 1509 5359 peccatum
1547 5293 1686 5362 feci?
1732 5293 1790 5350 Si

204 5373 353 5428 forte
389 5374 492 5429 hoc
520 5375 692 5430 solum
725 5378 964 5446 peccavi,
1004 5378 1096 5448 qui
1126 5386 1348 5448 propter
1374 5394 1472 5434 vos
1499 5388 1554 5434 et
1601 5381 1788 5438 illicita

205 5469 269 5518 et
315 5479 574 5520 concessa
626 5468 946 5537 contempsi.
998 5469 1095 5523 Est
1140 5470 1327 5523 veritas
1357 5467 1551 5525 Christi
1597 5475 1651 5527 in
1687 5491 1786 5528 me.

207 5553 371 5608 Sicut
395 5553 646 5610 Christus
669 5558 813 5626 quod
851 5559 1016 5613 semel
1043 5560 1231 5614 statuit
1261 5575 1369 5615 non
1412 5562 1658 5627 mutavit,
1689 5578 1790 5618 nec

203 5654 300 5702 est
331 5646 619 5718 aliquando
651 5649 925 5716 mentitus,
973 5652 1052 5707 sic
1088 5651 1304 5707 faciam.
1361 5651 1491 5706 Hazc
1524 5653 1788 5723 gloriatio.

203 5737 271 5792 Id
302 5747 406 5804 est,
437 5739 572 5794 nihil
601 5756 630 5794 a
657 5741 810 5796 vobis
847 5741 1160 5813 recipiendi.
1204 5743 1347 5797 Deus
1373 5743 1490 5797 scit.
1519 5741 1669 5809 Quod
1696 5759 1793 5800 vos

209 5825 400 5899 diligo.
456 5827 524 5883 Ut
567 5841 827 5899 amputem
859 5833 1200 5888 occasionem.
1230 5833 1425 5891 Reddit
1449 5833 1538 5888 hic
1572 5848 1790 5890 causam

1895 2010 2050 2064 vobis
2093 2018 2248 2080 putet
2280 2013 2425 2080 quod
2464 2011 2742 2080 iactantiae
2777 2027 2961 2078 causa,
2991 2019 3048 2066 et
3091 2026 3200 2066 non
3244 2007 3470 2077 alicujus

1894 2098 2166 2169 profectus
2201 2100 2468 2170 meipsum
2497 2101 2718 2172 glorior.
2774 2100 2927 2155 Velut
2967 2102 3295 2172 insipientem
3329 2088 3478 2154 acci-V

1893 2190 2018 2259 pite.
2049 2189 2163 2244 Hoc
2187 2197 2289 2255 est,
2323 2176 2504 2245 audite
2528 2204 2614 2244 me
2651 2192 2805 2260 quasi
2835 2190 3201 2260 insipientem,
3233 2205 3341 2245 non
3374 2204 3467 2244 re-

1893 2293 2024 2333 vera
2053 2279 2419 2350 insipientem,
2452 2280 2547 2336 sed
2569 2281 2724 2349 quasi
2754 2280 3121 2352 insipientem.

1966 2368 2121 2434 Quod
2163 2368 2368 2440 loquor.
2419 2369 2476 2424 Id
2505 2377 2616 2448 est,
2641 2371 2856 2427 laudem
2885 2387 3082 2428 meam.
3115 2371 3240 2427 Non
3285 2371 3471 2442 loquor

1891 2459 2179 2514 secundum
2211 2460 2401 2514 Deum.
2438 2461 2665 2516 Videtur
2692 2461 2870 2532 [Deest
2914 2463 3194 2533 insipiens,
3224 2462 3308 2518 vel
3341 2463 3469 2533 quid

1891 2549 2082 2622 simile]
2126 2565 2269 2616 esse,
2300 2558 2361 2606 ut
2394 2551 2558 2607 homo
2606 2551 2843 2621 seipsum
2891 2551 3096 2618 laudet,
3125 2552 3254 2607 licet
3280 2567 3470 2606 verum

1891 2641 2057 2707 dicat,
2096 2642 2202 2697 nisi
2249 2650 2470 2714 propter
2509 2642 2741 2697 aliorum
2769 2642 3081 2708 utilitatem,
3118 2643 3323 2712 Deique
3355 2642 3472 2713 glo-

1890 2734 2028 2788 riam
2049 2734 2152 2789 hoc
2173 2733 2354 2789 faciat.
2379 2732 2678 2789 Secundum
2704 2751 2932 2789 carnem.
2950 2733 3009 2789 Id
3035 2741 3139 2799 est,
3169 2734 3468 2789 secundum

1892 2826 2229 2882 nobilitatem
2277 2827 2570 2882 carnalem.
2612 2827 2855 2881 Libenter
2892 2826 3030 2881 enim
3061 2827 3295 2896 stt/fertis
3337 2826 3470 2879 insi-

1889 2919 2106 2989 pientes.
2143 2919 2268 2975 Ideo
2293 2919 2404 2974 dixi
2432 2937 2444 2974 :
2471 2919 2700 2991 Accipite
2726 2920 2878 2991 quasi
2915 2919 3267 2989 insipientem,
3298 2919 3345 2973 si
3372 2934 3468 2974 vos

1891 3007 2128 3066 suﬂ‘ertis
2156 3010 2491 3078 insipientes,
2522 3009 2577 3064 id
2607 3017 2710 3075 est,
2741 3009 3236 3080 pseudoapostolos.
3268 3007 3326 3063 Si
3351 3011 3468 3080 quis

1879 3119 1979 3158 ‘vos
2008 3104 2063 3158 in
2101 3105 2398 3159 servitutem
2426 3104 2633 3175 redigit.
2673 3102 2731 3160 Id
2765 3111 2869 3169 est,
2895 3102 3096 3158 veteris
3130 3102 3264 3172 legis
3291 3110 3346 3158 et
3374 3100 3470 3156 Ju-

1892 3195 2104 3252 daismi.
2151 3193 2208 3249 Si
2230 3194 2346 3266 quis
2375 3193 2606 3249 devorat.
2643 3193 2702 3249 Id
2745 3201 2847 3260 est,
2880 3194 3216 3250 muneribus.
3251 3191 3313 3248 Si
3351 3194 3470 3264 quis

1891 3288 2099 3359 accipit.
2123 3287 2416 3343 Pecuniam
2441 3295 2702 3343 vestram.
2735 3285 2934 3358 Siquis
2959 3284 3249 3342 extollitur.
3280 3283 3338 3340 Id
3365 3292 3468 3350 est,

1889 3378 2111 3435 Judaica
2144 3379 2393 3451 superbia
2426 3378 2512 3435 vel
2549 3379 2810 3445 scientia,
2839 3377 2926 3434 vel
2955 3379 3021 3434 de
3066 3376 3283 3449 generis
3316 3375 3470 3432 nobi-

1888 3470 2060 3526 litate.
2105 3469 2297 3542 Siquis
2322 3471 2379 3524 in
2404 3470 2595 3540 faciem
2638 3487 2726 3526 vos
2755 3468 2929 3524 cludit.
2958 3467 3072 3524 Hoc
3120 3456 3225 3532 est,
3267 3467 3314 3523 si
3345 3467 3470 3536 quis

1891 3563 2054 3618 etiam
2079 3570 2374 3631 praesentes
2403 3577 2500 3618 vos
2533 3561 2800 3632 objurgat.
3471 3612 3474 3614 γ

1961 3651 2260 3705 Secundum
2301 3650 2679 3721 ignobilitatem
2724 3650 2862 3704 dico.
2909 3647 3222 3719 lgnobilitas
3269 3647 3470 3718 quippe

1891 3741 2128 3796 maxima
2153 3747 2256 3805 est,
2291 3741 2335 3794 si
2380 3739 2476 3793 lilii
2505 3739 2601 3794 Dei
2630 3739 2697 3794 de
2726 3746 2942 3793 terrena
2990 3737 3271 3793 nobilitate
3301 3751 3362 3792 se
3382 3727 3473 3806 ja-i

1892 3842 2061 3891 ciant.
2108 3831 2274 3899 Quasi
2304 3848 2396 3887 nos
2431 3832 2627 3901 inﬁmi
2664 3832 2919 3903 fuerimus
2958 3833 3014 3887 in
3056 3833 3156 3886 hac
3191 3839 3358 3902 parte.
3409 3831 3470 3886 Id

1893 3937 1998 3993 est,
2025 3928 2181 3998 quasi
2224 3941 2323 3982 nos
2369 3927 2423 3981 in
2452 3927 2554 3981 ista
2601 3936 2758 3996 parte
2797 3927 2866 3982 ab
2899 3926 3006 3981 illis
3046 3926 3225 3980 minus
3265 3923 3470 3994 aliquid

1892 4021 2206 4075 habeamus.
2243 4016 2424 4071 Audeo
2449 4024 2498 4070 et
2527 4032 2640 4088 ego.
2664 4015 2724 4070 Id
2748 4024 2853 4081 est,
2877 4030 3096 4086 possum
3125 4014 3325 4069 audere
3358 4012 3471 4084 glo-

1893 4110 2043 4175 riari,
2071 4110 2115 4164 si
2137 4107 2281 4163 volo.
2307 4106 2518 4162 Hebrwi
2543 4115 2683 4161 sunt.
2710 4105 2767 4160 Id
2796 4114 2900 4171 est,
2921 4105 3160 4175 linguam
3184 4104 3469 4160 Hebraeam

1892 4201 2110 4256 habent.
2138 4198 2395 4254 Israelita?
2423 4207 2564 4252 sunt.
2591 4198 2718 4253 Ideo
2755 4198 2925 4261 addit,
2950 4197 3077 4266 quia
3107 4196 3332 4250 multum
3356 4194 3470 4266 glo-

1891 4291 2174 4344 riabantur
2202 4289 2256 4343 in
2279 4288 2384 4342 hoc
2407 4287 2645 4353 nomine,
2675 4284 2829 4355 cujus
2851 4285 3226 4357 interpretatio
3251 4293 3353 4348 est,
3386 4284 3472 4336 vir

1892 4381 2080 4436 videns
2098 4381 2289 4434 Deum.

1966 4468 2034 4524 Ut
2067 4472 2241 4524 minus
2289 4469 2518 4539 sapiens.
2567 4467 2876 4524 Notandum
2929 4466 2976 4520 si
3013 4464 3135 4534 quis
3162 4463 3230 4518 de
3269 4461 3472 4518 Christi

1896 4561 2088 4618 saltem
2136 4560 2440 4615 ministerio
2465 4559 2747 4630 glorietur,
2787 4572 2897 4612 non
2943 4556 3217 4627 sapienter
3242 4554 3346 4609 hoc
3391 4551 3472 4635 fa-

1895 4651 2021 4706 ciet.
2047 4649 2115 4704 In
2144 4649 2409 4704 laboribus
2438 4648 2700 4719 plurimis.
2726 4647 2967 4716 Quorum
3005 4647 3214 4718 species
3243 4661 3468 4702 enume.

1895 4751 1997 4797 rat.
2029 4741 2098 4796 In
2115 4741 2304 4812 plagis.
2347 4739 2499 4796 Sicut
2534 4755 2704 4795 caesus
2741 4747 2826 4796 est
2852 4739 2907 4794 in
2938 4739 3118 4796 Creta.
3147 4737 3323 4809 Supra
3352 4752 3468 4790 mo-

1892 4833 2037 4903 dum.
2066 4831 2423 4887 Fortitudinis
2460 4845 2615 4886 meae.
2652 4828 2723 4885 In
2747 4829 3022 4885 mortibus.
3063 4828 3122 4884 Id
3147 4835 3249 4894 est,
3273 4839 3468 4895 exspe-

1890 4923 2125 4978 ctatione
2144 4922 2353 4978 mortis.

1964 5015 2249 5086 Quinquies
2273 5015 2658 5087 quadragenas.
2694 5015 2993 5086 Quinquies
3013 5012 3311 5088 ﬂagellatus
3346 5024 3469 5065 sum

1893 5107 2246 5176 quadraginta
2286 5108 2722 5177 percussionibus
2740 5108 2894 5177 juxta
2942 5107 3134 5176 legem,
3167 5118 3275 5158 non
3321 5102 3466 5157 enim

1891 5196 2061 5267 plaga:
2098 5197 2394 5252 secundum
2449 5196 2622 5267 legem
2671 5196 3143 5268 quadragesimum
3181 5184 3466 5247 numerum

1891 5287 2178 5345 excedunt.
2209 5285 2326 5342 Una
2362 5289 2552 5342 minus.
2583 5287 2641 5343 Id
2666 5295 2769 5355 est,
2795 5302 2961 5343 causa
2989 5284 3287 5340 nobilitatis
3310 5300 3466 5351 meae,

1893 5378 2020 5448 quia
2067 5393 2186 5432 mos
2228 5385 2348 5433 erat
2389 5378 2530 5447 apud
2558 5376 2794 5444 Iudaeos,
2845 5385 2905 5432 ut
2947 5377 3086 5431 servi
3111 5374 3469 5448 quadraginta

1890 5469 2352 5540 percussionibus,
2397 5469 2553 5526 liberi
2604 5485 2734 5525 vero
2780 5468 3002 5537 triginta
3039 5476 3093 5523 ct
3135 5484 3328 5524 novem
3367 5466 3467 5522 ﬂa-

1893 5559 2224 5636 gellarentur
2249 5559 2452 5631 plagis;
2498 5560 2732 5629 quinque
2760 5558 2970 5612 vicibus
3019 5558 3254 5628 trigenas
3287 5565 3342 5612 et
3369 5570 3467 5611 no-

1893 5668 2078 5718 venas,
2100 5654 2254 5724 quasi
2275 5663 2647 5725 transgressor
2682 5652 2817 5722 legis
2840 5651 3044 5721 accepi,
3072 5652 3196 5723 quia
3224 5651 3309 5707 lex
3331 5664 3466 5719 qua-

1894 5746 2142 5815 draginta
2165 5747 2353 5804 diebus
2381 5748 2435 5802 in
2465 5754 2648 5802 monte
2677 5745 2806 5800 Sina
2837 5745 2960 5801 data
2988 5752 3092 5800 est.

1970 5834 2070 5890 Ter
2098 5835 2255 5906 uirgis
2277 5854 2441 5894 cwsus
2469 5853 2604 5892 sum.
2635 5837 2693 5893 ld
2727 5845 2828 5902 est,
2847 5837 3171 5910 agentibus.
3200 5829 3370 5888 Semel
3383 5830 3464 5885 la-
