4046 6332
559 430 674 514 na

1940 445 2213 504 SEDULII
2248 445 2446 506 SCOTI

3708 433 3808 518 ise

559 573 770 637 pidatus
807 583 947 626 sum.
974 564 1033 622 Id
1073 573 1173 630 est,
1216 579 1248 619 a
1273 561 1474 619 Iudaeis
1501 563 1558 618 in
1593 560 1865 634 Lycaonia
1896 561 2133 625 civitate,
2159 561 2216 624 Α
2238 569 2297 614 ιιι
2326 560 2522 616 merito
2565 559 2699 616 mihi
2727 568 2870 617 esset
2911 559 3163 619 stimulus
3199 565 3560 634 necessarius,
3585 566 3679 642 qui
3723 587 3812 632 me

559 665 700 723 sicut
743 663 801 718 in
842 659 1067 716 Actibus
1111 657 1478 728 apostolorum
1521 655 1734 727 legitur.
1767 652 2027 709 Periculis
2075 654 2135 709 in

559 758 785 812 civitate.
829 753 889 810 Id
916 760 1021 818 est,
1059 747 1397 807 Hierusalem
1446 760 1476 802 a
1514 745 1910 803 contribulibus
1947 742 2130 800 illatis.

502 827 508 833 ’
560 845 818 903 Periculis
863 845 921 901 in
948 843 1105 899 mari.
1143 841 1202 899 Id
1243 848 1346 907 est,
1377 839 1434 896 in
1467 838 1772 911 minoribus
1797 836 2138 909 tempestati-

561 939 682 1004 bus,
709 949 953 1008 quasque
981 948 1145 1007 supra
1167 931 1299 990 dixi.
1333 929 1402 986 In
1442 929 1594 1002 falsis
1608 927 1880 999 fratribus.
1906 927 2011 994 Qui
2038 942 2139 983 no-

560 1041 731 1088 stram
761 1030 1047 1102 explorare
1071 1025 1502 1084 subintroierunt
1533 1023 1858 1077 libertatem.
1901 1018 1970 1074 In
1993 1019 2138 1074 labo-

561 1122 723 1180 ribus.
768 1121 828 1178 Id
877 1128 980 1186 εει,
1019 1133 1296 1174 manuum.
1328 1117 1397 1172 In
1443 1115 1685 1170 miseriis.
1725 1112 1782 1167 Id
1822 1119 1926 1178 est,
1956 1112 2138 1184 inopia

561 1211 669 1267 cibi
704 1219 762 1267 et
801 1209 1128 1270 vestimenti.
1161 1207 1230 1263 In
1271 1208 1412 1280 fame
1436 1214 1484 1260 et
1523 1203 1631 1260 siti.
1679 1202 1761 1258 Ex
1789 1203 2134 1260 necessitate.

562 1303 632 1362 In
646 1303 875 1376 jejunio.
899 1302 979 1370 Ex
1010 1302 1304 1374 voluntate.
1331 1297 1538 1354 Praeter
1563 1297 1658 1352 illa
1678 1313 1795 1369 qua:
1817 1297 2138 1352 extrinsecus

561 1403 700 1448 sunt.
727 1393 786 1452 Id
808 1403 910 1462 est,
941 1407 1060 1474 quae
1086 1408 1185 1468 per
1209 1389 1660 1454 consuetudinem
1685 1388 1892 1445 leviora
1916 1403 2038 1446 esse
2059 1389 2138 1443 vi-

561 1485 760 1540 dentur
792 1503 807 1539 :
840 1486 895 1540 in
943 1484 1164 1560 proprio
1193 1483 1336 1538 enim
1373 1495 1603 1554 corpore
1649 1479 1906 1537 sustinuit
1949 1479 2142 1550 praedi-

561 1586 668 1644 cta,
711 1593 821 1634 non
858 1577 940 1636 sic
990 1571 1288 1654 supposita.
1321 1574 1588 1631 Instantia
1632 1591 1768 1629 mea.
1797 1573 1858 1628 Id
1902 1580 2006 1642 est,
2035 1588 2140 1643 qua

561 1671 702 1726 insto
730 1683 966 1746 semper,
995 1677 1057 1725 ut
1077 1683 1269 1734 omnes
1306 1667 1530 1723 audiant
1553 1665 1894 1738 evangelium
1925 1672 1982 1721 et
2020 1679 2142 1721 cre-

561 1760 712 1818 dant.

2238 651 2512 708 hominem
2539 667 2659 708 esse
2688 668 2902 730 semper
2923 656 3276 712 demonstrat.

2307 743 2536 814 Angelus
2577 743 2814 800 Saturus.
2855 743 2984 802 Sive
3007 747 3274 815 diabolus,
3316 752 3410 828 qui
3438 751 3816 814 tribulationes

2237 842 2292 890 et
2310 833 2500 906 plagas
2525 834 2841 901 suscitabat,
2870 835 2984 892 sive
3014 837 3169 893 dolor
3192 842 3406 912 capitis,
3435 844 3528 914 qui
3555 841 3812 914 Satanas,

2237 926 2321 982 vel
2343 926 2646 982 contrarius
2675 926 2893 984 sanitati
2923 929 3126 986 dicitur
3152 945 3272 988 esse
3299 952 3311 989 :
3338 935 3423 990 vel
3449 935 3536 992 lex
3565 938 3619 992 in
3648 953 3817 992 mem-

2236 1016 2349 1073 bris
2379 1017 2553 1088 posita
2589 1018 2695 1090 legi
2728 1021 2926 1076 mentis
2965 1038 3075 1078 suae
3101 1025 3398 1092 contraria,
3429 1027 3495 1082 de
3537 1044 3643 1100 qua
3690 1030 3815 1085 alibi

2239 1108 2370 1164 dicit
2396 1127 2410 1163 :
2449 1109 2610 1164 Video
2638 1111 2799 1165 aliam
2822 1111 2984 1183 legem
3008 1116 3062 1168 in
3091 1116 3334 1171 membris
3363 1118 3512 1172 meis.

2312 1198 2513 1272 Sumsit
2540 1203 2634 1257 tibi
2652 1205 2843 1274 gratia.
2874 1203 2933 1260 Id
2961 1214 3063 1273 est,
3093 1209 3160 1262 ad
3186 1224 3273 1264 me
3299 1209 3733 1284 gloriﬁcandum,
3764 1223 3820 1272 et

2241 1291 2309 1347 ad
2333 1293 2622 1348 utilitatem
2647 1294 2962 1361 multorum,
2990 1297 3198 1369 tibique
3236 1315 3266 1354 a
3293 1302 3512 1358 stimulo
3536 1306 3604 1360 ad
3637 1315 3821 1384 prote-

2240 1387 2491 1456 gendum.
2520 1385 2708 1441 Gratia
2732 1403 2868 1442 mea.
2892 1387 2950 1442 Id
2972 1397 3076 1456 est,
3105 1392 3282 1462 gratia
3303 1395 3636 1463 apostolatus
3656 1414 3820 1468 quam

2240 1475 2432 1530 donavi
2465 1475 2580 1530 tibi.
2620 1474 2761 1529 Nam
2787 1476 2972 1531 virtus.
3001 1475 3060 1533 Id
3081 1489 3185 1545 est,
3223 1483 3440 1548 animae,
3467 1484 3551 1539 vel
3591 1489 3822 1550 sanandi

2241 1563 2392 1619 alios.
2436 1563 2505 1618 In
2545 1564 2871 1633 inﬁrmitate.
2899 1566 2956 1621 Id
2993 1575 3094 1633 est,
3127 1569 3324 1624 carnis.
3360 1569 3603 1628 Libenter
3645 1575 3824 1648 itaque

2242 1652 2527 1724 gloriabor.
2561 1651 2621 1709 Id
2652 1662 2756 1721 est,
2807 1663 3091 1727 postquam
3124 1659 3350 1730 cognovi
3390 1663 3648 1732 prodesse
3679 1668 3825 1736 quod

2241 1759 2440 1801 nocere
2465 1746 2749 1816 putabam.
2787 1744 2857 1801 In
2883 1747 3228 1804 contumeliis.
3269 1749 3388 1805 Non
3418 1752 3472 1823 in
3507 1753 3822 1814 honoribus.

565 1915 574 1924 ἢ
632 1851 765 1918 Qui;
788 1853 1109 1924 inﬁrmatur,
1139 1850 1271 1907 Cum
1302 1849 1992 1916 inﬁrmantibus'inﬁrmor,
2014 1863 2138 1908 cum
2170 1918 2211 1924 _
2244 1837 2312 1893 In
2337 1839 2662 1894 necessitate.
2691 1837 2810 1894 Non
2835 1839 2892 1895 in
2917 1839 3048 1909 οιὶο,
3095 1841 3192 1898 sed
3223 1843 3280 1898 In
3308 1847 3632 1904 necessitate
3663 1849 3826 1907 famis

562 1918 916 2015 pereuntibus
942 1943 1123 2015 perire
1146 1958 1234 1998 me
1269 1940 1568 2012 compatior
1589 1956 1604 2008 ;
1628 1940 1709 1996 sic
1737 1955 1868 1996 uror
1897 1940 2137 2010 tristitia,
2168 1918 2217 1978 Β
2245 1930 2464 1986 θιέῐῑὶε.

564 2042 624 2090 ιιι
653 2035 832 2089 animo
862 2031 1053 2098 ardere
1089 2048 1175 2089 me
1207 2034 1457 2089 sentiam.

636 2124 767 2191 Quis
802 2123 1216 2179 scandalizatur.
1247 2123 1303 2178 Id
1330 2130 1431 2186 est,
1473 2121 1676 2187 animo,
1711 2119 1838 2188 ﬁde,
1868 2135 2051 2192 opere.
2081 2120 2142 2178 Si

562 2213 780 2285 gloriari
807 2222 1025 2284 oportet.
1069 2211 1188 2269 Iam
1236 2211 1283 2268 si
1311 2211 1532 2284 gloriari
1573 2226 1797 2266 necesse
1830 2219 1934 2277 est,
1965 2211 2021 2266 in
2055 2211 2144 2267 his

561 2319 681 2376 quae
717 2319 824 2359 non
863 2305 930 2358 ad
970 2303 1236 2369 laetitiam,
1273 2303 1366 2357 sed
1410 2303 1479 2355 ad
1508 2301 1943 2356 meliorationem
1976 2300 2145 2371 perti-

562 2405 689 2452 nent
713 2395 1004 2467 gloriabor.
1037 2391 1376 2463 Inﬁrmitatis
1401 2408 1549 2446 mete.
1592 2391 1793 2460 Omnes
1834 2392 2142 2462 superiores

562 2485 915 2542 necessitates
950 2499 1060 2539 uno
1088 2483 1426 2538 inﬁrmitatis
1454 2482 1673 2536 nomine
1695 2481 2046 2550 deﬁniuntur,
2077 2497 2142 2538 eo

563 2580 707 2652 quod
733 2581 985 2636 humanae
1015 2577 1368 2635 imbecillitati
1406 2577 1506 2633 ista
1541 2579 1886 2648 praevaleant.

639 2671 751 2727 Scit
783 2668 929 2744 quod
973 2685 1078 2724 non
1115 2671 1356 2725 mentior.
1390 2671 1526 2726 Rem
1557 2671 1709 2744 quasi
1763 2670 2033 2728 difﬁcilem
2071 2670 2145 2726 di-
2183 2738 2186 2742 ,

564 2767 772 2826 cturus,
809 2758 950 2830 quod
965 2757 1135 2815 Judaei
1157 2769 1346 2815 contra
1369 2775 1491 2816 eum
1519 2761 1681 2816 etiam
1704 2760 1980 2830 principes
2001 2758 2144 2823 Gen-

566 2851 701 2906 tium
745 2851 1130 2924 concitasseut,
1166 2858 1293 2906 ante
1331 2852 1585 2922 implorat
1609 2852 1978 2908 testimonium
2023 2851 2139 2919 Dei,

565 2957 635 3000 ne
650 2942 926 3012 iactantia
949 2950 1254 3016 putaretur,
1276 2943 1420 3014 quod
1441 2943 1702 2998 adversus
1726 2958 1848 2998 eum
1874 2943 2038 2998 etiam
2063 2958 2148 3008 re-

565 3047 670 3107 gna
710 3034 1068 3098 surrexerint,
1108 3040 1165 3089 et
1210 3033 1343 3090 nihil
1371 3033 1648 3105 potuerint
1670 3031 1987 3104 praevalere.
2017 3031 2146 3103 Haec

567 3134 748 3182 autem
774 3124 956 3182 omnia
985 3125 1111 3181 ideo
1131 3125 1454 3191 dinumerat,
1483 3133 1545 3180 ut
1572 3126 1821 3181 ostendat
1844 3124 1973 3195 quid
2003 3123 2147 3178 inter

564 3233 722 3275 veros
751 3217 1023 3292 falsosque
1051 3217 1321 3288 apostolos
1345 3217 1579 3273 intersit.
1613 3217 1720 3271 Aut
1751 3215 1952 3271 idcirco
1969 3216 2143 3271 Deum

2314 2019 2422 2073 Pro
2451 2019 2678 2074 Christo.
2709 2019 2829 2077 Non
2857 2024 2957 2092 pro
2992 2021 3174 2094 aliquo
3220 2024 3468 2083 crimine.
3503 2025 3638 2083 Cum
3668 2029 3828 2100 inﬁr-

2243 2126 2359 2164 mor
2393 2119 2515 2163 tunc
2543 2120 2722 2179 potens
2767 2127 2903 2164 sum.
2927 2110 3159 2167 Maxima
3183 2116 3424 2185 potentia
3449 2124 3531 2172 est
3558 2118 3829 2176 inﬁrmari

2241 2213 2340 2270 pro
2376 2197 2612 2263 Christo,
2645 2207 2700 2254 et
2726 2216 2934 2271 magna:
2955 2202 3156 2258 divitia:
3186 2205 3447 2282 indigere.
3479 2208 3583 2263 Vos
3606 2228 3688 2266 me
3708 2230 3830 2267 εοε-

2241 2289 2410 2360 gistis.
2453 2289 2509 2345 Id
2539 2297 2641 2356 est,
2676 2298 2737 2346 ut
2765 2306 2851 2346 me
2883 2291 3164 2362 gloriarer,
3194 2295 3318 2350 dum
3348 2300 3831 2370 pseudoapostolos

2244 2391 2365 2435 sese
2393 2379 2688 2450 gloriantes
2721 2383 3022 2452 recepistis.
3051 2382 3440 2444 Commendari.
3470 2391 3528 2446 Id
3554 2403 3660 2460 est,
3701 2395 3827 2450 lau-

2245 2469 2383 2523 dari.
2419 2467 2571 2523 Nihil
2612 2471 2783 2526 minus
2817 2472 2915 2541 fui.
2951 2474 3164 2530 Virtute
3193 2485 3247 2531 et
3284 2478 3531 2535 doctrina
3582 2498 3693 2537 non
3739 2501 3831 2541 so—

2245 2560 2355 2614 lum
2407 2575 2467 2616 se
2514 2563 2981 2634 pseudoapostolis
3032 2566 3268 2633 excellit,
3313 2569 3409 2624 sed
3460 2571 3624 2626 etiam
3669 2573 3832 2631 bonis

2244 2653 2568 2723 coaequavit,
2593 2669 2661 2710 ne
2703 2653 2849 2711 aliud
2873 2665 3180 2728 quaererent
3203 2674 3364 2729 quam
3400 2664 3544 2730 quod
3591 2663 3706 2734 ipse
3736 2667 3834 2722 do-

2245 2752 2452 2800 cuerat.

2317 2836 2432 2890 Etsi
2457 2836 2586 2891 nihil
2620 2854 2756 2892 sum.
2792 2837 2898 2894 Pro
2942 2840 3246 2896 humilitate
3284 2843 3388 2897 hoc
3419 2844 3549 2899 dicit
3579 2861 3593 2900 :
3627 2847 3735 2914 vel,
3775 2857 3833 2906 et

2246 2926 2291 2982 si
2335 2925 2470 2980 nihil
2519 2942 2658 2993 sum,
2689 2936 2750 2982 ut
2791 2930 3254 3000 pseudoapostolis
3303 2933 3534 2988 videtur.
3575 2935 3644 2991 In
3685 2942 3833 2996 omni

2244 3017 2516 3159 Zatientia.
2541 3017 2600 3073 In
2619 3019 2728 3096 "hoc
2752 3029 2995 3092 apparet,
3023 3022 3165 3092 quod
3202 3037 3298 3093 per
3320 3025 3640 3094 patientiam
3670 3030 3832 3102 signa

2284 3114 2403 3161 ιιηι.

2323 3199 2638 3257 Virtutibus.
2683 3201 2743 3257 Id
2781 3211 2884 3271 est,
2928 3205 3268 3262 sanitatibus.
3316 3207 3441 3263 Non
3468 3213 3680 3280 gravari
3716 3230 3832 3270 vos.

567 3317 759 3366 testem
804 3284 1042 3378 ἱῃνοὶιθι,
1069 3284 1132 3365 vit
1153 3308 1392 3366 visiones
1427 3322 1562 3380 quas
1606 3315 1896 3380 sequenler
1923 3306 2148 3378 exponit
2173 3284 2219 3349 C
2248 3294 2306 3351 Id
2326 3302 2429 3360 est,
2463 3310 2569 3349 non
2602 3296 2874 3365 accipiens
2898 3313 2929 3352 a
2958 3299 3110 3353 VOIlI'S
3138 3299 3401 3369 stipendia
3437 3303 3642 3360 militia:
3671 3323 3830 3364 11183.

567 3401 880 3458 credantur.

637 3489 966 3565 Prwpositus
989 3494 1174 3564 gentis.
1202 3491 1260 3550 Id
1294 3505 1398 3558 est,
1424 3493 1748 3564 praepositus
1774 3491 1950 3564 gentis
1973 3491 2144 3560 illius,

566 3584 659 3640 ubi
681 3592 933 3658 regnaret
950 3583 1175 3641 Aretha.
1201 3584 1273 3640 Et
1289 3601 1384 3660 per
1407 3583 1706 3655 fenestram.
1740 3583 1799 3639 Id
1826 3591 1928 3651 est,
1954 3584 2145 3640 domus

569 3675 896 3733 adhaerentis
923 3691 1100 3732 muro.

1170 3766 1397 3824 CAPUT
1433 3764 1548 3824 XII.

643 3861 768 3916 Non
796 3861 1000 3932 expedit
1023 3861 1170 3917 mihi.
1224 3861 1281 3916 Id
1312 3870 1414 3928 est,
1455 3877 1561 3918 non
1584 3860 1715 3917 mihi
1744 3861 1978 3933 expedit,
2017 3862 2146 3932 quia

571 3950 664 4023 qui
690 3953 1017 4007 necessitate
1052 3953 1368 4023 compellor,
1408 3954 1504 4009 sed
1525 3953 1679 4008 vobis
1707 3954 1763 4007 in
1796 3968 1881 4007 me
1906 3952 2144 4024 glorian-

571 4041 715 4098 tibus
743 4051 932 4098 contra
958 4043 1264 4100 haereticos.

651 4133 867 4190 Veniam
891 4145 1064 4191 autem
1113 4135 1181 4190 ad
1206 4136 1443 4191 visiones.
1469 4134 1597 4190 Ideo
1624 4134 1729 4189 hoc
1756 4131 1906 4200 dicit,
1936 4146 2005 4186 ne
2025 4132 2146 4202 quis

571 4222 620 4278 ei
645 4223 902 4294 obiiceret
937 4243 948 4278 :
981 4225 1120 4292 Quid
1149 4225 1204 4280 in
1231 4226 1318 4281 his
1355 4225 1626 4298 gloriaris,
1658 4239 1781 4280 cum
1827 4223 1993 4278 multa
2037 4222 2147 4276 sint

573 4311 780 4385 ﬂagella
807 4315 1146 4386 peccatoris?
1173 4316 1255 4369 Ad
1280 4315 1518 4371 visiones.
1546 4315 1674 4382 Quae
1705 4316 1761 4368 in
1788 4313 1992 4369 somnis
2012 4313 2142 4366 vidi.

570 4403 640 4459 Et
671 4404 1029 4460 revelationes.
1060 4405 1277 4475 Absque
1299 4421 1506 4460 somno.
1527 4404 1756 4459 Domini.
1781 4402 1896 4459 Sibi
1925 4401 2147 4458 inﬁrmi-

572 4501 712 4551 tates
741 4503 977 4566 reputat,
1003 4494 1234 4551 Domino
1263 4495 1498 4550 visiones
1533 4495 1774 4550 ascribit.

644 4584 769 4639 Scio
802 4585 1083 4640 hominem.
1113 4585 1227 4642 Hoc
1256 4586 1322 4642 de
1350 4600 1408 4641 se
1433 4585 1753 4642 humilitatis
1779 4599 1963 4651 causa,
1991 4584 2146 4654 quasi

570 4677 627 4732 in
665 4675 888 4733 alterius
931 4692 1164 4747 persona
1212 4677 1470 4750 loquitur.
1515 4678 1634 4733 Sive
1656 4680 1710 4733 in
1759 4694 2002 4747 corpore,
2034 4684 2140 4732 etc.

567 4767 800 4824 Putabat
825 4768 970 4840 quod
997 4768 1054 4822 in
1086 4781 1313 4837 corpore
1339 4776 1460 4824 erat
1496 4768 1622 4838 quia
1657 4783 1765 4822 non
1793 4766 1963 4821 sensit
2001 4781 2145 4820 mor-

572 4865 720 4916 tem:
753 4858 976 4930 putabat
995 4871 1054 4913 se
1098 4865 1253 4913 extra
1300 4872 1496 4927 corpus
1541 4857 1727 4923 fuisse,
1769 4871 1870 4930 pro
1912 4855 2143 4912 excelsi-

570 4960 705 5018 tate,
735 4959 895 5024 atque
936 4949 1206 5005 evidentia
1244 4950 1489 5006 visionis.
1533 4950 1765 5004 Tertium
1803 4947 2007 5004 calum.
2035 4949 2144 5007 Ubi

573 5041 830 5114 angelica:
851 5041 1079 5095 virtutes
1105 5039 1470 5107 continentur,
1514 5041 1856 5113 intelligitur.

643 5132 714 5187 Et
741 5133 849 5188 scio
873 5133 1133 5188 hominem
1161 5133 1486 5205 hujusmodi.
1525 5133 1678 5202 Quod
1701 5136 1900 5190 iterum
1927 5134 2144 5206 repetit,

570 5222 807 5279 ostendit
823 5223 987 5278 aliam
1007 5223 1272 5279 visionem
1292 5220 1481 5280 fuisse.
1507 5219 1576 5278 In
1599 5223 1928 5294 paradisum.
1957 5221 2016 5278 Id
2041 5230 2144 5288 est,

571 5313 721 5381 Atla,
748 5313 833 5370 vel
853 5313 1148 5371 caelestem.

649 5403 824 5460 Verba
840 5405 1103 5461 inaudita.
1133 5405 1192 5462 Id
1219 5412 1326 5474 est,
1356 5404 1470 5462 sive
1488 5419 1609 5478 qua:
1643 5403 1774 5461 nulli
1802 5401 1985 5459 fas‘est
2016 5403 2144 5471 dici,

574 5498 687 5570 sive
709 5512 830 5569 qua:
857 5497 1189 5569 impossibile
1212 5510 1296 5556 est
1319 5499 1615 5554 humanam
1653 5506 1901 5552 naturam
1929 5511 2142 5568 capere.

574 5585 750 5643 Pareo
781 5598 973 5643 autem.
1005 5586 1141 5657 Quia
1171 5587 1444 5645 suﬂlciunt
1469 5586 1774 5653 manifesta,
1807 5587 1969 5641 etiam
1997 5587 2043 5641 si
2067 5601 2153 5642 ce-

2168 4633 2224 4694 D

2247 3386 2453 3440 Donate
2477 3386 2625 3440 mihi.
2655 3387 2865 3444 Ironice
2899 3388 3156 3458 loquitur.
3187 3391 3318 3446 Ecce
3361 3395 3510 3448 tertio
3543 3397 3640 3450 hoc
3666 3415 3837 3466 para-

2247 3485 2331 3531 tus
2362 3493 2480 3530 sum
2503 3479 2676 3532 venire
2707 3480 2776 3533 ad
2802 3496 2908 3535 vos.
2938 3481 3121 3536 Primo
3149 3484 3218 3537 ad
3263 3484 3383 3540 illos
3415 3487 3576 3549 venit,
3608 3491 3838 3556 quando

2247 3567 2380 3639 ipsis
2425 3569 2843 3640 praesentialiter
2885 3573 3233 3642 praedicavit;
3267 3579 3501 3633 secundo
3530 3577 3699 3632 voluit
3749 3581 3836 3636 ire

2247 3679 2369 3719 cum
2403 3665 2579 3734 prima
2601 3666 2846 3736 epistola,
2876 3667 2961 3722 vel
2986 3683 3086 3738 per
3112 3669 3282 3740 ipsam
3309 3671 3590 3744 epistolam
3615 3689 3630 3738 ;
3664 3675 3834 3731 tertio

2247 3758 2390 3827 quod
2413 3766 2635 3829 paratus
2662 3767 2782 3814 erat
2803 3759 2883 3815 ire
2905 3775 3026 3814 cum
3055 3761 3158 3816 hac
3183 3763 3431 3832 epistola,
3457 3765 3542 3820 vel
3563 3780 3664 3837 per
3685 3764 3833 3824 hanc

2247 3848 2551 3917 epistolam,
2579 3851 2723 3919 quod
2752 3850 3083 3906 credibilius.

2320 3937 2427 3993 Sed
2452 3956 2561 3994 vos.
2591 3940 2848 4006 Qumrens
2875 3941 3106 3995 salutem
3129 3950 3386 3996 vestram.
3403 3942 3535 4014 'Ego
3562 3955 3735 4000 autem
3749 3932 3833 4002 ἰἷ-

2248 4031 2426 4084 benter
2475 4033 2795 4103 impendam.
2840 4032 2955 4088 Hoc
3005 4041 3118 4098 cst,
3171 4034 3429 4104 quidquid
3481 4037 3658 4095 habeo
3700 4041 3830 4098 boni

2247 4121 2498 4188 exempli,
2523 4129 2578 4175 et
2616 4120 2818 4176 laboris
2842 4123 3248 4192 praedicationis
3279 4139 3432 4191 meai,
3465 4125 3740 4199 impendo,
3771 4129 3828 4185 id

2247 4220 2347 4278 est,
2383 4212 2551 4266 solvo.
2592 4209 2657 4264 Et
2693 4211 2972 4285 plusquam
3003 4230 3213 4268 nassum
3256 4216 3548 4286 impendar.
3578 4218 3830 4274 Perfecta

2247 4303 2390 4360 enim
2415 4304 2631 4360 dilectio
2657 4319 2762 4359 non
2795 4304 2966 4360 solum
2989 4313 3162 4360 totum
3185 4307 3326 4378 quod
3359 4307 3519 4364 habet
3541 4307 3829 4379 impendit,

2248 4396 2339 4450 sed
2372 4395 2532 4450 etiam
2561 4394 2793 4450 libenter
2818 4395 2931 4466 ipsa
2958 4397 3468 4466 superimpenditur,
3512 4399 3558 4454 si
3602 4415 3833 4457 necesse

2247 4496 2346 4542 est.
2381 4485 2513 4541 Dolo
2554 4503 2642 4540 vos
2668 4487 2844 4558 capi?
2885 4487 2983 4542 Est
3012 4487 3387 4560 interrogatio.
3424 4489 3527 4544 Per
3560 4492 3743 4546 omnia
3768 4509 3830 4549 se

2246 4588 2463 4652 purgat,
2493 4579 2732 4650 ipsorum
2775 4595 2986 4653 semper
3033 4581 3419 4637 conscientiam
3454 4591 3643 4638 testem
3673 4584 3830 4640 invo—

2248 4685 2398 4727 cans.
3445 4732 3468 4754 .

2322 4760 2579 4833 Nunquid
2607 4762 2920 4816 circumveni
2945 4762 3072 4816 vos?
3094 4760 3153 4817 Id
3180 4771 3285 4830 est,
3308 4765 3553 4836 nunquid
3574 4765 3770 4836 aliquis
3795 4785 3829 4824 a

2246 4856 2402 4911 vobis
2435 4855 2660 4910 abstulit
2693 4855 2759 4909 ad
2784 4868 2871 4909 me
2907 4854 3328 4924 perferendum?
3372 4855 3573 4912 Eodem
3614 4860 3828 4930 spiritu.

2248 4947 2305 5001 Id
2331 4954 2431 5011 est,
2483 4955 2690 5001 sancto.
2736 4945 2949 4999 Eisdem
2993 4947 3238 5017 vestigiis.
3285 4947 3342 5002 Id
3390 4955 3494 5013 est,
3537 4950 3826 5019 exemplis.

2252 5035 2394 5102 Quid
2423 5051 2724 5090 excusemus
2749 5051 2862 5089 nos.
2891 5034 2950 5090 Id
2972 5043 3075 5103 est,
3111 5052 3401 5107 purgemus
3434 5055 3532 5094 nos
3555 5047 3610 5094 et
3650 5039 3835 5096 laude-

2249 5142 2391 5194 mus,
2423 5135 2484 5181 ut
2506 5126 2659 5181 vobis
2683 5123 3013 5195 placeamus,
3043 5142 3150 5182 non
3173 5143 3357 5183 coram
3394 5129 3526 5184 Deo.

2320 5217 2390 5272 In
2429 5219 2706 5288 praesentia
2747 5218 2866 5274 Dei.
2893 5218 3094 5286 Patris,
3141 5234 3302 5290 quem
3337 5219 3524 5274 fallere
3572 5219 3830 5292 impossi-

2247 5309 2356 5367 bile
2380 5318 2481 5366 est.
2515 5310 2584 5365 In
2618 5308 2843 5368 Christo.
2869 5312 2929 5368 Id
2958 5321 3061 5379 est,
3105 5313 3162 5369 in
3191 5328 3426 5384 persona
3452 5313 3657 5372 Christi
3700 5316 3828 5372 ideo

2248 5403 2588 5459 mendacium
2618 5419 2725 5460 non
2754 5403 3047 5476 loquimur.

2321 5492 2391 5547 Et
2413 5509 2504 5564 ego
2529 5493 2812 5548 inveniara
2847 5493 2990 5548 vobis
3016 5491 3224 5566 qualem
3265 5511 3371 5550 non
3401 5495 3574 5552 uultis.
3607 5495 3708 5552 Vel
3741 5509 3831 5554 se-

2249 5600 2410 5642 verus
2451 5585 2507 5640 in
2551 5585 2827 5640 vindicta:
2859 5585 2951 5640 hic
3009 5594 3187 5641 autem
3232 5585 3614 5643 blandimentis
3661 5588 3828 5645 minae

573 5676 755 5733 lentur
777 5678 1008 5744 occulta,
1047 5695 1115 5735 ne
1161 5681 1284 5752 quis
1309 5680 1587 5734 existimet
1626 5692 1715 5732 me
1759 5677 2032 5748 angelum,
2063 5678 2150 5732 vel
2244 5677 2561 5748 junguntur.
2606 5673 2990 5732 Contentiones.
3021 5675 3364 5734 Praeferendo
3387 5679 3676 5750 magistros
3707 5695 3826 5734 ma-

575 5767 745 5824 Deum
769 5783 910 5838 esse,
954 5785 1061 5825 non
1101 5771 1397 5825 hominem.
1434 5765 1503 5821 Et
1525 5783 1588 5821 ne
1621 5767 1927 5838 magnitudo
1957 5769 2151 5824 revela-

577 5858 780 5916 tionunt
811 5859 1030 5917 extollat
1067 5876 1168 5915 me.
1209 5860 1424 5929 Quanta
1462 5859 1666 5929 putatis
1705 5873 1827 5915 esse
1855 5874 1975 5932 quae
2009 5860 2146 5928 celo,

2253 5765 2881 5840 giaﬁs.£mulatioms.
2921 5766 3192 5824 Minorum
3222 5777 3410 5824 contra
3430 5768 3682 5838 maiores.
3698 5769 3826 5828 Ani-

2252 5861 2537 5916 mositates.
2559 5857 2834 5916 Elationes
2857 5859 3180 5918 animorum.
3204 5861 3583 5918 Dissensiones.
3606 5861 3668 5917 In
3695 5874 3823 5920 cor-
