4046 6332
488 350 593 409 183
994 336 1003 347 κ
1602 354 1605 357 ’
1876 345 2149 404 SEDULII
2188 345 2382 402 SCOTI
3632 354 3747 411 184

484 471 590 521 est.
622 428 693 519 Et
730 461 822 518 hic
854 459 1133 532 quaeritur,
1181 474 1281 516 cur
1309 460 1511 517 Paulus
1534 461 1602 517 ab
1626 467 1781 516 utero
1816 473 2070 530 segrega-
2094 443 2148 522 λ
2171 458 2512 530 evangelium.
2541 458 2656 514 Non
2686 458 2846 516 didici
2866 468 3096 527 tantum,
3124 459 3220 517 sed
3245 440 3469 517 contuli.
3494 438 3748 521 seorsum

486 562 577 609 tus
621 551 921 609 Ecclesiam
954 551 1319 621 persequitur,
1347 560 1402 606 et
1434 551 1627 606 Petrus
1656 566 1686 604 a
1712 550 1930 605 Christo
1955 550 2065 605 ele-

484 651 629 711 ctus,
661 642 891 711 abnegat
929 639 1244 695 Christum:
1280 640 1484 696 scilicet
1526 648 1586 693 ιιι
1614 640 1789 695 sciant
1829 640 2063 709 cnmpati

486 732 719 788 inﬁrmis
742 772 758 799 ,
801 739 858 787 et
898 739 959 786 ut
1004 731 1317 786 ostenderet
1377 730 1681 800 exemplum
1733 731 2066 802 poenitentia:

484 839 522 894 p
560 839 596 895 g
661 820 756 895 [Id
786 830 880 889 est,
909 837 1010 893 per
1060 820 1315 894 gratiam]
1367 821 1594 878 dicendo
1624 841 1637 877 :
1666 821 1849 889 Saule,
1880 822 2064 890 Saule,

494 916 591 985 qui
617 914 784 970 etiam
812 930 900 970 me
929 914 983 968 in
1010 914 1353 985 praescientia
1384 914 1453 969 ab
1485 923 1641 969 utero
1668 924 2064 986 segregaverat,

486 1008 748 1077 quoniam
770 1015 832 1062 ut
856 1007 1031 1063 voluit
1050 1007 1181 1063 fecit
1210 1009 1353 1079 quod
1383 1008 1592 1065 sciebat
1615 1026 1737 1065 esse
1769 1008 2032 1065 futurum.

558 1100 628 1155 In
648 1116 748 1154 me.
784 1099 843 1155 Id
872 1106 976 1166 est,
1005 1114 1103 1169 per
1128 1113 1235 1154 me.
1273 1099 1399 1154 Non
1431 1100 1663 1171 acquievi
1693 1102 1841 1155 carni
1867 1110 1915 1156 et
1942 1119 2069 1158 san-

484 1196 656 1267 guini.
710 1192 836 1250 Sive
875 1200 937 1249 ut
972 1208 1072 1263 ego
1110 1209 1177 1249 eo
1206 1193 1400 1249 melius
1446 1194 1653 1249 habens
1700 1208 1807 1250 non
1847 1194 2069 1263 contuli,

485 1286 573 1341 vel
600 1285 735 1341 nihil
764 1286 831 1341 ab
856 1285 1113 1355 apostolis
1139 1286 1323 1352 didici,
1359 1292 1420 1339 ut
1444 1285 1534 1339 alii
1554 1292 1764 1354 putant.
1798 1285 1915 1341 Non
1945 1302 2072 1342 con-

486 1376 613 1432 tulit
658 1375 814 1446 plane
850 1373 1051 1432 Paulus
1101 1384 1226 1447 post
1266 1375 1653 1432 revelationem
1702 1376 1903 1433 Christi
1950 1394 2073 1434 cum

483 1482 657 1523 carne
686 1474 740 1522 et
767 1469 1051 1538 sanguine,
1087 1468 1231 1549 quia.
1252 1466 1426 1523 noluit
1451 1468 1778 1538 margaritas
1809 1468 2076 1538 projicere

485 1569 618 1615 ante
644 1574 856 1631 porcos,
886 1561 982 1616 sed
1013 1560 1272 1630 paulatim
1301 1561 1366 1615 de
1388 1575 1552 1616 carne
1578 1568 1634 1617 et
1662 1563 1924 1634 sanguine
1947 1578 2075 1619 ver-

485 1650 557 1703 tit
583 1651 637 1705 in
677 1651 947 1725 spiritum.
985 1650 1095 1706 Aut
1133 1668 1236 1707 non
1275 1652 1508 1722 acquievi
1544 1652 1695 1707 carni
1724 1662 1771 1708 et
1806 1655 2076 1725 sanguini,

486 1740 547 1797 id
578 1750 683 1810 est,
704 1740 930 1797 Iudaico
958 1742 1163 1813 generi.
1182 1742 1367 1814 Neque
1400 1743 1516 1797 veni
1542 1743 1599 1797 in
1641 1742 1979 1799 Hierusalem
2009 1745 2079 1801 ad

2168 548 2431 604 autem.ld
2444 557 2549 614 est,
2572 556 2780 603 secreto
2808 561 2907 619 per
2930 547 3142 603 Judteos
3171 548 3346 604 adhuc
3377 550 3744 620 judaizantes.

2170 640 2254 693 Ne
2284 640 2417 709 forte
2455 641 2754 694 in‘vacuum
2792 655 3073 695 currerem.
3121 639 3466 698 Judaizantes
3493 654 3749 715 amputa-

2166 732 2298 788 bant
2339 731 2643 787 libertatem
2686 740 2949 797 nostram,
2996 732 3088 803 qui
3129 747 3238 789 non
3275 748 3463 792 sumus
3492 736 3594 792 sub
3627 737 3754 809 lege

2169 822 2619 878 circumcisionis.
2654 821 2854 888 Quibus
2883 823 2953 877 ad
2986 824 3170 878 horam
3199 820 3464 880 cessimus.
3511 825 3611 894 Qui
3642 843 3755 883 nec

2170 909 2352 965 Titum
2399 911 2856 967 circumcidimus.
2908 911 3045 966 Male
3099 912 3154 966 in
3204 912 3417 969 Latinis
3467 916 3754 971 codicibus

2168 1000 2388 1072 legitur,
2423 1002 2611 1073 quibus
2638 1002 2708 1056 ad
2736 1002 2920 1056 horam
2962 1002 3227 1058 cessimus.
3257 1002 3472 1076 [Graece
3510 1006 3703 1078 legitur
3733 1025 3750 1061 :

2169 1091 2256 1155 Οἷς
2282 1092 2393 1149 οὐδᾶ
2430 1096 2561 1169 πρὸς
2588 1096 2724 1169 ὥραν
2764 1092 2963 1165 εἴξαμεν
3003 1103 3064 1170 τῇ
3106 1096 3359 1172 ὑποταγῇ.
3399 1094 3593 1163 Quales
3642 1097 3754 1151 ali-

2169 1185 2381 1257 quando
2414 1185 2631 1254 fuerint.
2676 1184 2902 1251 Quando
2931 1200 3024 1242 eos
3054 1186 3313 1241 Dominus
3341 1202 3437 1242 sua
3460 1190 3757 1258 praesentia

2173 1276 2374 1332 docuit.
2405 1273 2556 1329 Nihil
2589 1293 2723 1331 mea.
2758 1276 3035 1332 Doctrina.
3072 1276 3316 1332 Interest.
3358 1278 3415 1335 Id
3433 1287 3535 1345 est,
3561 1279 3757 1347 refert,

2172 1366 2258 1421 vel
2280 1364 2464 1421 distat.
2496 1364 2639 1420 Deus
2671 1367 2807 1420 enim
2842 1384 3116 1437 personam
3143 1368 3368 1423 hominis
3409 1386 3513 1424 non
3543 1372 3760 1442 accipit.

2174 1456 2311 1524 Quia
2350 1471 2452 1513 nec
2488 1466 2701 1528 tempus
2735 1459 3049 1530 praeiudicat
3082 1462 3227 1527 ﬁdei,
3264 1477 3365 1517 nec
3396 1477 3631 1533 persona
3679 1465 3765 1519 la-

2173 1548 2313 1604 bori.
2349 1548 2607 1604 Dexteras
2645 1536 2917 1604 dederunt.
2964 1550 3116 1617 Quod
3154 1558 3238 1607 est
3274 1552 3487 1623 signum
3523 1554 3677 1624 pacis
3708 1564 3767 1608 et

2177 1637 2424 1693 unitatis.
2460 1636 2865 1694 Consenserunt
2890 1639 3034 1693 enim
3063 1641 3137 1695 ita
3165 1655 3266 1696 nos
3302 1642 3497 1697 docere
3534 1642 3761 1697 debere.

2180 1729 2315 1784 Mihi
2341 1740 2390 1785 et
2412 1729 2696 1785 Barnabte.
2726 1731 2902 1785 Ambo
2927 1731 3071 1786 enim
3096 1731 3251 1787 missi
3279 1739 3455 1798 erant,
3485 1740 3545 1786 ut
3572 1732 3771 1788 Genti-

487 1841 845 1897 antecessores
886 1850 1027 1888 meos
1076 1833 1359 1905 apostolos.
1401 1834 1459 1890 Id
1503 1844 1608 1901 est,
1667 1837 1733 1892 ad
1770 1836 2077 1892 dicendum.
2107 1830 2156 1890 B
2182 1830 2285 1885 bus
2309 1828 2686 1898 praedicarent.
2725 1826 2950 1883 Tantum
2983 1838 3041 1882 ut
3082 1844 3370 1899 pauperum
3403 1846 3653 1885 memores
3683 1847 3771 1885 es-

487 1922 600 1978 Sed
646 1924 753 1978 abii
804 1926 860 1978 in
889 1925 1161 1991 Arabiam,
1201 1935 1249 1980 et
1287 1943 1519 1982 reversus
1566 1944 1684 1983 sum
1738 1927 2073 1985 Damascum.

490 2012 770 2080 Quaeritur
811 2017 1079 2083 quomodo
1120 2015 1320 2073 Paulus
1348 2017 1481 2072 dicit
1521 2030 1583 2074 se
1620 2032 1728 2073 non
1769 2019 1986 2075 venisse
2022 2020 2079 2075 in

489 2103 945 2177 Hierosolymam,
970 2106 1090 2161 duae
1120 2105 1282 2179 [quae]
1313 2120 1445 2163 vero
1468 2105 1626 2162 facta;
1646 2115 1773 2162 sunt
1794 2107 1845 2163 ei
1873 2108 2081 2165 insidiae

488 2196 549 2252 in
569 2198 833 2254 Damasco
857 2198 994 2270 (Aet.
1012 2198 1113 2269 rx).
1129 2199 1254 2256 Ideo
1273 2214 1405 2271 ergo
1434 2199 1611 2256 Lucas
1632 2202 1981 2273 praetermisit
2013 2204 2082 2260 de

485 2289 712 2357 Arabia,
739 2291 868 2362 quia
900 2292 1037 2346 nihil
1060 2291 1283 2362 dignum
1311 2290 1541 2347 forsitan
1566 2294 1621 2348 in
1654 2292 1854 2348 Arabia
1878 2293 2080 2351 Paulus

487 2380 845 2450 perpetravit.
874 2379 976 2436 Sed
996 2381 1103 2435 abii
1124 2381 1180 2435 in
1208 2381 1481 2436 Arabiam.
1515 2381 1622 2438 Sed
1651 2383 1717 2438 de
1739 2383 2002 2441 Damasco
2024 2384 2081 2439 in

488 2469 748 2525 Arabiam
789 2470 861 2526 ivi
895 2471 1164 2541 protinus,
1201 2479 1264 2526 ut
1287 2472 1542 2528 docerem
1576 2475 1725 2543 quod
1758 2474 1891 2531 mihi
1918 2490 1951 2530 a
1978 2475 2084 2531 Do-

488 2558 640 2614 mino
667 2559 847 2616 fuerat
875 2560 1194 2615 revelatum.

560 2649 768 2729 Deinde
794 2659 907 2719 post
945 2653 1231 2706 triennium
1264 2652 1382 2707 veni
1404 2652 1849 2727 Hierosolymam.
1886 2657 2085 2714 Osten-

486 2738 573 2795 dit
599 2754 797 2820 senon
834 2740 1132 2812 indiguisse
1168 2742 1370 2807 doceri,
1421 2743 1513 2813 qui
1549 2743 1663 2812 jam
1692 2747 1865 2803 tribus
1891 2748 2085 2818 praedi-

491 2840 718 2888 caverat
746 2832 922 2888 annis.
954 2831 1141 2888 Videre
1167 2834 1408 2891 Petrum.
1432 2834 1491 2890 Id
1512 2845 1615 2903 est,
1644 2838 1865 2893 videndi
1885 2840 2081 2910 gratia,

488 2937 602 2977 non
638 2922 899 2979 discendi.
932 2923 1004 2978 Et
1039 2926 1213 2980 mansi
1241 2926 1383 2997 apud
1408 2944 1527 2982 eum
1554 2928 1735 2984 diebus
1763 2931 2080 3000 quindecim.

491 3016 718 3088 Septem
742 3026 798 3074 et
824 3027 947 3074 octo
969 3019 1241 3091 signiﬁcat
1258 3019 1427 3077 Vetus
1451 3029 1506 3076 et
1532 3021 1742 3078 Novum
1767 3023 2084 3079 Testamen-

492 3118 643 3176 tum,
694 3122 918 3181 propter
948 3112 1273 3183 sabbatum,
1322 3118 1381 3169 et
1424 3121 1679 3169 octavum
1719 3114 1860 3172 diem
1901 3131 2083 3172 resur-

492 3201 756 3257 rectionis
785 3203 1099 3259 Dominicaz.

565 3292 745 3346 Alium
805 3302 981 3348 autem
1020 3295 1323 3367 apostolum
1375 3312 1481 3350 non
1531 3296 1660 3353 vidi.
1715 3296 1794 3354 Ne
1848 3298 1917 3353 ab
1965 3297 2085 3354 aliis

493 3382 712 3441 discere
734 3385 1031 3441 videretur.
1057 3387 1179 3441 Nisi
1217 3385 1477 3441 Iacobum
1499 3388 1720 3456 fratrem
1746 3388 1979 3443 Domini.
2008 3388 2087 3445 Ne

491 3482 691 3551 autem,
729 3474 819 3554 hic
872 3475 1133 3533 Jacobum
1188 3484 1349 3548 putes
1404 3476 1576 3531 ﬁlium
1632 3477 1916 3545 Zebedzei,
1968 3477 2087 3549 lege

491 3565 663 3622 Actus
692 3568 1083 3638 apostolorum,
1130 3569 1223 3639 qui
1247 3566 1361 3637 iam
1409 3568 1478 3624 ab
1525 3568 1739 3624 Herode
1777 3568 1958 3625 fuerat
1993 3586 2090 3641 pe-

492 3646 771 3728 remptus;
800 3660 880 3715 sic
904 3661 1050 3715 enim
1076 3660 1133 3714 in
1152 3659 1379 3715 Actibus
1407 3660 1603 3731 legitur
1629 3678 1641 3714 :
1677 3660 1822 3716 Misit
1850 3661 2087 3719 Herodes

493 3764 590 3803 rex
614 3766 826 3816 manus,
867 3760 925 3803 ut
950 3752 1196 3823 afﬂigeret
1225 3753 1482 3822 quosdam
1510 3752 1574 3807 de
1593 3752 1855 3811 Ecclesia.
1883 3754 2090 3811 Occidit

495 3850 676 3896 autem
716 3842 975 3897 Iacobum
1023 3842 1241 3911 fratrem
1286 3842 1514 3899 Joannis
1548 3844 1726 3914 gladio
1769 3845 1923 3916 (Act.
1951 3848 2086 3920 χιι).

496 3934 767 3989 Eusebius
792 3934 847 3988 in
868 3934 1008 3990 libro
1035 3935 1271 3991 secundo
1298 3935 1661 3991 Historiarum
1691 3936 1852 3991 dicit:
1886 3938 2091 3993 Deinde

492 4025 815 4081 occiderunt
836 4023 1007 4082 Judaei
1033 4026 1317 4093 Iacobum,
1350 4029 1445 4097 qui
1483 4026 1765 4082 dicebatur
1794 4026 1965 4083 frater
1986 4030 2092 4083 Do-

494 4118 657 4185 mini,
701 4134 800 4189 pro
839 4133 905 4176 eo
934 4121 1078 4191 quod
1106 4129 1252 4177 esset
1297 4120 1441 4177 ﬁlius
1474 4118 1675 4190 Joseph
1696 4159 1711 4184 ,
1759 4120 1852 4188 qui
1886 4120 2089 4176 Christi

496 4213 653 4283 quasi
676 4220 835 4283 pater
861 4213 1183 4280 habebatur,
1226 4213 1485 4283 quoniam
1520 4212 1847 4279 desponsata
1886 4212 1936 4267 ei
1975 4211 2091 4267 fue-

497 4310 584 4357 rat
602 4304 755 4374 virgo
778 4302 969 4358 Maria.
986 4302 1159 4368 Hunc,
1186 4302 1385 4371 inquit,
1405 4300 1691 4368 Jacobum,
1707 4301 1800 4373 qui
1828 4310 1881 4358 et
1905 4299 2092 4359 Justus

496 4396 910 4466 cognominatus
948 4401 1034 4449 est
1080 4394 1149 4448 ab
1187 4393 1459 4463 antiquis,
1498 4394 1763 4449 virtutum
1805 4393 2000 4449 merito
2037 4402 2093 4449 et

496 4486 728 4557 insignis
760 4487 887 4541 vitae
928 4484 1232 4556 privilegio,
1280 4485 1520 4555 primum
1558 4486 1800 4543 historia:
1850 4486 2090 4542 tradide-

496 4583 629 4632 runt
687 4576 989 4646 suscepisse
1053 4574 1312 4632 Ecclesiae
1373 4591 1493 4647 quae
1556 4576 1946 4649 Hierosolymis
2007 4586 2092 4635 est

496 4670 705 4726 sedem.

573 4758 709 4826 ρυω
736 4766 912 4812 autem
937 4758 1107 4812 scribo
1138 4759 1279 4814 vobis
1296 4799 1313 4825 ,
1354 4776 1471 4815 ecce
1497 4776 1677 4814 coram
1698 4758 1810 4814 Deo
1833 4760 1959 4831 quia
1987 4777 2093 4817 non

496 4852 742 4907 mentior.
766 4849 898 4917 Quae
928 4850 1107 4904 scribo
1131 4866 1261 4905 vera
1285 4860 1429 4917 sunt,
1468 4860 1523 4907 et
1553 4852 1661 4907 Deo
1700 4860 1935 4908 testante
1963 4868 2093 4907 con—

499 4942 679 4997 ﬁrmo.
706 4940 875 4995 Eram
906 4950 1081 4994 autem
1112 4943 1322 5011 ignotus
1354 4941 1508 5011 facie.
1554 4941 1670 4996 Hoc
1695 4942 1815 4997 ideo
1844 4942 1996 5007 dicit,
2023 4957 2093 4997 ne

499 5033 625 5104 quis
651 5038 872 5102 putaret
899 5046 1021 5086 eum
1066 5032 1134 5086 ab
1173 5032 1280 5087 illis
1326 5033 1665 5104 evangelium
1701 5032 1972 5088 didicisse.
2024 5032 2095 5087 Et

500 5125 560 5179 in
589 5140 670 5179 me
702 5124 1045 5195 magniﬁcare
1084 5123 1275 5179 Deum.
1324 5121 1429 5192 Qui
1467 5124 1615 5180 solus
1650 5104 1978 5196 potest-hnc
2018 5122 2097 5179 ef-

500 5213 687 5270 ﬁcere.

1134 5308 1364 5367 CAPUT
1395 5307 1459 5363 II.

574 5398 775 5455 Deinde
822 5408 939 5471 post
985 5417 1151 5458 annos
1197 5402 1597 5474 quatuordecim
1642 5401 1833 5455 iterum
1880 5397 2094 5452 aseendi

503 5490 948 5566 Hierosolymam.
996 5495 1263 5563 Quoniam
1303 5496 1372 5550 de
1408 5493 1664 5549 oneribus
1688 5491 1824 5563 legis
1865 5489 2093 5562 quaestio

504 5587 843 5645 movebatur.
1800 5582 1801 5585 “

573 5677 704 5734 Cum
751 5680 1022 5737 Barnaba.
1067 5681 1126 5738 Id
1161 5689 1267 5746 est,
1318 5678 1662 5735 circumciso.
1715 5676 1787 5732 Et
1829 5675 1966 5731 Tito.
2006 5676 2090 5732 Ex

505 5764 767 5827 Gentibus
808 5772 1129 5841 praeputium
1179 5770 1429 5825 habente.
1476 5767 1545 5823 Et
1588 5766 1786 5823 contuli
1830 5784 1948 5823 cum
1980 5767 2086 5823 illis

2182 1937 2375 1975 scmus.
2426 1919 2526 1975 Vel
2548 1927 2859 1976 sanctorum
2887 1920 3168 1990 quierant
3211 1920 3617 1991 Hierosolymis,
3669 1923 3771 1992 qui

2182 2013 2364 2069 omnia
2402 2027 2501 2069 sua
2529 2013 2912 2070 distribuentes
2940 2013 3007 2068 ad
3036 2013 3406 2084 apostolorum
3435 2014 3600 2085 pedes
3638 2029 3773 2083 pre-

2184 2109 2260 2164 tia
2287 2108 2646 2177 deponebant,
2689 2106 2773 2160 vel
2805 2121 3032 2177 quorum
3061 2106 3203 2160 bona
3237 2103 3453 2160 fuerant
3491 2119 3524 2159 a
3561 2103 3774 2160 Iudaeis

2185 2201 2394 2267 invasa,
2411 2199 2551 2257 sicut
2568 2199 2797 2270 legimus
2816 2198 2885 2253 ad
2915 2197 3187 2254 Hebraeos.
3205 2198 3307 2255 Sed
3328 2214 3445 2253 cum
3469 2198 3694 2253 venisset
3723 2207 3776 2251 et

2188 2290 2403 2346 Petrus.
2426 2289 2742 2346 Galatarum
2763 2289 3050 2344 inﬁrmitas
3069 2304 3191 2345 eum
3216 2288 3493 2360 compellit
3515 2302 3771 2355 narrare,

2185 2383 2328 2454 quod
2353 2397 2462 2437 non
2486 2381 2662 2438 solum
2690 2380 2872 2436 caeteri
2910 2379 3141 2450 apostoli
3172 2378 3307 2435 nihil
3338 2379 3388 2435 ei
3413 2378 3773 2444 contulerint,

2183 2488 2288 2530 nec
2312 2474 2490 2529 minor
2512 2473 2594 2530 eis
2617 2472 2810 2537 fuerat,
2845 2472 2940 2527 sed
2975 2472 3089 2543 ipse
3123 2472 3179 2525 in
3214 2470 3376 2526 Petro
3406 2469 3612 2540 aliquid
3646 2484 3778 2524 cor-

2080 2614 2083 2617 ,
2184 2566 2348 2631 rexit,
2397 2564 2491 2635 qui
2538 2564 2791 2635 princeps
2835 2562 3202 2633 apostolorum
3250 2559 3370 2615 fuit.
3418 2560 3593 2615 Aliter
3639 2559 3779 2614 licet

2186 2657 2407 2713 dextras
2452 2654 2759 2711 concordia:
2799 2662 2853 2708 et
2884 2653 3034 2724 pacis
3071 2652 3205 2706 mihi
3252 2649 3534 2714 dederunt,
3582 2656 3779 2705 tamen

2184 2746 2349 2801 Petro
2380 2746 2575 2812 restiti,
2613 2743 2802 2800 videns
2830 2744 2974 2814 quod
3001 2749 3188 2798 contra
3227 2739 3501 2812 Evangelii
3526 2740 3779 2811 regulam

2186 2847 2390 2912 ageret.
2426 2838 2541 2895 Hoc
2576 2846 2757 2894 autem
2788 2846 2959 2893 totum
3000 2837 3110 2907 agit
3148 2842 3210 2889 ut
3248 2834 3495 2890 ostendat
3529 2844 3589 2886 se
3626 2846 3780 2885 nun-

2185 2946 2347 3001 quam
2392 2929 2823 2987 circumcisionis
2865 2927 3032 2984 fuisse
3075 2928 3362 2992 factorem,
3409 2924 3553 2996 quod
3581 2923 3650 2979 de
3677 2922 3782 2980 illo

2184 3020 2307 3078 falsi
2337 3020 2565 3092 apostoli
2591 3020 2989 3092 contingebant.

2258 3110 2521 3176 Quoniam
2552 3109 2967 3181 reprehensibilis
2987 3118 3118 3164 erat.
3144 3107 3201 3163 Id
3227 3114 3330 3173 est,
3367 3106 3560 3177 dignus
3588 3120 3787 3176 repre-

2111 3200 2156 3264 C
2188 3204 2469 3259 hensione.
2499 3202 2629 3256 Cum
2659 3201 2910 3257 Gentibus
2931 3199 3303 3255 manducabat.
3347 3198 3419 3254 Ut
3442 3198 3497 3252 in
3524 3212 3653 3252 vase
3679 3197 3789 3254 de-

2187 3302 2565 3352 monstratum.
2617 3293 2688 3348 Et
2708 3293 3035 3347 simulationi
3072 3293 3208 3362 ejus.
3247 3291 3305 3346 Id
3330 3298 3432 3357 est,
3471 3289 3785 3361 hypocrisi.

2190 3388 2317 3441 dum
2353 3385 2498 3439 aliud
2530 3399 2714 3439 coram
2752 3384 2866 3439 Deo
2894 3382 3166 3448 credebat,
3203 3389 3260 3438 et
3286 3380 3431 3437 aliud
3454 3395 3637 3437 coram
3666 3381 3788 3436 ho-

2188 3479 2424 3535 minibus
2444 3478 2637 3548 agebat

2260 3568 2349 3625 Ita
2380 3578 2430 3623 et
2450 3568 2746 3623 Barnabas.
2781 3566 2883 3635 Qui
2909 3574 3039 3623 tunc
3071 3582 3285 3623 mecum
3307 3566 3373 3623 ad
3407 3565 3604 3623 Gentes
3638 3566 3793 3621 mis-

2190 3676 2283 3718 sus
2318 3659 2516 3715 fuerat.
2565 3660 2694 3715 Dixi
2718 3656 2877 3714 Petro
2920 3675 3099 3714 coram
3144 3660 3401 3715 omnibus.
3452 3659 3590 3713 Dum
3625 3657 3791 3712 enim

2191 3772 2374 3813 coram
2410 3758 2663 3813 omnibus
2698 3756 2854 3826 culpa
2895 3757 3186 3813 commissa
3223 3755 3346 3821 fuit,
3381 3771 3563 3811 coram
3596 3756 3793 3809 omni-

2190 3849 2293 3902 bus
2319 3849 2471 3918 argui
2513 3847 2716 3903 debuit.
2756 3848 2880 3903 Ideo
2916 3855 3097 3902 autem
3135 3847 3238 3901 hoc
3277 3845 3434 3910 dixit,
3479 3852 3540 3899 ut
3572 3842 3791 3901 Judaeis

2192 3938 2260 3992 de
2297 3938 2707 3991 circumcisione
2754 3936 3022 4006 superbia,
3076 3943 3129 3989 et
3170 3933 3429 3989 Gentibus
3473 3935 3791 4005 desperatio

2192 4028 2490 4083 tolleretur.
2520 4028 2579 4082 Si
2609 4037 2667 4081 tu
2694 4044 2812 4082 cum
2841 4028 2915 4082 sis
2942 4027 3166 4084 Judwus
3185 4024 3444 4097 gentiliter
3468 4028 3617 4082 vivis.
3661 4026 3793 4082 Hoc

2192 4124 2296 4181 est,
2322 4117 2367 4171 si
2398 4124 2457 4171 tu
2481 4132 2587 4172 non
2619 4126 2772 4173 tenes
2793 4118 2938 4188 quod
2963 4126 3122 4173 natus
3148 4132 3228 4184 es,
3260 4117 3529 4187 quomodo
3551 4118 3668 4173 illos
3696 4115 3793 4171 fa-

2192 4208 2273 4264 cis
2310 4216 2499 4265 tenere
2549 4210 2693 4280 quod
2731 4209 2847 4265 nati
2882 4225 2991 4266 non
3032 4209 3193 4265 sunt?
3237 4208 3519 4265 Rationem
3571 4206 3792 4279 reddit,

2192 4314 2301 4354 non
2324 4298 2584 4369 iniuriam
2614 4300 2761 4356 facit.
3207 4310 3231 4321 ί
3442 4312 3443 4315 ‘

2265 4389 2557 4446 Gentiliter.
2605 4391 2664 4448 Id
2702 4400 2813 4458 est,
2846 4406 2954 4448 non
2978 4392 3229 4458 iudaice,
3271 4392 3375 4448 hoc
3407 4399 3519 4459 est,
3557 4404 3664 4447 non
3703 4408 3791 4450 ex

2192 4485 2449 4557 operibus
2474 4486 2628 4557 legis,
2674 4486 2771 4543 sed
2797 4486 2911 4544 sola
2938 4486 3062 4544 ﬁde.
3097 4486 3188 4544 Sic
3215 4496 3271 4545 et
3294 4487 3494 4545 Gentes
3524 4488 3690 4543 vitam
3719 4488 3793 4545 in

2195 4577 2413 4634 Christo
2456 4579 2729 4638 invenisse
2773 4590 2829 4637 tu
2863 4582 3025 4637 nosti.
3075 4582 3348 4648 Quomodo
3399 4582 3581 4638 Gentes
3632 4585 3793 4655 cogis

2193 4666 2529 4723 Judaizare?
2556 4670 2613 4726 Id
2644 4679 2748 4736 est,
2779 4673 2907 4727 dum
2933 4681 2987 4728 te
3015 4673 3291 4729 subtrahis
3314 4683 3569 4744 tanquam
3595 4690 3624 4729 a
3651 4692 3793 4747 pec-

2195 4759 2491 4815 catoribus.
2521 4758 2835 4817 Judaizare.
2864 4760 2923 4815 Id
2951 4770 3055 4829 est,
3095 4763 3355 4820 honorem
3382 4752 3785 4843 dare-circum.

2197 4850 2410 4916 cisioni,
2444 4858 2499 4906 et
2524 4850 2762 4905 litteram
2788 4852 3095 4908 observare.
3128 4853 3245 4908 Nos
3284 4865 3477 4910 natura
3499 4855 3701 4924 Iudici,
3736 4870 3787 4917 et

2198 4957 2303 4996 non
2335 4939 2683 5001 «clientibus
2720 4952 3032 5012 peccatores.
3072 4942 3204 5011 Nos,
3251 4946 3441 5015 inquit,
3490 4962 3591 5019 ego
3630 4956 3686 5002 et
3725 4957 3787 5005 tu

2196 5032 2393 5098 Petre;
2432 5033 2578 5087 illius
2603 5032 2822 5087 miscuit
2858 5049 3150 5105 personam
3174 5044 3230 5091 et
3259 5053 3431 5103 suam,
3470 5054 3539 5095 ne
3576 5038 3651 5094 illi
3700 5039 3789 5096 fa-

2198 5139 2324 5180 cere
2361 5125 2637 5180 videretur
2670 5126 2942 5196 iniuriam.
2982 5128 3344 5200 Hieronymus
3382 5132 3448 5187 de
3490 5133 3592 5188 hac
3623 5149 3782 5205 qua:-

2198 5216 2376 5270 stione
2418 5215 2570 5283 dicit,
2624 5219 2767 5287 quod
2804 5218 3072 5275 subtiliter
3111 5221 3216 5276 hoc
3247 5222 3377 5278 fecit
3408 5224 3626 5289 Paulus,
3667 5243 3780 5283 non

2197 5319 2326 5361 vere
2367 5305 2530 5361 Petro
2567 5308 2900 5373 resistendo,
2938 5310 3033 5365 sed
3075 5310 3131 5365 in
3164 5310 3337 5367 forma
3368 5315 3640 5385 vituperat
3673 5317 3780 5375 Pe-

2197 5404 2364 5464 trum,
2416 5397 2552 5454 alios
2590 5414 2689 5469 per
2735 5416 2858 5456 eum
2908 5403 3260 5459 observantes
3300 5404 3536 5460 litteram
3580 5423 3777 5478 percu-

2192 5488 2397 5543 tiendo.
2428 5488 2538 5544 Cur
2570 5492 2714 5545 enim
2741 5492 2827 5545 ille
2850 5491 3118 5561 vituperet
3140 5495 3359 5550 Petrum
3387 5498 3777 5556 consentiendo

2193 5577 2415 5647 Iudaeis,
2462 5581 2589 5635 dum
2630 5582 2745 5651 ipse
2785 5582 3121 5640 circumcidit
3162 5584 3499 5641 Timotheum
3542 5602 3642 5657 per
3679 5588 3774 5644 Ju-

2195 5669 2373 5727 ἀεθεῖ
2416 5671 2747 5743 Augustinus
2789 5684 2918 5727 vero
2964 5674 3186 5740 asserit,
3232 5676 3373 5745 quod
3412 5690 3538 5731 vere
3565 5670 3771 5735 Paulus

2192 5760 2416 5819 Petrum
2459 5759 2842 5833 reprehendit,
2876 5776 2977 5822 nec
3015 5764 3207 5829 falsum
3242 5767 3315 5822 sit
3346 5767 3489 5846 quod
3519 5770 3767 5839 superius
3872 5828 3889 5845 ,
