4046 6332
210 406 313 464 188

1264 397 1703 468 ΟΟΒῙΑΕΟΤᾸῙΝ
1739 410 1957 467 EPIST.
1998 412 2090 467 AD
2126 412 2378 474 GALAT.

3344 426 3459 494 {86

208 522 265 578 in
289 522 394 577 hac
416 518 655 612 Epistola
681 516 857 612 dixit:
885 518 1016 586 Quis
1045 527 1219 612 autem
1259 522 1428 577 scribo
1461 524 1624 591 vobis,
1653 541 1768 580 ecce
1794 529 1848 590 Α
1870 534 2043 581 tamen
2069 527 2124 582 in
2152 528 2257 584 hoc
2298 544 2405 585 non
2447 493 2752 588 dubitantis.
2784 547 2963 592 sermo
2999 544 3102 604 est,
3140 501 3250 596 sed~
3269 544 3464 612 potius

204 627 385 667 coram
432 609 544 664 Deo
579 609 717 681 quod
755 626 858 664 non
903 611 1130 664 mentior
1153 624 1172 662 :
1202 625 1310 666 non
1351 613 1496 668 enim
1538 615 1612 669 ita
1655 614 1772 670 lau-

206 701 372 757 dandi
395 708 522 756 sunt
562 699 736 756 sancti
757 699 860 754 viri
889 708 951 754 ut
972 697 1254 772 frangatur
1279 700 1577 772 Scriptura.
1621 703 1772 762 Sicut

204 792 298 846 alii
328 792 515 847 dicunt
557 790 777 847 Petrum
826 791 997 847 Deum
1040 807 1148 848 non
1195 809 1453 864 negasse,
1488 804 1544 852 et
1573 797 1625 851 in
1667 799 1773 854 hoc

202 883 523 942 mendacem
571 881 778 938 faciunt
821 880 1154 939 Salvatorem
1203 884 1470 942 dicentem
1501 905 1516 941 :
1551 887 1650 942 Ter
1689 905 1772 944 me

204 974 437 1044 negabis.
468 972 729 1039 Quoniam
761 989 864 1028 non
893 973 1219 1044 justiﬁeatur
1250 975 1405 1031 homo
1429 993 1496 1032 ea:
1532 980 1771 1048 operibus

203 1067 350 1139 legis,
380 1067 466 1122 vel
487 1067 744 1132 sabbatis,
773 1075 831 1123 et
853 1067 1280 1134 circumcisione,
1314 1069 1627 1139 ceterisque
1652 1086 1771 1140 qua:

201 1175 313 1216 non
339 1175 439 1230 per
466 1159 764 1231 justitiam,
802 1160 900 1216 sed
935 1160 1004 1216 ad
1027 1160 1382 1216 edomandam
1413 1161 1595 1232 populi
1625 1161 1773 1218 duri-
1809 1193 1811 1196 ‹

201 1251 333 1307 tiam
363 1263 488 1309 sunt
517 1253 788 1308 mandata.
819 1251 945 1309 Sive
969 1268 1076 1308 non
1104 1251 1456 1324 justiﬁcatur,
1497 1253 1602 1308 hoc
1627 1253 1772 1311 scili-

195 1350 287 1397 cet
313 1352 553 1415 tempore
574 1343 709 1399 Novi
737 1343 1086 1400 Testamenti.

270 1433 394 1490 Nisi
426 1453 518 1506 per
554 1437 714 1506 ﬁdem
748 1436 878 1492 Iesu
921 1435 1136 1493 Christi.
1181 1437 1316 1494 Nam
1353 1437 1678 1509 patriarcha:
1714 1447 1770 1495 et

191 1525 476 1594 prophetae
500 1543 609 1584 non
635 1545 704 1586 ex
729 1531 983 1601 operibus
1015 1532 1169 1603 legis,
1203 1533 1298 1589 sed
1330 1546 1399 1587 ex
1439 1532 1544 1588 ﬁde
1572 1531 1771 1601 justiﬁ-

190 1622 307 1677 cati
332 1631 475 1677 sunt.
500 1622 704 1679 Inventi
729 1623 914 1680 sumus
935 1635 985 1680 et
1012 1626 1114 1697 ipsi
1146 1633 1462 1697 peccatores.
1492 1626 1629 1681 Dum
1665 1641 1770 1682 nec

191 1709 331 1780 ipsis
359 1712 608 1781 operibus
636 1713 768 1785 legis
784 1712 1113 1781 justiﬁcatur
1140 1716 1320 1772 homo.
1363 1714 1619 1788 Nunquid
1646 1733 1767 1786 ergo

1875 616 2266 686 conﬁrmantis,
2309 620 2604 678 secundum
2631 623 2762 680 illud
2790 641 2804 679 :
2837 625 2896 681 Si
2938 636 3110 684 tamen
3134 630 3340 700 justum
3374 645 3461 692 est

1873 713 2013 784 apud
2038 715 2210 770 Deum
2250 718 2528 775 retribuere
2553 722 2634 776 his
2657 724 2749 794 qui
2782 723 2922 779 vobis
2959 725 3190 779 tribuant
3231 726 3456 780 tribula-

1872 804 2085 859 tionem.
2135 805 2399 876 Operatur
2425 811 2636 868 virtutes
2670 813 2726 868 in
2756 815 2918 870 vobis.
2953 815 3204 871 Ostendit
3231 815 3452 872 Galatas

1872 905 2096 968 accepto
2120 913 2220 968 per
2245 900 2405 957 ﬁdem
2432 902 2637 974 Spiritu
2672 918 2860 965 sancto
2891 909 3029 965 dona
3054 909 3311 966 habuisse
3339 910 3451 966 vir-

1871 995 2063 1056 tutum,
2092 989 2178 1045 vel
2217 993 2554 1062 prophetiam
2586 1005 2642 1053 et
2671 1013 2869 1069 genera
2905 998 3231 1068 linguarum.
3269 997 3452 1055 Credi-

1871 1078 1948 1132 dit
1973 1077 2239 1134 Abraham
2264 1080 2394 1147 Deo,
2425 1092 2473 1137 et
2501 1096 2799 1156 reputatum
2833 1097 2909 1144 est
2943 1088 3022 1142 illi
3060 1089 3130 1142 ad
3157 1089 3452 1158 justitiam.

1871 1167 1990 1224 Non
2020 1171 2154 1226 dixit
2183 1181 2442 1242 operatus
2472 1186 2557 1232 est
2581 1195 2680 1248 per
2705 1180 2897 1252 legem,
2929 1182 3023 1238 sed
3050 1182 3165 1237 sola
3196 1182 3302 1237 ﬁde
3328 1197 3463 1237 cre—

1872 1258 2026 1327 didit,
2068 1263 2173 1318 hoc
2210 1273 2322 1331 est,
2371 1267 2515 1335 quod
2553 1270 2686 1324 exiit
2726 1272 2792 1326 de
2833 1279 2979 1328 terra
3019 1287 3118 1328 sua
3156 1272 3211 1326 in
3246 1281 3464 1328 terram:

1871 1365 2032 1420 quam
2063 1351 2375 1423 ignorabat;
2425 1359 2568 1426 quod
2600 1357 2790 1414 Saram
2817 1362 3234 1434 nonagenariam
3261 1371 3318 1417 et
3337 1371 3463 1418 ste--
3541 1423 3544 1426 ,

1871 1439 2026 1496 rilem
2061 1443 2292 1500 credidit
2322 1460 2443 1502 esse
2470 1449 2805 1518 parituram;
2837 1453 2980 1522 quod
3017 1454 3074 1508 in
3109 1453 3262 1508 Isaac
3290 1468 3460 1508 voca-

1871 1539 2021 1587 retur
2048 1533 2151 1589 sibi
2183 1550 2391 1603 semen,
2421 1547 2478 1593 et
2506 1541 2649 1610 quod
2673 1541 2870 1596 obtulit
2903 1543 3073 1598 ﬁlium
3099 1559 3276 1600 suum.
3309 1541 3455 1599 Pro-

1868 1623 2047 1679 videns
2068 1625 2164 1680 hoc
2177 1626 2474 1697 Scriptura.
2498 1628 2615 1684 Non
2641 1630 2784 1700 quod
2812 1639 3174 1688 atramentum
3202 1642 3262 1689 et
3283 1648 3455 1689 mem-

1869 1715 2071 1784 brana,
2109 1733 2230 1788 qua:
2265 1720 2604 1776 insensuales
2656 1729 2801 1787 sunt,
2847 1723 3059 1793 possint
3095 1724 3276 1780 futura
3313 1741 3456 1794 prte—

192 1797 436 1857 Christus
473 1804 712 1859 minister
745 1807 942 1876 peccati
983 1807 1101 1861 est?
1144 1806 1258 1863 Hoc
1289 1815 1399 1875 est,
1439 1808 1488 1863 si
1527 1809 1627 1863 hos
1667 1822 1768 1878 pro
1869 1823 2111 1875 noscere,
2143 1812 2239 1867 sed
2265 1815 2410 1884 quod
2438 1813 2672 1885 Spiritus
2701 1825 2944 1884 sanctus,
2969 1826 3024 1873 et
3051 1834 3240 1874 sensus
3270 1819 3362 1889 qui
3395 1820 3458 1875 in

191 1891 392 1984 quibus
432 1908 626 1964 passus
659 1902 766 1960 est,
804 1909 934 1950 non
958 1895 1209 1961 absolvit,
1240 1903 1498 1966 tanquam
1537 1911 1646 1951 non
1673 1911 1767 1950 va-
1795 1891 1844 1950 B
1872 1899 2055 1958 littera
2083 1902 2234 1970 latet,
2268 1903 2450 1960 futura
2475 1907 2793 1977 praedicant.
2826 1907 2895 1962 In
2921 1918 2985 1963 te.
3015 1908 3131 1963 Non
3159 1909 3274 1980 lege
3307 1928 3320 1963 :
3355 1911 3460 1984 sedi

189 1979 314 2037 lens
343 1983 638 2056 indulgere.

262 2072 379 2143 Ego
408 2076 546 2130 enim
579 2091 673 2146 per
700 2075 864 2146 legem
897 2073 998 2146 legi
1022 2083 1260 2130 mortuus
1286 2092 1420 2131 sum.
1461 2074 1566 2131 Per
1601 2074 1776 2148 legem

185 2160 419 2230 Christi,
458 2164 563 2235 legi
594 2164 814 2232 litteras,
851 2164 966 2222 sive
995 2179 1096 2235 per
1132 2165 1306 2235 ipsam
1331 2166 1635 2222 venientem
1669 2167 1775 2237 ipsi

184 2261 447 2309 mortuus
485 2269 638 2320 sum,
679 2255 806 2324 quia
849 2255 964 2324 ipsa
1007 2269 1067 2310 se
1102 2264 1436 2310 cessaturam
1477 2271 1599 2313 esse
1633 2272 1777 2328 prae-

179 2342 352 2396 dixit.
387 2341 455 2398 Ut
480 2342 590 2400 Deo
610 2346 798 2400 vivam.
829 2346 932 2413 Qui
959 2345 1134 2418 legem
1166 2363 1319 2403 suam
1353 2349 1649 2405 innovavit.

191 2459 194 2461 λ
259 2426 395 2485 Cum
424 2433 630 2488 Christo
652 2424 936 2506 cruciﬁxus
957 2455 1095 2492 sum.
1128 2437 1231 2505 Qui
1253 2439 1502 2495 omnibus
1534 2441 1773 2509 peccatis

186 2520 388 2590 quibus
436 2521 524 2577 lex
565 2523 690 2578 data
717 2535 822 2592 est,
865 2542 985 2583 sum
1021 2535 1289 2584 mortuus.
1333 2529 1474 2600 Ergo
1507 2530 1598 2585 lex
1637 2531 1773 2586 mihi

188 2611 413 2686 minime
438 2615 769 2670 necessaria.
809 2615 936 2672 Vivo
965 2627 1161 2673 autem.
1194 2618 1330 2675 Vivo
1363 2618 1452 2674 hic
1475 2620 1588 2674 vita
1614 2620 1774 2690 spiri-

189 2700 346 2756 tuali.
370 2701 495 2756 lam
518 2720 620 2758 non
647 2721 761 2776 ego.
784 2706 841 2762 ld
870 2715 975 2773 est,
1004 2718 1160 2764 vetus
1188 2709 1374 2775 homo,
1403 2712 1487 2765 vel
1516 2725 1622 2765 non
1650 2725 1773 2766 mea

188 2787 469 2845 facultate.
495 2790 562 2844 In
582 2793 688 2860 ﬁde
702 2794 814 2848 vivo
836 2793 970 2848 Filii
981 2795 1100 2850 Dei.
1127 2796 1185 2852 ld
1199 2805 1302 2862 est,
1332 2796 1387 2851 in
1403 2797 1515 2852 sola
1529 2797 1656 2863 ﬁde,
1678 2798 1772 2868 qui

189 2880 324 2935 nihil
346 2881 514 2937 debeo
530 2882 654 2955 legi.
683 2884 808 2940 Non
831 2886 1039 2941 irritam
1053 2888 1192 2958 facio
1212 2887 1375 2959 legem
1392 2888 1511 2943 Dei.
1530 2888 1645 2945 Hoc
1665 2897 1770 2957 est,

190 2985 300 3025 non
329 2971 501 3028 debeo
517 2973 596 3028 illi
610 2989 731 3030 esse
747 2976 803 3031 in
817 2979 1098 3048 gemitum,
1120 2979 1215 3049 qui
1229 2994 1316 3035 me
1328 2989 1540 3035 tantum
1559 2980 1770 3049 dilexit,

191 3070 249 3116 ut
277 3076 377 3130 pro
413 3077 504 3118 me
528 3063 694 3120 etiam
728 3075 1051 3123 moreretur.
1090 3069 1314 3140 Abjecta
1343 3071 1490 3126 enim
1522 3079 1578 3127 et
1615 3072 1770 3127 irrita

191 3153 362 3223 gratia
398 3160 502 3220 est,
549 3155 594 3210 si
636 3156 771 3211 mihi
820 3158 934 3213 sola
975 3173 1082 3215 non
1124 3161 1342 3218 sufﬁcit.
1385 3161 1602 3218 lrritam
1636 3178 1768 3234 ergo

192 3244 421 3314 gratiam
457 3243 606 3311 facit,
636 3246 729 3316 qui
766 3256 889 3318 post
925 3251 1261 3322 evangelium
1288 3252 1420 3307 vivit
1447 3253 1503 3307 in
1523 3253 1670 3324 lege,
1711 3241 1839 3310 etC

192 3334 432 3402 peccatis
455 3344 578 3406 post
602 3337 931 3406 baptismum
961 3342 1289 3398 sordidatur.
1321 3342 1610 3415 Hucusque
1635 3359 1766 3401 con-

193 3436 277 3484 tra
297 3429 534 3488 Petrum.
564 3431 719 3489 Nunc
743 3435 812 3489 ad
843 3433 1064 3493 Galatas
1095 3453 1404 3496 sermonem
1432 3447 1729 3512 retorquet.

803 3545 1033 3604 CAPUT
1081 3548 1168 3604 Ill.

267 3635 314 3690 ο
360 3635 505 3692 stulti
545 3637 768 3704 Galatae,
817 3640 933 3710 quis
959 3657 1048 3695 vos
1096 3642 1374 3711 fascinarit
1415 3659 1519 3697 non
1565 3642 1772 3698 obedire

191 3725 405 3780 ueritati
423 3725 448 3778 .’
469 3724 578 3782 Hoc
617 3741 720 3783 non
745 3737 831 3784 est
870 3730 1204 3786 contrarium
1243 3731 1408 3786 verbo
1447 3731 1768 3799 Salvatoris,

189 3831 303 3887 quo
328 3814 556 3872 fratrem
585 3817 790 3874 fatuum
811 3821 999 3876 vocari
1037 3821 1316 3892 prohibuit
1342 3837 1357 3876 :
1384 3823 1477 3893 qui
1511 3837 1664 3878 more
1690 3823 1773 3877 di-

192 3907 412 3978 ligentis
457 3909 593 3966 bene
620 3912 866 3982 corripit,
910 3913 1051 3968 sicut
1079 3912 1342 3968 Dominus
1385 3914 1518 3969 dicit
1553 3913 1770 3968 :Etvos

191 3999 303 4053 sine
337 3997 599 4054 intellectu
628 4001 782 4068 estis,
825 4011 872 4056 et
910 4003 1130 4057 modica:
1167 4003 1332 4072 ﬁdtei.
1373 4001 1470 4059 Jus
1499 4003 1644 4059 enim
1688 4010 1774 4059 est

193 4089 472 4160 magistris
525 4100 814 4160 peccantes
853 4092 1137 4162 increpare
1175 4092 1484 4164 discipulos.
1521 4092 1650 4158 Quis
1683 4108 1774 4146 vos

194 4181 514 4251 [αεσξηαυὶιῖ
566 4181 699 4250 Quis
751 4182 906 4238 vobis
967 4183 1194 4238 invidit?
1245 4183 1558 4239 Fascinatio
1627 4183 1774 4236 enim

193 4269 381 4328 Graece
427 4272 629 4328 invidia
687 4273 1092 4344 interpretatur.
1145 4273 1278 4328 Ante
1319 4289 1542 4344 quorum
1595 4271 1775 4327 oculos

197 4361 438 4418 Christus
474 4363 628 4419 Jesus
651 4365 972 4436 proscriptus
1003 4373 1100 4420 est.
1131 4363 1228 4420 Vel
1251 4364 1447 4434 quibus
1470 4378 1572 4434 per
1597 4374 1800 4417 meam”

193 4456 636 4527 praedicationem
685 4457 760 4512 ita
811 4456 1155 4513 manifestata
1205 4464 1289 4512 est
1333 4456 1518 4526 passio
1555 4453 1694 4524 ejus,
1715 4461 1777 4509 ut

194 4547 314 4616 ipse
333 4555 459 4604 ante
479 4563 576 4604 vos
603 4548 933 4605 sententiam
967 4547 1330 4604 damnationis
1356 4547 1590 4616 excepit.
1621 4544 1693 4598 Et
1719 4545 1776 4598 in

193 4638 338 4694 vobis
374 4640 677 4711 cruciﬁxus.
729 4639 894 4708 Quasi
931 4639 1073 4709 apud
1113 4651 1210 4693 vos
1240 4637 1421 4693 omnia
1455 4635 1600 4691 facta
1640 4635 1770 4690 sint.

195 4731 332 4788 Sive
365 4733 444 4788 sic
468 4752 481 4787 ε
513 4733 682 4802 Quem
716 4749 847 4788 vere
872 4746 972 4802 pro
998 4731 1254 4785 damnato
1282 4738 1338 4783 et
1370 4735 1585 4783 mortuo
1609 4725 1775 4780 etiam

193 4842 348 4882 nunc
373 4827 531 4885 vilem
557 4828 788 4892 habetis,
817 4826 946 4881 dum
971 4825 1176 4896 putatis
1201 4837 1323 4878 eum
1346 4821 1500 4877 vobis
1527 4835 1636 4874 non
1661 4817 1777 4874 suf-

193 4918 367 4974 ﬁcere
405 4920 474 4974 ad
514 4919 763 4975 salutem.
797 4916 880 4971 An
917 4933 982 4971 ea:
1021 4915 1206 4969 auditu
1229 4913 1395 4984 ﬁdei?
1441 4911 1502 4966 Si
1537 4911 1684 4966 enim
1709 4923 1780 4963 ex

195 5009 398 5064 merito
427 5007 550 5064 ﬁdei
595 5007 859 5079 Spiritum
898 5014 1144 5060 sanctum
1179 5001 1488 5072 accepistis,
1528 4999 1658 5070 quid
1685 5013 1782 5053 vo-

131 5106 138 5112 '
195 5098 287 5154 bis
315 5097 402 5152 lex
435 5099 665 5170 amplius
690 5097 821 5152 dare
844 5093 1080 5165 poterit?
1101 5091 1190 5146 Sic
1215 5091 1364 5146 stulti
1385 5091 1507 5146 estis
1533 5129 1550 5156 ,
1577 5098 1634 5143 ut
1660 5103 1779 5142 cum

197 5190 396 5261 spiritu
435 5191 712 5261 cwperitis.
761 5187 953 5258 Magna
986 5183 1212 5240 stultitia
1254 5190 1341 5239 est
1373 5182 1427 5236 in
1467 5181 1780 5237 servitutem

196 5286 419 5342 Veteris
448 5302 477 5340 a
505 5285 753 5342 libertate
783 5282 916 5338 Novi
945 5277 1276 5335 Testamenti
1308 5283 1364 5331 et
1385 5276 1574 5347 gratiae
1609 5276 1783 5330 diver-

197 5385 340 5431 tere.
384 5375 542 5430 Nunc
577 5392 733 5430 carne
773 5367 1227 5427 consummamini.
1267 5365 1325 5420 Id
1366 5371 1480 5429 est,
1519 5364 1574 5419 in
1612 5363 1785 5434 legem

201 5466 484 5523 carnalem
509 5473 719 5521 euntes.
749 5462 919 5517 Tanta
947 5460 1088 5531 passi
1115 5458 1238 5512 estis
1272 5457 1384 5510 sine
1416 5471 1600 5518 causa,
1625 5455 1672 5508 si
1701 5462 1786 5506 ta-

201 5578 330 5616 men
354 5561 468 5615 sine
513 5575 694 5614 causa.
735 5557 940 5612 Galatae
985 5554 1042 5608 in
1083 5548 1402 5608 cruciﬁxum
1435 5546 1738 5611 credentes,
1761 5558 1793 5597 a

203 5650 414 5706 Judaeis
465 5659 522 5706 et
574 5649 836 5706 Gentibus
883 5653 1150 5703 tormenta
1195 5650 1250 5699 et
1293 5637 1578 5713 Opprobria
1625 5637 1793 5692 multa

203 5743 457 5815 perpessi
483 5750 628 5798 sunt.
662 5741 802 5797 Dicit
838 5753 967 5812 ergo
993 5746 1144 5794 tanta
1172 5737 1288 5792 sine
1323 5747 1485 5790 causa
1518 5745 1619 5802 pro
1641 5725 1798 5785 Chri-

200 5843 308 5891 sto
351 5834 657 5902 tolerastis,
691 5834 737 5890 sl
783 5841 963 5892 tamen
995 5847 1104 5888 non
1144 5831 1345 5898 iterum
1379 5823 1685 5911 corrigatis.
1732 5821 1798 5881 Si

1535 5983 1568 6007 6

1876 1991 1932 2045 in
1971 1999 2046 2058 te,
2082 1994 2187 2049 hoc
2209 2002 2312 2062 est,
2345 1996 2401 2050 in
2425 1995 2530 2052 ﬁde
2558 2005 2672 2063 tua,
2697 1999 2872 2068 quies
2903 2006 3068 2068 caput
3091 1998 3236 2052 ﬁdei.
3287 1997 3466 2051 Bene-—

1877 2080 2115 2136 dicentur
2147 2100 2324 2138 omnes
2369 2095 2544 2154 gentes
2575 2087 2747 2156 (Gen.
2789 2089 2965 2161 χιιι).
3008 2089 3128 2144 Non
3171 2104 3278 2143 una
3319 2104 3464 2159 gens

1877 2178 2091 2226 tantum
2141 2171 2386 2248 Iudaica,
2435 2175 2530 2230 sed
2558 2191 2746 2232 omnes
2775 2187 2982 2248 gentes.
3023 2177 3133 2234 Sub
3176 2178 3466 2232 maledicto.

1874 2269 2018 2314 sunt.
2059 2260 2198 2328 Quia
2237 2262 2314 2317 ita
2354 2265 2636 2332 praevaluit
2683 2266 3018 2322 consuetudo
3063 2266 3346 2336 peccandi,
3392 2274 3467 2318 ut.

1875 2366 2034 2408 nemo
2071 2352 2186 2423 jam
2229 2353 2477 2424 perﬁciat
2516 2355 2710 2426 legem,
2753 2357 2894 2412 sicut
2927 2357 3123 2411 Petrus
3165 2355 3465 2425 Apostolus

1875 2441 1953 2496 ait
1981 2458 1995 2496 :
2026 2441 2180 2507 Quod
2203 2460 2364 2510 neque
2391 2454 2566 2516 patres
2593 2447 2781 2512 nostri,
2814 2462 2980 2517 neque
3012 2462 3106 2500 nos
3127 2455 3338 2517 portare
3363 2462 3467 2516 po—

1873 2532 2069 2588 tuimus
2098 2532 2246 2606 (Act.
2278 2535 2402 2607 xv).
2436 2534 2494 2590 Si
2524 2536 2616 2606 qui
2642 2552 2773 2592 vero
2793 2535 2928 2605 justi
2963 2551 3071 2592 non
3105 2543 3267 2591 erant
3291 2535 3460 2589 male-

1877 2625 2031 2692 dicti,
2069 2641 2179 2683 non
2213 2643 2280 2684 ex
2305 2629 2559 2699 operibus
2587 2629 2742 2701 legis,
2771 2631 2863 2688 sed
2898 2630 3027 2686 ﬁdei
3061 2630 3234 2702 gratia
3267 2627 3459 2685 salvati

1872 2723 2017 2770 sunt.
2050 2715 2154 2770 Sed
2178 2719 2270 2787 qui
2296 2717 2429 2786 facit
2465 2719 2580 2773 illa.
2621 2719 2870 2776 Mandata
2905 2720 3059 2791 legis.
3100 2717 3246 2774 Vivet
3279 2718 3457 2773 iacis.

1873 2803 2089 2861 Carnali
2131 2807 2340 2862 scilicet
2362 2808 2492 2872 vita,
2523 2810 2650 2878 quia
2679 2825 2785 2864 non
2816 2817 2900 2864 est
2927 2808 3290 2875 reus'mortis,
3325 2808 3459 2862 dum

1872 2893 2059 2963 implet
2084 2896 2338 2950 mandata
2378 2895 2533 2967 legis.
2566 2897 2807 2951 Christus
2834 2898 3049 2952 redemit
3081 2914 3174 2952 nos
3195 2897 3260 2952 de
3289 2897 3463 2952 male-

1872 2989 2014 3042 dicto
2060 2988 2206 3059 legis.
2259 2989 2455 3046 Emere
2498 2998 2553 3044 et
2597 2990 2864 3045 redimere
2902 2991 3006 3045 hoc
3046 2998 3129 3046 est
3158 2990 3322 3060 :quia
3364 2989 3460 3058 qui

1873 3079 2025 3146 emit,
2070 3079 2336 3146 alienum;
2368 3081 2461 3149 qui
2497 3090 2676 3136 autem
2702 3082 2938 3148 redimit,
2967 3082 3023 3138 id
3046 3089 3153 3148 est,
3176 3082 3458 3152 proprium

1873 3174 2016 3246 quod
2054 3191 2211 3231 suum
2237 3175 2354 3239 fuit,
2382 3184 2439 3230 et
2477 3191 2632 3231 suum
2657 3192 2779 3232 esse
2805 3177 3017 3233 desivit.

1940 3267 2255 3322 Maledictus
2305 3269 2473 3323 omnis
2507 3269 2598 3339 qui
2635 3268 2821 3340 pendet
2866 3269 2922 3324 in
2972 3269 3132 3340 ligno.
3171 3267 3290 3323 Non
3335 3267 3462 3323 ideo

1869 3358 2189 3415 maledictus
2214 3360 2340 3430 quia
2374 3361 2665 3431 pependit,
2691 3362 2786 3416 sed
2812 3361 2933 3416 ideo
2962 3361 3160 3431 pendet
3185 3362 3311 3432 quia
3341 3375 3465 3416 ma-

1869 3450 2118 3507 ledictus.
2147 3451 2241 3507 Ille
2266 3461 2428 3523 negat
2455 3452 2731 3509 Christum
2767 3452 3134 3518 maledictum,
3175 3452 3266 3522 qui
3298 3458 3465 3522 negat

1869 3549 2149 3606 Christum
2177 3559 2468 3606 mortuum.
2499 3549 2602 3617 Qui
2633 3557 2812 3604 autem
2841 3549 3132 3604 conﬁtetur
3158 3555 3462 3610 mortuum,

1871 3647 1927 3696 et
1949 3655 2151 3711 negare
2180 3655 2288 3695 non
2319 3648 2500 3710 potest
2523 3651 2754 3695 mortem
2786 3640 2851 3693 de
2873 3644 3096 3707 peccato
3138 3650 3280 3699 esse,
3308 3643 3362 3689 et
3388 3635 3459 3689 ob

1871 3733 1976 3789 hoc
2005 3733 2172 3788 etiam
2215 3732 2389 3802 ipsum
2419 3740 2706 3802 peccatum
2726 3728 2931 3794 vocari,
2969 3727 3155 3783 audiat
3180 3727 3294 3797 ipse
3321 3725 3461 3795 Apo-

1873 3824 2069 3880 stolum
2115 3825 2385 3878 dicentem
2415 3841 2427 3877 :
2465 3823 2582 3890 Quo
2622 3824 2777 3877 modo
2815 3831 2954 3876 vetus
3001 3821 3155 3874 homo
3189 3829 3363 3874 noster
3389 3821 3464 3872 si-

1872 3913 1983 3970 mul
2007 3932 2127 3969 cum
2150 3913 2242 3968 illo
2281 3914 2566 3983 cruciﬁxus
2601 3924 2696 3977 est,
2723 3921 2778 3968 et
2812 3912 3074 3981 intelliget
3109 3911 3252 3981 quod
3294 3910 3462 3965 male-

1874 4005 2079 4062 dictum
2117 4003 2330 4076 Moyses
2361 4005 2560 4061 dixerit
2587 4003 2768 4078 (Deut.
2797 4001 2935 4074 xxi).
2982 4003 3215 4072 Ideoque
3245 4008 3461 4056 secutus

1873 4095 2165 4167 Apostolus
2212 4097 2289 4151 ait
2333 4097 2400 4152 de
2426 4095 2644 4151 Christo
2676 4092 2915 4150 :Factus
2961 4111 3055 4165 pro
3103 4095 3251 4148 nobis
3298 4092 3465 4148 male-

1875 4188 2096 4253 dictum,
2122 4187 2265 4242 sicut
2303 4202 2414 4242 non
2447 4187 2626 4241 timuit
2649 4186 2868 4242 dicere:
2898 4185 3004 4240 Pro
3032 4185 3286 4240 omnibus
3312 4198 3465 4239 mor—

1878 4287 2000 4334 tuus
2048 4285 2153 4341 est,
2197 4277 2300 4332 hoc
2351 4284 2456 4341 est,
2503 4291 2612 4331 non
2661 4282 2911 4330 mortuus
2946 4275 3074 4345 quia
3119 4273 3458 4339 maledictus,

1878 4368 2008 4438 quia
2037 4381 2186 4421 mors
2209 4366 2326 4435 ipsa
2356 4381 2424 4422 ex
2458 4365 2750 4421 maledicto
2774 4374 2879 4430 est,
2919 4371 2976 4418 et
2997 4363 3342 4418 maledictum
3379 4369 3467 4418 est

1878 4473 2002 4515 esse
2028 4465 2334 4529 peccatum,
2365 4458 2482 4514 sive
2511 4459 2686 4528 ipsum
2725 4471 2834 4526 quo
2855 4455 2917 4508 ﬁt
2943 4460 3006 4507 ut
3039 4462 3299 4523 sequatur
3333 4468 3464 4524 sup-

1878 4549 2119 4620 plicium,
2149 4548 2262 4603 sive
2288 4548 2464 4617 ipsum
2506 4546 2847 4617 supplicium,
2879 4542 3025 4612 quod
3053 4541 3160 4597 alio
3182 4542 3342 4597 modo
3370 4557 3469 4599 vo-

1879 4649 2035 4697 catur
2080 4645 2386 4710 pcccatum,
2431 4636 2559 4707 quia
2591 4635 2654 4690 ﬁt
2697 4649 2765 4690 ex
2809 4641 3050 4704 peccato.
3093 4632 3247 4700 Quod
3283 4642 3464 4688 autem

1879 4727 2122 4782 additum
2150 4732 2257 4790 est,
2303 4721 2492 4786 omnis,
2541 4727 2604 4776 ut
2642 4720 2913 4776 diceretur
2946 4737 2960 4773 :
2995 4717 3311 4774 Malediclus
3356 4735 3468 4773 om-

1879 4822 1960 4877 nis
1980 4822 2072 4892 qui
2098 4819 2283 4891 pendet
2308 4819 2364 4872 in
2399 4817 2562 4888 ligno,
2596 4831 2706 4872 nou
2728 4829 2862 4870 sane
2887 4811 3098 4885 Moyses
3121 4811 3301 4867 minus
3325 4823 3464 4880 prae-

1880 4912 2016 4968 vidit
2043 4912 2208 4967 etiam
2227 4909 2404 4978 justos
2433 4908 2488 4962 in
2521 4921 2686 4963 cruce
2726 4905 2954 4970 futuros;
2989 4903 3084 4959 sed
3111 4903 3247 4957 bene
3274 4896 3467 4968 praevi-

1881 5003 1966 5058 dit
2011 5000 2299 5057 htereticos
2327 5013 2516 5056 veram
2548 5005 2779 5053 mortem
2807 4995 3020 5052 Domini
3062 4999 3384 5063 negaturos,
3413 4996 3470 5043 et

1882 5093 2007 5148 ideo
2032 5090 2276 5146 volentes
2299 5089 2369 5144 ab
2403 5089 2508 5144 hoc
2534 5087 2821 5143 maledicto
2851 5084 3128 5141 Christum
3159 5081 3464 5150 sejungere,

1890 5189 1953 5237 ut
1979 5197 2010 5236 a
2035 5164 2226 5236 mortis
2247 5180 2414 5236 etiam
2439 5179 2645 5234 unitate
2675 5174 3056 5249 sejungerent?
3087 5172 3145 5227 Si
3174 5170 3317 5226 enim
3339 5185 3467 5225 vera

1892 5272 1985 5338 illa
2005 5287 2154 5328 mors
2179 5287 2289 5327 non
2316 5278 2451 5335 erat,
2484 5269 2691 5324 nullum
2719 5265 3068 5323 maledictum
3097 5261 3314 5316 Christo
3339 5275 3464 5316 cru-

1890 5363 2054 5420 ciﬁxo
2085 5362 2340 5434 pependit
2379 5361 2434 5416 in
2479 5361 2648 5433 ligno,
2696 5357 2822 5428 quia
2870 5369 2971 5410 nec
3003 5366 3132 5408 vere
3177 5349 3469 5407 cruciﬁxus

1855 5493 1862 5498 -
1892 5464 1996 5512 εει.
2027 5455 2106 5510 Ac
2130 5470 2228 5525 per
2252 5455 2357 5510 hoc
2384 5453 2626 5509 additum
2661 5456 2746 5505 est
2776 5447 2964 5511 omnis,
2997 5459 3066 5499 ne
3103 5442 3353 5500 Christus
3399 5440 3468 5496 ad

1894 5563 2082 5603 veram
2117 5555 2348 5604 mortem
2391 5563 2500 5603 non
2532 5543 2806 5615 pertinere
2847 5539 3136 5603 diceretur,
3172 5535 3219 5592 si
3248 5551 3278 5590 a
3306 5534 3471 5590 male-

1895 5642 2064 5708 dicto,
2091 5641 2235 5712 quod
2261 5641 2424 5696 morti
2449 5636 2796 5704 conjunctum
2816 5638 2917 5697 est,
2943 5627 3215 5702 insipienti
3244 5625 3468 5682 honori-

1897 5729 2115 5785 ﬁcentia
2155 5736 2454 5800 separetur.
2496 5724 2567 5779 Ut
2607 5721 3033 5793 pollicitationem
3067 5718 3282 5790 spiritus
3327 5714 3469 5768 acci-

1897 5820 2102 5891 piamus
2149 5837 2242 5891 per
2265 5820 2440 5889 ﬁdem.
2475 5816 2604 5884 Quae
2627 5828 2724 5884 per
2753 5812 2960 5872 Joelem
2987 5808 3135 5870 omni
3167 5807 3318 5869 carni
3341 5817 3468 5876 pro-
