  <div class='ocr_page' id='page_1' title='image "/cluster/home/n/w/nwhite01/storage/ocr_20150623/103/hvd.32044015466816/100.png"; bbox 0 0 4046 6332; ppageno 0'>
   <div class='ocr_carea' id='block_1_1' title="bbox 238 374 348 435">
    <p class='ocr_par' dir='ltr' id='par_1_1' title="bbox 238 374 348 435">
     <span class='ocr_line' id='line_1_1' title="bbox 238 374 348 435; baseline 0.009 -1"><span class='ocrx_word' id='word_1_1' title='bbox 238 374 348 435; x_wconf 67' lang='lat' dir='ltr'><strong>ll!</strong></span> 
     </span>
    </p>
   </div>
   <div class='ocr_carea' id='block_1_2' title="bbox 1297 333 2413 434">
    <p class='ocr_par' dir='ltr' id='par_1_2' title="bbox 1297 333 2413 434">
     <span class='ocr_line' id='line_1_2' title="bbox 1297 333 2413 434; baseline 0.002 -11"><span class='ocrx_word' id='word_1_2' title='bbox 1297 347 1627 425; x_wconf 64' lang='lat' dir='ltr'><strong>COLLECi‘.</strong></span> <span class='ocrx_word' id='word_1_3' title='bbox 1661 367 1733 434; x_wconf 72' lang='lat' dir='ltr'><strong>ili</strong></span> <span class='ocrx_word' id='word_1_4' title='bbox 1770 366 1989 432; x_wconf 75' lang='lat' dir='ltr'><strong>nrtsr.</strong></span> <span class='ocrx_word' id='word_1_5' title='bbox 2029 333 2126 430; x_wconf 60' lang='lat' dir='ltr'><strong>in</strong></span> <span class='ocrx_word' id='word_1_6' title='bbox 2161 367 2413 427; x_wconf 81' lang='lat' dir='ltr'><strong>GALAT.</strong></span> 
     </span>
    </p>
   </div>
   <div class='ocr_carea' id='block_1_3' title="bbox 3375 383 3472 439">
    <p class='ocr_par' dir='ltr' id='par_1_3' title="bbox 3375 383 3472 439">
     <span class='ocr_line' id='line_1_3' title="bbox 3375 383 3472 439; baseline 0.01 -1"><span class='ocrx_word' id='word_1_7' title='bbox 3375 383 3472 439; x_wconf 83' lang='lat' dir='ltr'><strong>I90</strong></span> 
     </span>
    </p>
   </div>
   <div class='ocr_carea' id='block_1_4' title="bbox 236 478 3476 567">
    <p class='ocr_par' dir='ltr' id='par_1_4' title="bbox 236 478 3476 567">
     <span class='ocr_line' id='line_1_4' title="bbox 236 478 3476 567; baseline -0.001 -17"><span class='ocrx_word' id='word_1_8' title='bbox 236 497 478 567; x_wconf 84' lang='lat' dir='ltr'><strong>piamus,</strong></span> <span class='ocrx_word' id='word_1_9' title='bbox 507 478 919 563; x_wconf 48' lang='lat' dir='ltr'><strong>lit—signiﬁcatu</strong></span> <span class='ocrx_word' id='word_1_10' title='bbox 933 496 993 546; x_wconf 80' lang='lat' dir='ltr'><strong>ot</strong></span> <span class='ocrx_word' id='word_1_11' title='bbox 1015 488 1118 548; x_wconf 79' lang='lat' dir='ltr'><strong>hoc</strong></span> <span class='ocrx_word' id='word_1_12' title='bbox 1134 501 1236 547; x_wconf 71' lang='lat' dir='ltr'><strong>nos</strong></span> <span class='ocrx_word' id='word_1_13' title='bbox 1254 487 1502 546; x_wconf 75' lang='lat' dir='ltr'><strong>amisisse</strong></span> <span class='ocrx_word' id='word_1_14' title='bbox 1528 487 1583 547; x_wconf 89' lang='lat' dir='ltr'><strong>in</strong></span> <span class='ocrx_word' id='word_1_15' title='bbox 1617 485 1813 552; x_wconf 85' lang='lat' dir='ltr'><strong>Adam.</strong></span> <span class='ocrx_word' id='word_1_16' title='bbox 1839 488 1895 555; x_wconf 78' lang='grc' dir='ltr'><strong>Α</strong></span> <span class='ocrx_word' id='word_1_17' title='bbox 1917 487 2161 544; x_wconf 78' lang='lat' dir='ltr'><strong>carnales</strong></span> <span class='ocrx_word' id='word_1_18' title='bbox 2189 502 2286 546; x_wconf 88' lang='lat' dir='ltr'><strong>vos</strong></span> <span class='ocrx_word' id='word_1_19' title='bbox 2311 489 2381 545; x_wconf 88' lang='lat' dir='ltr'><strong>de</strong></span> <span class='ocrx_word' id='word_1_20' title='bbox 2408 487 2776 558; x_wconf 82' lang='lat' dir='ltr'><strong>spiritualibus</strong></span> <span class='ocrx_word' id='word_1_21' title='bbox 2805 489 2987 554; x_wconf 75' lang='lat' dir='ltr'><strong>facere</strong></span> <span class='ocrx_word' id='word_1_22' title='bbox 3020 502 3308 554; x_wconf 78' lang='lat' dir='ltr'><strong>conantur.</strong></span> <span class='ocrx_word' id='word_1_23' title='bbox 3351 495 3476 554; x_wconf 73' lang='lat' dir='ltr'><strong>Non</strong></span> 
     </span>
    </p>
   </div>
   <div class='ocr_carea' id='block_1_5' title="bbox 240 576 1812 655">
    <p class='ocr_par' dir='ltr' id='par_1_5' title="bbox 240 576 1812 655">
     <span class='ocr_line' id='line_1_5' title="bbox 240 576 1812 655; baseline -0.008 -11"><span class='ocrx_word' id='word_1_24' title='bbox 240 601 312 644; x_wconf 82' lang='lat' dir='ltr'><strong>ex</strong></span> <span class='ocrx_word' id='word_1_25' title='bbox 345 599 453 655; x_wconf 89' lang='lat' dir='ltr'><strong>quo</strong></span> <span class='ocrx_word' id='word_1_26' title='bbox 490 581 751 642; x_wconf 74' lang='lat' dir='ltr'><strong>mortales</strong></span> <span class='ocrx_word' id='word_1_27' title='bbox 793 594 1000 638; x_wconf 69' lang='lat' dir='ltr'><strong>minus.</strong></span> <span class='ocrx_word' id='word_1_28' title='bbox 1038 578 1383 637; x_wconf 65' lang='lat' dir='ltr'><strong>Glossarium.</strong></span> <span class='ocrx_word' id='word_1_29' title='bbox 1429 576 1539 640; x_wconf 75' lang='lat' dir='ltr'><strong>Nos</strong></span> <span class='ocrx_word' id='word_1_30' title='bbox 1573 577 1812 638; x_wconf 79' lang='lat' dir='ltr'><strong>clamare</strong></span> 
     </span>
    </p>
   </div>
   <div class='ocr_carea' id='block_1_6' title="bbox 240 667 1811 742">
    <p class='ocr_par' dir='ltr' id='par_1_6' title="bbox 240 667 1811 742">
     <span class='ocr_line' id='line_1_6' title="bbox 240 667 1811 742; baseline -0.004 -9"><span class='ocrx_word' id='word_1_31' title='bbox 240 677 617 734; x_wconf 68' lang='lat' dir='ltr'><strong>suscitantem.</strong></span> <span class='ocrx_word' id='word_1_32' title='bbox 649 673 794 728; x_wconf 63' lang='lat' dir='ltr'><strong>Abba</strong></span> <span class='ocrx_word' id='word_1_33' title='bbox 817 681 985 742; x_wconf 74' lang='lat' dir='ltr'><strong>pater.</strong></span> <span class='ocrx_word' id='word_1_34' title='bbox 1019 669 1362 728; x_wconf 68' lang='lat' dir='ltr'><strong>Consuetudo</strong></span> <span class='ocrx_word' id='word_1_35' title='bbox 1388 667 1678 738; x_wconf 71' lang='lat' dir='ltr'><strong>Scriptum</strong></span> <span class='ocrx_word' id='word_1_36' title='bbox 1703 678 1811 735; x_wconf 85' lang='lat' dir='ltr'><strong>est.</strong></span> 
     </span>
    </p>
   </div>
   <div class='ocr_carea' id='block_1_7' title="bbox 238 763 1816 834">
    <p class='ocr_par' dir='ltr' id='par_1_7' title="bbox 238 763 1816 834">
     <span class='ocr_line' id='line_1_7' title="bbox 238 763 1816 834; baseline -0.004 -8"><span class='ocrx_word' id='word_1_37' title='bbox 238 779 305 826; x_wconf 86' lang='lat' dir='ltr'><strong>ut</strong></span> <span class='ocrx_word' id='word_1_38' title='bbox 341 769 626 826; x_wconf 64' lang='lat' dir='ltr'><strong>Hebraeum</strong></span> <span class='ocrx_word' id='word_1_39' title='bbox 652 765 884 822; x_wconf 79' lang='lat' dir='ltr'><strong>verbum</strong></span> <span class='ocrx_word' id='word_1_40' title='bbox 909 773 1036 820; x_wconf 82' lang='lat' dir='ltr'><strong>cum</strong></span> <span class='ocrx_word' id='word_1_41' title='bbox 1064 763 1510 834; x_wconf 84' lang='lat' dir='ltr'><strong>interpretatione</strong></span> <span class='ocrx_word' id='word_1_42' title='bbox 1540 769 1728 833; x_wconf 83' lang='lat' dir='ltr'><strong>ponat,</strong></span> <span class='ocrx_word' id='word_1_43' title='bbox 1753 770 1816 820; x_wconf 87' lang='lat' dir='ltr'><strong>ut</strong></span> 
     </span>
    </p>
   </div>
   <div class='ocr_carea' id='block_1_8' title="bbox 240 853 1816 926">
    <p class='ocr_par' dir='ltr' id='par_1_8' title="bbox 240 853 1816 926">
     <span class='ocr_line' id='line_1_8' title="bbox 240 853 1816 926; baseline -0.007 -6"><span class='ocrx_word' id='word_1_44' title='bbox 240 865 300 919; x_wconf 88' lang='lat' dir='ltr'><strong>in</strong></span> <span class='ocrx_word' id='word_1_45' title='bbox 323 861 523 918; x_wconf 81' lang='lat' dir='ltr'><strong>Genesi</strong></span> <span class='ocrx_word' id='word_1_46' title='bbox 552 866 658 924; x_wconf 84' lang='lat' dir='ltr'><strong>est,</strong></span> <span class='ocrx_word' id='word_1_47' title='bbox 695 857 894 912; x_wconf 67' lang='lat' dir='ltr'><strong>meandi</strong></span> <span class='ocrx_word' id='word_1_48' title='bbox 917 854 1244 911; x_wconf 59' lang='lat' dir='ltr'><strong>cenaculum</strong></span> <span class='ocrx_word' id='word_1_49' title='bbox 1271 853 1388 909; x_wconf 73' lang='lat' dir='ltr'><strong>Iino</strong></span> <span class='ocrx_word' id='word_1_50' title='bbox 1413 854 1608 926; x_wconf 68' lang='lat' dir='ltr'><strong>cogniti</strong></span> <span class='ocrx_word' id='word_1_51' title='bbox 1633 855 1757 910; x_wconf 81' lang='lat' dir='ltr'><strong>satis</strong></span> <span class='ocrx_word' id='word_1_52' title='bbox 1779 871 1816 909; x_wconf 79' lang='grc' dir='ltr'><em>α</em></span> 
     </span>
    </p>
   </div>
   <div class='ocr_carea' id='block_1_9' title="bbox 239 947 1816 1020">
    <p class='ocr_par' dir='ltr' id='par_1_9' title="bbox 239 947 1816 1020">
     <span class='ocr_line' id='line_1_9' title="bbox 239 947 1816 1020; baseline -0.003 -12"><span class='ocrx_word' id='word_1_53' title='bbox 239 953 376 1010; x_wconf 86' lang='lat' dir='ltr'><strong>Deo.</strong></span> <span class='ocrx_word' id='word_1_54' title='bbox 426 951 568 1020; x_wconf 81' lang='lat' dir='ltr'><strong>Quia</strong></span> <span class='ocrx_word' id='word_1_55' title='bbox 612 965 724 1006; x_wconf 91' lang='lat' dir='ltr'><strong>non</strong></span> <span class='ocrx_word' id='word_1_56' title='bbox 763 949 917 1014; x_wconf 81' lang='lat' dir='ltr'><strong>illum</strong></span> <span class='ocrx_word' id='word_1_57' title='bbox 958 962 1057 1004; x_wconf 81' lang='lat' dir='ltr'><strong>vos</strong></span> <span class='ocrx_word' id='word_1_58' title='bbox 1100 948 1402 1018; x_wconf 65' lang='lat' dir='ltr'><strong>quaesistis,</strong></span> <span class='ocrx_word' id='word_1_59' title='bbox 1445 947 1544 1004; x_wconf 83' lang='lat' dir='ltr'><strong>sed</strong></span> <span class='ocrx_word' id='word_1_60' title='bbox 1587 947 1678 1003; x_wconf 82' lang='lat' dir='ltr'><strong>ille</strong></span> <span class='ocrx_word' id='word_1_61' title='bbox 1716 961 1816 1004; x_wconf 85' lang='lat' dir='ltr'><strong>vos</strong></span> 
     </span>
    </p>
   </div>
   <div class='ocr_carea' id='block_1_10' title="bbox 237 1037 1816 1118">
    <p class='ocr_par' dir='ltr' id='par_1_10' title="bbox 237 1037 1816 1118">
     <span class='ocr_line' id='line_1_10' title="bbox 237 1037 1816 1118; baseline -0.004 -17"><span class='ocrx_word' id='word_1_62' title='bbox 237 1045 483 1118; x_wconf 80' lang='lat' dir='ltr'><strong>perditos</strong></span> <span class='ocrx_word' id='word_1_63' title='bbox 521 1040 804 1112; x_wconf 71' lang='lat' dir='ltr'><strong>requisivit</strong></span> <span class='ocrx_word' id='word_1_64' title='bbox 826 1057 842 1095; x_wconf 75' lang='grc' dir='ltr'><strong>ε</strong></span> <span class='ocrx_word' id='word_1_65' title='bbox 869 1054 974 1096; x_wconf 91' lang='lat' dir='ltr'><strong>non</strong></span> <span class='ocrx_word' id='word_1_66' title='bbox 993 1039 1140 1109; x_wconf 86' lang='lat' dir='ltr'><strong>quod</strong></span> <span class='ocrx_word' id='word_1_67' title='bbox 1162 1047 1294 1094; x_wconf 84' lang='lat' dir='ltr'><strong>tunc</strong></span> <span class='ocrx_word' id='word_1_68' title='bbox 1314 1038 1658 1109; x_wconf 65' lang='lat' dir='ltr'><strong>cognovisset</strong></span> <span class='ocrx_word' id='word_1_69' title='bbox 1691 1037 1816 1095; x_wconf 82' lang='lat' dir='ltr'><strong>illos</strong></span> 
     </span>
    </p>
   </div>
   <div class='ocr_carea' id='block_1_11' title="bbox 239 1128 1813 1204">
    <p class='ocr_par' dir='ltr' id='par_1_11' title="bbox 239 1128 1813 1204">
     <span class='ocr_line' id='line_1_11' title="bbox 239 1128 1813 1204; baseline -0.004 -14"><span class='ocrx_word' id='word_1_70' title='bbox 239 1136 425 1200; x_wconf 84' lang='lat' dir='ltr'><strong>Deus,</strong></span> <span class='ocrx_word' id='word_1_71' title='bbox 487 1131 846 1204; x_wconf 62' lang='lat' dir='ltr'><strong>praecognita</strong></span> <span class='ocrx_word' id='word_1_72' title='bbox 896 1128 1146 1186; x_wconf 81' lang='lat' dir='ltr'><strong>videlicet</strong></span> <span class='ocrx_word' id='word_1_73' title='bbox 1191 1137 1320 1185; x_wconf 89' lang='lat' dir='ltr'><strong>ante</strong></span> <span class='ocrx_word' id='word_1_74' title='bbox 1372 1128 1813 1185; x_wconf 72' lang='lat' dir='ltr'><strong>constitutionem</strong></span> 
     </span>
    </p>
   </div>
   <div class='ocr_carea' id='block_1_12' title="bbox 240 1221 1814 1295">
    <p class='ocr_par' dir='ltr' id='par_1_12' title="bbox 240 1221 1814 1295">
     <span class='ocr_line' id='line_1_12' title="bbox 240 1221 1814 1295; baseline -0.003 -12"><span class='ocrx_word' id='word_1_75' title='bbox 240 1226 454 1293; x_wconf 83' lang='lat' dir='ltr'><strong>mundi,</strong></span> <span class='ocrx_word' id='word_1_76' title='bbox 495 1226 592 1281; x_wconf 85' lang='lat' dir='ltr'><strong>sed</strong></span> <span class='ocrx_word' id='word_1_77' title='bbox 614 1225 742 1295; x_wconf 82' lang='lat' dir='ltr'><strong>quia</strong></span> <span class='ocrx_word' id='word_1_78' title='bbox 782 1232 912 1290; x_wconf 83' lang='lat' dir='ltr'><strong>tunc</strong></span> <span class='ocrx_word' id='word_1_79' title='bbox 954 1222 1058 1294; x_wconf 82' lang='lat' dir='ltr'><strong>ipsi</strong></span> <span class='ocrx_word' id='word_1_80' title='bbox 1101 1237 1224 1278; x_wconf 79' lang='lat' dir='ltr'><strong>eum</strong></span> <span class='ocrx_word' id='word_1_81' title='bbox 1253 1221 1399 1278; x_wconf 85' lang='lat' dir='ltr'><strong>illius</strong></span> <span class='ocrx_word' id='word_1_82' title='bbox 1425 1236 1668 1288; x_wconf 85' lang='lat' dir='ltr'><strong>munere,</strong></span> <span class='ocrx_word' id='word_1_83' title='bbox 1705 1236 1814 1278; x_wconf 89' lang='lat' dir='ltr'><strong>non</strong></span> 
     </span>
    </p>
   </div>
   <div class='ocr_carea' id='block_1_13' title="bbox 240 1311 1813 1384">
    <p class='ocr_par' dir='ltr' id='par_1_13' title="bbox 240 1311 1813 1384">
     <span class='ocr_line' id='line_1_13' title="bbox 240 1311 1813 1384; baseline -0.006 -12"><span class='ocrx_word' id='word_1_84' title='bbox 240 1331 345 1372; x_wconf 86' lang='lat' dir='ltr'><strong>suo</strong></span> <span class='ocrx_word' id='word_1_85' title='bbox 392 1315 592 1371; x_wconf 71' lang='lat' dir='ltr'><strong>nerito</strong></span> <span class='ocrx_word' id='word_1_86' title='bbox 623 1313 988 1370; x_wconf 68' lang='lat' dir='ltr'><strong>vel’i’acuitato</strong></span> <span class='ocrx_word' id='word_1_87' title='bbox 1022 1319 1411 1384; x_wconf 70' lang='lat' dir='ltr'><strong>cognoverant.</strong></span> <span class='ocrx_word' id='word_1_88' title='bbox 1447 1311 1633 1368; x_wconf 71' lang='lat' dir='ltr'><strong>Maluit</strong></span> <span class='ocrx_word' id='word_1_89' title='bbox 1663 1312 1813 1384; x_wconf 72' lang='lat' dir='ltr'><strong>Aps.</strong></span> 
     </span>
    </p>
   </div>
   <div class='ocr_carea' id='block_1_14' title="bbox 238 1403 1812 1476">
    <p class='ocr_par' dir='ltr' id='par_1_14' title="bbox 238 1403 1812 1476">
     <span class='ocr_line' id='line_1_14' title="bbox 238 1403 1812 1476; baseline -0.001 -14"><span class='ocrx_word' id='word_1_90' title='bbox 238 1406 417 1462; x_wconf 86' lang='lat' dir='ltr'><strong>stolus</strong></span> <span class='ocrx_word' id='word_1_91' title='bbox 435 1406 642 1476; x_wconf 75' lang='lat' dir='ltr'><strong>tropice</strong></span> <span class='ocrx_word' id='word_1_92' title='bbox 666 1405 837 1475; x_wconf 79' lang='lat' dir='ltr'><strong>loqui,</strong></span> <span class='ocrx_word' id='word_1_93' title='bbox 863 1413 926 1460; x_wconf 82' lang='lat' dir='ltr'><strong>ut</strong></span> <span class='ocrx_word' id='word_1_94' title='bbox 951 1413 1081 1461; x_wconf 81' lang='lat' dir='ltr'><strong>tunc</strong></span> <span class='ocrx_word' id='word_1_95' title='bbox 1107 1404 1294 1460; x_wconf 77' lang='lat' dir='ltr'><strong>abillo</strong></span> <span class='ocrx_word' id='word_1_96' title='bbox 1319 1404 1563 1476; x_wconf 88' lang='lat' dir='ltr'><strong>cognitos</strong></span> <span class='ocrx_word' id='word_1_97' title='bbox 1583 1403 1812 1473; x_wconf 75' lang='lat' dir='ltr'><strong>diceret,</strong></span> 
     </span>
    </p>
   </div>
   <div class='ocr_carea' id='block_1_15' title="bbox 238 1495 1833 1570">
    <p class='ocr_par' dir='ltr' id='par_1_15' title="bbox 238 1495 1833 1570">
     <span class='ocr_line' id='line_1_15' title="bbox 238 1495 1833 1570; baseline -0.001 -17"><span class='ocrx_word' id='word_1_98' title='bbox 238 1512 366 1554; x_wconf 87' lang='lat' dir='ltr'><strong>cum</strong></span> <span class='ocrx_word' id='word_1_99' title='bbox 383 1498 468 1553; x_wconf 85' lang='lat' dir='ltr'><strong>eis</strong></span> <span class='ocrx_word' id='word_1_100' title='bbox 493 1496 927 1570; x_wconf 66' lang='lat' dir='ltr'><strong>cognoscendum</strong></span> <span class='ocrx_word' id='word_1_101' title='bbox 968 1510 1031 1552; x_wconf 85' lang='lat' dir='ltr'><strong>se</strong></span> <span class='ocrx_word' id='word_1_102' title='bbox 1070 1495 1342 1569; x_wconf 67' lang='lat' dir='ltr'><strong>prastitit,</strong></span> <span class='ocrx_word' id='word_1_103' title='bbox 1387 1505 1443 1552; x_wconf 86' lang='lat' dir='ltr'><strong>et</strong></span> <span class='ocrx_word' id='word_1_104' title='bbox 1471 1496 1666 1552; x_wconf 85' lang='lat' dir='ltr'><strong>maluit</strong></span> <span class='ocrx_word' id='word_1_105' title='bbox 1690 1513 1833 1561; x_wconf 14' lang='lat' dir='ltr'><strong>vero,</strong></span> 
     </span>
    </p>
   </div>
   <div class='ocr_carea' id='block_1_16' title="bbox 237 1587 1810 1661">
    <p class='ocr_par' dir='ltr' id='par_1_16' title="bbox 237 1587 1810 1661">
     <span class='ocr_line' id='line_1_16' title="bbox 237 1587 1810 1661; baseline 0 -17"><span class='ocrx_word' id='word_1_106' title='bbox 237 1589 373 1644; x_wconf 83' lang='lat' dir='ltr'><strong>bum</strong></span> <span class='ocrx_word' id='word_1_107' title='bbox 399 1605 556 1646; x_wconf 83' lang='lat' dir='ltr'><strong>suum</strong></span> <span class='ocrx_word' id='word_1_108' title='bbox 579 1590 859 1661; x_wconf 81' lang='lat' dir='ltr'><strong>corrigere</strong></span> <span class='ocrx_word' id='word_1_109' title='bbox 883 1604 994 1660; x_wconf 84' lang='lat' dir='ltr'><strong>quo</strong></span> <span class='ocrx_word' id='word_1_110' title='bbox 1021 1590 1160 1645; x_wconf 85' lang='lat' dir='ltr'><strong>dixit</strong></span> <span class='ocrx_word' id='word_1_111' title='bbox 1185 1608 1197 1645; x_wconf 91' lang='lat'>:</span> <span class='ocrx_word' id='word_1_112' title='bbox 1227 1587 1386 1643; x_wconf 75' lang='lat' dir='ltr'><strong>Nune</strong></span> <span class='ocrx_word' id='word_1_113' title='bbox 1411 1598 1589 1644; x_wconf 76' lang='lat' dir='ltr'><strong>autem</strong></span> <span class='ocrx_word' id='word_1_114' title='bbox 1615 1606 1810 1661; x_wconf 72' lang='lat' dir='ltr'><strong>cogno-</strong></span> 
     </span>
    </p>
   </div>
   <div class='ocr_carea' id='block_1_17' title="bbox 239 1679 1814 1752">
    <p class='ocr_par' dir='ltr' id='par_1_17' title="bbox 239 1679 1814 1752">
     <span class='ocr_line' id='line_1_17' title="bbox 239 1679 1814 1752; baseline 0.003 -18"><span class='ocrx_word' id='word_1_115' title='bbox 239 1688 444 1736; x_wconf 74' lang='lat' dir='ltr'><strong>scentes</strong></span> <span class='ocrx_word' id='word_1_116' title='bbox 469 1679 658 1747; x_wconf 62' lang='lat' dir='ltr'><strong>Deum</strong></span> <span class='ocrx_word' id='word_1_117' title='bbox 679 1679 834 1752; x_wconf 79' lang='lat' dir='ltr'><strong>quasi</strong></span> <span class='ocrx_word' id='word_1_118' title='bbox 875 1679 982 1736; x_wconf 82' lang='lat' dir='ltr'><strong>hoc</strong></span> <span class='ocrx_word' id='word_1_119' title='bbox 1019 1681 1199 1736; x_wconf 89' lang='lat' dir='ltr'><strong>minus</strong></span> <span class='ocrx_word' id='word_1_120' title='bbox 1236 1688 1387 1734; x_wconf 87' lang='lat' dir='ltr'><strong>recte</strong></span> <span class='ocrx_word' id='word_1_121' title='bbox 1416 1679 1630 1745; x_wconf 76' lang='lat' dir='ltr'><strong>dixerit,</strong></span> <span class='ocrx_word' id='word_1_122' title='bbox 1667 1684 1814 1752; x_wconf 85' lang='lat' dir='ltr'><strong>quod</strong></span> 
     </span>
    </p>
   </div>
   <div class='ocr_carea' id='block_1_18' title="bbox 239 1770 1810 1844">
    <p class='ocr_par' dir='ltr' id='par_1_18' title="bbox 239 1770 1810 1844">
     <span class='ocr_line' id='line_1_18' title="bbox 239 1770 1810 1844; baseline 0.001 -18"><span class='ocrx_word' id='word_1_123' title='bbox 239 1771 464 1844; x_wconf 79' lang='lat' dir='ltr'><strong>proprie</strong></span> <span class='ocrx_word' id='word_1_124' title='bbox 497 1772 732 1837; x_wconf 68' lang='lat' dir='ltr'><strong>dixerat,</strong></span> <span class='ocrx_word' id='word_1_125' title='bbox 765 1780 824 1825; x_wconf 88' lang='lat' dir='ltr'><strong>et</strong></span> <span class='ocrx_word' id='word_1_126' title='bbox 859 1771 1044 1826; x_wconf 61' lang='lat' dir='ltr'><strong>dcere</strong></span> <span class='ocrx_word' id='word_1_127' title='bbox 1081 1773 1189 1824; x_wconf 79' lang='lat' dir='ltr'><strong>imo</strong></span> <span class='ocrx_word' id='word_1_128' title='bbox 1233 1770 1427 1842; x_wconf 78' lang='lat' dir='ltr'><strong>cogniti</strong></span> <span class='ocrx_word' id='word_1_129' title='bbox 1469 1771 1590 1826; x_wconf 81' lang='lat' dir='ltr'><strong>estis</strong></span> <span class='ocrx_word' id='word_1_130' title='bbox 1623 1773 1689 1825; x_wconf 73' lang='lat' dir='ltr'><strong>ab</strong></span> <span class='ocrx_word' id='word_1_131' title='bbox 1725 1789 1810 1839; x_wconf 80' lang='lat' dir='ltr'><strong>eo,</strong></span> 
     </span>
    </p>
   </div>
   <div class='ocr_carea' id='block_1_19' title="bbox 1913 579 3476 645">
    <p class='ocr_par' dir='ltr' id='par_1_19' title="bbox 1913 579 3476 645">
     <span class='ocr_line' id='line_1_19' title="bbox 1913 579 3476 645; baseline 0.006 -12"><span class='ocrx_word' id='word_1_132' title='bbox 1913 580 2055 634; x_wconf 77' lang='lat' dir='ltr'><strong>bene.</strong></span> <span class='ocrx_word' id='word_1_133' title='bbox 2085 579 2143 637; x_wconf 89' lang='lat' dir='ltr'><strong>Id</strong></span> <span class='ocrx_word' id='word_1_134' title='bbox 2161 588 2267 645; x_wconf 87' lang='lat' dir='ltr'><strong>est,</strong></span> <span class='ocrx_word' id='word_1_135' title='bbox 2293 580 2419 640; x_wconf 86' lang='lat' dir='ltr'><strong>dum</strong></span> <span class='ocrx_word' id='word_1_136' title='bbox 2444 581 2700 640; x_wconf 77' lang='lat' dir='ltr'><strong>seducere</strong></span> <span class='ocrx_word' id='word_1_137' title='bbox 2719 598 2816 642; x_wconf 87' lang='lat' dir='ltr'><strong>vos</strong></span> <span class='ocrx_word' id='word_1_138' title='bbox 2838 583 3044 644; x_wconf 79' lang='lat' dir='ltr'><strong>volunt.</strong></span> <span class='ocrx_word' id='word_1_139' title='bbox 3075 583 3143 641; x_wconf 88' lang='lat' dir='ltr'><strong>Ut</strong></span> <span class='ocrx_word' id='word_1_140' title='bbox 3172 585 3290 644; x_wconf 85' lang='lat' dir='ltr'><strong>illos</strong></span> <span class='ocrx_word' id='word_1_141' title='bbox 3311 605 3476 642; x_wconf 83' lang='lat' dir='ltr'><strong>wmu-</strong></span> 
     </span>
    </p>
   </div>
   <div class='ocr_carea' id='block_1_20' title="bbox 1911 666 3477 743">
    <p class='ocr_par' dir='ltr' id='par_1_20' title="bbox 1911 666 3477 743">
     <span class='ocr_line' id='line_1_20' title="bbox 1911 666 3477 743; baseline 0.009 -23"><span class='ocrx_word' id='word_1_142' title='bbox 1911 666 2109 726; x_wconf 69' lang='lat' dir='ltr'><strong>(emitti.</strong></span> <span class='ocrx_word' id='word_1_143' title='bbox 2149 668 2208 726; x_wconf 92' lang='lat' dir='ltr'><strong>Id</strong></span> <span class='ocrx_word' id='word_1_144' title='bbox 2251 676 2360 736; x_wconf 78' lang='lat' dir='ltr'><strong>est,</strong></span> <span class='ocrx_word' id='word_1_145' title='bbox 2393 678 2457 730; x_wconf 83' lang='lat' dir='ltr'><strong>ut</strong></span> <span class='ocrx_word' id='word_1_146' title='bbox 2496 671 2599 730; x_wconf 78' lang='lat' dir='ltr'><strong>sub</strong></span> <span class='ocrx_word' id='word_1_147' title='bbox 2633 671 2766 742; x_wconf 75' lang='lat' dir='ltr'><strong>iugo</strong></span> <span class='ocrx_word' id='word_1_148' title='bbox 2809 673 2944 743; x_wconf 80' lang='lat' dir='ltr'><strong>legis</strong></span> <span class='ocrx_word' id='word_1_149' title='bbox 2989 676 3299 734; x_wconf 81' lang='lat' dir='ltr'><strong>teneamini.</strong></span> <span class='ocrx_word' id='word_1_150' title='bbox 3331 675 3477 734; x_wconf 70' lang='lat' dir='ltr'><strong>Cha-</strong></span> 
     </span>
    </p>
   </div>
   <div class='ocr_carea' id='block_1_21' title="bbox 1909 755 3479 830">
    <p class='ocr_par' dir='ltr' id='par_1_21' title="bbox 1909 755 3479 830">
     <span class='ocr_line' id='line_1_21' title="bbox 1909 755 3479 830; baseline 0.008 -20"><span class='ocrx_word' id='word_1_151' title='bbox 1909 755 2149 816; x_wconf 74' lang='lat' dir='ltr'><strong>rimata.</strong></span> <span class='ocrx_word' id='word_1_152' title='bbox 2185 755 2243 814; x_wconf 89' lang='lat' dir='ltr'><strong>Id</strong></span> <span class='ocrx_word' id='word_1_153' title='bbox 2278 765 2385 824; x_wconf 76' lang='lat' dir='ltr'><strong>est,</strong></span> <span class='ocrx_word' id='word_1_154' title='bbox 2425 758 2585 818; x_wconf 82' lang='lat' dir='ltr'><strong>dona.</strong></span> <span class='ocrx_word' id='word_1_155' title='bbox 2628 757 2999 820; x_wconf 55' lang='grc' dir='ltr'><strong>δειπνιαωίνιῇ</strong></span> <span class='ocrx_word' id='word_1_156' title='bbox 3051 763 3110 820; x_wconf 80' lang='lat' dir='ltr'><strong>1d</strong></span> <span class='ocrx_word' id='word_1_157' title='bbox 3153 774 3258 830; x_wconf 87' lang='lat' dir='ltr'><strong>est,</strong></span> <span class='ocrx_word' id='word_1_158' title='bbox 3303 774 3479 824; x_wconf 83' lang='lat' dir='ltr'><strong>secta-</strong></span> 
     </span>
    </p>
   </div>
   <div class='ocr_carea' id='block_1_22' title="bbox 1908 846 3479 930">
    <p class='ocr_par' dir='ltr' id='par_1_22' title="bbox 1908 846 3479 930">
     <span class='ocr_line' id='line_1_22' title="bbox 1908 846 3479 930; baseline 0.008 -28"><span class='ocrx_word' id='word_1_159' title='bbox 1908 847 2065 904; x_wconf 88' lang='lat' dir='ltr'><strong>mini.</strong></span> <span class='ocrx_word' id='word_1_160' title='bbox 2095 846 2280 907; x_wconf 76' lang='lat' dir='ltr'><strong>Ft’lioli</strong></span> <span class='ocrx_word' id='word_1_161' title='bbox 2321 852 2423 908; x_wconf 83' lang='lat' dir='ltr'><strong>mei</strong></span> <span class='ocrx_word' id='word_1_162' title='bbox 2455 867 2585 922; x_wconf 80' lang='lat' dir='ltr'><strong>quos</strong></span> <span class='ocrx_word' id='word_1_163' title='bbox 2624 851 2812 910; x_wconf 73' lang='lat' dir='ltr'><strong>iterum</strong></span> <span class='ocrx_word' id='word_1_164' title='bbox 2856 855 3117 925; x_wconf 72' lang='lat' dir='ltr'><strong>panaria.</strong></span> <span class='ocrx_word' id='word_1_165' title='bbox 3157 856 3215 918; x_wconf 77' lang='lat' dir='ltr'><strong>id</strong></span> <span class='ocrx_word' id='word_1_166' title='bbox 3251 865 3354 925; x_wconf 88' lang='lat' dir='ltr'><strong>est,</strong></span> <span class='ocrx_word' id='word_1_167' title='bbox 3378 874 3479 930; x_wconf 90' lang='lat' dir='ltr'><strong>per</strong></span> 
     </span>
    </p>
   </div>
   <div class='ocr_carea' id='block_1_23' title="bbox 1909 940 3478 1019">
    <p class='ocr_par' dir='ltr' id='par_1_23' title="bbox 1909 940 3478 1019">
     <span class='ocr_line' id='line_1_23' title="bbox 1909 940 3478 1019; baseline 0.009 -27"><span class='ocrx_word' id='word_1_168' title='bbox 1909 940 2056 998; x_wconf 83' lang='lat' dir='ltr'><strong>hanc</strong></span> <span class='ocrx_word' id='word_1_169' title='bbox 2081 941 2386 1012; x_wconf 77' lang='lat' dir='ltr'><strong>epistolam,</strong></span> <span class='ocrx_word' id='word_1_170' title='bbox 2415 944 2542 1014; x_wconf 85' lang='lat' dir='ltr'><strong>quia</strong></span> <span class='ocrx_word' id='word_1_171' title='bbox 2570 945 2722 1015; x_wconf 79' lang='lat' dir='ltr'><strong>prius</strong></span> <span class='ocrx_word' id='word_1_172' title='bbox 2754 947 3016 1015; x_wconf 73' lang='lat' dir='ltr'><strong>parturivi</strong></span> <span class='ocrx_word' id='word_1_173' title='bbox 3055 964 3152 1007; x_wconf 83' lang='lat' dir='ltr'><strong>vos</strong></span> <span class='ocrx_word' id='word_1_174' title='bbox 3181 963 3278 1019; x_wconf 81' lang='lat' dir='ltr'><strong>per</strong></span> <span class='ocrx_word' id='word_1_175' title='bbox 3310 966 3478 1006; x_wconf 58' lang='lat' dir='ltr'><strong>evan.</strong></span> 
     </span>
    </p>
   </div>
   <div class='ocr_carea' id='block_1_24' title="bbox 1910 1033 3480 1106">
    <p class='ocr_par' dir='ltr' id='par_1_24' title="bbox 1910 1033 3480 1106">
     <span class='ocr_line' id='line_1_24' title="bbox 1910 1033 3480 1106; baseline 0.008 -18"><span class='ocrx_word' id='word_1_176' title='bbox 1910 1033 2106 1104; x_wconf 77' lang='lat' dir='ltr'><strong>getiam</strong></span> <span class='ocrx_word' id='word_1_177' title='bbox 2129 1034 2338 1106; x_wconf 82' lang='lat' dir='ltr'><strong>genitos</strong></span> <span class='ocrx_word' id='word_1_178' title='bbox 2360 1034 2415 1092; x_wconf 87' lang='lat' dir='ltr'><strong>in</strong></span> <span class='ocrx_word' id='word_1_179' title='bbox 2442 1035 2616 1098; x_wconf 82' lang='lat' dir='ltr'><strong>lucem</strong></span> <span class='ocrx_word' id='word_1_180' title='bbox 2643 1039 2908 1106; x_wconf 77' lang='lat' dir='ltr'><strong>veritatis.</strong></span> <span class='ocrx_word' id='word_1_181' title='bbox 2936 1043 3034 1100; x_wconf 78' lang='lat' dir='ltr'><strong>sed</strong></span> <span class='ocrx_word' id='word_1_182' title='bbox 3050 1043 3230 1100; x_wconf 73' lang='lat' dir='ltr'><strong>etindo</strong></span> <span class='ocrx_word' id='word_1_183' title='bbox 3251 1043 3306 1101; x_wconf 85' lang='lat' dir='ltr'><strong>in</strong></span> <span class='ocrx_word' id='word_1_184' title='bbox 3329 1053 3480 1102; x_wconf 78' lang='lat' dir='ltr'><strong>vete-</strong></span> 
     </span>
    </p>
   </div>
   <div class='ocr_carea' id='block_1_25' title="bbox 1911 1126 3477 1200">
    <p class='ocr_par' dir='ltr' id='par_1_25' title="bbox 1911 1126 3477 1200">
     <span class='ocr_line' id='line_1_25' title="bbox 1911 1126 3477 1200; baseline 0.006 -18"><span class='ocrx_word' id='word_1_185' title='bbox 1911 1140 2027 1186; x_wconf 83' lang='lat' dir='ltr'><strong>rem</strong></span> <span class='ocrx_word' id='word_1_186' title='bbox 2065 1126 2254 1198; x_wconf 83' lang='lat' dir='ltr'><strong>legem,</strong></span> <span class='ocrx_word' id='word_1_187' title='bbox 2299 1141 2576 1197; x_wconf 75' lang='lat' dir='ltr'><strong>venasque</strong></span> <span class='ocrx_word' id='word_1_188' title='bbox 2619 1129 2899 1192; x_wconf 76' lang='lat' dir='ltr'><strong>hominum</strong></span> <span class='ocrx_word' id='word_1_189' title='bbox 2941 1132 3236 1200; x_wconf 72' lang='lat' dir='ltr'><strong>doctrinas,</strong></span> <span class='ocrx_word' id='word_1_190' title='bbox 3281 1149 3477 1194; x_wconf 83' lang='lat' dir='ltr'><strong>novam</strong></span> 
     </span>
    </p>
   </div>
   <div class='ocr_carea' id='block_1_26' title="bbox 1911 1221 3479 1296">
    <p class='ocr_par' dir='ltr' id='par_1_26' title="bbox 1911 1221 3479 1296">
     <span class='ocr_line' id='line_1_26' title="bbox 1911 1221 3479 1296; baseline 0.008 -21"><span class='ocrx_word' id='word_1_191' title='bbox 1911 1222 2100 1287; x_wconf 88' lang='lat' dir='ltr'><strong>vitam,</strong></span> <span class='ocrx_word' id='word_1_192' title='bbox 2132 1221 2441 1293; x_wconf 68' lang='lat' dir='ltr'><strong>Christique</strong></span> <span class='ocrx_word' id='word_1_193' title='bbox 2466 1222 2700 1284; x_wconf 80' lang='lat' dir='ltr'><strong>formam</strong></span> <span class='ocrx_word' id='word_1_194' title='bbox 2722 1227 3062 1296; x_wconf 82' lang='lat' dir='ltr'><strong>perdidistis;</strong></span> <span class='ocrx_word' id='word_1_195' title='bbox 3097 1229 3195 1285; x_wconf 80' lang='lat' dir='ltr'><strong>sed</strong></span> <span class='ocrx_word' id='word_1_196' title='bbox 3217 1245 3362 1286; x_wconf 88' lang='lat' dir='ltr'><strong>nunc</strong></span> <span class='ocrx_word' id='word_1_197' title='bbox 3381 1245 3479 1287; x_wconf 87' lang='lat' dir='ltr'><strong>vos</strong></span> 
     </span>
    </p>
   </div>
   <div class='ocr_carea' id='block_1_27' title="bbox 1911 1311 3476 1388">
    <p class='ocr_par' dir='ltr' id='par_1_27' title="bbox 1911 1311 3476 1388">
     <span class='ocr_line' id='line_1_27' title="bbox 1911 1311 3476 1388; baseline 0.006 -21"><span class='ocrx_word' id='word_1_198' title='bbox 1911 1311 2110 1372; x_wconf 66' lang='lat' dir='ltr'><strong>iterum</strong></span> <span class='ocrx_word' id='word_1_199' title='bbox 2150 1313 2413 1382; x_wconf 81' lang='lat' dir='ltr'><strong>parturio,</strong></span> <span class='ocrx_word' id='word_1_200' title='bbox 2451 1323 2511 1370; x_wconf 80' lang='lat' dir='ltr'><strong>ut</strong></span> <span class='ocrx_word' id='word_1_201' title='bbox 2545 1330 2646 1385; x_wconf 76' lang='lat' dir='ltr'><strong>per</strong></span> <span class='ocrx_word' id='word_1_202' title='bbox 2682 1319 3056 1388; x_wconf 76' lang='lat' dir='ltr'><strong>paenitentiam</strong></span> <span class='ocrx_word' id='word_1_203' title='bbox 3092 1321 3476 1376; x_wconf 80' lang='lat' dir='ltr'><strong>renascamini.</strong></span> 
     </span>
    </p>
   </div>
   <div class='ocr_carea' id='block_1_28' title="bbox 1911 1402 3480 1484">
    <p class='ocr_par' dir='ltr' id='par_1_28' title="bbox 1911 1402 3480 1484">
     <span class='ocr_line' id='line_1_28' title="bbox 1911 1402 3480 1484; baseline 0.007 -24"><span class='ocrx_word' id='word_1_204' title='bbox 1911 1402 1983 1460; x_wconf 82' lang='lat' dir='ltr'><strong>Et</strong></span> <span class='ocrx_word' id='word_1_205' title='bbox 2019 1412 2230 1460; x_wconf 76' lang='lat' dir='ltr'><strong>mutare</strong></span> <span class='ocrx_word' id='word_1_206' title='bbox 2269 1422 2462 1462; x_wconf 81' lang='lat' dir='ltr'><strong>uocem.</strong></span> <span class='ocrx_word' id='word_1_207' title='bbox 2511 1405 2572 1462; x_wconf 89' lang='lat' dir='ltr'><strong>Id</strong></span> <span class='ocrx_word' id='word_1_208' title='bbox 2617 1417 2722 1476; x_wconf 86' lang='lat' dir='ltr'><strong>est,</strong></span> <span class='ocrx_word' id='word_1_209' title='bbox 2766 1410 2895 1480; x_wconf 85' lang='lat' dir='ltr'><strong>quia</strong></span> <span class='ocrx_word' id='word_1_210' title='bbox 2944 1411 3122 1484; x_wconf 79' lang='lat' dir='ltr'><strong>magis</strong></span> <span class='ocrx_word' id='word_1_211' title='bbox 3155 1412 3280 1469; x_wconf 81' lang='lat' dir='ltr'><strong>viva</strong></span> <span class='ocrx_word' id='word_1_212' title='bbox 3317 1428 3480 1484; x_wconf 80' lang='lat' dir='ltr'><strong>quam</strong></span> 
     </span>
    </p>
   </div>
   <div class='ocr_carea' id='block_1_29' title="bbox 1911 1499 2391 1568">
    <p class='ocr_par' dir='ltr' id='par_1_29' title="bbox 1911 1499 2391 1568">
     <span class='ocr_line' id='line_1_29' title="bbox 1911 1499 2391 1568; baseline 0.002 -15"><span class='ocrx_word' id='word_1_213' title='bbox 1911 1505 2125 1553; x_wconf 88' lang='lat' dir='ltr'><strong>mortua</strong></span> <span class='ocrx_word' id='word_1_214' title='bbox 2151 1499 2391 1568; x_wconf 81' lang='lat' dir='ltr'><strong>prodest.</strong></span> 
     </span>
    </p>
   </div>
   <div class='ocr_carea' id='block_1_30' title="bbox 1982 1587 3474 1667">
    <p class='ocr_par' dir='ltr' id='par_1_30' title="bbox 1982 1587 3474 1667">
     <span class='ocr_line' id='line_1_30' title="bbox 1982 1587 3474 1667; baseline 0.005 -24"><span class='ocrx_word' id='word_1_215' title='bbox 1982 1587 2243 1654; x_wconf 70' lang='lat' dir='ltr'><strong>Quoniam</strong></span> <span class='ocrx_word' id='word_1_216' title='bbox 2291 1591 2587 1660; x_wconf 74' lang='lat' dir='ltr'><strong>confundor</strong></span> <span class='ocrx_word' id='word_1_217' title='bbox 2619 1592 2679 1648; x_wconf 80' lang='lat' dir='ltr'><strong>in</strong></span> <span class='ocrx_word' id='word_1_218' title='bbox 2721 1593 2884 1648; x_wconf 77' lang='lat' dir='ltr'><strong>vobis.</strong></span> <span class='ocrx_word' id='word_1_219' title='bbox 2925 1593 3309 1663; x_wconf 83' lang='lat' dir='ltr'><strong>Confunditur,</strong></span> <span class='ocrx_word' id='word_1_220' title='bbox 3348 1597 3474 1667; x_wconf 85' lang='lat' dir='ltr'><strong>quia</strong></span> 
     </span>
    </p>
   </div>
   <div class='ocr_carea' id='block_1_31' title="bbox 1913 1677 3480 1752">
    <p class='ocr_par' dir='ltr' id='par_1_31' title="bbox 1913 1677 3480 1752">
     <span class='ocr_line' id='line_1_31' title="bbox 1913 1677 3480 1752; baseline 0.006 -20"><span class='ocrx_word' id='word_1_221' title='bbox 1913 1677 2012 1732; x_wconf 83' lang='lat' dir='ltr'><strong>ﬁlii</strong></span> <span class='ocrx_word' id='word_1_222' title='bbox 2047 1677 2226 1736; x_wconf 81' lang='lat' dir='ltr'><strong>ell&#39;ecti</strong></span> <span class='ocrx_word' id='word_1_223' title='bbox 2261 1681 2409 1735; x_wconf 84' lang='lat' dir='ltr'><strong>servi</strong></span> <span class='ocrx_word' id='word_1_224' title='bbox 2441 1696 2560 1737; x_wconf 82' lang='lat' dir='ltr'><strong>esse</strong></span> <span class='ocrx_word' id='word_1_225' title='bbox 2588 1691 2891 1752; x_wconf 70' lang='lat' dir='ltr'><strong>coeperunt.</strong></span> <span class='ocrx_word' id='word_1_226' title='bbox 2925 1683 3186 1749; x_wconf 77' lang='lat' dir='ltr'><strong>Quoniam</strong></span> <span class='ocrx_word' id='word_1_227' title='bbox 3213 1686 3480 1741; x_wconf 72' lang='lat' dir='ltr'><strong>Abraham</strong></span> 
     </span>
    </p>
   </div>
   <div class='ocr_carea' id='block_1_32' title="bbox 1913 1769 3486 1846">
    <p class='ocr_par' dir='ltr' id='par_1_32' title="bbox 1913 1769 3486 1846">
     <span class='ocr_line' id='line_1_32' title="bbox 1913 1769 3486 1846; baseline 0.006 -24"><span class='ocrx_word' id='word_1_228' title='bbox 1913 1769 2050 1826; x_wconf 76' lang='lat' dir='ltr'><strong>duos</strong></span> <span class='ocrx_word' id='word_1_229' title='bbox 2073 1769 2213 1839; x_wconf 74' lang='lat' dir='ltr'><strong>ﬁlios</strong></span> <span class='ocrx_word' id='word_1_230' title='bbox 2234 1771 2436 1826; x_wconf 82' lang='lat' dir='ltr'><strong>habuit.</strong></span> <span class='ocrx_word' id='word_1_231' title='bbox 2473 1772 2632 1828; x_wconf 84' lang='lat' dir='ltr'><strong>Dedit</strong></span> <span class='ocrx_word' id='word_1_232' title='bbox 2653 1781 2832 1830; x_wconf 82' lang='lat' dir='ltr'><strong>autem</strong></span> <span class='ocrx_word' id='word_1_233' title='bbox 2868 1775 3110 1846; x_wconf 78' lang='lat' dir='ltr'><strong>regulam</strong></span> <span class='ocrx_word' id='word_1_234' title='bbox 3140 1788 3209 1830; x_wconf 90' lang='lat' dir='ltr'><strong>ex</strong></span> <span class='ocrx_word' id='word_1_235' title='bbox 3239 1777 3342 1832; x_wconf 88' lang='lat' dir='ltr'><strong>hoc</strong></span> <span class='ocrx_word' id='word_1_236' title='bbox 3366 1777 3486 1832; x_wconf 90' lang='lat' dir='ltr'><strong>loco</strong></span> 
     </span>
    </p>
   </div>
   <div class='ocr_carea' id='block_1_33' title="bbox 241 1846 3488 1934">
    <p class='ocr_par' dir='ltr' id='par_1_33' title="bbox 241 1846 3488 1934">
     <span class='ocr_line' id='line_1_33' title="bbox 241 1846 3488 1934; baseline 0.001 -15"><span class='ocrx_word' id='word_1_237' title='bbox 241 1877 410 1933; x_wconf 84' lang='lat' dir='ltr'><strong>quam</strong></span> <span class='ocrx_word' id='word_1_238' title='bbox 449 1863 571 1919; x_wconf 84' lang='lat' dir='ltr'><strong>sine</strong></span> <span class='ocrx_word' id='word_1_239' title='bbox 605 1862 952 1918; x_wconf 83' lang='lat' dir='ltr'><strong>revocatione</strong></span> <span class='ocrx_word' id='word_1_240' title='bbox 997 1862 1103 1917; x_wconf 83' lang='lat' dir='ltr'><strong>sibi</strong></span> <span class='ocrx_word' id='word_1_241' title='bbox 1146 1877 1406 1931; x_wconf 81' lang='lat' dir='ltr'><strong>arrogare</strong></span> <span class='ocrx_word' id='word_1_242' title='bbox 1470 1877 1531 1918; x_wconf 87' lang='lat' dir='ltr'><strong>se</strong></span> <span class='ocrx_word' id='word_1_243' title='bbox 1577 1864 1817 1932; x_wconf 76' lang='lat' dir='ltr'><strong>potuisse</strong></span> <span class='ocrx_word' id='word_1_244' title='bbox 1840 1846 1890 1910; x_wconf 83' lang='grc' dir='ltr'><strong>Β</strong></span> <span class='ocrx_word' id='word_1_245' title='bbox 1917 1858 2228 1929; x_wconf 80' lang='lat' dir='ltr'><strong>Apostolus.</strong></span> <span class='ocrx_word' id='word_1_246' title='bbox 2269 1861 2602 1934; x_wconf 75' lang='lat' dir='ltr'><strong>intelligendi</strong></span> <span class='ocrx_word' id='word_1_247' title='bbox 2641 1863 2958 1934; x_wconf 76' lang='lat' dir='ltr'><strong>allegoricae</strong></span> <span class='ocrx_word' id='word_1_248' title='bbox 2985 1866 3242 1932; x_wconf 76' lang='lat' dir='ltr'><strong>rationes,</strong></span> <span class='ocrx_word' id='word_1_249' title='bbox 3274 1867 3488 1924; x_wconf 83' lang='lat' dir='ltr'><strong>scilicet</strong></span> 
     </span>
    </p>
   </div>
   <div class='ocr_carea' id='block_1_34' title="bbox 241 1953 1818 2027">
    <p class='ocr_par' dir='ltr' id='par_1_34' title="bbox 241 1953 1818 2027">
     <span class='ocr_line' id='line_1_34' title="bbox 241 1953 1818 2027; baseline -0.001 -18"><span class='ocrx_word' id='word_1_250' title='bbox 241 1956 392 2026; x_wconf 87' lang='lat' dir='ltr'><strong>quod</strong></span> <span class='ocrx_word' id='word_1_251' title='bbox 432 1957 515 2018; x_wconf 83' lang='lat' dir='ltr'><strong>eis</strong></span> <span class='ocrx_word' id='word_1_252' title='bbox 546 1971 709 2027; x_wconf 81' lang='lat' dir='ltr'><strong>posse</strong></span> <span class='ocrx_word' id='word_1_253' title='bbox 731 1955 826 2010; x_wconf 74' lang='lat' dir='ltr'><strong>ille</strong></span> <span class='ocrx_word' id='word_1_254' title='bbox 854 1955 1170 2009; x_wconf 69' lang='lat' dir='ltr'><strong>limaverat.</strong></span> <span class='ocrx_word' id='word_1_255' title='bbox 1207 1953 1288 2006; x_wconf 77' lang='lat' dir='ltr'><strong>Ad</strong></span> <span class='ocrx_word' id='word_1_256' title='bbox 1322 1953 1536 2021; x_wconf 70' lang='lat' dir='ltr'><strong>inﬁrma</strong></span> <span class='ocrx_word' id='word_1_257' title='bbox 1577 1962 1626 2007; x_wconf 84' lang='lat' dir='ltr'><strong>et</strong></span> <span class='ocrx_word' id='word_1_258' title='bbox 1657 1971 1818 2024; x_wconf 74' lang='lat' dir='ltr'><strong>egena</strong></span> 
     </span>
    </p>
   </div>
   <div class='ocr_carea' id='block_1_35' title="bbox 241 2040 1818 2112">
    <p class='ocr_par' dir='ltr' id='par_1_35' title="bbox 241 2040 1818 2112">
     <span class='ocr_line' id='line_1_35' title="bbox 241 2040 1818 2112; baseline -0.002 -13"><span class='ocrx_word' id='word_1_259' title='bbox 241 2044 518 2100; x_wconf 74' lang='lat' dir='ltr'><strong>elementa.</strong></span> <span class='ocrx_word' id='word_1_260' title='bbox 563 2044 696 2112; x_wconf 61' lang='lat' dir='ltr'><strong>Quae</strong></span> <span class='ocrx_word' id='word_1_261' title='bbox 731 2058 878 2099; x_wconf 86' lang='lat' dir='ltr'><strong>nunc</strong></span> <span class='ocrx_word' id='word_1_262' title='bbox 915 2040 1128 2096; x_wconf 74' lang='lat' dir='ltr'><strong>inﬁrma</strong></span> <span class='ocrx_word' id='word_1_263' title='bbox 1166 2049 1222 2095; x_wconf 84' lang='lat' dir='ltr'><strong>et</strong></span> <span class='ocrx_word' id='word_1_264' title='bbox 1247 2055 1415 2110; x_wconf 86' lang='lat' dir='ltr'><strong>egena</strong></span> <span class='ocrx_word' id='word_1_265' title='bbox 1453 2041 1609 2107; x_wconf 81' lang='lat' dir='ltr'><strong>dicit,</strong></span> <span class='ocrx_word' id='word_1_266' title='bbox 1652 2057 1818 2111; x_wconf 84' lang='lat' dir='ltr'><strong>supe-</strong></span> 
     </span>
    </p>
   </div>
   <div class='ocr_carea' id='block_1_36' title="bbox 239 2132 1822 2204">
    <p class='ocr_par' dir='ltr' id='par_1_36' title="bbox 239 2132 1822 2204">
     <span class='ocr_line' id='line_1_36' title="bbox 239 2132 1822 2204; baseline 0 -14"><span class='ocrx_word' id='word_1_267' title='bbox 239 2137 361 2194; x_wconf 86' lang='lat' dir='ltr'><strong>rius</strong></span> <span class='ocrx_word' id='word_1_268' title='bbox 394 2137 581 2194; x_wconf 89' lang='lat' dir='ltr'><strong>mundi</strong></span> <span class='ocrx_word' id='word_1_269' title='bbox 608 2137 875 2193; x_wconf 84' lang='lat' dir='ltr'><strong>elementa</strong></span> <span class='ocrx_word' id='word_1_270' title='bbox 911 2133 1112 2204; x_wconf 81' lang='lat' dir='ltr'><strong>posuit.</strong></span> <span class='ocrx_word' id='word_1_271' title='bbox 1159 2132 1377 2188; x_wconf 87' lang='lat' dir='ltr'><strong>Inllrma</strong></span> <span class='ocrx_word' id='word_1_272' title='bbox 1418 2142 1598 2192; x_wconf 82' lang='lat' dir='ltr'><strong>autem</strong></span> <span class='ocrx_word' id='word_1_273' title='bbox 1633 2133 1822 2190; x_wconf 86' lang='lat' dir='ltr'><strong>dicun-</strong></span> 
     </span>
    </p>
   </div>
   <div class='ocr_carea' id='block_1_37' title="bbox 235 2223 1816 2299">
    <p class='ocr_par' dir='ltr' id='par_1_37' title="bbox 235 2223 1816 2299">
     <span class='ocr_line' id='line_1_37' title="bbox 235 2223 1816 2299; baseline 0 -17"><span class='ocrx_word' id='word_1_274' title='bbox 235 2234 359 2298; x_wconf 64' lang='grc' dir='ltr'><strong>ιιι,</strong></span> <span class='ocrx_word' id='word_1_275' title='bbox 387 2229 516 2298; x_wconf 86' lang='lat' dir='ltr'><strong>quia</strong></span> <span class='ocrx_word' id='word_1_276' title='bbox 539 2228 673 2283; x_wconf 86' lang='lat' dir='ltr'><strong>nihil</strong></span> <span class='ocrx_word' id='word_1_277' title='bbox 705 2233 932 2299; x_wconf 87' lang='lat' dir='ltr'><strong>possunt</strong></span> <span class='ocrx_word' id='word_1_278' title='bbox 961 2225 1049 2279; x_wconf 84' lang='lat' dir='ltr'><strong>his</strong></span> <span class='ocrx_word' id='word_1_279' title='bbox 1089 2223 1182 2294; x_wconf 86' lang='lat' dir='ltr'><strong>qui</strong></span> <span class='ocrx_word' id='word_1_280' title='bbox 1231 2238 1290 2280; x_wconf 84' lang='lat' dir='ltr'><strong>se</strong></span> <span class='ocrx_word' id='word_1_281' title='bbox 1335 2224 1586 2280; x_wconf 81' lang='lat' dir='ltr'><strong>aderant.</strong></span> <span class='ocrx_word' id='word_1_282' title='bbox 1629 2226 1816 2298; x_wconf 83' lang='lat' dir='ltr'><strong>Egena</strong></span> 
     </span>
    </p>
   </div>
   <div class='ocr_carea' id='block_1_38' title="bbox 233 2303 1822 2390">
    <p class='ocr_par' dir='ltr' id='par_1_38' title="bbox 233 2303 1822 2390">
     <span class='ocr_line' id='line_1_38' title="bbox 233 2303 1822 2390; baseline 0.001 -18"><span class='ocrx_word' id='word_1_283' title='bbox 233 2333 402 2386; x_wconf 82' lang='lat' dir='ltr'><strong>vero,</strong></span> <span class='ocrx_word' id='word_1_284' title='bbox 440 2323 582 2390; x_wconf 89' lang='lat' dir='ltr'><strong>quod</strong></span> <span class='ocrx_word' id='word_1_285' title='bbox 612 2319 790 2374; x_wconf 82' lang='lat' dir='ltr'><strong>divina</strong></span> <span class='ocrx_word' id='word_1_286' title='bbox 818 2303 1208 2390; x_wconf 67' lang='lat' dir='ltr'><strong>gubernatione</strong></span> <span class='ocrx_word' id='word_1_287' title='bbox 1237 2324 1450 2386; x_wconf 84' lang='lat' dir='ltr'><strong>egeant.</strong></span> <span class='ocrx_word' id='word_1_288' title='bbox 1492 2316 1616 2372; x_wconf 79' lang='lat' dir='ltr'><strong>Dies</strong></span> <span class='ocrx_word' id='word_1_289' title='bbox 1643 2318 1822 2373; x_wconf 73' lang='lat' dir='ltr'><strong>obser-</strong></span> 
     </span>
    </p>
   </div>
   <div class='ocr_carea' id='block_1_39' title="bbox 233 2406 1818 2484">
    <p class='ocr_par' dir='ltr' id='par_1_39' title="bbox 233 2406 1818 2484">
     <span class='ocr_line' id='line_1_39' title="bbox 233 2406 1818 2484; baseline 0.001 -19"><span class='ocrx_word' id='word_1_290' title='bbox 233 2410 399 2465; x_wconf 68' lang='lat' dir='ltr'><strong>uatis.</strong></span> <span class='ocrx_word' id='word_1_291' title='bbox 425 2407 566 2465; x_wconf 85' lang='lat' dir='ltr'><strong>Sunt</strong></span> <span class='ocrx_word' id='word_1_292' title='bbox 591 2409 833 2480; x_wconf 69' lang='lat' dir='ltr'><strong>quaedam</strong></span> <span class='ocrx_word' id='word_1_293' title='bbox 875 2423 994 2484; x_wconf 76' lang='lat' dir='ltr'><strong>qua:</strong></span> <span class='ocrx_word' id='word_1_294' title='bbox 1033 2406 1306 2463; x_wconf 87' lang='lat' dir='ltr'><strong>levissima</strong></span> <span class='ocrx_word' id='word_1_295' title='bbox 1332 2415 1676 2477; x_wconf 81' lang='lat' dir='ltr'><strong>putarentur,</strong></span> <span class='ocrx_word' id='word_1_296' title='bbox 1711 2410 1818 2467; x_wconf 83' lang='lat' dir='ltr'><strong>nisi</strong></span> 
     </span>
    </p>
   </div>
   <div class='ocr_carea' id='block_1_40' title="bbox 234 2499 1809 2572">
    <p class='ocr_par' dir='ltr' id='par_1_40' title="bbox 234 2499 1809 2572">
     <span class='ocr_line' id='line_1_40' title="bbox 234 2499 1809 2572; baseline 0.001 -16"><span class='ocrx_word' id='word_1_297' title='bbox 234 2501 297 2556; x_wconf 86' lang='lat' dir='ltr'><strong>in</strong></span> <span class='ocrx_word' id='word_1_298' title='bbox 345 2499 646 2571; x_wconf 81' lang='lat' dir='ltr'><strong>Scripturis</strong></span> <span class='ocrx_word' id='word_1_299' title='bbox 665 2515 670 2520; x_wconf 83' lang='lat'><strong><em>‘</em></strong></span> <span class='ocrx_word' id='word_1_300' title='bbox 689 2501 1190 2557; x_wconf 85' lang='lat' dir='ltr'><strong>demonstrarentur</strong></span> <span class='ocrx_word' id='word_1_301' title='bbox 1238 2500 1492 2571; x_wconf 89' lang='lat' dir='ltr'><strong>opinlone</strong></span> <span class='ocrx_word' id='word_1_302' title='bbox 1535 2502 1809 2572; x_wconf 77' lang='lat' dir='ltr'><strong>graviora.</strong></span> 
     </span>
    </p>
   </div>
   <div class='ocr_carea' id='block_1_41' title="bbox 235 2590 1820 2667">
    <p class='ocr_par' dir='ltr' id='par_1_41' title="bbox 235 2590 1820 2667">
     <span class='ocr_line' id='line_1_41' title="bbox 235 2590 1820 2667; baseline 0.002 -22"><span class='ocrx_word' id='word_1_303' title='bbox 235 2590 376 2658; x_wconf 81' lang='lat' dir='ltr'><strong>Quis</strong></span> <span class='ocrx_word' id='word_1_304' title='bbox 411 2590 708 2648; x_wconf 65' lang='lat' dir='ltr'><strong>aestimaret</strong></span> <span class='ocrx_word' id='word_1_305' title='bbox 753 2592 897 2647; x_wconf 81' lang='lat' dir='ltr'><strong>enim</strong></span> <span class='ocrx_word' id='word_1_306' title='bbox 941 2591 1085 2662; x_wconf 89' lang='lat' dir='ltr'><strong>quod</strong></span> <span class='ocrx_word' id='word_1_307' title='bbox 1128 2606 1381 2663; x_wconf 89' lang='lat' dir='ltr'><strong>magnum</strong></span> <span class='ocrx_word' id='word_1_308' title='bbox 1423 2602 1707 2667; x_wconf 78' lang='lat' dir='ltr'><strong>peccatum</strong></span> <span class='ocrx_word' id='word_1_309' title='bbox 1748 2593 1820 2648; x_wconf 86' lang='lat' dir='ltr'><strong>sit</strong></span> 
     </span>
    </p>
   </div>
   <div class='ocr_carea' id='block_1_42' title="bbox 238 2681 1820 2755">
    <p class='ocr_par' dir='ltr' id='par_1_42' title="bbox 238 2681 1820 2755">
     <span class='ocr_line' id='line_1_42' title="bbox 238 2681 1820 2755; baseline 0.003 -17"><span class='ocrx_word' id='word_1_310' title='bbox 238 2681 361 2739; x_wconf 85' lang='lat' dir='ltr'><strong>dies</strong></span> <span class='ocrx_word' id='word_1_311' title='bbox 384 2681 677 2740; x_wconf 85' lang='lat' dir='ltr'><strong>observare</strong></span> <span class='ocrx_word' id='word_1_312' title='bbox 699 2692 754 2739; x_wconf 90' lang='lat' dir='ltr'><strong>et</strong></span> <span class='ocrx_word' id='word_1_313' title='bbox 775 2699 1009 2750; x_wconf 86' lang='lat' dir='ltr'><strong>menses,</strong></span> <span class='ocrx_word' id='word_1_314' title='bbox 1040 2691 1094 2740; x_wconf 88' lang='lat' dir='ltr'><strong>et</strong></span> <span class='ocrx_word' id='word_1_315' title='bbox 1115 2697 1285 2739; x_wconf 86' lang='lat' dir='ltr'><strong>annos</strong></span> <span class='ocrx_word' id='word_1_316' title='bbox 1306 2692 1358 2740; x_wconf 90' lang='lat' dir='ltr'><strong>et</strong></span> <span class='ocrx_word' id='word_1_317' title='bbox 1381 2692 1654 2755; x_wconf 81' lang='lat' dir='ltr'><strong>tempora,</strong></span> <span class='ocrx_word' id='word_1_318' title='bbox 1675 2686 1820 2742; x_wconf 85' lang='lat' dir='ltr'><strong>sicut</strong></span> 
     </span>
    </p>
   </div>
   <div class='ocr_carea' id='block_1_43' title="bbox 236 2775 1819 2852">
    <p class='ocr_par' dir='ltr' id='par_1_43' title="bbox 236 2775 1819 2852">
     <span class='ocr_line' id='line_1_43' title="bbox 236 2775 1819 2852; baseline 0.002 -21"><span class='ocrx_word' id='word_1_319' title='bbox 236 2775 531 2832; x_wconf 76' lang='lat' dir='ltr'><strong>observant</strong></span> <span class='ocrx_word' id='word_1_320' title='bbox 578 2777 670 2848; x_wconf 89' lang='lat' dir='ltr'><strong>qui</strong></span> <span class='ocrx_word' id='word_1_321' title='bbox 730 2777 895 2833; x_wconf 84' lang='lat' dir='ltr'><strong>certis</strong></span> <span class='ocrx_word' id='word_1_322' title='bbox 948 2777 1158 2844; x_wconf 88' lang='lat' dir='ltr'><strong>diebus,</strong></span> <span class='ocrx_word' id='word_1_323' title='bbox 1209 2779 1322 2852; x_wconf 80' lang='lat' dir='ltr'><strong>sive</strong></span> <span class='ocrx_word' id='word_1_324' title='bbox 1365 2778 1663 2845; x_wconf 84' lang='lat' dir='ltr'><strong>mensibus,</strong></span> <span class='ocrx_word' id='word_1_325' title='bbox 1704 2779 1819 2835; x_wconf 84' lang='lat' dir='ltr'><strong>sive</strong></span> 
     </span>
    </p>
   </div>
   <div class='ocr_carea' id='block_1_44' title="bbox 239 2868 1818 2944">
    <p class='ocr_par' dir='ltr' id='par_1_44' title="bbox 239 2868 1818 2944">
     <span class='ocr_line' id='line_1_44' title="bbox 239 2868 1818 2944; baseline 0.001 -19"><span class='ocrx_word' id='word_1_326' title='bbox 239 2870 423 2936; x_wconf 83' lang='lat' dir='ltr'><strong>annis,</strong></span> <span class='ocrx_word' id='word_1_327' title='bbox 449 2869 639 2926; x_wconf 89' lang='lat' dir='ltr'><strong>volunt</strong></span> <span class='ocrx_word' id='word_1_328' title='bbox 668 2870 754 2926; x_wconf 85' lang='lat' dir='ltr'><strong>vel</strong></span> <span class='ocrx_word' id='word_1_329' title='bbox 784 2869 975 2925; x_wconf 86' lang='lat' dir='ltr'><strong>nolunt</strong></span> <span class='ocrx_word' id='word_1_330' title='bbox 1004 2868 1205 2940; x_wconf 81' lang='lat' dir='ltr'><strong>aliquid</strong></span> <span class='ocrx_word' id='word_1_331' title='bbox 1243 2871 1517 2935; x_wconf 83' lang='lat' dir='ltr'><strong>inchoare,</strong></span> <span class='ocrx_word' id='word_1_332' title='bbox 1570 2885 1636 2926; x_wconf 92' lang='lat' dir='ltr'><strong>eo</strong></span> <span class='ocrx_word' id='word_1_333' title='bbox 1673 2869 1818 2944; x_wconf 88' lang='lat' dir='ltr'><strong>quod</strong></span> 
     </span>
    </p>
   </div>
   <div class='ocr_carea' id='block_1_45' title="bbox 239 2961 1816 3028">
    <p class='ocr_par' dir='ltr' id='par_1_45' title="bbox 239 2961 1816 3028">
     <span class='ocr_line' id='line_1_45' title="bbox 239 2961 1816 3028; baseline 0.001 -12"><span class='ocrx_word' id='word_1_334' title='bbox 239 2963 538 3016; x_wconf 84' lang='lat' dir='ltr'><strong>secundum</strong></span> <span class='ocrx_word' id='word_1_335' title='bbox 581 2962 853 3017; x_wconf 83' lang='lat' dir='ltr'><strong>doctrinas</strong></span> <span class='ocrx_word' id='word_1_336' title='bbox 892 2977 1063 3017; x_wconf 87' lang='lat' dir='ltr'><strong>vanas</strong></span> <span class='ocrx_word' id='word_1_337' title='bbox 1090 2961 1372 3028; x_wconf 85' lang='lat' dir='ltr'><strong>hominum</strong></span> <span class='ocrx_word' id='word_1_338' title='bbox 1407 2961 1583 3018; x_wconf 82' lang='lat' dir='ltr'><strong>fausta</strong></span> <span class='ocrx_word' id='word_1_339' title='bbox 1613 2962 1697 3018; x_wconf 85' lang='lat' dir='ltr'><strong>vel</strong></span> <span class='ocrx_word' id='word_1_340' title='bbox 1729 2963 1816 3017; x_wconf 81' lang='lat' dir='ltr'><strong>ia-</strong></span> 
     </span>
    </p>
   </div>
   <div class='ocr_carea' id='block_1_46' title="bbox 241 3050 1818 3126">
    <p class='ocr_par' dir='ltr' id='par_1_46' title="bbox 241 3050 1818 3126">
     <span class='ocr_line' id='line_1_46' title="bbox 241 3050 1818 3126; baseline 0.002 -21"><span class='ocrx_word' id='word_1_341' title='bbox 241 3050 423 3106; x_wconf 77' lang='lat' dir='ltr'><strong>fausta</strong></span> <span class='ocrx_word' id='word_1_342' title='bbox 447 3051 828 3107; x_wconf 78' lang='lat' dir='ltr'><strong>existimentur</strong></span> <span class='ocrx_word' id='word_1_343' title='bbox 847 3057 1121 3126; x_wconf 87' lang='lat' dir='ltr'><strong>tempora,</strong></span> <span class='ocrx_word' id='word_1_344' title='bbox 1145 3051 1249 3106; x_wconf 88' lang='lat' dir='ltr'><strong>nisi</strong></span> <span class='ocrx_word' id='word_1_345' title='bbox 1272 3052 1397 3106; x_wconf 85' lang='lat' dir='ltr'><strong>mali</strong></span> <span class='ocrx_word' id='word_1_346' title='bbox 1426 3051 1587 3121; x_wconf 82' lang='lat' dir='ltr'><strong>hujus</strong></span> <span class='ocrx_word' id='word_1_347' title='bbox 1613 3052 1818 3124; x_wconf 79' lang='lat' dir='ltr'><strong>magni-</strong></span> 
     </span>
    </p>
   </div>
   <div class='ocr_carea' id='block_1_47' title="bbox 240 3143 1888 3252">
    <p class='ocr_par' dir='ltr' id='par_1_47' title="bbox 240 3143 1888 3252">
     <span class='ocr_line' id='line_1_47' title="bbox 240 3143 1888 3252; baseline 0.001 -52"><span class='ocrx_word' id='word_1_348' title='bbox 240 3145 480 3201; x_wconf 86' lang='lat' dir='ltr'><strong>tudinem</strong></span> <span class='ocrx_word' id='word_1_349' title='bbox 507 3160 572 3200; x_wconf 82' lang='lat' dir='ltr'><strong>ex</strong></span> <span class='ocrx_word' id='word_1_350' title='bbox 601 3146 800 3201; x_wconf 86' lang='lat' dir='ltr'><strong>timore</strong></span> <span class='ocrx_word' id='word_1_351' title='bbox 821 3143 1062 3216; x_wconf 83' lang='lat' dir='ltr'><strong>Apostoli</strong></span> <span class='ocrx_word' id='word_1_352' title='bbox 1088 3147 1475 3216; x_wconf 84' lang='lat' dir='ltr'><strong>pensaremus?</strong></span> <span class='ocrx_word' id='word_1_353' title='bbox 1499 3146 1592 3215; x_wconf 91' lang='lat' dir='ltr'><strong>qni</strong></span> <span class='ocrx_word' id='word_1_354' title='bbox 1613 3145 1814 3202; x_wconf 85' lang='lat' dir='ltr'><strong>talibus</strong></span> <span class='ocrx_word' id='word_1_355' title='bbox 1832 3185 1888 3252; x_wconf 59' lang='grc' dir='ltr'>ϐ</span> 
     </span>
    </p>
   </div>
   <div class='ocr_carea' id='block_1_48' title="bbox 241 3232 1815 3305">
    <p class='ocr_par' dir='ltr' id='par_1_48' title="bbox 241 3232 1815 3305">
     <span class='ocr_line' id='line_1_48' title="bbox 241 3232 1815 3305; baseline -0.001 -14"><span class='ocrx_word' id='word_1_356' title='bbox 241 3235 321 3291; x_wconf 85' lang='lat' dir='ltr'><strong>ait</strong></span> <span class='ocrx_word' id='word_1_357' title='bbox 345 3249 360 3289; x_wconf 93' lang='lat'><strong>:</strong></span> <span class='ocrx_word' id='word_1_358' title='bbox 385 3233 567 3290; x_wconf 89' lang='lat' dir='ltr'><strong>Timeo</strong></span> <span class='ocrx_word' id='word_1_359' title='bbox 610 3251 698 3290; x_wconf 85' lang='lat' dir='ltr'><strong>vos</strong></span> <span class='ocrx_word' id='word_1_360' title='bbox 743 3251 808 3289; x_wconf 82' lang='lat' dir='ltr'><strong>ne</strong></span> <span class='ocrx_word' id='word_1_361' title='bbox 851 3232 987 3305; x_wconf 82' lang='lat' dir='ltr'><strong>forte</strong></span> <span class='ocrx_word' id='word_1_362' title='bbox 1027 3235 1140 3290; x_wconf 83' lang='lat' dir='ltr'><strong>sine</strong></span> <span class='ocrx_word' id='word_1_363' title='bbox 1177 3251 1341 3290; x_wconf 86' lang='lat' dir='ltr'><strong>causa</strong></span> <span class='ocrx_word' id='word_1_364' title='bbox 1377 3233 1718 3290; x_wconf 81' lang='lat' dir='ltr'><strong>laboraverim</strong></span> <span class='ocrx_word' id='word_1_365' title='bbox 1757 3236 1815 3290; x_wconf 88' lang='lat' dir='ltr'><strong>in</strong></span> 
     </span>
    </p>
   </div>
   <div class='ocr_carea' id='block_1_49' title="bbox 238 3323 1809 3398">
    <p class='ocr_par' dir='ltr' id='par_1_49' title="bbox 238 3323 1809 3398">
     <span class='ocr_line' id='line_1_49' title="bbox 238 3323 1809 3398; baseline 0 -17"><span class='ocrx_word' id='word_1_366' title='bbox 238 3326 405 3382; x_wconf 74' lang='lat' dir='ltr'><strong>vobis.</strong></span> <span class='ocrx_word' id='word_1_367' title='bbox 433 3325 582 3382; x_wconf 76' lang='lat' dir='ltr'><strong>Nihil</strong></span> <span class='ocrx_word' id='word_1_368' title='bbox 612 3326 759 3382; x_wconf 91' lang='lat' dir='ltr'><strong>enim</strong></span> <span class='ocrx_word' id='word_1_369' title='bbox 783 3323 990 3398; x_wconf 77' lang='lat' dir='ltr'><strong>profeci</strong></span> <span class='ocrx_word' id='word_1_370' title='bbox 1025 3337 1123 3382; x_wconf 87' lang='lat' dir='ltr'><strong>vos</strong></span> <span class='ocrx_word' id='word_1_371' title='bbox 1163 3323 1412 3382; x_wconf 78' lang='lat' dir='ltr'><strong>faciendo</strong></span> <span class='ocrx_word' id='word_1_372' title='bbox 1453 3323 1809 3394; x_wconf 87' lang='lat' dir='ltr'><strong>Christianos,</strong></span> 
     </span>
    </p>
   </div>
   <div class='ocr_carea' id='block_1_50' title="bbox 240 3415 992 3472">
    <p class='ocr_par' dir='ltr' id='par_1_50' title="bbox 240 3415 992 3472">
     <span class='ocr_line' id='line_1_50' title="bbox 240 3415 992 3472; baseline -0.001 -1"><span class='ocrx_word' id='word_1_373' title='bbox 240 3415 289 3471; x_wconf 87' lang='lat' dir='ltr'><strong>si</strong></span> <span class='ocrx_word' id='word_1_374' title='bbox 315 3415 422 3470; x_wconf 85' lang='lat' dir='ltr'><strong>ista</strong></span> <span class='ocrx_word' id='word_1_375' title='bbox 448 3415 647 3472; x_wconf 87' lang='lat' dir='ltr'><strong>iterum</strong></span> <span class='ocrx_word' id='word_1_376' title='bbox 673 3415 992 3472; x_wconf 85' lang='lat' dir='ltr'><strong>observetis.</strong></span> 
     </span>
    </p>
   </div>
   <div class='ocr_carea' id='block_1_51' title="bbox 315 3505 1809 3580">
    <p class='ocr_par' dir='ltr' id='par_1_51' title="bbox 315 3505 1809 3580">
     <span class='ocr_line' id='line_1_51' title="bbox 315 3505 1809 3580; baseline 0.003 -20"><span class='ocrx_word' id='word_1_377' title='bbox 315 3505 495 3562; x_wconf 82' lang='lat' dir='ltr'><strong>Estote</strong></span> <span class='ocrx_word' id='word_1_378' title='bbox 523 3507 658 3562; x_wconf 79' lang='lat' dir='ltr'><strong>sicut</strong></span> <span class='ocrx_word' id='word_1_379' title='bbox 687 3516 736 3561; x_wconf 81' lang='lat' dir='ltr'><strong>et</strong></span> <span class='ocrx_word' id='word_1_380' title='bbox 756 3522 869 3580; x_wconf 87' lang='lat' dir='ltr'><strong>ego.</strong></span> <span class='ocrx_word' id='word_1_381' title='bbox 898 3505 995 3563; x_wconf 71' lang='lat' dir='ltr'><strong>Vel</strong></span> <span class='ocrx_word' id='word_1_382' title='bbox 1022 3513 1234 3564; x_wconf 76' lang='lat' dir='ltr'><strong>veteres</strong></span> <span class='ocrx_word' id='word_1_383' title='bbox 1255 3521 1471 3565; x_wconf 85' lang='lat' dir='ltr'><strong>errores</strong></span> <span class='ocrx_word' id='word_1_384' title='bbox 1491 3507 1809 3580; x_wconf 87' lang='lat' dir='ltr'><strong>relinquite,</strong></span> 
     </span>
    </p>
   </div>
   <div class='ocr_carea' id='block_1_52' title="bbox 244 3594 1814 3672">
    <p class='ocr_par' dir='ltr' id='par_1_52' title="bbox 244 3594 1814 3672">
     <span class='ocr_line' id='line_1_52' title="bbox 244 3594 1814 3672; baseline 0.002 -20"><span class='ocrx_word' id='word_1_385' title='bbox 244 3594 394 3652; x_wconf 83' lang='lat' dir='ltr'><strong>sicut</strong></span> <span class='ocrx_word' id='word_1_386' title='bbox 419 3604 473 3651; x_wconf 85' lang='lat' dir='ltr'><strong>et</strong></span> <span class='ocrx_word' id='word_1_387' title='bbox 500 3612 598 3668; x_wconf 86' lang='lat' dir='ltr'><strong>ego</strong></span> <span class='ocrx_word' id='word_1_388' title='bbox 624 3595 838 3668; x_wconf 79' lang='lat' dir='ltr'><strong>reliqui,</strong></span> <span class='ocrx_word' id='word_1_389' title='bbox 879 3595 966 3652; x_wconf 86' lang='lat' dir='ltr'><strong>vel</strong></span> <span class='ocrx_word' id='word_1_390' title='bbox 994 3596 1048 3652; x_wconf 89' lang='lat' dir='ltr'><strong>in</strong></span> <span class='ocrx_word' id='word_1_391' title='bbox 1078 3597 1328 3654; x_wconf 86' lang='lat' dir='ltr'><strong>omnibus</strong></span> <span class='ocrx_word' id='word_1_392' title='bbox 1363 3597 1667 3654; x_wconf 87' lang='lat' dir='ltr'><strong>imitatores</strong></span> <span class='ocrx_word' id='word_1_393' title='bbox 1705 3599 1814 3672; x_wconf 78' lang='lat' dir='ltr'><strong>mel</strong></span> 
     </span>
    </p>
   </div>
   <div class='ocr_carea' id='block_1_53' title="bbox 243 3677 1814 3764">
    <p class='ocr_par' dir='ltr' id='par_1_53' title="bbox 243 3677 1814 3764">
     <span class='ocr_line' id='line_1_53' title="bbox 243 3677 1814 3764; baseline 0.003 -23"><span class='ocrx_word' id='word_1_394' title='bbox 243 3693 441 3741; x_wconf 84' lang='lat' dir='ltr'><strong>estote.</strong></span> <span class='ocrx_word' id='word_1_395' title='bbox 473 3683 730 3751; x_wconf 76' lang='lat' dir='ltr'><strong>Quoniam</strong></span> <span class='ocrx_word' id='word_1_396' title='bbox 758 3695 807 3741; x_wconf 83' lang='lat' dir='ltr'><strong>et</strong></span> <span class='ocrx_word' id='word_1_397' title='bbox 835 3703 927 3758; x_wconf 86' lang='lat' dir='ltr'><strong>ego</strong></span> <span class='ocrx_word' id='word_1_398' title='bbox 957 3688 1091 3742; x_wconf 88' lang='lat' dir='ltr'><strong>sicut</strong></span> <span class='ocrx_word' id='word_1_399' title='bbox 1110 3697 1156 3742; x_wconf 80' lang='lat' dir='ltr'><strong>et</strong></span> <span class='ocrx_word' id='word_1_400' title='bbox 1180 3677 1290 3742; x_wconf 80' lang='lat' dir='ltr'><strong>vos.</strong></span> <span class='ocrx_word' id='word_1_401' title='bbox 1313 3687 1370 3744; x_wconf 90' lang='lat' dir='ltr'><strong>Id</strong></span> <span class='ocrx_word' id='word_1_402' title='bbox 1389 3696 1491 3764; x_wconf 82' lang='lat' dir='ltr'><strong>est,</strong></span> <span class='ocrx_word' id='word_1_403' title='bbox 1521 3704 1710 3746; x_wconf 83' lang='lat' dir='ltr'><strong>errans</strong></span> <span class='ocrx_word' id='word_1_404' title='bbox 1736 3689 1814 3746; x_wconf 81' lang='lat' dir='ltr'><strong>fui</strong></span> 
     </span>
    </p>
   </div>
   <div class='ocr_carea' id='block_1_54' title="bbox 238 3773 1814 3856">
    <p class='ocr_par' dir='ltr' id='par_1_54' title="bbox 238 3773 1814 3856">
     <span class='ocr_line' id='line_1_54' title="bbox 238 3773 1814 3856; baseline 0.001 -26"><span class='ocrx_word' id='word_1_405' title='bbox 238 3773 552 3845; x_wconf 84' lang='lat' dir='ltr'><strong>aliquando,</strong></span> <span class='ocrx_word' id='word_1_406' title='bbox 585 3776 670 3832; x_wconf 85' lang='lat' dir='ltr'><strong>vel</strong></span> <span class='ocrx_word' id='word_1_407' title='bbox 704 3778 866 3834; x_wconf 85' lang='lat' dir='ltr'><strong>homo</strong></span> <span class='ocrx_word' id='word_1_408' title='bbox 887 3793 1009 3834; x_wconf 90' lang='lat' dir='ltr'><strong>sum</strong></span> <span class='ocrx_word' id='word_1_409' title='bbox 1038 3778 1179 3834; x_wconf 88' lang='lat' dir='ltr'><strong>sicut</strong></span> <span class='ocrx_word' id='word_1_410' title='bbox 1201 3785 1256 3832; x_wconf 87' lang='lat' dir='ltr'><strong>et</strong></span> <span class='ocrx_word' id='word_1_411' title='bbox 1282 3794 1399 3834; x_wconf 89' lang='lat' dir='ltr'><strong>vos.</strong></span> <span class='ocrx_word' id='word_1_412' title='bbox 1432 3779 1582 3834; x_wconf 78' lang='lat' dir='ltr'><strong>Nihil</strong></span> <span class='ocrx_word' id='word_1_413' title='bbox 1610 3797 1691 3834; x_wconf 82' lang='lat' dir='ltr'><strong>me</strong></span> <span class='ocrx_word' id='word_1_414' title='bbox 1719 3780 1814 3856; x_wconf 64' lang='grc' dir='ltr'><strong>ίῳ-</strong></span> 
     </span>
    </p>
   </div>
   <div class='ocr_carea' id='block_1_55' title="bbox 237 3856 1810 3942">
    <p class='ocr_par' dir='ltr' id='par_1_55' title="bbox 237 3856 1810 3942">
     <span class='ocr_line' id='line_1_55' title="bbox 237 3856 1810 3942; baseline 0.003 -19"><span class='ocrx_word' id='word_1_415' title='bbox 432 3865 494 3924; x_wconf 85' lang='lat' dir='ltr'><strong>Id</strong></span> <span class='ocrx_word' id='word_1_416' title='bbox 513 3877 616 3936; x_wconf 88' lang='lat' dir='ltr'><strong>est,</strong></span> <span class='ocrx_word' id='word_1_417' title='bbox 668 3871 949 3928; x_wconf 86' lang='lat' dir='ltr'><strong>ut.merito</strong></span> <span class='ocrx_word' id='word_1_418' title='bbox 977 3871 1241 3942; x_wconf 86' lang='lat' dir='ltr'><strong>putaretis</strong></span> <span class='ocrx_word' id='word_1_419' title='bbox 1266 3887 1353 3928; x_wconf 88' lang='lat' dir='ltr'><strong>me</strong></span> <span class='ocrx_word' id='word_1_420' title='bbox 1380 3873 1810 3940; x_wconf 85' lang='lat' dir='ltr'><strong>inimicitiarum,</strong></span> 
     </span>
    </p>
   </div>
   <div class='ocr_carea' id='block_1_56' title="bbox 237 3961 1813 4037">
    <p class='ocr_par' dir='ltr' id='par_1_56' title="bbox 237 3961 1813 4037">
     <span class='ocr_line' id='line_1_56' title="bbox 237 3961 1813 4037; baseline 0.003 -17"><span class='ocrx_word' id='word_1_421' title='bbox 237 3970 294 4020; x_wconf 83' lang='lat' dir='ltr'><strong>et</strong></span> <span class='ocrx_word' id='word_1_422' title='bbox 315 3979 424 4019; x_wconf 92' lang='lat' dir='ltr'><strong>non</strong></span> <span class='ocrx_word' id='word_1_423' title='bbox 445 3963 641 4020; x_wconf 83' lang='lat' dir='ltr'><strong>salutis</strong></span> <span class='ocrx_word' id='word_1_424' title='bbox 659 3973 854 4021; x_wconf 72' lang='lat' dir='ltr'><strong>vestrm</strong></span> <span class='ocrx_word' id='word_1_425' title='bbox 876 3980 1040 4021; x_wconf 88' lang='lat' dir='ltr'><strong>causa</strong></span> <span class='ocrx_word' id='word_1_426' title='bbox 1067 3966 1295 4022; x_wconf 84' lang='lat' dir='ltr'><strong>moveri.</strong></span> <span class='ocrx_word' id='word_1_427' title='bbox 1324 3961 1495 4022; x_wconf 68' lang='lat' dir='ltr'><strong>Lmdit</strong></span> <span class='ocrx_word' id='word_1_428' title='bbox 1519 3967 1813 4037; x_wconf 86' lang='lat' dir='ltr'><strong>discipulus</strong></span> 
     </span>
    </p>
   </div>
   <div class='ocr_carea' id='block_1_57' title="bbox 238 4047 1814 4128">
    <p class='ocr_par' dir='ltr' id='par_1_57' title="bbox 238 4047 1814 4128">
     <span class='ocr_line' id='line_1_57' title="bbox 238 4047 1814 4128; baseline 0.003 -19"><span class='ocrx_word' id='word_1_429' title='bbox 238 4047 584 4124; x_wconf 85' lang='lat' dir='ltr'><strong>magistrum,</strong></span> <span class='ocrx_word' id='word_1_430' title='bbox 609 4055 654 4110; x_wconf 92' lang='lat' dir='ltr'><strong>si</strong></span> <span class='ocrx_word' id='word_1_431' title='bbox 685 4069 780 4125; x_wconf 89' lang='lat' dir='ltr'><strong>per</strong></span> <span class='ocrx_word' id='word_1_432' title='bbox 803 4054 1181 4126; x_wconf 79' lang='lat' dir='ltr'><strong>negligentiam</strong></span> <span class='ocrx_word' id='word_1_433' title='bbox 1216 4072 1369 4112; x_wconf 88' lang='lat' dir='ltr'><strong>suam</strong></span> <span class='ocrx_word' id='word_1_434' title='bbox 1396 4066 1666 4128; x_wconf 80' lang='lat' dir='ltr'><strong>praecepta</strong></span> <span class='ocrx_word' id='word_1_435' title='bbox 1697 4055 1814 4128; x_wconf 87' lang='lat' dir='ltr'><strong>ejus</strong></span> 
     </span>
    </p>
   </div>
   <div class='ocr_carea' id='block_1_58' title="bbox 239 4145 1813 4220">
    <p class='ocr_par' dir='ltr' id='par_1_58' title="bbox 239 4145 1813 4220">
     <span class='ocr_line' id='line_1_58' title="bbox 239 4145 1813 4220; baseline 0.004 -22"><span class='ocrx_word' id='word_1_436' title='bbox 239 4145 591 4216; x_wconf 85' lang='lat' dir='ltr'><strong>laboremque</strong></span> <span class='ocrx_word' id='word_1_437' title='bbox 639 4145 929 4216; x_wconf 86' lang='lat' dir='ltr'><strong>disperdat.</strong></span> <span class='ocrx_word' id='word_1_438' title='bbox 967 4145 1132 4218; x_wconf 77' lang='lat' dir='ltr'><strong>Scitis</strong></span> <span class='ocrx_word' id='word_1_439' title='bbox 1171 4148 1295 4220; x_wconf 80' lang='lat' dir='ltr'><strong>quia</strong></span> <span class='ocrx_word' id='word_1_440' title='bbox 1330 4164 1423 4218; x_wconf 85' lang='lat' dir='ltr'><strong>per</strong></span> <span class='ocrx_word' id='word_1_441' title='bbox 1448 4149 1813 4218; x_wconf 85' lang='lat' dir='ltr'><strong>inﬁrmitatem</strong></span> 
     </span>
    </p>
   </div>
   <div class='ocr_carea' id='block_1_59' title="bbox 240 4236 1814 4311">
    <p class='ocr_par' dir='ltr' id='par_1_59' title="bbox 240 4236 1814 4311">
     <span class='ocr_line' id='line_1_59' title="bbox 240 4236 1814 4311; baseline 0.005 -21"><span class='ocrx_word' id='word_1_442' title='bbox 240 4237 437 4291; x_wconf 84' lang='lat' dir='ltr'><strong>carnis.</strong></span> <span class='ocrx_word' id='word_1_443' title='bbox 467 4236 565 4292; x_wconf 71' lang='grc' dir='ltr'><strong>νει</strong></span> <span class='ocrx_word' id='word_1_444' title='bbox 589 4237 952 4308; x_wconf 87' lang='lat' dir='ltr'><strong>passionibus,</strong></span> <span class='ocrx_word' id='word_1_445' title='bbox 997 4237 1085 4294; x_wconf 88' lang='lat' dir='ltr'><strong>vel</strong></span> <span class='ocrx_word' id='word_1_446' title='bbox 1125 4239 1309 4294; x_wconf 88' lang='lat' dir='ltr'><strong>dolore</strong></span> <span class='ocrx_word' id='word_1_447' title='bbox 1349 4241 1627 4311; x_wconf 87' lang='lat' dir='ltr'><strong>corporis;</strong></span> <span class='ocrx_word' id='word_1_448' title='bbox 1676 4257 1741 4298; x_wconf 91' lang='lat' dir='ltr'><strong>ac</strong></span> <span class='ocrx_word' id='word_1_449' title='bbox 1762 4242 1814 4297; x_wconf 88' lang='lat' dir='ltr'><strong>si</strong></span> 
     </span>
    </p>
   </div>
   <div class='ocr_carea' id='block_1_60' title="bbox 241 4325 1816 4406">
    <p class='ocr_par' dir='ltr' id='par_1_60' title="bbox 241 4325 1816 4406">
     <span class='ocr_line' id='line_1_60' title="bbox 241 4325 1816 4406; baseline 0.003 -23"><span class='ocrx_word' id='word_1_450' title='bbox 241 4325 629 4384; x_wconf 76' lang='lat' dir='ltr'><strong>diceretzldeo</strong></span> <span class='ocrx_word' id='word_1_451' title='bbox 667 4329 787 4384; x_wconf 82' lang='lat' dir='ltr'><strong>dico</strong></span> <span class='ocrx_word' id='word_1_452' title='bbox 827 4329 969 4400; x_wconf 87' lang='lat' dir='ltr'><strong>quod</strong></span> <span class='ocrx_word' id='word_1_453' title='bbox 1001 4345 1111 4385; x_wconf 91' lang='lat' dir='ltr'><strong>non</strong></span> <span class='ocrx_word' id='word_1_454' title='bbox 1136 4343 1224 4385; x_wconf 89' lang='lat' dir='ltr'><strong>me</strong></span> <span class='ocrx_word' id='word_1_455' title='bbox 1247 4329 1488 4397; x_wconf 74' lang='lat' dir='ltr'><strong>lzesistis,</strong></span> <span class='ocrx_word' id='word_1_456' title='bbox 1529 4332 1654 4406; x_wconf 86' lang='lat' dir='ltr'><strong>quia</strong></span> <span class='ocrx_word' id='word_1_457' title='bbox 1683 4347 1816 4402; x_wconf 89' lang='lat' dir='ltr'><strong>quo-</strong></span> 
     </span>
    </p>
   </div>
   <div class='ocr_carea' id='block_1_61' title="bbox 240 4417 1816 4490">
    <p class='ocr_par' dir='ltr' id='par_1_61' title="bbox 240 4417 1816 4490">
     <span class='ocr_line' id='line_1_61' title="bbox 240 4417 1816 4490; baseline 0.003 -17"><span class='ocrx_word' id='word_1_458' title='bbox 240 4420 401 4474; x_wconf 90' lang='lat' dir='ltr'><strong>modo</strong></span> <span class='ocrx_word' id='word_1_459' title='bbox 422 4417 576 4474; x_wconf 89' lang='lat' dir='ltr'><strong>vobis</strong></span> <span class='ocrx_word' id='word_1_460' title='bbox 600 4419 889 4490; x_wconf 73' lang='lat' dir='ltr'><strong>prtedicavi</strong></span> <span class='ocrx_word' id='word_1_461' title='bbox 908 4420 1156 4476; x_wconf 79' lang='lat' dir='ltr'><strong>inﬁrmus</strong></span> <span class='ocrx_word' id='word_1_462' title='bbox 1181 4421 1279 4490; x_wconf 79' lang='lat' dir='ltr'><strong>fui,</strong></span> <span class='ocrx_word' id='word_1_463' title='bbox 1307 4429 1363 4478; x_wconf 92' lang='lat' dir='ltr'><strong>et</strong></span> <span class='ocrx_word' id='word_1_464' title='bbox 1389 4429 1572 4478; x_wconf 88' lang='lat' dir='ltr'><strong>tamen</strong></span> <span class='ocrx_word' id='word_1_465' title='bbox 1599 4437 1702 4478; x_wconf 90' lang='lat' dir='ltr'><strong>nec</strong></span> <span class='ocrx_word' id='word_1_466' title='bbox 1729 4437 1816 4478; x_wconf 92' lang='lat' dir='ltr'><strong>me</strong></span> 
     </span>
    </p>
   </div>
   <div class='ocr_carea' id='block_1_62' title="bbox 1920 1952 3485 2027">
    <p class='ocr_par' dir='ltr' id='par_1_62' title="bbox 1920 1952 3485 2027">
     <span class='ocr_line' id='line_1_62' title="bbox 1920 1952 3485 2027; baseline 0.007 -25"><span class='ocrx_word' id='word_1_467' title='bbox 1920 1956 1980 2004; x_wconf 92' lang='lat' dir='ltr'><strong>ut</strong></span> <span class='ocrx_word' id='word_1_468' title='bbox 2020 1959 2275 2008; x_wconf 81' lang='lat' dir='ltr'><strong>manente</strong></span> <span class='ocrx_word' id='word_1_469' title='bbox 2319 1952 2564 2010; x_wconf 80' lang='lat' dir='ltr'><strong>historiae</strong></span> <span class='ocrx_word' id='word_1_470' title='bbox 2607 1954 2871 2021; x_wconf 85' lang='lat' dir='ltr'><strong>veritate,</strong></span> <span class='ocrx_word' id='word_1_471' title='bbox 2918 1955 3120 2027; x_wconf 81' lang='lat' dir='ltr'><strong>ﬁguras</strong></span> <span class='ocrx_word' id='word_1_472' title='bbox 3155 1956 3485 2013; x_wconf 76' lang='lat' dir='ltr'><strong>Testamenti</strong></span> 
     </span>
    </p>
   </div>
   <div class='ocr_carea' id='block_1_63' title="bbox 1918 2038 3486 2110">
    <p class='ocr_par' dir='ltr' id='par_1_63' title="bbox 1918 2038 3486 2110">
     <span class='ocr_line' id='line_1_63' title="bbox 1918 2038 3486 2110; baseline 0.006 -15"><span class='ocrx_word' id='word_1_473' title='bbox 1918 2038 2130 2098; x_wconf 79' lang='lat' dir='ltr'><strong>Veteris</strong></span> <span class='ocrx_word' id='word_1_474' title='bbox 2174 2057 2555 2110; x_wconf 82' lang='lat' dir='ltr'><strong>exponamus;</strong></span> <span class='ocrx_word' id='word_1_475' title='bbox 2585 2059 2711 2100; x_wconf 82' lang='lat' dir='ltr'><strong>nam</strong></span> <span class='ocrx_word' id='word_1_476' title='bbox 2765 2059 2892 2106; x_wconf 79' lang='lat' dir='ltr'><strong>cum</strong></span> <span class='ocrx_word' id='word_1_477' title='bbox 2941 2047 3167 2104; x_wconf 78' lang='lat' dir='ltr'><strong>dixisset</strong></span> <span class='ocrx_word' id='word_1_478' title='bbox 3210 2048 3486 2105; x_wconf 77' lang='lat' dir='ltr'><strong>Abraham</strong></span> 
     </span>
    </p>
   </div>
   <div class='ocr_carea' id='block_1_64' title="bbox 1920 2131 3488 2211">
    <p class='ocr_par' dir='ltr' id='par_1_64' title="bbox 1920 2131 3488 2211">
     <span class='ocr_line' id='line_1_64' title="bbox 1920 2131 3488 2211; baseline 0.006 -24"><span class='ocrx_word' id='word_1_479' title='bbox 1920 2131 2056 2188; x_wconf 85' lang='lat' dir='ltr'><strong>duas</strong></span> <span class='ocrx_word' id='word_1_480' title='bbox 2080 2147 2280 2188; x_wconf 79' lang='lat' dir='ltr'><strong>uxores</strong></span> <span class='ocrx_word' id='word_1_481' title='bbox 2305 2133 2590 2192; x_wconf 61' lang='lat' dir='ltr'><strong>verissime</strong></span> <span class='ocrx_word' id='word_1_482' title='bbox 2616 2134 2839 2202; x_wconf 87' lang='lat' dir='ltr'><strong>habere,</strong></span> <span class='ocrx_word' id='word_1_483' title='bbox 2870 2145 3061 2208; x_wconf 83' lang='lat' dir='ltr'><strong>postea</strong></span> <span class='ocrx_word' id='word_1_484' title='bbox 3087 2153 3210 2209; x_wconf 70' lang='lat' dir='ltr'><strong>qum</strong></span> <span class='ocrx_word' id='word_1_485' title='bbox 3241 2137 3488 2211; x_wconf 62' lang='lat' dir='ltr'><strong>praeﬁguv</strong></span> 
     </span>
    </p>
   </div>
   <div class='ocr_carea' id='block_1_65' title="bbox 1919 2221 2596 2278">
    <p class='ocr_par' dir='ltr' id='par_1_65' title="bbox 1919 2221 2596 2278">
     <span class='ocr_line' id='line_1_65' title="bbox 1919 2221 2596 2278; baseline 0 -2"><span class='ocrx_word' id='word_1_486' title='bbox 1919 2221 2160 2276; x_wconf 88' lang='lat' dir='ltr'><strong>raverint</strong></span> <span class='ocrx_word' id='word_1_487' title='bbox 2187 2221 2596 2278; x_wconf 86' lang='lat' dir='ltr'><strong>demonstravit.</strong></span> 
     </span>
    </p>
   </div>
   <div class='ocr_carea' id='block_1_66' title="bbox 1989 2308 3488 2388">
    <p class='ocr_par' dir='ltr' id='par_1_66' title="bbox 1989 2308 3488 2388">
     <span class='ocr_line' id='line_1_66' title="bbox 1989 2308 3488 2388; baseline 0.003 -20"><span class='ocrx_word' id='word_1_488' title='bbox 1989 2308 2183 2369; x_wconf 66' lang='lat' dir='ltr'><strong>Unum.</strong></span> <span class='ocrx_word' id='word_1_489' title='bbox 2215 2311 2428 2369; x_wconf 82' lang='lat' dir='ltr'><strong>Ismael.</strong></span> <span class='ocrx_word' id='word_1_490' title='bbox 2453 2311 2533 2370; x_wconf 77' lang='lat' dir='ltr'><strong>De</strong></span> <span class='ocrx_word' id='word_1_491' title='bbox 2558 2313 2773 2372; x_wconf 75' lang='lat' dir='ltr'><strong>ancilla.</strong></span> <span class='ocrx_word' id='word_1_492' title='bbox 2805 2314 2865 2370; x_wconf 85' lang='lat' dir='ltr'><strong>Id</strong></span> <span class='ocrx_word' id='word_1_493' title='bbox 2889 2322 2995 2382; x_wconf 85' lang='lat' dir='ltr'><strong>est,</strong></span> <span class='ocrx_word' id='word_1_494' title='bbox 3025 2316 3095 2372; x_wconf 88' lang='lat' dir='ltr'><strong>de</strong></span> <span class='ocrx_word' id='word_1_495' title='bbox 3115 2315 3263 2388; x_wconf 77' lang='lat' dir='ltr'><strong>Agar</strong></span> <span class='ocrx_word' id='word_1_496' title='bbox 3281 2315 3488 2388; x_wconf 68' lang='lat' dir='ltr'><strong>Egyp-</strong></span> 
     </span>
    </p>
   </div>
   <div class='ocr_carea' id='block_1_67' title="bbox 1918 2401 3490 2475">
    <p class='ocr_par' dir='ltr' id='par_1_67' title="bbox 1918 2401 3490 2475">
     <span class='ocr_line' id='line_1_67' title="bbox 1918 2401 3490 2475; baseline 0.004 -18"><span class='ocrx_word' id='word_1_497' title='bbox 1918 2403 2012 2457; x_wconf 87' lang='lat' dir='ltr'><strong>tia.</strong></span> <span class='ocrx_word' id='word_1_498' title='bbox 2038 2401 2108 2458; x_wconf 72' lang='lat' dir='ltr'><strong>Et</strong></span> <span class='ocrx_word' id='word_1_499' title='bbox 2135 2419 2322 2459; x_wconf 72' lang='lat' dir='ltr'><strong>unum.</strong></span> <span class='ocrx_word' id='word_1_500' title='bbox 2359 2403 2534 2460; x_wconf 84' lang='lat' dir='ltr'><strong>Isaac.</strong></span> <span class='ocrx_word' id='word_1_501' title='bbox 2561 2405 2846 2462; x_wconf 79' lang='lat' dir='ltr'><strong>Delibera.</strong></span> <span class='ocrx_word' id='word_1_502' title='bbox 2880 2406 2940 2463; x_wconf 92' lang='lat' dir='ltr'><strong>Id</strong></span> <span class='ocrx_word' id='word_1_503' title='bbox 2963 2407 3067 2475; x_wconf 75' lang='lat' dir='ltr'><strong>est,</strong></span> <span class='ocrx_word' id='word_1_504' title='bbox 3099 2407 3258 2464; x_wconf 84' lang='lat' dir='ltr'><strong>Sara.</strong></span> <span class='ocrx_word' id='word_1_505' title='bbox 3291 2407 3490 2464; x_wconf 78' lang='lat' dir='ltr'><strong>Secun-</strong></span> 
     </span>
    </p>
   </div>
   <div class='ocr_carea' id='block_1_68' title="bbox 1917 2493 3489 2562">
    <p class='ocr_par' dir='ltr' id='par_1_68' title="bbox 1917 2493 3489 2562">
     <span class='ocr_line' id='line_1_68' title="bbox 1917 2493 3489 2562; baseline 0.008 -16"><span class='ocrx_word' id='word_1_506' title='bbox 1917 2493 2043 2548; x_wconf 73' lang='lat' dir='ltr'><strong>dum</strong></span> <span class='ocrx_word' id='word_1_507' title='bbox 2081 2509 2312 2550; x_wconf 74' lang='lat' dir='ltr'><strong>carnem.</strong></span> <span class='ocrx_word' id='word_1_508' title='bbox 2349 2494 2407 2551; x_wconf 89' lang='lat' dir='ltr'><strong>Id</strong></span> <span class='ocrx_word' id='word_1_509' title='bbox 2441 2505 2547 2562; x_wconf 86' lang='lat' dir='ltr'><strong>est,</strong></span> <span class='ocrx_word' id='word_1_510' title='bbox 2584 2498 2884 2556; x_wconf 79' lang='lat' dir='ltr'><strong>secundum</strong></span> <span class='ocrx_word' id='word_1_511' title='bbox 2917 2513 3074 2554; x_wconf 66' lang='lat' dir='ltr'><strong>usuin</strong></span> <span class='ocrx_word' id='word_1_512' title='bbox 3107 2501 3385 2556; x_wconf 86' lang='lat' dir='ltr'><strong>carnalem</strong></span> <span class='ocrx_word' id='word_1_513' title='bbox 3411 2502 3489 2559; x_wconf 82' lang='lat' dir='ltr'><strong>Is-</strong></span> 
     </span>
    </p>
   </div>
   <div class='ocr_carea' id='block_1_69' title="bbox 1915 2585 3489 2666">
    <p class='ocr_par' dir='ltr' id='par_1_69' title="bbox 1915 2585 3489 2666">
     <span class='ocr_line' id='line_1_69' title="bbox 1915 2585 3489 2666; baseline 0.006 -26"><span class='ocrx_word' id='word_1_514' title='bbox 1915 2585 2059 2641; x_wconf 68' lang='grc' dir='ltr'><strong>Μαι</strong></span> <span class='ocrx_word' id='word_1_515' title='bbox 2110 2593 2274 2643; x_wconf 81' lang='lat' dir='ltr'><strong>natus</strong></span> <span class='ocrx_word' id='word_1_516' title='bbox 2323 2596 2426 2653; x_wconf 84' lang='lat' dir='ltr'><strong>est,</strong></span> <span class='ocrx_word' id='word_1_517' title='bbox 2464 2588 2594 2658; x_wconf 89' lang='lat' dir='ltr'><strong>quia</strong></span> <span class='ocrx_word' id='word_1_518' title='bbox 2635 2588 2909 2646; x_wconf 76' lang='lat' dir='ltr'><strong>Abraham</strong></span> <span class='ocrx_word' id='word_1_519' title='bbox 2929 2591 3206 2647; x_wconf 84' lang='lat' dir='ltr'><strong>carnalem</strong></span> <span class='ocrx_word' id='word_1_520' title='bbox 3233 2595 3489 2666; x_wconf 85' lang='lat' dir='ltr'><strong>concupi-</strong></span> 
     </span>
    </p>
   </div>
   <div class='ocr_carea' id='block_1_70' title="bbox 1916 2675 3489 2748">
    <p class='ocr_par' dir='ltr' id='par_1_70' title="bbox 1916 2675 3489 2748">
     <span class='ocr_line' id='line_1_70' title="bbox 1916 2675 3489 2748; baseline 0.006 -16"><span class='ocrx_word' id='word_1_521' title='bbox 1916 2677 2178 2732; x_wconf 82' lang='lat' dir='ltr'><strong>scentiam</strong></span> <span class='ocrx_word' id='word_1_522' title='bbox 2198 2675 2550 2746; x_wconf 82' lang='lat' dir='ltr'><strong>injuventute</strong></span> <span class='ocrx_word' id='word_1_523' title='bbox 2573 2679 2802 2745; x_wconf 84' lang='lat' dir='ltr'><strong>habens,</strong></span> <span class='ocrx_word' id='word_1_524' title='bbox 2817 2680 2886 2734; x_wconf 89' lang='lat' dir='ltr'><strong>de</strong></span> <span class='ocrx_word' id='word_1_525' title='bbox 2902 2678 3122 2748; x_wconf 81' lang='lat' dir='ltr'><strong>juvenili</strong></span> <span class='ocrx_word' id='word_1_526' title='bbox 3148 2681 3341 2736; x_wconf 81' lang='lat' dir='ltr'><strong>ancilla</strong></span> <span class='ocrx_word' id='word_1_527' title='bbox 3363 2698 3489 2742; x_wconf 84' lang='lat' dir='ltr'><strong>eum</strong></span> 
     </span>
    </p>
   </div>
   <div class='ocr_carea' id='block_1_71' title="bbox 1916 2768 3485 2840">
    <p class='ocr_par' dir='ltr' id='par_1_71' title="bbox 1916 2768 3485 2840">
     <span class='ocr_line' id='line_1_71' title="bbox 1916 2768 3485 2840; baseline 0.003 -16"><span class='ocrx_word' id='word_1_528' title='bbox 1916 2769 2122 2840; x_wconf 84' lang='lat' dir='ltr'><strong>genuit,</strong></span> <span class='ocrx_word' id='word_1_529' title='bbox 2147 2807 2162 2823; x_wconf 94' lang='lat'><strong>.</strong></span> <span class='ocrx_word' id='word_1_530' title='bbox 2189 2807 2206 2824; x_wconf 93' lang='lat'><strong>.</strong></span> <span class='ocrx_word' id='word_1_531' title='bbox 2231 2807 2246 2823; x_wconf 94' lang='lat'><strong>.</strong></span> <span class='ocrx_word' id='word_1_532' title='bbox 2270 2807 2284 2824; x_wconf 97' lang='lat'><strong>.</strong></span> <span class='ocrx_word' id='word_1_533' title='bbox 2313 2807 2326 2822; x_wconf 94' lang='lat'><strong>.</strong></span> <span class='ocrx_word' id='word_1_534' title='bbox 2342 2768 2377 2806; x_wconf 63' lang='grc'>⁸</span> <span class='ocrx_word' id='word_1_535' title='bbox 2401 2770 2544 2825; x_wconf 88' lang='lat' dir='ltr'><strong>enim</strong></span> <span class='ocrx_word' id='word_1_536' title='bbox 2572 2769 3004 2840; x_wconf 79' lang='lat' dir='ltr'><strong>repromissionis</strong></span> <span class='ocrx_word' id='word_1_537' title='bbox 3029 2773 3312 2830; x_wconf 88' lang='lat' dir='ltr'><strong>suscitavit</strong></span> <span class='ocrx_word' id='word_1_538' title='bbox 3338 2774 3485 2829; x_wconf 89' lang='lat' dir='ltr'><strong>illum</strong></span> 
     </span>
    </p>
   </div>
   <div class='ocr_carea' id='block_1_72' title="bbox 1917 2859 3487 2938">
    <p class='ocr_par' dir='ltr' id='par_1_72' title="bbox 1917 2859 3487 2938">
     <span class='ocr_line' id='line_1_72' title="bbox 1917 2859 3487 2938; baseline 0.005 -25"><span class='ocrx_word' id='word_1_539' title='bbox 1917 2874 1984 2914; x_wconf 84' lang='lat' dir='ltr'><strong>ex</strong></span> <span class='ocrx_word' id='word_1_540' title='bbox 2012 2859 2172 2914; x_wconf 85' lang='lat' dir='ltr'><strong>senili</strong></span> <span class='ocrx_word' id='word_1_541' title='bbox 2200 2860 2594 2932; x_wconf 66' lang='lat' dir='ltr'><strong>praesterilique</strong></span> <span class='ocrx_word' id='word_1_542' title='bbox 2633 2869 2829 2931; x_wconf 87' lang='lat' dir='ltr'><strong>matre,</strong></span> <span class='ocrx_word' id='word_1_543' title='bbox 2876 2862 3022 2918; x_wconf 88' lang='lat' dir='ltr'><strong>aliud</strong></span> <span class='ocrx_word' id='word_1_544' title='bbox 3054 2878 3126 2920; x_wconf 82' lang='lat' dir='ltr'><strong>ex</strong></span> <span class='ocrx_word' id='word_1_545' title='bbox 3152 2865 3259 2920; x_wconf 91' lang='lat' dir='ltr'><strong>alio</strong></span> <span class='ocrx_word' id='word_1_546' title='bbox 3280 2865 3487 2938; x_wconf 73' lang='lat' dir='ltr'><strong>signiﬁ-</strong></span> 
     </span>
    </p>
   </div>
   <div class='ocr_carea' id='block_1_73' title="bbox 1917 2949 3484 3026">
    <p class='ocr_par' dir='ltr' id='par_1_73' title="bbox 1917 2949 3484 3026">
     <span class='ocr_line' id='line_1_73' title="bbox 1917 2949 3484 3026; baseline 0.003 -20"><span class='ocrx_word' id='word_1_547' title='bbox 1917 2949 2121 3015; x_wconf 87' lang='lat' dir='ltr'><strong>cantia,</strong></span> <span class='ocrx_word' id='word_1_548' title='bbox 2151 2950 2280 3019; x_wconf 84' lang='lat' dir='ltr'><strong>quia</strong></span> <span class='ocrx_word' id='word_1_549' title='bbox 2307 2949 2402 3021; x_wconf 89' lang='lat' dir='ltr'><strong>qui</strong></span> <span class='ocrx_word' id='word_1_550' title='bbox 2429 2949 2670 3010; x_wconf 71' lang='lat' dir='ltr'><strong>litteram</strong></span> <span class='ocrx_word' id='word_1_551' title='bbox 2702 2952 2971 3023; x_wconf 72' lang='lat' dir='ltr'><strong>sequitur,</strong></span> <span class='ocrx_word' id='word_1_552' title='bbox 3019 2951 3164 3010; x_wconf 81' lang='lat' dir='ltr'><strong>illius</strong></span> <span class='ocrx_word' id='word_1_553' title='bbox 3197 2962 3284 3010; x_wconf 85' lang='lat' dir='ltr'><strong>est</strong></span> <span class='ocrx_word' id='word_1_554' title='bbox 3307 2952 3484 3026; x_wconf 78' lang='lat' dir='ltr'><strong>Agar;</strong></span> 
     </span>
    </p>
   </div>
   <div class='ocr_carea' id='block_1_74' title="bbox 1917 3045 3485 3118">
    <p class='ocr_par' dir='ltr' id='par_1_74' title="bbox 1917 3045 3485 3118">
     <span class='ocr_line' id='line_1_74' title="bbox 1917 3045 3485 3118; baseline 0.005 -19"><span class='ocrx_word' id='word_1_555' title='bbox 1917 3045 2008 3115; x_wconf 90' lang='lat' dir='ltr'><strong>qui</strong></span> <span class='ocrx_word' id='word_1_556' title='bbox 2051 3060 2182 3100; x_wconf 82' lang='lat' dir='ltr'><strong>vero</strong></span> <span class='ocrx_word' id='word_1_557' title='bbox 2220 3045 2630 3117; x_wconf 74' lang='lat' dir='ltr'><strong>intelligentiam</strong></span> <span class='ocrx_word' id='word_1_558' title='bbox 2675 3046 3008 3118; x_wconf 79' lang='lat' dir='ltr'><strong>spiritualetn</strong></span> <span class='ocrx_word' id='word_1_559' title='bbox 3025 3088 3041 3116; x_wconf 92' lang='lat'><strong>,</strong></span> <span class='ocrx_word' id='word_1_560' title='bbox 3093 3048 3236 3105; x_wconf 80' lang='lat' dir='ltr'><strong>ﬁlius</strong></span> <span class='ocrx_word' id='word_1_561' title='bbox 3278 3049 3485 3107; x_wconf 68' lang='lat' dir='ltr'><strong>liberat.</strong></span> 
     </span>
    </p>
   </div>
   <div class='ocr_carea' id='block_1_75' title="bbox 1917 3135 3490 3197">
    <p class='ocr_par' dir='ltr' id='par_1_75' title="bbox 1917 3135 3490 3197">
     <span class='ocr_line' id='line_1_75' title="bbox 1917 3135 3490 3197; baseline 0.003 -6"><span class='ocrx_word' id='word_1_562' title='bbox 1917 3135 2062 3191; x_wconf 69' lang='lat' dir='ltr'><strong>Nam</strong></span> <span class='ocrx_word' id='word_1_563' title='bbox 2105 3137 2217 3196; x_wconf 71' lang='lat' dir='ltr'><strong>haec</strong></span> <span class='ocrx_word' id='word_1_564' title='bbox 2257 3146 2381 3192; x_wconf 69' lang='lat' dir='ltr'><strong>sunt</strong></span> <span class='ocrx_word' id='word_1_565' title='bbox 2421 3146 2748 3193; x_wconf 73' lang='lat' dir='ltr'><strong>testamenta.</strong></span> <span class='ocrx_word' id='word_1_566' title='bbox 2793 3139 2899 3195; x_wconf 89' lang='lat' dir='ltr'><strong>Per</strong></span> <span class='ocrx_word' id='word_1_567' title='bbox 2938 3139 3191 3196; x_wconf 83' lang='lat' dir='ltr'><strong>ancillam</strong></span> <span class='ocrx_word' id='word_1_568' title='bbox 3220 3148 3380 3197; x_wconf 84' lang='lat' dir='ltr'><strong>vetus</strong></span> <span class='ocrx_word' id='word_1_569' title='bbox 3403 3139 3490 3196; x_wconf 77' lang='lat' dir='ltr'><strong>lex</strong></span> 
     </span>
    </p>
   </div>
   <div class='ocr_carea' id='block_1_76' title="bbox 1918 3229 3488 3304">
    <p class='ocr_par' dir='ltr' id='par_1_76' title="bbox 1918 3229 3488 3304">
     <span class='ocr_line' id='line_1_76' title="bbox 1918 3229 3488 3304; baseline 0.002 -20"><span class='ocrx_word' id='word_1_570' title='bbox 1918 3229 2268 3300; x_wconf 83' lang='lat' dir='ltr'><strong>designatur:</strong></span> <span class='ocrx_word' id='word_1_571' title='bbox 2293 3244 2391 3302; x_wconf 90' lang='lat' dir='ltr'><strong>per</strong></span> <span class='ocrx_word' id='word_1_572' title='bbox 2415 3231 2663 3298; x_wconf 84' lang='lat' dir='ltr'><strong>liberam,</strong></span> <span class='ocrx_word' id='word_1_573' title='bbox 2687 3246 2828 3289; x_wconf 87' lang='lat' dir='ltr'><strong>nova</strong></span> <span class='ocrx_word' id='word_1_574' title='bbox 2850 3232 2967 3300; x_wconf 87' lang='lat' dir='ltr'><strong>lex;</strong></span> <span class='ocrx_word' id='word_1_575' title='bbox 2997 3233 3094 3289; x_wconf 83' lang='lat' dir='ltr'><strong>ﬁlii</strong></span> <span class='ocrx_word' id='word_1_576' title='bbox 3115 3241 3295 3291; x_wconf 81' lang='lat' dir='ltr'><strong>autem</strong></span> <span class='ocrx_word' id='word_1_577' title='bbox 3319 3233 3488 3304; x_wconf 85' lang='lat' dir='ltr'><strong>Agar,</strong></span> 
     </span>
    </p>
   </div>
   <div class='ocr_carea' id='block_1_77' title="bbox 1916 3317 3488 3397">
    <p class='ocr_par' dir='ltr' id='par_1_77' title="bbox 1916 3317 3488 3397">
     <span class='ocr_line' id='line_1_77' title="bbox 1916 3317 3488 3397; baseline 0.003 -24"><span class='ocrx_word' id='word_1_578' title='bbox 1916 3319 2014 3382; x_wconf 76' lang='lat' dir='ltr'><strong>ﬁlii</strong></span> <span class='ocrx_word' id='word_1_579' title='bbox 2062 3317 2274 3376; x_wconf 75' lang='lat' dir='ltr'><strong>Veteris</strong></span> <span class='ocrx_word' id='word_1_580' title='bbox 2315 3320 2449 3392; x_wconf 86' lang='lat' dir='ltr'><strong>legis</strong></span> <span class='ocrx_word' id='word_1_581' title='bbox 2483 3331 2632 3389; x_wconf 85' lang='lat' dir='ltr'><strong>sunt,</strong></span> <span class='ocrx_word' id='word_1_582' title='bbox 2680 3325 2735 3378; x_wconf 86' lang='lat' dir='ltr'><strong>in</strong></span> <span class='ocrx_word' id='word_1_583' title='bbox 2779 3325 3096 3380; x_wconf 81' lang='lat' dir='ltr'><strong>servitutem</strong></span> <span class='ocrx_word' id='word_1_584' title='bbox 3141 3323 3488 3397; x_wconf 85' lang='lat' dir='ltr'><strong>generantis:</strong></span> 
     </span>
    </p>
   </div>
   <div class='ocr_carea' id='block_1_78' title="bbox 1915 3410 3489 3486">
    <p class='ocr_par' dir='ltr' id='par_1_78' title="bbox 1915 3410 3489 3486">
     <span class='ocr_line' id='line_1_78' title="bbox 1915 3410 3489 3486; baseline 0.003 -22"><span class='ocrx_word' id='word_1_585' title='bbox 1915 3410 2012 3465; x_wconf 85' lang='lat' dir='ltr'><strong>lilii</strong></span> <span class='ocrx_word' id='word_1_586' title='bbox 2043 3419 2225 3466; x_wconf 89' lang='lat' dir='ltr'><strong>autem</strong></span> <span class='ocrx_word' id='word_1_587' title='bbox 2264 3411 2466 3478; x_wconf 73' lang='lat' dir='ltr'><strong>liberm,</strong></span> <span class='ocrx_word' id='word_1_588' title='bbox 2504 3412 2600 3467; x_wconf 85' lang='lat' dir='ltr'><strong>ﬁlii</strong></span> <span class='ocrx_word' id='word_1_589' title='bbox 2638 3412 2771 3469; x_wconf 87' lang='lat' dir='ltr'><strong>Novi</strong></span> <span class='ocrx_word' id='word_1_590' title='bbox 2802 3415 3138 3470; x_wconf 89' lang='lat' dir='ltr'><strong>Testamenti</strong></span> <span class='ocrx_word' id='word_1_591' title='bbox 3176 3414 3489 3486; x_wconf 84' lang='lat' dir='ltr'><strong>intelligun-</strong></span> 
     </span>
    </p>
   </div>
   <div class='ocr_carea' id='block_1_79' title="bbox 1917 3503 3488 3576">
    <p class='ocr_par' dir='ltr' id='par_1_79' title="bbox 1917 3503 3488 3576">
     <span class='ocr_line' id='line_1_79' title="bbox 1917 3503 3488 3576; baseline -0.001 -18"><span class='ocrx_word' id='word_1_592' title='bbox 1917 3511 2026 3558; x_wconf 85' lang='lat' dir='ltr'><strong>tur.</strong></span> <span class='ocrx_word' id='word_1_593' title='bbox 2079 3504 2147 3558; x_wconf 78' lang='lat' dir='ltr'><strong>lu</strong></span> <span class='ocrx_word' id='word_1_594' title='bbox 2192 3505 2493 3559; x_wconf 67' lang='lat' dir='ltr'><strong>servitutem</strong></span> <span class='ocrx_word' id='word_1_595' title='bbox 2534 3520 2808 3576; x_wconf 71' lang='lat' dir='ltr'><strong>generant.</strong></span> <span class='ocrx_word' id='word_1_596' title='bbox 2853 3505 3022 3561; x_wconf 66' lang='grc' dir='ltr'><strong>«Ιυάκὶ</strong></span> <span class='ocrx_word' id='word_1_597' title='bbox 3062 3512 3211 3562; x_wconf 78' lang='lat' dir='ltr'><strong>metu</strong></span> <span class='ocrx_word' id='word_1_598' title='bbox 3237 3505 3400 3560; x_wconf 83' lang='lat' dir='ltr'><strong>etiam</strong></span> <span class='ocrx_word' id='word_1_599' title='bbox 3431 3503 3488 3558; x_wconf 89' lang='lat' dir='ltr'><strong>in</strong></span> 
     </span>
    </p>
   </div>
   <div class='ocr_carea' id='block_1_80' title="bbox 1916 3594 3494 3667">
    <p class='ocr_par' dir='ltr' id='par_1_80' title="bbox 1916 3594 3494 3667">
     <span class='ocr_line' id='line_1_80' title="bbox 1916 3594 3494 3667; baseline -0.001 -18"><span class='ocrx_word' id='word_1_600' title='bbox 1916 3596 2168 3665; x_wconf 60' lang='lat' dir='ltr'><strong>persenti</strong></span> <span class='ocrx_word' id='word_1_601' title='bbox 2197 3594 2532 3666; x_wconf 83' lang='lat' dir='ltr'><strong>cogebantur</strong></span> <span class='ocrx_word' id='word_1_602' title='bbox 2559 3604 2623 3650; x_wconf 89' lang='lat' dir='ltr'><strong>ut</strong></span> <span class='ocrx_word' id='word_1_603' title='bbox 2647 3597 2825 3661; x_wconf 75' lang='lat' dir='ltr'><strong>servi;</strong></span> <span class='ocrx_word' id='word_1_604' title='bbox 2855 3611 2958 3654; x_wconf 81' lang='lat' dir='ltr'><strong>nos</strong></span> <span class='ocrx_word' id='word_1_605' title='bbox 2992 3610 3122 3652; x_wconf 89' lang='lat' dir='ltr'><strong>vero</strong></span> <span class='ocrx_word' id='word_1_606' title='bbox 3145 3594 3384 3667; x_wconf 76' lang='lat' dir='ltr'><strong>praemiis</strong></span> <span class='ocrx_word' id='word_1_607' title='bbox 3411 3595 3494 3648; x_wconf 87' lang='lat' dir='ltr'><strong>in-</strong></span> 
     </span>
    </p>
   </div>
   <div class='ocr_carea' id='block_1_81' title="bbox 1915 3682 3486 3740">
    <p class='ocr_par' dir='ltr' id='par_1_81' title="bbox 1915 3682 3486 3740">
     <span class='ocr_line' id='line_1_81' title="bbox 1915 3682 3486 3740; baseline -0.001 -1"><span class='ocrx_word' id='word_1_608' title='bbox 1915 3685 2154 3739; x_wconf 81' lang='lat' dir='ltr'><strong>vitamur</strong></span> <span class='ocrx_word' id='word_1_609' title='bbox 2194 3692 2256 3738; x_wconf 86' lang='lat' dir='ltr'><strong>ut</strong></span> <span class='ocrx_word' id='word_1_610' title='bbox 2297 3683 2476 3739; x_wconf 86' lang='lat' dir='ltr'><strong>liberi.</strong></span> <span class='ocrx_word' id='word_1_611' title='bbox 2522 3683 2655 3739; x_wconf 77' lang='lat' dir='ltr'><strong>Sina</strong></span> <span class='ocrx_word' id='word_1_612' title='bbox 2690 3686 2828 3739; x_wconf 74' lang='lat' dir='ltr'><strong>enim</strong></span> <span class='ocrx_word' id='word_1_613' title='bbox 2869 3701 3021 3740; x_wconf 74' lang='lat' dir='ltr'><strong>mens</strong></span> <span class='ocrx_word' id='word_1_614' title='bbox 3057 3693 3136 3740; x_wconf 86' lang='lat' dir='ltr'><strong>est</strong></span> <span class='ocrx_word' id='word_1_615' title='bbox 3170 3685 3228 3738; x_wconf 82' lang='lat' dir='ltr'><strong>in</strong></span> <span class='ocrx_word' id='word_1_616' title='bbox 3267 3682 3486 3737; x_wconf 79' lang='lat' dir='ltr'><strong>Arabia.</strong></span> 
     </span>
    </p>
   </div>
   <div class='ocr_carea' id='block_1_82' title="bbox 1916 3775 3489 3847">
    <p class='ocr_par' dir='ltr' id='par_1_82' title="bbox 1916 3775 3489 3847">
     <span class='ocr_line' id='line_1_82' title="bbox 1916 3775 3489 3847; baseline 0.002 -17"><span class='ocrx_word' id='word_1_617' title='bbox 1916 3775 2032 3831; x_wconf 82' lang='lat' dir='ltr'><strong>Hoc</strong></span> <span class='ocrx_word' id='word_1_618' title='bbox 2049 3777 2202 3842; x_wconf 82' lang='lat' dir='ltr'><strong>dicit,</strong></span> <span class='ocrx_word' id='word_1_619' title='bbox 2227 3777 2354 3847; x_wconf 82' lang='lat' dir='ltr'><strong>quia</strong></span> <span class='ocrx_word' id='word_1_620' title='bbox 2381 3777 2522 3832; x_wconf 85' lang='lat' dir='ltr'><strong>sicut</strong></span> <span class='ocrx_word' id='word_1_621' title='bbox 2541 3778 2771 3834; x_wconf 73' lang='lat' dir='ltr'><strong>conﬁnis</strong></span> <span class='ocrx_word' id='word_1_622' title='bbox 2790 3786 2877 3834; x_wconf 83' lang='lat' dir='ltr'><strong>est</strong></span> <span class='ocrx_word' id='word_1_623' title='bbox 2898 3779 3026 3835; x_wconf 88' lang='lat' dir='ltr'><strong>Sina</strong></span> <span class='ocrx_word' id='word_1_624' title='bbox 3044 3787 3105 3835; x_wconf 86' lang='lat' dir='ltr'><strong>et</strong></span> <span class='ocrx_word' id='word_1_625' title='bbox 3127 3778 3489 3845; x_wconf 77' lang='lat' dir='ltr'><strong>Hierusalem,</strong></span> 
     </span>
    </p>
   </div>
   <div class='ocr_carea' id='block_1_83' title="bbox 1919 3870 3487 3945">
    <p class='ocr_par' dir='ltr' id='par_1_83' title="bbox 1919 3870 3487 3945">
     <span class='ocr_line' id='line_1_83' title="bbox 1919 3870 3487 3945; baseline 0.003 -23"><span class='ocrx_word' id='word_1_626' title='bbox 1919 3870 2182 3924; x_wconf 88' lang='lat' dir='ltr'><strong>terminus</strong></span> <span class='ocrx_word' id='word_1_627' title='bbox 2215 3870 2362 3925; x_wconf 86' lang='lat' dir='ltr'><strong>enim</strong></span> <span class='ocrx_word' id='word_1_628' title='bbox 2397 3871 2571 3927; x_wconf 85' lang='lat' dir='ltr'><strong>tribus</strong></span> <span class='ocrx_word' id='word_1_629' title='bbox 2603 3870 2739 3927; x_wconf 74' lang='lat' dir='ltr'><strong>Iuda</strong></span> <span class='ocrx_word' id='word_1_630' title='bbox 2770 3873 3030 3945; x_wconf 81' lang='lat' dir='ltr'><strong>pertingit</strong></span> <span class='ocrx_word' id='word_1_631' title='bbox 3061 3873 3194 3930; x_wconf 86' lang='lat' dir='ltr'><strong>Sina</strong></span> <span class='ocrx_word' id='word_1_632' title='bbox 3225 3880 3487 3938; x_wconf 90' lang='lat' dir='ltr'><strong>montem,</strong></span> 
     </span>
    </p>
   </div>
   <div class='ocr_carea' id='block_1_84' title="bbox 1917 3963 3490 4037">
    <p class='ocr_par' dir='ltr' id='par_1_84' title="bbox 1917 3963 3490 4037">
     <span class='ocr_line' id='line_1_84' title="bbox 1917 3963 3490 4037; baseline 0.002 -21"><span class='ocrx_word' id='word_1_633' title='bbox 1917 3963 2011 4032; x_wconf 90' lang='lat' dir='ltr'><strong>qui</strong></span> <span class='ocrx_word' id='word_1_634' title='bbox 2047 3969 2131 4016; x_wconf 90' lang='lat' dir='ltr'><strong>est</strong></span> <span class='ocrx_word' id='word_1_635' title='bbox 2159 3963 2214 4017; x_wconf 88' lang='lat' dir='ltr'><strong>in</strong></span> <span class='ocrx_word' id='word_1_636' title='bbox 2239 3970 2486 4018; x_wconf 87' lang='lat' dir='ltr'><strong>extremo</strong></span> <span class='ocrx_word' id='word_1_637' title='bbox 2513 3965 2746 4032; x_wconf 58' lang='lat' dir='ltr'><strong>Arabiae,</strong></span> <span class='ocrx_word' id='word_1_638' title='bbox 2787 3965 2864 4020; x_wconf 88' lang='lat' dir='ltr'><strong>ita</strong></span> <span class='ocrx_word' id='word_1_639' title='bbox 2894 3975 3123 4037; x_wconf 88' lang='lat' dir='ltr'><strong>utraque</strong></span> <span class='ocrx_word' id='word_1_640' title='bbox 3163 3965 3490 4022; x_wconf 88' lang='lat' dir='ltr'><strong>conveniunt</strong></span> 
     </span>
    </p>
   </div>
   <div class='ocr_carea' id='block_1_85' title="bbox 1917 4056 3478 4128">
    <p class='ocr_par' dir='ltr' id='par_1_85' title="bbox 1917 4056 3478 4128">
     <span class='ocr_line' id='line_1_85' title="bbox 1917 4056 3478 4128; baseline 0.001 -17"><span class='ocrx_word' id='word_1_641' title='bbox 1917 4056 1971 4111; x_wconf 91' lang='lat' dir='ltr'><strong>in</strong></span> <span class='ocrx_word' id='word_1_642' title='bbox 2003 4057 2233 4128; x_wconf 85' lang='lat' dir='ltr'><strong>ﬁguram</strong></span> <span class='ocrx_word' id='word_1_643' title='bbox 2268 4057 2440 4128; x_wconf 84' lang='lat' dir='ltr'><strong>Agar,</strong></span> <span class='ocrx_word' id='word_1_644' title='bbox 2471 4057 2524 4112; x_wconf 91' lang='lat' dir='ltr'><strong>id</strong></span> <span class='ocrx_word' id='word_1_645' title='bbox 2557 4065 2663 4125; x_wconf 86' lang='lat' dir='ltr'><strong>est,</strong></span> <span class='ocrx_word' id='word_1_646' title='bbox 2698 4057 2910 4115; x_wconf 71' lang='lat' dir='ltr'><strong>Veteris</strong></span> <span class='ocrx_word' id='word_1_647' title='bbox 2956 4059 3309 4115; x_wconf 87' lang='lat' dir='ltr'><strong>Testamenti.</strong></span> <span class='ocrx_word' id='word_1_648' title='bbox 3349 4058 3478 4113; x_wconf 90' lang='lat' dir='ltr'><strong>Sina</strong></span> 
     </span>
    </p>
   </div>
   <div class='ocr_carea' id='block_1_86' title="bbox 1917 4146 3481 4219">
    <p class='ocr_par' dir='ltr' id='par_1_86' title="bbox 1917 4146 3481 4219">
     <span class='ocr_line' id='line_1_86' title="bbox 1917 4146 3481 4219; baseline 0 -17"><span class='ocrx_word' id='word_1_649' title='bbox 1917 4146 2170 4204; x_wconf 81' lang='lat' dir='ltr'><strong>videlicet</strong></span> <span class='ocrx_word' id='word_1_650' title='bbox 2196 4149 2252 4203; x_wconf 89' lang='lat' dir='ltr'><strong>in</strong></span> <span class='ocrx_word' id='word_1_651' title='bbox 2281 4163 2390 4219; x_wconf 89' lang='lat' dir='ltr'><strong>quo</strong></span> <span class='ocrx_word' id='word_1_652' title='bbox 2416 4147 2506 4204; x_wconf 81' lang='lat' dir='ltr'><strong>lex</strong></span> <span class='ocrx_word' id='word_1_653' title='bbox 2535 4150 2660 4204; x_wconf 90' lang='lat' dir='ltr'><strong>data</strong></span> <span class='ocrx_word' id='word_1_654' title='bbox 2702 4159 2807 4218; x_wconf 90' lang='lat' dir='ltr'><strong>est,</strong></span> <span class='ocrx_word' id='word_1_655' title='bbox 2837 4157 2892 4206; x_wconf 89' lang='lat' dir='ltr'><strong>et</strong></span> <span class='ocrx_word' id='word_1_656' title='bbox 2917 4149 3252 4206; x_wconf 80' lang='lat' dir='ltr'><strong>Hierusalem</strong></span> <span class='ocrx_word' id='word_1_657' title='bbox 3283 4149 3340 4204; x_wconf 89' lang='lat' dir='ltr'><strong>in</strong></span> <span class='ocrx_word' id='word_1_658' title='bbox 3375 4163 3481 4219; x_wconf 89' lang='lat' dir='ltr'><strong>qua</strong></span> 
     </span>
    </p>
   </div>
   <div class='ocr_carea' id='block_1_87' title="bbox 1918 4238 3486 4312">
    <p class='ocr_par' dir='ltr' id='par_1_87' title="bbox 1918 4238 3486 4312">
     <span class='ocr_line' id='line_1_87' title="bbox 1918 4238 3486 4312; baseline 0.001 -20"><span class='ocrx_word' id='word_1_659' title='bbox 1918 4239 2005 4310; x_wconf 77' lang='lat' dir='ltr'><strong>lex</strong></span> <span class='ocrx_word' id='word_1_660' title='bbox 2054 4241 2321 4296; x_wconf 87' lang='lat' dir='ltr'><strong>custodita</strong></span> <span class='ocrx_word' id='word_1_661' title='bbox 2369 4248 2425 4297; x_wconf 89' lang='lat' dir='ltr'><strong>et</strong></span> <span class='ocrx_word' id='word_1_662' title='bbox 2471 4241 2690 4312; x_wconf 88' lang='lat' dir='ltr'><strong>impleta</strong></span> <span class='ocrx_word' id='word_1_663' title='bbox 2737 4248 2839 4297; x_wconf 86' lang='lat' dir='ltr'><strong>est.</strong></span> <span class='ocrx_word' id='word_1_664' title='bbox 2887 4238 3146 4296; x_wconf 77' lang='lat' dir='ltr'><strong>Serriens.</strong></span> <span class='ocrx_word' id='word_1_665' title='bbox 3189 4239 3486 4295; x_wconf 78' lang='lat' dir='ltr'><strong>Terrestris</strong></span> 
     </span>
    </p>
   </div>
   <div class='ocr_carea' id='block_1_88' title="bbox 1920 4327 3486 4402">
    <p class='ocr_par' dir='ltr' id='par_1_88' title="bbox 1920 4327 3486 4402">
     <span class='ocr_line' id='line_1_88' title="bbox 1920 4327 3486 4402; baseline 0 -20"><span class='ocrx_word' id='word_1_666' title='bbox 1920 4327 2277 4386; x_wconf 83' lang='lat' dir='ltr'><strong>Hierusalem.</strong></span> <span class='ocrx_word' id='word_1_667' title='bbox 2302 4329 2436 4386; x_wconf 87' lang='lat' dir='ltr'><strong>Cum</strong></span> <span class='ocrx_word' id='word_1_668' title='bbox 2461 4332 2588 4402; x_wconf 83' lang='lat' dir='ltr'><strong>ﬁliis</strong></span> <span class='ocrx_word' id='word_1_669' title='bbox 2612 4331 2742 4386; x_wconf 82' lang='lat' dir='ltr'><strong>suis.</strong></span> <span class='ocrx_word' id='word_1_670' title='bbox 2771 4330 2828 4386; x_wconf 92' lang='lat' dir='ltr'><strong>Id</strong></span> <span class='ocrx_word' id='word_1_671' title='bbox 2848 4339 2950 4396; x_wconf 90' lang='lat' dir='ltr'><strong>est,</strong></span> <span class='ocrx_word' id='word_1_672' title='bbox 2982 4331 3200 4386; x_wconf 64' lang='lat' dir='ltr'><strong>Iudaeis.</strong></span> <span class='ocrx_word' id='word_1_673' title='bbox 3237 4331 3369 4383; x_wconf 87' lang='lat' dir='ltr'><strong>ltem</strong></span> <span class='ocrx_word' id='word_1_674' title='bbox 3397 4343 3486 4383; x_wconf 88' lang='lat' dir='ltr'><strong>se-</strong></span> 
     </span>
    </p>
   </div>
   <div class='ocr_carea' id='block_1_89' title="bbox 1921 4418 3486 4494">
    <p class='ocr_par' dir='ltr' id='par_1_89' title="bbox 1921 4418 3486 4494">
     <span class='ocr_line' id='line_1_89' title="bbox 1921 4418 3486 4494; baseline -0.001 -18"><span class='ocrx_word' id='word_1_675' title='bbox 1921 4421 2156 4476; x_wconf 88' lang='lat' dir='ltr'><strong>cundum</strong></span> <span class='ocrx_word' id='word_1_676' title='bbox 2200 4421 2542 4478; x_wconf 82' lang='lat' dir='ltr'><strong>Ambrosium</strong></span> <span class='ocrx_word' id='word_1_677' title='bbox 2591 4431 2716 4494; x_wconf 85' lang='lat' dir='ltr'><strong>apta</strong></span> <span class='ocrx_word' id='word_1_678' title='bbox 2767 4430 2852 4476; x_wconf 82' lang='lat' dir='ltr'><strong>est</strong></span> <span class='ocrx_word' id='word_1_679' title='bbox 2901 4420 3196 4477; x_wconf 88' lang='lat' dir='ltr'><strong>similitudo</strong></span> <span class='ocrx_word' id='word_1_680' title='bbox 3241 4420 3385 4489; x_wconf 86' lang='lat' dir='ltr'><strong>Agar</strong></span> <span class='ocrx_word' id='word_1_681' title='bbox 3418 4418 3486 4474; x_wconf 88' lang='lat' dir='ltr'><strong>ad</strong></span> 
     </span>
    </p>
   </div>
   <div class='ocr_carea' id='block_1_90' title="bbox 241 4509 3484 4604">
    <p class='ocr_par' dir='ltr' id='par_1_90' title="bbox 241 4509 3484 4604">
     <span class='ocr_line' id='line_1_90' title="bbox 241 4509 3484 4604; baseline 0 -42"><span class='ocrx_word' id='word_1_682' title='bbox 241 4515 371 4565; x_wconf 89' lang='lat' dir='ltr'><strong>tunc</strong></span> <span class='ocrx_word' id='word_1_683' title='bbox 416 4509 653 4576; x_wconf 63' lang='lat' dir='ltr'><strong>laesistis,</strong></span> <span class='ocrx_word' id='word_1_684' title='bbox 701 4524 877 4582; x_wconf 84' lang='lat' dir='ltr'><strong>neque</strong></span> <span class='ocrx_word' id='word_1_685' title='bbox 915 4511 1215 4586; x_wconf 86' lang='lat' dir='ltr'><strong>sprevistis,</strong></span> <span class='ocrx_word' id='word_1_686' title='bbox 1255 4513 1351 4569; x_wconf 90' lang='lat' dir='ltr'><strong>sed</strong></span> <span class='ocrx_word' id='word_1_687' title='bbox 1377 4513 1513 4569; x_wconf 88' lang='lat' dir='ltr'><strong>mihi</strong></span> <span class='ocrx_word' id='word_1_688' title='bbox 1545 4513 1812 4586; x_wconf 88' lang='lat' dir='ltr'><strong>compassi</strong></span> <span class='ocrx_word' id='word_1_689' title='bbox 1837 4540 1894 4604; x_wconf 60' lang='grc' dir='ltr'><strong>Β</strong></span> <span class='ocrx_word' id='word_1_690' title='bbox 1921 4513 2088 4586; x_wconf 80' lang='lat' dir='ltr'><strong>Vetus</strong></span> <span class='ocrx_word' id='word_1_691' title='bbox 2140 4511 2564 4586; x_wconf 78' lang='lat' dir='ltr'><strong>Testamentum,</strong></span> <span class='ocrx_word' id='word_1_692' title='bbox 2597 4527 2662 4567; x_wconf 87' lang='lat' dir='ltr'><strong>eo</strong></span> <span class='ocrx_word' id='word_1_693' title='bbox 2691 4510 2834 4582; x_wconf 91' lang='lat' dir='ltr'><strong>quod</strong></span> <span class='ocrx_word' id='word_1_694' title='bbox 2873 4509 2928 4566; x_wconf 89' lang='lat' dir='ltr'><strong>in</strong></span> <span class='ocrx_word' id='word_1_695' title='bbox 2966 4509 3060 4565; x_wconf 76' lang='lat' dir='ltr'><strong>illo</strong></span> <span class='ocrx_word' id='word_1_696' title='bbox 3087 4510 3159 4565; x_wconf 88' lang='lat' dir='ltr'><strong>sit</strong></span> <span class='ocrx_word' id='word_1_697' title='bbox 3192 4509 3319 4564; x_wconf 88' lang='lat' dir='ltr'><strong>data</strong></span> <span class='ocrx_word' id='word_1_698' title='bbox 3345 4509 3484 4574; x_wconf 89' lang='lat' dir='ltr'><strong>loco,</strong></span> 
     </span>
    </p>
   </div>
   <div class='ocr_carea' id='block_1_91' title="bbox 240 4603 818 4658">
    <p class='ocr_par' dir='ltr' id='par_1_91' title="bbox 240 4603 818 4658">
     <span class='ocr_line' id='line_1_91' title="bbox 240 4603 818 4658; baseline -0.002 0"><span class='ocrx_word' id='word_1_699' title='bbox 240 4603 393 4658; x_wconf 79' lang='lat' dir='ltr'><strong>estis.</strong></span> <span class='ocrx_word' id='word_1_700' title='bbox 809 4649 818 4657; x_wconf 86' lang='lat'><strong>.</strong></span> 
     </span>
    </p>
   </div>
   <div class='ocr_carea' id='block_1_92' title="bbox 316 4689 1813 4754">
    <p class='ocr_par' dir='ltr' id='par_1_92' title="bbox 316 4689 1813 4754">
     <span class='ocr_line' id='line_1_92' title="bbox 316 4689 1813 4754; baseline 0.005 -8"><span class='ocrx_word' id='word_1_701' title='bbox 316 4689 385 4747; x_wconf 76' lang='lat' dir='ltr'><strong>Et</strong></span> <span class='ocrx_word' id='word_1_702' title='bbox 425 4695 760 4750; x_wconf 66' lang='lat' dir='ltr'><strong>mutationem</strong></span> <span class='ocrx_word' id='word_1_703' title='bbox 783 4701 1030 4750; x_wconf 74' lang='lat' dir='ltr'><strong>uestram.</strong></span> <span class='ocrx_word' id='word_1_704' title='bbox 1065 4691 1283 4751; x_wconf 79' lang='lat' dir='ltr'><strong>Tentati</strong></span> <span class='ocrx_word' id='word_1_705' title='bbox 1332 4704 1462 4752; x_wconf 86' lang='lat' dir='ltr'><strong>sunt</strong></span> <span class='ocrx_word' id='word_1_706' title='bbox 1505 4697 1651 4753; x_wconf 79' lang='lat' dir='ltr'><strong>enim</strong></span> <span class='ocrx_word' id='word_1_707' title='bbox 1688 4709 1813 4754; x_wconf 87' lang='lat' dir='ltr'><strong>cum</strong></span> 
     </span>
    </p>
   </div>
   <div class='ocr_carea' id='block_1_93' title="bbox 239 4787 1808 4864">
    <p class='ocr_par' dir='ltr' id='par_1_93' title="bbox 239 4787 1808 4864">
     <span class='ocr_line' id='line_1_93' title="bbox 239 4787 1808 4864; baseline 0.006 -25"><span class='ocrx_word' id='word_1_708' title='bbox 239 4787 672 4864; x_wconf 83' lang='lat' dir='ltr'><strong>persecutionem</strong></span> <span class='ocrx_word' id='word_1_709' title='bbox 729 4796 1007 4860; x_wconf 88' lang='lat' dir='ltr'><strong>pateretur</strong></span> <span class='ocrx_word' id='word_1_710' title='bbox 1073 4789 1362 4860; x_wconf 80' lang='lat' dir='ltr'><strong>Apostolus</strong></span> <span class='ocrx_word' id='word_1_711' title='bbox 1386 4833 1404 4858; x_wconf 94' lang='lat'><strong>,</strong></span> <span class='ocrx_word' id='word_1_712' title='bbox 1469 4800 1651 4848; x_wconf 87' lang='lat' dir='ltr'><strong>utrum</strong></span> <span class='ocrx_word' id='word_1_713' title='bbox 1714 4794 1808 4849; x_wconf 89' lang='lat' dir='ltr'><strong>de-</strong></span> 
     </span>
    </p>
   </div>
   <div class='ocr_carea' id='block_1_94' title="bbox 239 4879 1810 4954">
    <p class='ocr_par' dir='ltr' id='par_1_94' title="bbox 239 4879 1810 4954">
     <span class='ocr_line' id='line_1_94' title="bbox 239 4879 1810 4954; baseline 0.005 -22"><span class='ocrx_word' id='word_1_714' title='bbox 239 4884 486 4932; x_wconf 72' lang='lat' dir='ltr'><strong>sererent</strong></span> <span class='ocrx_word' id='word_1_715' title='bbox 545 4893 704 4945; x_wconf 88' lang='lat' dir='ltr'><strong>eum,</strong></span> <span class='ocrx_word' id='word_1_716' title='bbox 747 4893 816 4934; x_wconf 91' lang='lat' dir='ltr'><strong>an</strong></span> <span class='ocrx_word' id='word_1_717' title='bbox 867 4879 1130 4937; x_wconf 86' lang='lat' dir='ltr'><strong>charitate</strong></span> <span class='ocrx_word' id='word_1_718' title='bbox 1189 4883 1684 4954; x_wconf 86' lang='lat' dir='ltr'><strong>amplecterentur;</strong></span> <span class='ocrx_word' id='word_1_719' title='bbox 1754 4892 1810 4940; x_wconf 91' lang='lat' dir='ltr'><strong>et</strong></span> 
     </span>
    </p>
   </div>
   <div class='ocr_carea' id='block_1_95' title="bbox 240 4966 1810 5044">
    <p class='ocr_par' dir='ltr' id='par_1_95' title="bbox 240 4966 1810 5044">
     <span class='ocr_line' id='line_1_95' title="bbox 240 4966 1810 5044; baseline 0.005 -22"><span class='ocrx_word' id='word_1_720' title='bbox 240 4966 416 5022; x_wconf 89' lang='lat' dir='ltr'><strong>dicit:</strong></span> <span class='ocrx_word' id='word_1_721' title='bbox 444 4966 629 5038; x_wconf 76' lang='lat' dir='ltr'><strong>Neque</strong></span> <span class='ocrx_word' id='word_1_722' title='bbox 679 4969 984 5040; x_wconf 83' lang='lat' dir='ltr'><strong>sprevistis,</strong></span> <span class='ocrx_word' id='word_1_723' title='bbox 1026 4978 1089 5026; x_wconf 88' lang='lat' dir='ltr'><strong>ut</strong></span> <span class='ocrx_word' id='word_1_724' title='bbox 1125 4986 1234 5026; x_wconf 91' lang='lat' dir='ltr'><strong>non</strong></span> <span class='ocrx_word' id='word_1_725' title='bbox 1273 4973 1617 5044; x_wconf 86' lang='lat' dir='ltr'><strong>susciperetis</strong></span> <span class='ocrx_word' id='word_1_726' title='bbox 1662 4989 1810 5029; x_wconf 90' lang='lat' dir='ltr'><strong>com-</strong></span> 
     </span>
    </p>
   </div>
   <div class='ocr_carea' id='block_1_96' title="bbox 239 5057 1815 5133">
    <p class='ocr_par' dir='ltr' id='par_1_96' title="bbox 239 5057 1815 5133">
     <span class='ocr_line' id='line_1_96' title="bbox 239 5057 1815 5133; baseline 0.005 -22"><span class='ocrx_word' id='word_1_727' title='bbox 239 5057 554 5114; x_wconf 80' lang='lat' dir='ltr'><strong>munionem</strong></span> <span class='ocrx_word' id='word_1_728' title='bbox 581 5060 806 5130; x_wconf 89' lang='lat' dir='ltr'><strong>periculi</strong></span> <span class='ocrx_word' id='word_1_729' title='bbox 831 5060 938 5115; x_wconf 89' lang='lat' dir='ltr'><strong>mei</strong></span> <span class='ocrx_word' id='word_1_730' title='bbox 963 5073 980 5114; x_wconf 89' lang='lat'><strong>:</strong></span> <span class='ocrx_word' id='word_1_731' title='bbox 1004 5061 1224 5130; x_wconf 82' lang='lat' dir='ltr'><strong>grandis</strong></span> <span class='ocrx_word' id='word_1_732' title='bbox 1261 5063 1443 5133; x_wconf 86' lang='lat' dir='ltr'><strong>itaque</strong></span> <span class='ocrx_word' id='word_1_733' title='bbox 1473 5065 1700 5120; x_wconf 90' lang='lat' dir='ltr'><strong>tentatio</strong></span> <span class='ocrx_word' id='word_1_734' title='bbox 1730 5064 1815 5119; x_wconf 85' lang='lat' dir='ltr'><strong>di-</strong></span> 
     </span>
    </p>
   </div>
   <div class='ocr_carea' id='block_1_97' title="bbox 241 5149 1816 5226">
    <p class='ocr_par' dir='ltr' id='par_1_97' title="bbox 241 5149 1816 5226">
     <span class='ocr_line' id='line_1_97' title="bbox 241 5149 1816 5226; baseline 0.005 -24"><span class='ocrx_word' id='word_1_735' title='bbox 241 5149 445 5218; x_wconf 76' lang='lat' dir='ltr'><strong>scipuli</strong></span> <span class='ocrx_word' id='word_1_736' title='bbox 471 5157 578 5217; x_wconf 87' lang='lat' dir='ltr'><strong>est,</strong></span> <span class='ocrx_word' id='word_1_737' title='bbox 605 5151 653 5207; x_wconf 86' lang='lat' dir='ltr'><strong>si</strong></span> <span class='ocrx_word' id='word_1_738' title='bbox 677 5151 764 5206; x_wconf 90' lang='lat' dir='ltr'><strong>vir</strong></span> <span class='ocrx_word' id='word_1_739' title='bbox 785 5157 1006 5207; x_wconf 88' lang='lat' dir='ltr'><strong>sanctus</strong></span> <span class='ocrx_word' id='word_1_740' title='bbox 1029 5159 1121 5206; x_wconf 88' lang='lat' dir='ltr'><strong>aut</strong></span> <span class='ocrx_word' id='word_1_741' title='bbox 1143 5150 1462 5221; x_wconf 72' lang='lat' dir='ltr'><strong>iniit-inetur,</strong></span> <span class='ocrx_word' id='word_1_742' title='bbox 1489 5163 1583 5210; x_wconf 88' lang='lat' dir='ltr'><strong>aut</strong></span> <span class='ocrx_word' id='word_1_743' title='bbox 1602 5155 1816 5226; x_wconf 88' lang='lat' dir='ltr'><strong>impune</strong></span> 
     </span>
    </p>
   </div>
   <div class='ocr_carea' id='block_1_98' title="bbox 243 5238 1134 5319">
    <p class='ocr_par' dir='ltr' id='par_1_98' title="bbox 243 5238 1134 5319">
     <span class='ocr_line' id='line_1_98' title="bbox 243 5238 1134 5319; baseline 0.007 -26"><span class='ocrx_word' id='word_1_744' title='bbox 243 5238 495 5296; x_wconf 68' lang='lat' dir='ltr'><strong>laedatur.</strong></span> <span class='ocrx_word' id='word_1_745' title='bbox 1131 5315 1134 5319; x_wconf 22' lang='lat'><em>‘</em></span> 
     </span>
    </p>
   </div>
   <div class='ocr_carea' id='block_1_99' title="bbox 315 5328 1815 5404">
    <p class='ocr_par' dir='ltr' id='par_1_99' title="bbox 315 5328 1815 5404">
     <span class='ocr_line' id='line_1_99' title="bbox 315 5328 1815 5404; baseline 0.003 -20"><span class='ocrx_word' id='word_1_746' title='bbox 315 5328 452 5395; x_wconf 68' lang='lat' dir='ltr'><strong>Qum</strong></span> <span class='ocrx_word' id='word_1_747' title='bbox 496 5347 620 5402; x_wconf 77' lang='lat' dir='ltr'><strong>ergo</strong></span> <span class='ocrx_word' id='word_1_748' title='bbox 655 5339 733 5387; x_wconf 83' lang='lat' dir='ltr'><strong>est</strong></span> <span class='ocrx_word' id='word_1_749' title='bbox 775 5331 1046 5388; x_wconf 67' lang='lat' dir='ltr'><strong>beatitudo</strong></span> <span class='ocrx_word' id='word_1_750' title='bbox 1094 5332 1300 5388; x_wconf 72' lang='lat' dir='ltr'><strong>castra?</strong></span> <span class='ocrx_word' id='word_1_751' title='bbox 1331 5331 1430 5387; x_wconf 76' lang='lat' dir='ltr'><strong>Vel</strong></span> <span class='ocrx_word' id='word_1_752' title='bbox 1453 5332 1544 5388; x_wconf 85' lang='lat' dir='ltr'><strong>illa</strong></span> <span class='ocrx_word' id='word_1_753' title='bbox 1572 5349 1730 5404; x_wconf 89' lang='lat' dir='ltr'><strong>quam</strong></span> <span class='ocrx_word' id='word_1_754' title='bbox 1756 5334 1815 5389; x_wconf 88' lang='lat' dir='ltr'><strong>in</strong></span> 
     </span>
    </p>
   </div>
   <div class='ocr_carea' id='block_1_100' title="bbox 241 5421 1816 5491">
    <p class='ocr_par' dir='ltr' id='par_1_100' title="bbox 241 5421 1816 5491">
     <span class='ocr_line' id='line_1_100' title="bbox 241 5421 1816 5491; baseline 0.003 -17"><span class='ocrx_word' id='word_1_755' title='bbox 241 5421 398 5478; x_wconf 88' lang='lat' dir='ltr'><strong>vobis</strong></span> <span class='ocrx_word' id='word_1_756' title='bbox 430 5423 489 5478; x_wconf 86' lang='lat' dir='ltr'><strong>in</strong></span> <span class='ocrx_word' id='word_1_757' title='bbox 525 5423 700 5480; x_wconf 86' lang='lat' dir='ltr'><strong>initiis</strong></span> <span class='ocrx_word' id='word_1_758' title='bbox 723 5423 1030 5491; x_wconf 82' lang='lat' dir='ltr'><strong>laudabam,</strong></span> <span class='ocrx_word' id='word_1_759' title='bbox 1063 5439 1210 5480; x_wconf 89' lang='lat' dir='ltr'><strong>nunc</strong></span> <span class='ocrx_word' id='word_1_760' title='bbox 1237 5423 1382 5480; x_wconf 89' lang='lat' dir='ltr'><strong>nulla</strong></span> <span class='ocrx_word' id='word_1_761' title='bbox 1416 5432 1518 5479; x_wconf 88' lang='lat' dir='ltr'><strong>est.</strong></span> <span class='ocrx_word' id='word_1_762' title='bbox 1550 5423 1816 5490; x_wconf 74' lang='lat' dir='ltr'><strong>Quoniam</strong></span> 
     </span>
    </p>
   </div>
   <div class='ocr_carea' id='block_1_101' title="bbox 241 5511 1818 5587">
    <p class='ocr_par' dir='ltr' id='par_1_101' title="bbox 241 5511 1818 5587">
     <span class='ocr_line' id='line_1_101' title="bbox 241 5511 1818 5587; baseline 0.005 -23"><span class='ocrx_word' id='word_1_763' title='bbox 241 5513 287 5564; x_wconf 85' lang='lat' dir='ltr'><strong>si</strong></span> <span class='ocrx_word' id='word_1_764' title='bbox 317 5511 441 5581; x_wconf 82' lang='lat' dir='ltr'><strong>ﬁeri</strong></span> <span class='ocrx_word' id='word_1_765' title='bbox 479 5523 650 5585; x_wconf 80' lang='lat' dir='ltr'><strong>posset</strong></span> <span class='ocrx_word' id='word_1_766' title='bbox 679 5513 855 5570; x_wconf 86' lang='lat' dir='ltr'><strong>oculos</strong></span> <span class='ocrx_word' id='word_1_767' title='bbox 883 5517 1167 5571; x_wconf 84' lang='lat' dir='ltr'><strong>eruissetis.</strong></span> <span class='ocrx_word' id='word_1_768' title='bbox 1207 5515 1326 5572; x_wconf 74' lang='lat' dir='ltr'><strong>Hoc</strong></span> <span class='ocrx_word' id='word_1_769' title='bbox 1349 5515 1696 5587; x_wconf 82' lang='lat' dir='ltr'><strong>hyperbolice</strong></span> <span class='ocrx_word' id='word_1_770' title='bbox 1719 5531 1818 5586; x_wconf 91' lang='lat' dir='ltr'><strong>pro</strong></span> 
     </span>
    </p>
   </div>
   <div class='ocr_carea' id='block_1_102' title="bbox 244 5603 1820 5680">
    <p class='ocr_par' dir='ltr' id='par_1_102' title="bbox 244 5603 1820 5680">
     <span class='ocr_line' id='line_1_102' title="bbox 244 5603 1820 5680; baseline 0.003 -24"><span class='ocrx_word' id='word_1_771' title='bbox 244 5603 488 5658; x_wconf 76' lang='lat' dir='ltr'><strong>maxima</strong></span> <span class='ocrx_word' id='word_1_772' title='bbox 544 5605 830 5662; x_wconf 90' lang='lat' dir='ltr'><strong>dilectione</strong></span> <span class='ocrx_word' id='word_1_773' title='bbox 875 5608 1080 5663; x_wconf 91' lang='lat' dir='ltr'><strong>dictum</strong></span> <span class='ocrx_word' id='word_1_774' title='bbox 1122 5616 1223 5664; x_wconf 87' lang='lat' dir='ltr'><strong>est.</strong></span> <span class='ocrx_word' id='word_1_775' title='bbox 1289 5606 1477 5662; x_wconf 88' lang='lat' dir='ltr'><strong>Verum</strong></span> <span class='ocrx_word' id='word_1_776' title='bbox 1522 5607 1820 5680; x_wconf 69' lang='lat' dir='ltr'><strong>pradicant:</strong></span> 
     </span>
    </p>
   </div>
   <div class='ocr_carea' id='block_1_103' title="bbox 245 5690 1819 5772">
    <p class='ocr_par' dir='ltr' id='par_1_103' title="bbox 245 5690 1819 5772">
     <span class='ocr_line' id='line_1_103' title="bbox 245 5690 1819 5772; baseline 0.007 -29"><span class='ocrx_word' id='word_1_777' title='bbox 245 5690 406 5745; x_wconf 79' lang='lat' dir='ltr'><strong>vobis.</strong></span> <span class='ocrx_word' id='word_1_778' title='bbox 442 5691 558 5748; x_wconf 83' lang='lat' dir='ltr'><strong>Non</strong></span> <span class='ocrx_word' id='word_1_779' title='bbox 589 5695 848 5765; x_wconf 85' lang='lat' dir='ltr'><strong>quidquid</strong></span> <span class='ocrx_word' id='word_1_780' title='bbox 875 5711 1087 5764; x_wconf 83' lang='lat' dir='ltr'><strong>verum,</strong></span> <span class='ocrx_word' id='word_1_781' title='bbox 1135 5697 1231 5754; x_wconf 89' lang='lat' dir='ltr'><strong>sed</strong></span> <span class='ocrx_word' id='word_1_782' title='bbox 1277 5705 1341 5752; x_wconf 88' lang='lat' dir='ltr'><strong>ut</strong></span> <span class='ocrx_word' id='word_1_783' title='bbox 1387 5712 1495 5752; x_wconf 91' lang='lat' dir='ltr'><strong>non</strong></span> <span class='ocrx_word' id='word_1_784' title='bbox 1531 5697 1819 5772; x_wconf 71' lang='lat' dir='ltr'><strong>circumci-</strong></span> 
     </span>
    </p>
   </div>
   <div class='ocr_carea' id='block_1_104' title="bbox 248 5783 1823 5862">
    <p class='ocr_par' dir='ltr' id='par_1_104' title="bbox 248 5783 1823 5862">
     <span class='ocr_line' id='line_1_104' title="bbox 248 5783 1823 5862; baseline 0.003 -20"><span class='ocrx_word' id='word_1_785' title='bbox 248 5783 473 5842; x_wconf 75' lang='lat' dir='ltr'><strong>duntur.</strong></span> <span class='ocrx_word' id='word_1_786' title='bbox 497 5783 846 5844; x_wconf 53' lang='lat' dir='ltr'><strong>iaculantur</strong></span> <span class='ocrx_word' id='word_1_787' title='bbox 875 5807 989 5846; x_wconf 76' lang='lat' dir='ltr'><strong>vos.</strong></span> <span class='ocrx_word' id='word_1_788' title='bbox 1025 5790 1087 5853; x_wconf 83' lang='lat' dir='ltr'><strong>Id</strong></span> <span class='ocrx_word' id='word_1_789' title='bbox 1113 5799 1220 5860; x_wconf 75' lang='lat' dir='ltr'><strong>est,</strong></span> <span class='ocrx_word' id='word_1_790' title='bbox 1250 5791 1495 5849; x_wconf 78' lang='lat' dir='ltr'><strong>invident</strong></span> <span class='ocrx_word' id='word_1_791' title='bbox 1521 5789 1700 5858; x_wconf 86' lang='lat' dir='ltr'><strong>vobis,</strong></span> <span class='ocrx_word' id='word_1_792' title='bbox 1731 5790 1823 5862; x_wconf 82' lang='lat' dir='ltr'><strong>qui</strong></span> 
     </span>
    </p>
   </div>
   <div class='ocr_carea' id='block_1_105' title="bbox 1921 4600 3488 4675">
    <p class='ocr_par' dir='ltr' id='par_1_105' title="bbox 1921 4600 3488 4675">
     <span class='ocr_line' id='line_1_105' title="bbox 1921 4600 3488 4675; baseline -0.003 -17"><span class='ocrx_word' id='word_1_793' title='bbox 1921 4605 2015 4675; x_wconf 91' lang='lat' dir='ltr'><strong>qui</strong></span> <span class='ocrx_word' id='word_1_794' title='bbox 2055 4603 2208 4659; x_wconf 89' lang='lat' dir='ltr'><strong>locus</strong></span> <span class='ocrx_word' id='word_1_795' title='bbox 2247 4603 2315 4658; x_wconf 91' lang='lat' dir='ltr'><strong>ad</strong></span> <span class='ocrx_word' id='word_1_796' title='bbox 2356 4610 2571 4674; x_wconf 84' lang='lat' dir='ltr'><strong>gentem</strong></span> <span class='ocrx_word' id='word_1_797' title='bbox 2611 4601 2849 4672; x_wconf 88' lang='lat' dir='ltr'><strong>pertinet</strong></span> <span class='ocrx_word' id='word_1_798' title='bbox 2888 4600 3058 4668; x_wconf 81' lang='lat' dir='ltr'><strong>illam,</strong></span> <span class='ocrx_word' id='word_1_799' title='bbox 3098 4601 3242 4658; x_wconf 90' lang='lat' dir='ltr'><strong>unde</strong></span> <span class='ocrx_word' id='word_1_800' title='bbox 3276 4609 3394 4656; x_wconf 87' lang='lat' dir='ltr'><strong>erat</strong></span> <span class='ocrx_word' id='word_1_801' title='bbox 3433 4607 3488 4654; x_wconf 86' lang='lat' dir='ltr'><strong>et</strong></span> 
     </span>
    </p>
   </div>
   <div class='ocr_carea' id='block_1_106' title="bbox 1919 4690 3489 4767">
    <p class='ocr_par' dir='ltr' id='par_1_106' title="bbox 1919 4690 3489 4767">
     <span class='ocr_line' id='line_1_106' title="bbox 1919 4690 3489 4767; baseline -0.004 -17"><span class='ocrx_word' id='word_1_802' title='bbox 1919 4695 2068 4766; x_wconf 81' lang='lat' dir='ltr'><strong>Agar</strong></span> <span class='ocrx_word' id='word_1_803' title='bbox 2084 4699 2106 4750; x_wconf 85' lang='lat'><strong>&#39;:</strong></span> <span class='ocrx_word' id='word_1_804' title='bbox 2137 4694 2282 4767; x_wconf 81' lang='lat' dir='ltr'><strong>Agar</strong></span> <span class='ocrx_word' id='word_1_805' title='bbox 2311 4694 2455 4750; x_wconf 84' lang='lat' dir='ltr'><strong>enim</strong></span> <span class='ocrx_word' id='word_1_806' title='bbox 2483 4690 2738 4765; x_wconf 66' lang='lat' dir='ltr'><strong>Egyptia</strong></span> <span class='ocrx_word' id='word_1_807' title='bbox 2768 4699 2907 4759; x_wconf 85' lang='lat' dir='ltr'><strong>erat,</strong></span> <span class='ocrx_word' id='word_1_808' title='bbox 2950 4699 3006 4748; x_wconf 88' lang='lat' dir='ltr'><strong>et</strong></span> <span class='ocrx_word' id='word_1_809' title='bbox 3049 4699 3227 4748; x_wconf 90' lang='lat' dir='ltr'><strong>tamen</strong></span> <span class='ocrx_word' id='word_1_810' title='bbox 3258 4707 3325 4747; x_wconf 91' lang='lat' dir='ltr'><strong>ex</strong></span> <span class='ocrx_word' id='word_1_811' title='bbox 3356 4690 3489 4745; x_wconf 77' lang='lat' dir='ltr'><strong>Ara-</strong></span> 
     </span>
    </p>
   </div>
   <div class='ocr_carea' id='block_1_107' title="bbox 1918 4780 3488 4857">
    <p class='ocr_par' dir='ltr' id='par_1_107' title="bbox 1918 4780 3488 4857">
     <span class='ocr_line' id='line_1_107' title="bbox 1918 4780 3488 4857; baseline -0.006 -14"><span class='ocrx_word' id='word_1_812' title='bbox 1918 4787 2008 4844; x_wconf 85' lang='lat' dir='ltr'><strong>bia</strong></span> <span class='ocrx_word' id='word_1_813' title='bbox 2052 4785 2252 4854; x_wconf 78' lang='lat' dir='ltr'><strong>fuerat,</strong></span> <span class='ocrx_word' id='word_1_814' title='bbox 2297 4785 2552 4857; x_wconf 81' lang='lat' dir='ltr'><strong>quoniam</strong></span> <span class='ocrx_word' id='word_1_815' title='bbox 2585 4799 2698 4839; x_wconf 88' lang='lat' dir='ltr'><strong>non</strong></span> <span class='ocrx_word' id='word_1_816' title='bbox 2745 4783 2957 4840; x_wconf 88' lang='lat' dir='ltr'><strong>modica</strong></span> <span class='ocrx_word' id='word_1_817' title='bbox 3004 4797 3134 4856; x_wconf 86' lang='lat' dir='ltr'><strong>pars</strong></span> <span class='ocrx_word' id='word_1_818' title='bbox 3176 4780 3394 4853; x_wconf 64' lang='lat' dir='ltr'><strong>Egypti</strong></span> <span class='ocrx_word' id='word_1_819' title='bbox 3431 4781 3488 4834; x_wconf 86' lang='lat' dir='ltr'><strong>in</strong></span> 
     </span>
    </p>
   </div>
   <div class='ocr_carea' id='block_1_108' title="bbox 1916 4875 3489 4950">
    <p class='ocr_par' dir='ltr' id='par_1_108' title="bbox 1916 4875 3489 4950">
     <span class='ocr_line' id='line_1_108' title="bbox 1916 4875 3489 4950; baseline -0.007 -13"><span class='ocrx_word' id='word_1_820' title='bbox 1916 4881 2114 4937; x_wconf 86' lang='lat' dir='ltr'><strong>Arabia</strong></span> <span class='ocrx_word' id='word_1_821' title='bbox 2155 4881 2597 4938; x_wconf 87' lang='lat' dir='ltr'><strong>concludebatur.</strong></span> <span class='ocrx_word' id='word_1_822' title='bbox 2643 4875 2780 4932; x_wconf 82' lang='lat' dir='ltr'><strong>Nam</strong></span> <span class='ocrx_word' id='word_1_823' title='bbox 2813 4877 2962 4950; x_wconf 86' lang='lat' dir='ltr'><strong>quod</strong></span> <span class='ocrx_word' id='word_1_824' title='bbox 3003 4877 3174 4932; x_wconf 87' lang='lat' dir='ltr'><strong>dicit:</strong></span> <span class='ocrx_word' id='word_1_825' title='bbox 3205 4875 3386 4945; x_wconf 67' lang='lat' dir='ltr'><strong>Amnis</strong></span> <span class='ocrx_word' id='word_1_826' title='bbox 3413 4881 3489 4927; x_wconf 82' lang='lat' dir='ltr'><strong>est</strong></span> 
     </span>
    </p>
   </div>
   <div class='ocr_carea' id='block_1_109' title="bbox 1915 4966 3485 5042">
    <p class='ocr_par' dir='ltr' id='par_1_109' title="bbox 1915 4966 3485 5042">
     <span class='ocr_line' id='line_1_109' title="bbox 1915 4966 3485 5042; baseline -0.005 -17"><span class='ocrx_word' id='word_1_827' title='bbox 1915 4971 2050 5042; x_wconf 88' lang='lat' dir='ltr'><strong>ejus,</strong></span> <span class='ocrx_word' id='word_1_828' title='bbox 2077 4973 2168 5042; x_wconf 88' lang='lat' dir='ltr'><strong>qui</strong></span> <span class='ocrx_word' id='word_1_829' title='bbox 2189 4987 2325 5026; x_wconf 85' lang='lat' dir='ltr'><strong>nunc</strong></span> <span class='ocrx_word' id='word_1_830' title='bbox 2351 4978 2429 5036; x_wconf 79' lang='lat' dir='ltr'><strong>est</strong></span> <span class='ocrx_word' id='word_1_831' title='bbox 2458 4967 2813 5036; x_wconf 81' lang='lat' dir='ltr'><strong>Hierusalem,</strong></span> <span class='ocrx_word' id='word_1_832' title='bbox 2845 4969 2914 5024; x_wconf 89' lang='lat' dir='ltr'><strong>de</strong></span> <span class='ocrx_word' id='word_1_833' title='bbox 2937 4967 3083 5040; x_wconf 71' lang='lat' dir='ltr'><strong>Agar</strong></span> <span class='ocrx_word' id='word_1_834' title='bbox 3108 4966 3322 5030; x_wconf 86' lang='lat' dir='ltr'><strong>dicitur,</strong></span> <span class='ocrx_word' id='word_1_835' title='bbox 3352 4978 3485 5035; x_wconf 89' lang='lat' dir='ltr'><strong>quo-</strong></span> 
     </span>
    </p>
   </div>
   <div class='ocr_carea' id='block_1_110' title="bbox 1918 5059 3483 5132">
    <p class='ocr_par' dir='ltr' id='par_1_110' title="bbox 1918 5059 3483 5132">
     <span class='ocr_line' id='line_1_110' title="bbox 1918 5059 3483 5132; baseline -0.008 -14"><span class='ocrx_word' id='word_1_836' title='bbox 1918 5063 2065 5118; x_wconf 86' lang='lat' dir='ltr'><strong>niam</strong></span> <span class='ocrx_word' id='word_1_837' title='bbox 2087 5062 2175 5117; x_wconf 88' lang='lat' dir='ltr'><strong>illa</strong></span> <span class='ocrx_word' id='word_1_838' title='bbox 2197 5077 2316 5132; x_wconf 82' lang='lat' dir='ltr'><strong>quae</strong></span> <span class='ocrx_word' id='word_1_839' title='bbox 2341 5061 2479 5131; x_wconf 91' lang='lat' dir='ltr'><strong>apud</strong></span> <span class='ocrx_word' id='word_1_840' title='bbox 2498 5075 2599 5117; x_wconf 91' lang='lat' dir='ltr'><strong>nos</strong></span> <span class='ocrx_word' id='word_1_841' title='bbox 2620 5068 2705 5116; x_wconf 90' lang='lat' dir='ltr'><strong>est</strong></span> <span class='ocrx_word' id='word_1_842' title='bbox 2724 5059 3083 5123; x_wconf 76' lang='lat' dir='ltr'><strong>Hierusalem,</strong></span> <span class='ocrx_word' id='word_1_843' title='bbox 3114 5059 3217 5111; x_wconf 90' lang='lat' dir='ltr'><strong>hoc</strong></span> <span class='ocrx_word' id='word_1_844' title='bbox 3235 5062 3337 5120; x_wconf 89' lang='lat' dir='ltr'><strong>est,</strong></span> <span class='ocrx_word' id='word_1_845' title='bbox 3364 5068 3483 5124; x_wconf 80' lang='lat' dir='ltr'><strong>quae</strong></span> 
     </span>
    </p>
   </div>
   <div class='ocr_carea' id='block_1_111' title="bbox 1916 5141 3486 5218">
    <p class='ocr_par' dir='ltr' id='par_1_111' title="bbox 1916 5141 3486 5218">
     <span class='ocr_line' id='line_1_111' title="bbox 1916 5141 3486 5218; baseline -0.007 -10"><span class='ocrx_word' id='word_1_846' title='bbox 1916 5153 1973 5207; x_wconf 92' lang='lat' dir='ltr'><strong>in</strong></span> <span class='ocrx_word' id='word_1_847' title='bbox 2003 5152 2198 5208; x_wconf 82' lang='lat' dir='ltr'><strong>saeculo</strong></span> <span class='ocrx_word' id='word_1_848' title='bbox 2231 5151 2336 5207; x_wconf 90' lang='lat' dir='ltr'><strong>hoc</strong></span> <span class='ocrx_word' id='word_1_849' title='bbox 2363 5165 2484 5206; x_wconf 91' lang='lat' dir='ltr'><strong>esse</strong></span> <span class='ocrx_word' id='word_1_850' title='bbox 2518 5151 2755 5216; x_wconf 89' lang='lat' dir='ltr'><strong>videtur,</strong></span> <span class='ocrx_word' id='word_1_851' title='bbox 2795 5152 3002 5218; x_wconf 83' lang='lat' dir='ltr'><strong>aequam</strong></span> <span class='ocrx_word' id='word_1_852' title='bbox 3035 5145 3292 5200; x_wconf 88' lang='lat' dir='ltr'><strong>virtutem</strong></span> <span class='ocrx_word' id='word_1_853' title='bbox 3319 5141 3486 5198; x_wconf 88' lang='lat' dir='ltr'><strong>habet</strong></span> 
     </span>
    </p>
   </div>
   <div class='ocr_carea' id='block_1_112' title="bbox 1919 5232 3484 5314">
    <p class='ocr_par' dir='ltr' id='par_1_112' title="bbox 1919 5232 3484 5314">
     <span class='ocr_line' id='line_1_112' title="bbox 1919 5232 3484 5314; baseline -0.006 -16"><span class='ocrx_word' id='word_1_854' title='bbox 1919 5243 1986 5298; x_wconf 89' lang='lat' dir='ltr'><strong>ad</strong></span> <span class='ocrx_word' id='word_1_855' title='bbox 2011 5242 2175 5314; x_wconf 78' lang='lat' dir='ltr'><strong>Agar.</strong></span> <span class='ocrx_word' id='word_1_856' title='bbox 2205 5242 2341 5297; x_wconf 89' lang='lat' dir='ltr'><strong>Sara</strong></span> <span class='ocrx_word' id='word_1_857' title='bbox 2370 5250 2547 5296; x_wconf 90' lang='lat' dir='ltr'><strong>autem</strong></span> <span class='ocrx_word' id='word_1_858' title='bbox 2585 5238 2923 5297; x_wconf 79' lang='lat' dir='ltr'><strong>Hierusalem</strong></span> <span class='ocrx_word' id='word_1_859' title='bbox 2960 5235 3236 5293; x_wconf 74' lang='lat' dir='ltr'><strong>cmlestem</strong></span> <span class='ocrx_word' id='word_1_860' title='bbox 3280 5232 3484 5306; x_wconf 83' lang='lat' dir='ltr'><strong>signiﬁ-</strong></span> 
     </span>
    </p>
   </div>
   <div class='ocr_carea' id='block_1_113' title="bbox 1917 5331 3116 5400">
    <p class='ocr_par' dir='ltr' id='par_1_113' title="bbox 1917 5331 3116 5400">
     <span class='ocr_line' id='line_1_113' title="bbox 1917 5331 3116 5400; baseline -0.002 -11"><span class='ocrx_word' id='word_1_861' title='bbox 1917 5341 2024 5389; x_wconf 82' lang='lat' dir='ltr'><strong>cat.</strong></span> <span class='ocrx_word' id='word_1_862' title='bbox 2051 5331 2204 5400; x_wconf 81' lang='lat' dir='ltr'><strong>Quod</strong></span> <span class='ocrx_word' id='word_1_863' title='bbox 2230 5340 2410 5387; x_wconf 89' lang='lat' dir='ltr'><strong>autem</strong></span> <span class='ocrx_word' id='word_1_864' title='bbox 2438 5331 2606 5387; x_wconf 88' lang='lat' dir='ltr'><strong>dicit:</strong></span> <span class='ocrx_word' id='word_1_865' title='bbox 2729 5385 2734 5389; x_wconf 88' lang='lat'><strong>.</strong></span> <span class='ocrx_word' id='word_1_866' title='bbox 3108 5339 3116 5346; x_wconf 94' lang='lat'>&#39;</span> 
     </span>
    </p>
   </div>
   <div class='ocr_carea' id='block_1_114' title="bbox 1988 5413 3486 5493">
    <p class='ocr_par' dir='ltr' id='par_1_114' title="bbox 1988 5413 3486 5493">
     <span class='ocr_line' id='line_1_114' title="bbox 1988 5413 3486 5493; baseline -0.004 -17"><span class='ocrx_word' id='word_1_867' title='bbox 1988 5422 2060 5476; x_wconf 82' lang='lat' dir='ltr'><strong>Et</strong></span> <span class='ocrx_word' id='word_1_868' title='bbox 2083 5423 2239 5478; x_wconf 83' lang='lat' dir='ltr'><strong>servit</strong></span> <span class='ocrx_word' id='word_1_869' title='bbox 2267 5438 2385 5478; x_wconf 88' lang='lat' dir='ltr'><strong>cum</strong></span> <span class='ocrx_word' id='word_1_870' title='bbox 2411 5420 2536 5493; x_wconf 76' lang='lat' dir='ltr'><strong>ﬁliis</strong></span> <span class='ocrx_word' id='word_1_871' title='bbox 2559 5421 2687 5477; x_wconf 84' lang='lat' dir='ltr'><strong>suis.</strong></span> <span class='ocrx_word' id='word_1_872' title='bbox 2715 5419 2836 5476; x_wconf 78' lang='lat' dir='ltr'><strong>Non</strong></span> <span class='ocrx_word' id='word_1_873' title='bbox 2866 5418 2930 5473; x_wconf 91' lang='lat' dir='ltr'><strong>de</strong></span> <span class='ocrx_word' id='word_1_874' title='bbox 2953 5415 3097 5488; x_wconf 79' lang='lat' dir='ltr'><strong>Agar</strong></span> <span class='ocrx_word' id='word_1_875' title='bbox 3117 5413 3267 5481; x_wconf 88' lang='lat' dir='ltr'><strong>dicit,</strong></span> <span class='ocrx_word' id='word_1_876' title='bbox 3297 5414 3392 5471; x_wconf 85' lang='lat' dir='ltr'><strong>sed</strong></span> <span class='ocrx_word' id='word_1_877' title='bbox 3413 5414 3486 5471; x_wconf 87' lang='lat' dir='ltr'><strong>ad</strong></span> 
     </span>
    </p>
   </div>
   <div class='ocr_carea' id='block_1_115' title="bbox 1920 5505 3477 5582">
    <p class='ocr_par' dir='ltr' id='par_1_115' title="bbox 1920 5505 3477 5582">
     <span class='ocr_line' id='line_1_115' title="bbox 1920 5505 3477 5582; baseline -0.004 -17"><span class='ocrx_word' id='word_1_878' title='bbox 1920 5519 2303 5568; x_wconf 84' lang='lat' dir='ltr'><strong>testamentum</strong></span> <span class='ocrx_word' id='word_1_879' title='bbox 2348 5514 2498 5582; x_wconf 83' lang='lat' dir='ltr'><strong>quod</strong></span> <span class='ocrx_word' id='word_1_880' title='bbox 2524 5514 2706 5568; x_wconf 86' lang='lat' dir='ltr'><strong>datum</strong></span> <span class='ocrx_word' id='word_1_881' title='bbox 2737 5516 2821 5565; x_wconf 87' lang='lat' dir='ltr'><strong>est</strong></span> <span class='ocrx_word' id='word_1_882' title='bbox 2844 5508 2900 5562; x_wconf 91' lang='lat' dir='ltr'><strong>in</strong></span> <span class='ocrx_word' id='word_1_883' title='bbox 2933 5505 3063 5562; x_wconf 84' lang='lat' dir='ltr'><strong>Sina</strong></span> <span class='ocrx_word' id='word_1_884' title='bbox 3101 5507 3298 5578; x_wconf 84' lang='lat' dir='ltr'><strong>redigit</strong></span> <span class='ocrx_word' id='word_1_885' title='bbox 3326 5505 3477 5561; x_wconf 91' lang='lat' dir='ltr'><strong>illud.</strong></span> 
     </span>
    </p>
   </div>
   <div class='ocr_carea' id='block_1_116' title="bbox 1924 5599 3485 5669">
    <p class='ocr_par' dir='ltr' id='par_1_116' title="bbox 1924 5599 3485 5669">
     <span class='ocr_line' id='line_1_116' title="bbox 1924 5599 3485 5669; baseline -0.003 -13"><span class='ocrx_word' id='word_1_886' title='bbox 1924 5601 2054 5669; x_wconf 80' lang='lat' dir='ltr'><strong>Qua:</strong></span> <span class='ocrx_word' id='word_1_887' title='bbox 2101 5614 2276 5659; x_wconf 84' lang='lat' dir='ltr'><strong>autem</strong></span> <span class='ocrx_word' id='word_1_888' title='bbox 2320 5621 2530 5661; x_wconf 81' lang='lat' dir='ltr'><strong>sursum</strong></span> <span class='ocrx_word' id='word_1_889' title='bbox 2567 5613 2641 5659; x_wconf 88' lang='lat' dir='ltr'><strong>est</strong></span> <span class='ocrx_word' id='word_1_890' title='bbox 2679 5600 3032 5656; x_wconf 82' lang='lat' dir='ltr'><strong>Hierusalem.</strong></span> <span class='ocrx_word' id='word_1_891' title='bbox 3077 5599 3135 5655; x_wconf 87' lang='lat' dir='ltr'><strong>Id</strong></span> <span class='ocrx_word' id='word_1_892' title='bbox 3175 5607 3276 5663; x_wconf 85' lang='lat' dir='ltr'><strong>est,</strong></span> <span class='ocrx_word' id='word_1_893' title='bbox 3323 5612 3485 5668; x_wconf 86' lang='lat' dir='ltr'><strong>quam</strong></span> 
     </span>
    </p>
   </div>
   <div class='ocr_carea' id='block_1_117' title="bbox 1922 5691 3480 5772">
    <p class='ocr_par' dir='ltr' id='par_1_117' title="bbox 1922 5691 3480 5772">
     <span class='ocr_line' id='line_1_117' title="bbox 1922 5691 3480 5772; baseline -0.005 -18"><span class='ocrx_word' id='word_1_894' title='bbox 1922 5697 2285 5772; x_wconf 71' lang='lat' dir='ltr'><strong>prmﬂguravit</strong></span> <span class='ocrx_word' id='word_1_895' title='bbox 2313 5697 2450 5754; x_wconf 85' lang='lat' dir='ltr'><strong>Sara</strong></span> <span class='ocrx_word' id='word_1_896' title='bbox 2475 5713 2598 5754; x_wconf 89' lang='lat' dir='ltr'><strong>cum</strong></span> <span class='ocrx_word' id='word_1_897' title='bbox 2627 5696 2758 5761; x_wconf 84' lang='lat' dir='ltr'><strong>lilio,</strong></span> <span class='ocrx_word' id='word_1_898' title='bbox 2787 5695 2872 5751; x_wconf 88' lang='lat' dir='ltr'><strong>vel</strong></span> <span class='ocrx_word' id='word_1_899' title='bbox 2898 5693 3190 5766; x_wconf 86' lang='lat' dir='ltr'><strong>spiritualis</strong></span> <span class='ocrx_word' id='word_1_900' title='bbox 3215 5691 3480 5755; x_wconf 80' lang='lat' dir='ltr'><strong>Ecclesia,</strong></span> 
     </span>
    </p>
   </div>
   <div class='ocr_carea' id='block_1_118' title="bbox 1925 5786 3489 5861">
    <p class='ocr_par' dir='ltr' id='par_1_118' title="bbox 1925 5786 3489 5861">
     <span class='ocr_line' id='line_1_118' title="bbox 1925 5786 3489 5861; baseline -0.008 -14"><span class='ocrx_word' id='word_1_901' title='bbox 1925 5803 2046 5861; x_wconf 79' lang='lat' dir='ltr'><strong>quae</strong></span> <span class='ocrx_word' id='word_1_902' title='bbox 2092 5801 2268 5848; x_wconf 87' lang='lat' dir='ltr'><strong>mater</strong></span> <span class='ocrx_word' id='word_1_903' title='bbox 2305 5799 2412 5857; x_wconf 88' lang='lat' dir='ltr'><strong>est,</strong></span> <span class='ocrx_word' id='word_1_904' title='bbox 2451 5797 2563 5849; x_wconf 85' lang='lat' dir='ltr'><strong>tam</strong></span> <span class='ocrx_word' id='word_1_905' title='bbox 2589 5786 2887 5847; x_wconf 78' lang='lat' dir='ltr'><strong>Gentilium</strong></span> <span class='ocrx_word' id='word_1_906' title='bbox 2927 5787 3289 5850; x_wconf 85' lang='lat' dir='ltr'><strong>credentium,</strong></span> <span class='ocrx_word' id='word_1_907' title='bbox 3321 5797 3489 5854; x_wconf 31' lang='lat' dir='ltr'><strong>quam.</strong></span> 
     </span>
    </p>
   </div>
  </div>
