4046 6332
569 391 666 451 l9!

1954 370 2222 452 suum!
2268 394 2463 454 SCOTI

3703 407 3816 466 1'92

569 507 736 562 etiam
785 501 1117 569 Iudaeorum,
1163 502 1318 574 cujus
1367 503 1463 559 lilii
1517 506 1658 562 servi
1709 516 1828 563 esse
1874 521 1978 563 non
2007 524 2135 578 pos-
2159 505 2424 574 Asaltus,
2471 511 2720 582 regiones
2770 512 3067 580 consumit;
3119 515 3282 571 unius
3329 517 3551 588 pecudis
3594 519 3815 580 scabies

569 595 898 652 suntzbene
941 602 1123 649 autem
1175 594 1324 650 addit
1381 598 1774 667 sursum,quia
1825 598 2134 654 Christiana

569 687 811 744 Ecclesia
844 700 938 756 spe
966 693 1022 741 et
1054 686 1464 742 conversatione
1493 687 1698 743 caelesti
1723 689 1990 743 desiderio
2013 691 2138 745 sub-

567 777 867 842 levabatur,
891 786 949 830 ut
968 784 1147 830 nostra
1167 778 1488 831 conversatio
1512 778 1566 831 in
1589 779 1726 835 caelis
1747 788 1820 832 est
1843 777 2010 850 (Phil.
2027 781 2132 852 ιιι).

568 869 812 937 Quatuor
856 869 1060 940 ﬁgurae,
1104 875 1165 922 ut
1194 869 1444 936 historia,
1491 869 1765 940 allegoria,
1815 871 2134 942 tropologia,

571 973 833 1028 anagoge,
877 959 981 1013 hoc
1022 957 1136 1013 solo
1170 959 1387 1014 nomine
1417 960 1559 1029 quod
1586 969 1672 1015 est
1699 960 2036 1016 Hierusalem
2064 964 2138 1017 si-

567 1049 908 1118 gniﬁcantur.
934 1049 1070 1104 Nam
1088 1051 1379 1106 secundum
1410 1053 1694 1107 historiam
1723 1054 1914 1109 civitas
1935 1062 2019 1109 est
2037 1053 2134 1109 Ju-

567 1138 841 1206 dteorum;
903 1143 1196 1197 secundum
1243 1141 1557 1213 allegoriam
1602 1143 1842 1199 Ecclesia
1895 1144 2128 1212 Christi;

567 1229 862 1284 secundum
899 1245 1173 1302 anagogen
1210 1231 1402 1286 civitas
1445 1232 1540 1286 Dei
1575 1231 1668 1287 illa
1705 1233 1974 1300 caelestis,
2015 1250 2135 1304 qum

564 1326 648 1372 est
675 1327 851 1374 mater
881 1321 1120 1375 omnium
1141 1329 1422 1387 nostrum;
1457 1323 1750 1377 secundum
1779 1324 2132 1396 tropologiam

565 1409 746 1463 anima
778 1409 1031 1477 hominis,
1062 1427 1183 1482 quae
1217 1411 1530 1480 frequenter
1549 1413 1652 1468 hoc
1681 1413 1898 1469 nomine
1923 1423 2019 1469 aut
2049 1415 2132 1469 in-

561 1506 832 1566 crepatur,
877 1509 972 1556 aut
1015 1501 1268 1556 laudatur
1303 1517 1334 1555 a
1372 1501 1621 1557 Domino.
1665 1501 1872 1558 Laetare
1911 1506 2127 1561 sterilis.

561 1587 674 1644 Hoc
708 1591 762 1644 in
793 1592 930 1646 Isaia
956 1593 1218 1662 scriptum
1241 1601 1326 1647 est
1348 1592 1504 1664 (Isai.
1540 1594 1670 1664 Liv).
1700 1595 1816 1650 Hoc
1843 1605 2022 1652 autem
2045 1598 2132 1654 vel

560 1678 814 1736 Ecclesiae
855 1697 921 1737 ex
961 1683 1249 1749 Gentibus,
1287 1683 1370 1738 vel
1410 1685 1743 1741 Hierusalem
1771 1689 1977 1744 caelesti
2004 1706 2134 1745 con-

559 1779 814 1840 gruenter
841 1781 1058 1843 aptatur
1087 1793 1099 1828 :
1125 1782 1353 1846 utraque
1377 1777 1523 1831 enim
1551 1778 1752 1832 sterilis
1775 1787 1916 1844 erat,
1944 1781 2130 1836 Eccle-

559 1863 641 1917 sia
664 1865 881 1933 quidem
918 1865 1195 1933 Gentium,
1229 1872 1371 1938 quod
1406 1886 1507 1926 nec
1541 1871 1851 1941 spirituales
1875 1889 1974 1944 per
1996 1875 2130 1945 bap-

559 1952 782 2008 tismum
815 1955 954 2012 filios
981 1958 1091 2012 Deo
1128 1961 1367 2030 peperit;
1407 1977 1510 2017 nec
1536 1979 1646 2019 non
1674 1965 1911 2020 ctelestis
1938 1964 2129 2021 Hieru-

558 2043 730 2098 salem
778 2049 1091 2116 apostaticis
1138 2051 1340 2121 angelis
1383 2053 1667 2120 derelicta,
1715 2055 2130 2127 hominibusque

558 2149 728 2191 vacua
755 2150 926 2206 usque
955 2138 1022 2192 ad
1049 2139 1339 2196 adventum
1357 2139 1660 2199 Salvatoris
1687 2145 1890 2201 sterilis
1914 2161 2130 2216 perma-

556 2228 739 2283 nebat.

627 2317 759 2384 Qua:
797 2337 901 2376 non
940 2321 1104 2393 paris.
1147 2321 1254 2379 Pro
1295 2341 1404 2381 non
1447 2325 1731 2402 pariebas._
1767 2327 2017 2399 Erumpe.
2068 2329 2128 2385 In

551 2409 824 2478 gaudium.
852 2410 922 2464 Et
951 2411 1143 2465 clama.
1170 2411 1229 2467 Id
1252 2421 1356 2478 est,
1387 2413 1441 2468 in
1465 2415 1596 2470 tuba
1623 2415 1902 2481 doctrinm,
1930 2417 2012 2472 vel
2031 2416 2124 2485 ju-

551 2497 662 2552 bilo
681 2499 881 2553 laetitize
903 2501 1136 2554 exsulta.
1161 2502 1414 2568 Desertte,
1444 2504 1496 2558 id
1519 2513 1624 2570 est,
1654 2506 1925 2562 Ecclesiae.
1954 2507 2126 2573 Quam

552 2587 687 2656 ejus,
733 2589 786 2642 id
819 2596 923 2652 est,
957 2597 1277 2662 ‘synagOgaa,
1317 2593 1402 2648 vel
1445 2597 1721 2652 terrestris
1763 2598 2146 2654 Hierusalem.“

517 2707 520 2710 ~
555 2674 685 2740 Qua:
713 2678 866 2732 habet
889 2680 1081 2746 uirum,
1111 2681 1165 2735 id
1192 2691 1296 2747 est,
1327 2699 1634 2740 sermonem
1659 2687 1811 2759 legis.
1841 2687 2126 2760 Persequo-

550 2764 706 2819 batur
742 2783 882 2832 eum,
936 2768 991 2822 id
1037 2778 1140 2837 est,
1191 2769 1341 2827 Isaac
1367 2790 1380 2826 :
1405 2772 1464 2828 In
1512 2773 1706 2831 Genesi
1760 2778 1975 2846 quidem
2021 2780 2125 2836 hoc

549 2856 814 2925 scriptum
843 2866 965 2913 est:
999 2859 1138 2925 Quia
1176 2861 1360 2918 luserit
1396 2881 1515 2918 cum
1547 2864 1702 2921 Isaac
1743 2866 1939 2921 Ismaél
1965 2867 2117 2940 (Gen.

545 2948 682 3018 χχι).
716 2947 821 3005 Sed
839 2950 1128 3021 Apostolus
1156 2956 1412 3023 ostendit,
1463 2973 1571 3013 non
1613 2959 1912 3030 simplicem
1943 2960 2120 3016 lusum

545 3037 732 3106 fuisse,
777 3057 936 3112 quem
968 3047 1400 3113 persecutionem
1431 3049 1666 3118 appellat
1692 3068 1705 3104 :
1731 3067 1896 3106 unum
1924 3051 2120 3106 intelli-

545 3128 710 3196 gitur,
743 3131 869 3199 quia
901 3135 1184 3191 scurrilem
1213 3153 1339 3192 eum
1362 3146 1418 3193 et
1442 3139 1634 3203 levem,
1665 3142 1805 3197 sicut
1833 3143 1946 3212 ipse
1974 3151 2114 3211 erat,

2239 606 2412 654 totum
2459 602 2696 657 maculat
2740 617 2978 674 gregem.
3012 602 3092 658 lta
3137 605 3388 661 doctrina
3431 622 3689 678 perversa
3741 613 3815 669 ab

2237 703 2346 743 uno
2377 691 2677 760 egrediens,
2712 692 2912 747 multos
2946 693 3152 749 invadit
3193 703 3460 752 auctores.
3501 697 3817 756 Fennentat

2239 777 2463 853 [Zupoi‘].
2497 781 2614 836 Non
2642 790 2705 836 ut
2731 783 2871 838 male
2900 784 2955 838 in
2984 784 3191 841 Latinis
3227 788 3527 856 codicibus,
3575 808 3819 848 corrum-

2233 869 2332 939 pit.
2360 869 2474 940 Ego
2501 873 2707 940 conﬁdo
2741 873 2805 928 de
2838 874 2978 929 vobis
3015 875 3073 930 in
3113 875 3359 932 Domino.
3401 877 3520 935 Non
3547 895 3648 950 per
3673 897 3815 938 cou-

2229 955 2517 1027 jecturam,
2545 963 2640 1018 sed
2665 964 2854 1032 spiritu
2880 966 3198 1036 prophetico
3223 971 3555 1039 pronuntiat,
3585 973 3818 1031 Galatas

2237 1049 2305 1104 ad
2345 1051 2590 1108 veritatis
2630 1055 2772 1109 viam
2813 1071 3146 1115 reversuros.
3187 1059 3339 1115 Nihil
3366 1062 3514 1118 aliud
3539 1066 3707 1136 sapio.
3750 1067 3818 1122 Id

2233 1149 2338 1206 est,
2370 1143 2475 1198 nisi
2509 1145 2653 1213 quod
2681 1147 2848 1202 doceo
2881 1162 2982 1218 per
3021 1150 3325 1220 epistolam.
3363 1153 3422 1208 Si
3453 1155 3818 1212 circumcisio-

2234 1249 2350 1287 nem
2378 1237 2628 1304 prtedico.
2659 1237 2775 1295 Hoc
2799 1240 2922 1296 ideo
2947 1241 3099 1308 dicit,
3143 1244 3270 1314 quia
3309 1245 3527 1315 quidam
3567 1263 3636 1303 ex
3675 1249 3819 1318 ipsis

2233 1323 2506 1393 dicebant,
2549 1330 2690 1398 quod
2720 1330 2921 1386 Paulus
2960 1334 3276 1388 observaret
3315 1335 3816 1405 circumcisionem,

2234 1414 2362 1469 dum
2397 1417 3132 1478 circumciditTimotheum.
3185 1424 3328 1494 Ergo
3379 1437 3687 1481 euacuatum
3729 1436 3818 1483 est

2231 1505 2544 1560 scandalum
2566 1510 2757 1563 crucis.
2784 1509 2878 1566 Vel
2899 1513 3373 1582 scandalumquod
3390 1517 3570 1585 patior
3587 1525 3817 1588 propter

2230 1596 2668 1666 praedicationem
2695 1601 2872 1656 crucis
2898 1612 3215 1657 evacuatum
3237 1612 3341 1670 est,
3372 1605 3418 1658 si
3448 1620 3556 1661 non
3585 1621 3816 1662 crucem

2230 1687 2486 1755 praedico,
2516 1689 2610 1744 sed
2641 1690 3129 1750 circumcisionem.
3162 1692 3377 1750 Utinam
3404 1697 3810 1753 abscinduntur.

2234 1773 2349 1832 Hoc
2376 1786 2482 1842 est,
2518 1779 2724 1834 utinam
2751 1795 2782 1834 a
2804 1781 2948 1836 malo
2979 1782 3034 1836 in
3059 1783 3261 1838 bonum
3287 1794 3694 1852 convertantur,
3720 1788 3815 1844 vel

2156 1852 2203 1912 Β
2230 1866 2436 1921 utinam
2479 1869 2607 1924 totis
2654 1871 2833 1940 potius
2878 1872 3124 1929 virilibus
3177 1875 3290 1930 suis
3333 1885 3661 1943 castrentur,
3713 1879 3814 1948 qui

2231 1957 2498 2012 modicam
2535 1962 2779 2031 corporis
2805 1960 2885 2016 sui
2911 1970 3120 2033 partem
3143 1965 3457 2021 circumcidi
3482 1967 3808 2036 pradicant.

2227 2045 2422 2112 Aliter,
2459 2049 2666 2104 utinam
2697 2051 2877 2120 aliqua
2914 2053 3152 2108 vindicta
3188 2054 3323 2110 tales
3353 2071 3384 2110 a
3404 2055 3563 2120 vobis
3587 2056 3815 2128 penitus

2229 2145 2572 2205 separentur,
2603 2153 2671 2194 ne
2692 2154 2790 2195 vos
2815 2141 3322 2204 ultraconturbent.

2309 2224 2410 2280 Vos
2438 2228 2576 2282 enim
2601 2230 2660 2282 in
2689 2228 2980 2284 libertatem
3016 2233 3182 2286 vocati
3223 2234 3368 2287 estis.
3424 2233 3610 2291 Potest
3651 2235 3811 2294 locus

2227 2315 2334 2371 iste
2359 2317 2439 2371 sic
2475 2318 2669 2372 melius
2704 2317 3003 2389 explanari,
3034 2322 3190 2391 quasi
3217 2337 3384 2378 unum
3413 2338 3610 2394 corpus
3635 2339 3695 2380 se
3723 2325 3811 2380 in-

2226 2405 2402 2460 vicem
2431 2407 2796 2476 complectens
2833 2417 2890 2463 et
2928 2425 3038 2464 non
3075 2411 3408 2482 discrepans.
3455 2411 3708 2481 Fratres,
3739 2415 3808 2469 de

2225 2496 2470 2550 seruitute
2512 2496 2638 2566 legis
2681 2500 2849 2552 uocati
2888 2501 3032 2554 estis.
3074 2499 3134 2555 In
3170 2500 3477 2558 libertatem
3513 2504 3804 2576 evangelii.

2227 2583 2405 2640 Unum
2443 2585 2691 2650 obsecro,
2707 2601 2822 2651 vos,
2864 2602 2932 2642 ne
2963 2588 3212 2646 libertate
3252 2605 3352 2660 pro
3397 2591 3618 2649 licentia
3667 2594 3809 2649 abu—

2226 2675 2418 2730 tamini
2443 2716 2459 2743 ,
2519 2676 2764 2747 detisque
2815 2680 3157 2737 occasionem
3221 2683 3375 2739 carni
3423 2692 3478 2738 et
3529 2685 3798 2752 luxuriae;

2225 2766 2355 2835 quin
2403 2767 2583 2838 potius
2626 2769 2850 2836 discite,
2905 2772 3032 2841 quia
3081 2773 3305 2828 libertas
3349 2774 3467 2831 haec
3513 2775 3687 2845 major
3731 2778 3807 2832 sit

2224 2857 2476 2913 servitus.
2518 2859 2603 2913 An
2637 2858 2725 2914 lex
2753 2861 2822 2916 ab
2852 2861 3038 2918 invitis
3079 2865 3438 2934 extorquebat
3477 2867 3801 2937 obsequium

2222 2947 2361 3003 hoc?

2293 3039 2399 3094 Per
2419 3039 2730 3098 charitatem
2761 3044 2904 3101 vobis
2929 3048 3173 3102 serviatis
3199 3049 3444 3104 inuicem.
3461 3049 3570 3106 Vos
3591 3057 3799 3118 autem,

2219 3129 2439 3198 fratres,
2461 3143 2749 3205 propterea
2769 3138 3065 3194 secundum
3085 3139 3256 3212 legem
3276 3142 3613 3211 spiritualem
3635 3144 3803 3198 debe-

544 3191 726 3272 facere
746 3191 1016 3290 cupiebat,
1037 3240 1106 3278 ne
1132 3225 1206 3279 illi
1229 3236 1410 3296 posset
1431 3229 1485 3284 in
1508 3231 1823 3286 haereditate
1846 3191 2114 3301 prteferri:

2425 3191 2479 3202 ..
2564 3191 2581 3205 .
2782 3191 2822 3194 κ-
2842 3191 2853 3192 κ
2870 3191 3064 3194 ημ-ηη
3087 3191 3255 3212 "om-
3277 3191 3613 3211 φωνή--
3639 3191 3773 3198 --η

2218 3220 2290 3276 tis
2327 3222 2526 3287 vivere,
2560 3232 2622 3278 ut
2647 3226 2915 3283 desideria
2951 3229 3132 3285 carnis
3155 3245 3264 3284 non
3299 3230 3613 3302 perﬁciatis.
3655 3233 3798 3289 Caro

543 3306 666 3375 ipeo
689 3307 964 3366 Abraham
1001 3314 1068 3370 de
1101 3315 1367 3385 ejiciendo
1397 3333 1463 3375 eo
1509 3333 1696 3375 vocem
1727 3320 1876 3377 Same
1897 3323 2117 3393 iubetur

543 3397 753 3453 audire.

615 3485 916 3545 Secundum
942 3492 1204 3564 spiritum.
1248 3496 1304 3553 Id
1343 3507 1448 3565 est,
1478 3500 1776 3556 secundum
1803 3502 2116 3572 promissio-

539 3594 664 3636 nem
692 3588 747 3636 et
774 3583 1032 3642 virtutem
1077 3588 1316 3659 spiritus.
1361 3589 1450 3645 Ita
1490 3600 1539 3647 et
1566 3609 1722 3647 nunc.
1761 3591 1876 3649 Hoc
1904 3601 2008 3661 est,
2039 3596 2114 3651 ita

547 3678 600 3724 et
628 3672 718 3727 isti
748 3689 934 3732 servos
974 3677 1076 3733 sibi
1108 3679 1316 3736 similes
1341 3695 1437 3736 vos
1472 3680 1653 3738 facere
1686 3683 1948 3738 nituntur.
1990 3684 2114 3740 Non

539 3763 678 3814 enim
705 3762 870 3818 lateres
896 3767 1014 3820 erit.
1049 3768 1140 3824 Sic
1165 3769 1264 3825 lilii
1290 3771 1720 3829 circumcisionis
1744 3774 2008 3831 increduli
2031 3785 2115 3831 at-

541 3863 645 3918 que
671 3851 937 3918 haeretici,
965 3871 1090 3909 cum
1112 3856 1239 3912 filiis
1265 3861 1454 3929 gratia:
1482 3860 1617 3916 Novi
1643 3863 1977 3919 Testamenti
1998 3864 2113 3920 hae-

540 3939 698 3993 redes
723 3956 832 3997 non
865 3951 1046 4001 erunt.

1150 4035 1379 4094 CAPUT
1422 4039 1487 4095 V.

617 4117 784 4175 State.
815 4121 874 4176 Id
898 4129 1005 4189 est,
1026 4123 1082 4179 in
1107 4125 1213 4181 fide
1233 4127 1528 4201 Evangelii.
1555 4127 1794 4186 Christus
1815 4132 1957 4187 vobis
1982 4133 2114 4189 nihil

534 4209 788 4280 proderit.
819 4209 878 4268 Si
915 4212 1087 4269 solum
1130 4215 1280 4272 illum
1325 4219 1392 4274 ad
1433 4219 1659 4276 salutem
1693 4231 1932 4277 vestram
1967 4221 2114 4278 suill-

533 4312 657 4354 cere
687 4314 791 4355 non
819 4303 1039 4372 putetis.
1073 4303 1336 4372 Quoniam
1356 4309 1559 4364 debitor
1581 4319 1656 4366 est
1679 4311 1932 4367 universa:
1960 4311 2106 4384 legis.

533 4387 634 4456 Qui
671 4400 831 4463 caput
872 4409 1096 4464 operum
1144 4398 1303 4471 legis,
1355 4402 1440 4456 vel
1483 4403 1951 4462 circumcisionem
1989 4423 2109 4464 sus-

535 4479 702 4550 cipit,
750 4497 974 4562 necesse
1021 4495 1213 4565 estut
1259 4498 1456 4547 castera
1523 4494 1763 4551 membra
1814 4498 2104 4568 sustineat,

533 4585 602 4625 ne
655 4573 1018 4632 maledictioni
1075 4578 1373 4648 subiaceat.
1431 4581 1545 4638 Nos
1595 4587 1732 4640 enim
1781 4587 1837 4642 in
1892 4591 2102 4660 spiritu.

532 4660 629 4717 Vel
651 4663 917 4732 spirituali
943 4670 1116 4736 gratia
1142 4678 1197 4726 et
1223 4675 1654 4742 conversatione,
1682 4692 1790 4732 non
1817 4679 2018 4735 littera.

601 4753 786 4826 Neque
825 4760 1157 4828 prwputium.
1197 4763 1255 4816 Id
1293 4772 1395 4829 est,
1445 4781 1516 4820 ne
1556 4767 1752 4837 aliquis
1779 4772 2105 4841 praeputium

531 4850 743 4898 tantum
788 4844 1032 4902 sullicere
1073 4859 1293 4918 putaret
1350 4853 1766 4912 circumcisione
1818 4871 2099 4917 evacuata.

527 4928 849 4988 Currebatis.
874 4934 934 4991 Id
959 4925 1061 5003 est,
1109 4938 1232 4994 ﬁdei
1279 4942 1550 5010 passibus.
1601 4943 1884 5004 Persuasio
1931 4961 2104 5006 uestra

528 5037 634 5076 non
657 5039 722 5077 ex
743 5040 802 5078 eo
827 5034 920 5091 est,
960 5029 1050 5099 qui
1079 5046 1166 5084 vos
1196 5034 1414 5086 vocavit.
1445 5031 1733 5092 Persuasio
1764 5039 1898 5106 haec,
1939 5058 2103 5112 quam

529 5126 675 5166 nunc
699 5113 1003 5184 sequimini,
1035 5134 1142 5174 non
1170 5128 1253 5175 est
1293 5136 1360 5177 ex
1390 5137 1456 5178 eo
1487 5124 1578 5194 qui
1609 5126 1665 5181 in
1702 5128 1969 5201 principio
2009 5148 2106 5190 vos

528 5203 776 5269 vocavit,
813 5207 906 5262 sed
939 5221 1008 5262 ex
1045 5209 1132 5265 his
1173 5211 1264 5282 qui
1297 5220 1486 5282 postea
1531 5229 1628 5272 vos
1674 5221 2099 5278 conturbarunt:

525 5294 643 5351 Non
675 5306 733 5352 ut
756 5301 894 5356 male
919 5302 974 5357 in
998 5302 1206 5362 Latinis
1246 5309 1522 5367 codicibus
1569 5311 1786 5384 legitur,
1829 5321 2100 5388 persuasio

524 5399 696 5444 vestra
717 5407 782 5445 ea:
801 5391 910 5448 Deo
934 5405 1031 5450 est.
1060 5395 1329 5454 Modicum
1352 5401 1664 5471 fermentum
1685 5415 1847 5462 totam
1870 5427 2098 5466 massam

527 5478 822 5548 fermentat.
880 5484 960 5541 Ne
1003 5489 1125 5559 quis
1180 5489 1559 5547 diceret:Cur
1606 5509 1794 5553 omnes
1849 5501 2095 5571 corripis,

525 5584 646 5625 cum
677 5588 784 5629 non
811 5591 999 5632 omnes
1021 5581 1373 5636 erraverunt?
1395 5581 1638 5639 Ostendit
1664 5589 1806 5655 quod
1829 5591 2096 5647 modicum

525 5663 730 5718 erroris
774 5665 1103 5722 fermentum
1159 5678 1326 5725 totam
1366 5673 1534 5742 possit
1570 5673 1824 5734 Ecclesia:
1859 5695 2092 5735 massam

524 5766 890 5832 corrumpere.
922 5763 1096 5817 Parva
1121 5764 1352 5821 scintilla
1376 5768 1574 5824 muenia
1601 5771 1772 5838 urbis,
1802 5772 2094 5831 latissimos

2218 3314 2365 3370 enim
2400 3314 2572 3387 frigus
2614 3317 2801 3385 timet,
2836 3319 2978 3376 fame
3017 3329 3328 3378 attenuatur
3352 3331 3408 3380 et
3433 3325 3652 3397 vigiliis,
3683 3334 3793 3384 etc.

2217 3403 2262 3458 E
2288 3413 2480 3460 contra
2506 3407 2726 3478 spiritus
2754 3425 2876 3479 quae
2913 3411 3072 3489 carni
3102 3415 3376 3470 contraria
3409 3423 3535 3472 sunt
3567 3419 3795 3488 expetit.

2215 3497 2295 3552 Ita
2338 3497 2418 3564 ﬁt,
2449 3505 2511 3554 ut
2552 3514 2662 3555 non
2706 3500 2828 3556 ideo
2867 3501 2994 3572 quia
3040 3502 3142 3558 sub
3183 3507 3444 3562 servitute
3486 3507 3619 3578 legis
3669 3521 3798 3565 esse

2217 3590 2505 3656 cessastis,
2535 3590 2737 3660 putetis
2773 3606 2870 3648 vos
2895 3608 3015 3649 esse
3043 3594 3262 3666 liberos,
3306 3599 3433 3669 quia
3468 3615 3574 3656 non
3603 3601 3795 3656 statim

2216 3680 2319 3734 etsi
2349 3678 2436 3734 lex
2464 3695 2573 3734 non
2601 3681 2830 3752 imperat
2857 3692 3050 3740 natura
3093 3689 3347 3756 cessavit,
3388 3705 3496 3746 non
3531 3691 3678 3746 enim
3718 3691 3796 3747 ita

2215 3771 2282 3828 de
2331 3773 2590 3828 servitute
2617 3773 2673 3828 in
2699 3775 3007 3832 libertatem
3052 3781 3230 3836 vocati
3279 3797 3485 3849 sumus,
3531 3790 3593 3838 ut
3635 3784 3792 3840 carni

2213 3867 2534 3922 serviamus.
2566 3866 2672 3922 Sed
2696 3885 2788 3939 per
2818 3869 3130 3926 charitatem
3171 3874 3404 3944 spiritus.
3450 3874 3509 3930 ld
3547 3883 3655 3942 est,
3682 3891 3792 3932 non

2213 3954 2520 4024 superbiam
2551 3955 2764 4012 insinuo
2796 3959 2896 4013 sub
2921 3962 3101 4031 specie
3125 3961 3412 4029 libertatis,
3446 3965 3542 4020 sed
3570 3975 3792 4036 sponta-

2211 4058 2373 4098 neum
2403 4043 2676 4107 voloesse
2705 4047 3011 4104 servitium.
3039 4049 3193 4116 Quod
3221 4053 3268 4106 si
3297 4053 3569 4110 mordetis.
3601 4055 3661 4110 Id
3683 4064 3789 4122 est,

2211 4134 2430 4189 oculum
2469 4136 2758 4192 reddentes
2784 4153 2884 4209 pro
2909 4140 3088 4207 oculo,
3129 4141 3213 4196 vel
3249 4141 3664 4214 blaSphemiam.
3706 4146 3790 4200 Ne

2212 4227 2276 4305 ab
2303 4225 2519 4281 invicem
2550 4232 3008 4288 consummamini.
3047 4231 3107 4287 Id
3140 4240 3244 4300 est,
3297 4247 3367 4289 ne
3403 4234 3600 4305 aliquis
3629 4235 3790 4293 alicui

2211 4303 2374 4373 causa
2402 4305 2595 4376 mortis
2619 4321 2837 4377 existat.
2868 4322 3074 4393 Spiritu
3101 4324 3383 4380 ambulate.
3413 4324 3472 4381 ld
3493 4303 3603 4393 est,
3633 4330 3792 4400 spiri-

2211 4406 2444 4464 tualibus
2471 4408 2757 4467 desideriis
2786 4419 2840 4468 et
2867 4413 3142 4484 operibus.
3179 4413 3314 4469 Caro
3354 4417 3674 4487 concupiscit
3695 4420 3788 4474 ad-

2209 4513 2384 4554 uersus
2437 4503 2702 4572 spiritum.
2762 4501 2880 4558 Non
2918 4504 3062 4574 quod
3104 4492 3233 4563 caro
3267 4506 3402 4590 sine.
3430 4508 3612 4565 anima
3659 4527 3789 4569 con-

2209 4597 2470 4666 cupiscat,
2499 4599 2596 4654 sed
2625 4599 2740 4669 ipsa
2766 4599 2966 4668 anima,
2992 4602 3246 4671 quoniam
3284 4602 3522 4660 carnalia
3559 4605 3790 4677 cogitat,

2209 4699 2337 4750 caro
2383 4689 2581 4744 dicitur
2608 4707 2620 4743 :
2646 4691 2902 4761 quoniam
2950 4707 3080 4767 vero
3115 4695 3438 4764 spiritualia,
3484 4713 3622 4754 unus
3660 4715 3794 4758 cum

2208 4772 2320 4829 Deo
2355 4774 2414 4831 ﬁt
2443 4777 2686 4860 spiritus.
2720 4779 2852 4834 Item
2887 4797 3011 4834 caro
3043 4783 3363 4854 concupiscit
3390 4786 3640 4842 adversus
3679 4789 3795 4860 spi-

2206 4864 2386 4930 ritum,
2429 4867 2532 4922 hoc
2559 4853 2650 4923 est
2668 4867 2963 4940 Scriptura:
2985 4853 3217 4929 carneus
3253 4873 3560 4933 intellectus
3590 4853 3791 4935 adver-

2207 4971 2299 5012 sus
2335 4957 2646 5030 allegoriam
2678 4961 3034 5032 spiritualem.
3059 4963 3118 5020 In
3143 4965 3248 5023 hoc
3274 4966 3394 5024 loco
3417 4983 3639 5026 carnem
3675 4985 3789 5028 non

2207 5049 2501 5116 hominem,
2545 5050 2631 5106 vel
2659 5068 2768 5108 non
2795 5053 3031 5111 hominis
3059 5057 3437 5124 substantiam,
3467 5059 3563 5116 sed
3591 5060 3789 5115 volun-

2205 5147 2370 5196 tatem
2399 5142 2581 5197 carnis
2604 5151 2659 5198 et
2681 5144 2949 5202 desideria
2969 5149 3202 5218 pessima
3227 5148 3487 5204 debemus
3511 5151 3783 5220 accipere,

2205 5231 2346 5287 sicut
2383 5233 2633 5302 spiritum
2665 5251 2773 5292 non
2798 5237 3034 5309 aliquam
3065 5237 3441 5304 substantiam,
3466 5239 3562 5294 sed
3585 5240 3786 5296 anima:

2206 5322 2473 5378 desideria
2516 5325 2656 5382 bona
2693 5336 2750 5383 et
2783 5329 3083 5399 spiritualia
3114 5328 3420 5399 designare,
3447 5345 3609 5402 quem
3636 5332 3786 5388 idem

2204 5413 2488 5485 Apostolus
2509 5419 2758 5489 superius
2779 5420 3058 5475 evidenter
3077 5423 3362 5493 expressit,
3385 5423 3460 5478 ita
3482 5424 3778 5496 incipiens:

2203 5503 2336 5560 Dico
2369 5507 2485 5573 hoc,
2521 5509 2710 5580 spiritu
2753 5509 3041 5578 ambulate,
3093 5522 3140 5566 et
3187 5512 3450 5568 desideria
3496 5516 3671 5569 carnis
3714 5531 3781 5570 ne

2203 5599 2507 5668 perﬁciatis.

2217 5745 2222 5748 .
2277 5688 2428 5754 Quod
2462 5693 2508 5747 si
2533 5694 2720 5764 spiritu
2743 5693 3016 5764 ducimint,
3049 5714 3154 5752 non
3179 5699 3300 5753 estis
3321 5697 3416 5752 sub
3442 5696 3568 5768 lege.
3598 5696 3774 5767 Spiri-

2203 5778 2358 5847 tuali,
2383 5781 2468 5837 vel
2499 5781 2704 5852 Spiritu
2726 5793 2933 5842 sancto.
2960 5786 3248 5857 Manifesta
3266 5795 3441 5842 autem
3469 5796 3590 5842 sunt
3612 5802 3775 5865 operti
