4046 6332
281 390 389 450 193

1344 381 1678 441 COLLECT.
1717 381 1786 440 IN
1824 380 2044 440 EPIST.
2082 381 2177 440 AD
2209 381 2462 439 GALA'I‘.

3413 381 3516 440 ωι

281 504 480 559 carnis.
525 499 622 558 His
655 507 866 557 tantum
903 498 1189 556 manifesta
1220 508 1366 567 sunt,
1396 499 1491 571 qui
1531 499 1588 554 in
1629 497 1847 554 Christo
1871 496 1926 558 Α
1949 497 2072 554 bus.
2119 496 2307 569 Legem
2339 495 2553 552 Christi.
2599 494 2713 550 Lex
2752 493 2954 551 Christi
2991 495 3234 552 charitas
3256 505 3357 559 est,
3409 504 3511 551 ut:

280 595 529 650 credunt.
558 591 785 648 Plurimi
827 591 1023 662 quippe
1061 589 1341 662 gentilium
1375 590 1431 644 i'n
1460 589 1572 644 suis
1616 587 1845 660 ignomi-

280 683 386 738 niis
431 681 750 754 gloriantur.
801 680 902 736 IIic
950 695 1115 752 opera
1158 681 1338 736 carnis
1385 680 1557 752 magis
1594 679 1850 735 videntur

279 775 411 830 mihi
431 774 821 845 adsimplicem
843 789 1082 839 carnem,
1096 781 1152 829 et
1174 774 1397 844 spiritus
1415 773 1845 843 intelligentiam,

276 881 443 935 quam
470 865 539 920 ad
564 880 785 921 carnem
825 864 960 936 legis
989 904 1005 930 ,
1051 871 1106 919 et
1149 863 1406 934 parvulos
1433 864 1489 918 in
1517 863 1739 920 Christo
1767 878 1850 918 re-

275 947 428 1008 ferri.
482 953 847 1010 Adulterium-
883 952 1163 1025 Supernae
1209 953 1264 1008 in
1313 953 1520 1010 Latinis
1569 953 1848 1010 codicibus

271 1045 490 1117 legitur,
516 1045 856 1101 adulterium.

345 1133 674 1192 Fornicatio.
724 1136 772 1191 A
817 1135 1056 1206 legitimo
1100 1135 1351 1207 coniugio
1385 1135 1693 1192 declinatio.
1732 1133 1846 1189 Im-

269 1227 556 1282 munditia.
582 1226 656 1285 Ut
679 1227 903 1284 masculi
932 1229 988 1283 in
1013 1228 1282 1298 masculos
1305 1227 1696 1300 turpitudinem
1718 1242 1846 1299 ope-

270 1326 484 1374 rantes.

341 1408 602 1464 Luxuria.
639 1407 769 1476 Qua:
793 1408 850 1465 in
870 1409 1004 1466 duas
1039 1409 1269 1481 species,
1303 1408 1362 1464 in
1386 1409 1567 1481 gulam
1592 1417 1648 1465 et
1675 1409 1848 1465 forni-

267 1501 543 1556 cationem
587 1500 865 1558 dividitur.
897 1499 1026 1556 Irae.
1071 1500 1217 1556 Inter
1261 1501 1598 1558 iracundiam
1623 1510 1678 1557 et
1708 1503 1848 1556 iram

269 1594 382 1651 hoc
401 1593 643 1661 interest,
660 1595 805 1665 quod
833 1593 1123 1651 iracundus
1144 1609 1381 1665 semper,
1403 1595 1574 1650 iratus
1594 1608 1693 1664 pro
1716 1601 1849 1649 tem-

265 1701 405 1758 pore
424 1686 744 1743 concitatur.
767 1684 1127 1754 Quaerendum
1148 1694 1233 1742 est
1255 1685 1525 1756 quomodo
1545 1685 1661 1740 htec
1681 1699 1848 1756 opera

267 1778 455 1834 carnis
491 1786 672 1844 vocat,
703 1793 828 1833 cum
870 1778 1040 1833 multa
1071 1793 1140 1832 ex
1167 1777 1254 1832 his
1292 1777 1456 1832 etiam
1495 1776 1694 1830 animae
1738 1775 1848 1831 sint

1948 588 2263 643 Mandatum
2301 603 2489 643 nouum
2518 585 2584 640 do
2610 585 2775 641 vobis.
2807 584 2949 641 Nam
2978 587 3024 641 si
3060 587 3176 658 quis
3218 602 3282 640 ea:
3314 583 3508 638 Israel.

1948 679 2051 747 Qui
2077 695 2137 735 se
2167 687 2323 752 putat
2349 695 2458 736 non
2497 694 2655 750 posse
2696 679 2914 743 tentari,
2960 679 3074 735 sive
3099 678 3191 748 qui
3221 677 3340 748 plus
3366 678 3431 731 de
3457 690 3517 731 se

1946 770 2187 826 laudanti
2209 786 2268 827 se
2290 787 2452 842 quam
2468 771 2813 827 conscientiae
2832 770 3024 826 credit.
3043 767 3176 824 Cum
3191 769 3322 823 nihil
3333 768 3422 823 sit.
3440 767 3519 822 Eo

1948 862 2066 932 ipso
2113 878 2220 934 quo
2251 879 2514 934 arrogans
2533 871 2634 919 est.
2676 861 2888 917 Probet.
2925 861 2984 916 Id
3023 868 3136 927 est,
3170 859 3516 916 conscientia:

1947 954 2260 1010 testimonio
2285 955 2575 1009 examinet.
2597 953 2664 1009 In
2679 953 2970 1025 semetipso.
2988 953 3046 1008 id
3066 961 3170 1017 est,
3191 952 3245 1006 in
3267 966 3365 1006 sua
3387 965 3519 1006 con-

1949 1046 2198 1102 scientia.
2241 1044 2308 1099 Et
2336 1062 2440 1099 non
2471 1046 2528 1100 in
2554 1044 2741 1100 altero.
2778 1043 2834 1098 Id
2857 1053 2960 1111 est,
2995 1044 3050 1098 in
3079 1042 3305 1098 alterius
3331 1039 3519 1096 adula-

1948 1137 2114 1192 tione.
2145 1136 2350 1191 Bonum
2379 1135 2524 1190 enim
2554 1136 2779 1191 alterius
2804 1150 2912 1190 non
2941 1134 3090 1188 illum
3111 1132 3351 1201 adjuvat,
3379 1130 3520 1184 sicut

1947 1243 2052 1284 nec
2079 1227 2279 1282 malum
2306 1227 2422 1298 ejus
2458 1226 2607 1280 illum
2642 1226 2892 1282 infuscat.
2925 1223 3070 1280 Onus
3097 1240 3249 1278 suum
3265 1221 3516 1295 portabit.

1947 1317 2008 1374 Id
2029 1326 2128 1383 est,
2155 1317 2246 1387 qui
2276 1316 2539 1372 meruerit
2574 1315 2888 1381 vindictam,
2934 1314 3218 1370 sustinebit
3256 1328 3398 1377 eam,
3438 1311 3514 1364 sic

1948 1419 2004 1466 et
2017 1409 2118 1480 qui
2131 1409 2432 1479 praemium.
2459 1407 2822 1462 Communicat
2847 1415 3024 1460 autem
3046 1407 3091 1460 is
3111 1406 3201 1476 qui
3225 1404 3519 1458 catechiza-

1949 1509 2056 1555 tur.
2093 1499 2354 1569 Superius
2377 1498 2693 1569 spirituales
2716 1499 2996 1564 docuerat,
3026 1504 3088 1552 ut
3112 1497 3438 1552 instruerent
3467 1493 3522 1548 in

1950 1596 2144 1667 spiritu
2181 1595 2459 1660 lenitatis;
2509 1608 2654 1649 nunc
2689 1590 3136 1648 imbecillioribus
3178 1592 3426 1660 imperat,
3465 1593 3527 1640 ut

1949 1686 2092 1741 sicut
2132 1683 2236 1753 ipsi
2282 1699 2314 1738 a
2353 1682 2628 1754 magistris
2677 1675 2979 1752 spiritualia
3019 1688 3259 1744 metunt,
3300 1678 3378 1733 sic
3411 1691 3527 1732 ma-

1949 1775 2136 1846 gistris
2201 1773 2442 1830 carnalia
2500 1772 2791 1843 prazbeant.
2854 1769 3036 1826 Nolite
3095 1787 3292 1825 errare.
3341 1767 3420 1824 Ac
3477 1768 3525 1836 si

268 1883 455 1938 opera,
485 1868 648 1924 sicuti
668 1869 770 1934 ira,
799 1877 855 1923 et
877 1878 1074 1923 caetera
1101 1867 1320 1923 similia.
1343 1869 1530 1936 Itaque
1551 1882 1660 1937 quo
1688 1867 1850 1922 modo
1876 1862 1924 1921 B
1952 1866 2148 1936 aliquis
2184 1865 2388 1921 diceret
2415 1883 2429 1919 :
2462 1863 2581 1920 Non
2610 1863 2784 1918 habeo
2818 1861 3206 1918 unde—doctori
3230 1874 3351 1914 meo
3379 1872 3525 1913 com-

269 1973 424 2026 caro,
455 1958 510 2013 id
534 1968 638 2024 est,
667 1957 887 2012 carnale
921 1958 1249 2012 desiderium
1283 1965 1490 2026 regnat,
1524 1958 1688 2012 etiam
1720 1957 1841 2012 ani—

267 2062 374 2102 mae
417 2061 581 2118 opera
621 2045 697 2101 illi
741 2047 1108 2116 deputantur:
1140 2047 1408 2116 quomodo
1446 2062 1577 2101 vero
1624 2037 1847 2116 spiritus

265 2147 487 2207 regnat,
515 2137 562 2192 si
592 2151 700 2207 qua
727 2137 871 2191 bona
902 2151 1068 2206 opera
1099 2151 1227 2191 caro
1256 2136 1471 2201 fecerit,
1493 2137 1548 2190 in
1583 2135 1848 2192 fructibus

262 2229 498 2297 spiritus
538 2235 877 2298 reputantur.
927 2227 1077 2282 Sicut
1125 2228 1369 2298 praedixi.
1424 2227 1560 2283 Cum
1607 2243 1848 2298 praesens

264 2319 421 2375 inter
447 2336 543 2378 vos
570 2336 738 2376 eram.
769 2319 1001 2374 Fructus
1025 2320 1241 2390 spiritus
1277 2328 1352 2374 est
1387 2321 1637 2373 charitas.
1678 2319 1852 2374 Mater

263 2411 326 2465 in
375 2412 570 2480 primis
611 2411 795 2466 debuit
853 2411 1150 2466 numerari.
1205 2408 1490 2465 Gaudium.
1533 2408 1844 2479 Spirituale.

263 2496 411 2552 Pax.
447 2499 626 2554 Etiam
652 2515 776 2554 cum
799 2499 1107 2555 odientibus
1142 2513 1352 2569 pacem.
1385 2497 1674 2552 Patientia.
1708 2496 1845 2552 Mul-

263 2596 355 2644 tas
381 2588 609 2660 injurias
627 2591 898 2659 patienter
923 2589 1212 2646 sustinere.
1245 2587 1573 2661 Benignitas.
1614 2587 1846 2660 Semper

257 2679 405 2736 bene
429 2681 565 2737 velle
585 2679 789 2738 facere.

333 2768 574 2827 Bonitas.
614 2772 824 2829 Bonum
864 2772 1045 2830 facere
1082 2774 1351 2830 omnibus.
1388 2773 1668 2829 Modestia.
1702 2773 1844 2830 Nulli

259 2859 518 2931 injuriam
562 2864 822 2936 irrogare.
869 2865 1102 2921 Lenitas.
1147 2865 1256 2921 Nec
1293 2865 1454 2921 laesus
1485 2865 1670 2920 irasci.
1705 2863 1843 2920 Con-

259 2950 502 3006 tinentia.
523 2952 584 3008 In
608 2955 731 3010 cibo
754 2964 808 3011 et
828 2955 1095 3027 conjugio.
1123 2955 1372 3010 Castitas.
1404 2954 1699 3026 Virginitas
1721 2970 1842 3010 cor-

256 3043 411 3112 poris
449 3051 505 3097 et
538 3046 755 3101 mentis.
813 3047 1075 3101 Adversus
1118 3047 1421 3117 hujusmodi
1469 3049 1680 3102 uirtutes
1731 3064 1836 3101 non

258 3141 337 3186 est
375 3133 478 3188 lex.
515 3133 632 3190 Non
667 3137 811 3192 enim
850 3137 955 3194 ista
985 3138 1069 3194 lex
1093 3138 1360 3209 prohibet,
1392 3138 1485 3193 sed
1509 3140 1602 3209 qui
1634 3138 1830 3194 talibus

1952 1959 2244 2014 municem.
2269 1957 2412 2013 Deus
2438 1975 2542 2014 non
2568 1957 2854 2012 deridetur.
2883 1955 3004 2025 Ipse
3039 1955 3142 2010 scit
3165 1955 3212 2010 si
3240 1954 3426 2016 habes,
3453 1966 3523 2006 an

1952 2061 2080 2102 non.

2025 2134 2156 2202 Quae
2180 2138 2316 2190 enim
2339 2138 2668 2192 seminaverit
2690 2137 2863 2192 homo.
2896 2136 3137 2192 Roborat
3171 2149 3265 2191 eos
3301 2135 3368 2189 ad
3397 2148 3527 2189 con—

1950 2228 2334 2284 siderationem
2372 2242 2558 2282 earum
2584 2242 2765 2282 rerum
2789 2243 2924 2298 quas
2949 2226 3283 2293 nonvident,
3309 2240 3408 2296 per
3434 2239 3528 2280 eas
3622 2299 3629 2306 ι

1951 2332 2086 2387 quas
2099 2317 2300 2371 vident.
2319 2315 2387 2370 In
2408 2333 2564 2370 carne
2575 2333 2692 2370 sua.
2714 2317 2769 2371 ld
2785 2327 2887 2383 est,
2907 2318 2961 2371 in
2991 2315 3297 2371 carnalibus
3322 2313 3532 2370 deside-

1948 2405 2064 2460 riis.
2093 2403 2201 2459 Aut
2227 2405 2281 2458 in
2307 2421 2463 2458 carne
2494 2422 2612 2470 sua,
2642 2405 2695 2460 id
2725 2414 2830 2473 est,
2859 2406 2913 2461 in
2935 2406 3161 2460 avaritia
3186 2403 3390 2459 carnali
3421 2418 3529 2458 non

1947 2495 2393 2551 communicando
2449 2495 2676 2549 doctori.
2721 2494 2800 2549 De
2857 2511 3016 2549 carne
3056 2504 3230 2549 metet.
3283 2495 3360 2550 De
3413 2494 3528 2564 ipsa

1947 2587 2196 2642 avaritia.
2227 2584 2645 2657 Corruptionem.
2680 2585 2736 2641 Id
2770 2595 2869 2652 est,
2918 2585 3276 2641 deiectionem
3314 2583 3527 2640 divitia-

1947 2691 2089 2731 rum.
2121 2674 2188 2728 In
2216 2676 2424 2745 spiritu.
2453 2675 2510 2730 Id
2557 2682 2659 2740 est,
2709 2676 2764 2729 in
2824 2675 3193 2745 spiritualibus
3223 2673 3524 2739 desideriis,

1945 2767 2032 2825 vel
2067 2767 2123 2822 in
2160 2767 2423 2837 Spirituali
2475 2766 2743 2838 largitate.
2795 2766 2953 2822 Metet
3005 2768 3183 2821 vitam.
3234 2765 3543 2838 Largitatis-

1947 2861 2378 2917 retributionem.
2416 2858 2540 2914 Non
2588 2859 2903 2930 deﬁcientes.
2952 2858 3352 2914 lndeﬁcientem
3382 2859 3528 2914 enim

1941 2952 2210 3024 justitiam
2232 2952 2547 3008 indeﬁciens
2560 2952 2843 3022 prtemium
2869 2951 3246 3020 subsequitur:
3266 2949 3359 3020 qui
3381 2949 3526 3004 enim

1946 3047 2310 3116 perseverarit
2340 3060 2510 3116 usque
2541 3046 2596 3100 in
2619 3044 2804 3112 ﬁnem,
2833 3045 3014 3101 salvus
3035 3045 3159 3099 erit.
3182 3044 3264 3098 Ad
3279 3037 3529 3097 domesti-

1950 3153 2036 3190 cos
2084 3137 2229 3206 ﬁdei.
2275 3136 2612 3193 Domesticos
2666 3136 2792 3192 ﬁdei
2847 3135 3187 3207 supradictos
3239 3135 3528 3207 magistros

257 3220 463 3290 pollent
507 3239 672 3295 supra
699 3226 872 3298 legem
916 3237 1061 3282 sunt.
1104 3225 1208 3293 Qui
1246 3237 1420 3282 autem
1458 3238 1580 3282 sunt
1621 3227 1838 3301 Christi,
1870 3220 1916 3283 C
1949 3229 2265 3285 nominavit.
2314 3229 2490 3286 Videte
2511 3229 2752 3302 qualibus
2777 3230 2963 3286 litteris
2992 3231 3178 3301 scripsi
3199 3247 3314 3284 mea
3341 3246 3544 3284 manu..

259 3328 472 3368 carnem
491 3331 643 3370 suam
664 3319 1134 3393 cruciﬁxerunt..Si
1152 3321 1335 3376 omnia
1364 3321 1527 3377 simul
1551 3322 1683 3376 vitia
1713 3329 1842 3377 sunt

261 3404 542 3474 crucifixa,
571 3409 616 3464 si
642 3419 698 3464 et
725 3427 852 3467 caro
881 3414 1035 3484 quasi
1062 3415 1304 3485 pendens
1326 3415 1381 3470 in
1402 3415 1549 3487 ligno
1574 3431 1685 3472 non
1711 3431 1842 3472 con-

261 3494 516 3565 cupiscit,
544 3499 611 3554 ad
643 3501 773 3571 quid
797 3510 880 3559 est
913 3505 1070 3562 nobis
1099 3505 1188 3562 lex
1209 3507 1535 3576 necessaria,
1567 3523 1688 3580 quae
1713 3509 1840 3566 data

260 3591 354 3640 est
379 3585 449 3642 ad
473 3588 604 3645 vitia
633 3595 974 3651 coercenda?

861 3752 1090 3812 CAPUT
1139 3754 1230 3812 VI.

332 3875 394 3935 Si
419 3890 595 3938 autem
609 3886 797 3956 spiritu
814 3889 1049 3945 vivimus.
1073 3891 1189 3947 Hoc
1207 3899 1310 3958 est,
1336 3891 1381 3948 si
1397 3891 1733 3964 spiritualem
1753 3894 1836 3950 γί-

257 3977 373 4026 tam
415 3972 708 4045 habemus,
753 3978 1112 4048 spiritualiter
1155 3998 1574 4050 conversemur,
1629 3992 1684 4040 et
1730 4001 1839 4042 non

256 4061 365 4133 legi
395 4069 686 4124 carnaliter
720 4072 1037 4130 serviamus.
1066 4075 1248 4132 Inanis
1271 4076 1456 4148 gloriae
1478 4079 1703 4150 cupidus
1729 4088 1835 4145 est,

256 4156 348 4226 qui
375 4158 631 4236 [alterius
678 4167 925 4234 quamvis
975 4184 1162 4224 veram
1213 4170 1516 4226 doctrinam
1572 4187 1838 4228 evacuare

256 4255 505 4337 tionatur.
564 4247 920 4312 Provocantes
975 4259 1108 4314 alios
1162 4262 1219 4315 in
1268 4279 1424 4316 iram.
1487 4264 1832 4334 Instigantes.

256 4331 500 4406 Fratres,
530 4343 628 4396 etsi
676 4357 961 4417 occupatus
1001 4350 1160 4418 fuerit
1191 4352 1370 4408 homo.
1403 4352 1518 4409 Hoc
1548 4331 1656 4409 illis
1686 4356 1833 4422 dicit,

254 4431 350 4498 qui
397 4447 504 4488 non
532 4434 771 4504 fuerant
815 4445 1083 4511 persuasi,
1123 4453 1183 4500 ut
1221 4457 1526 4516 praeventos
1567 4449 1840 4520 corrigant

256 4533 562 4581 mansuete.
604 4526 957 4588 Considerans
995 4535 1237 4606 teipsum.
1267 4537 1367 4592 Hic
1397 4537 1596 4594 Paulus
1620 4539 1688 4594 ab
1719 4539 1839 4594 aliis

253 4615 526 4684 arguitur,
561 4621 706 4690 quod
734 4633 856 4692 post
879 4625 1144 4696 pluralem
1186 4629 1516 4699 singularem
1551 4644 1838 4687 numerum

251 4705 476 4773 Posuit;
517 4710 610 4765 sed
640 4718 827 4772 tamen.
866 4713 1125 4774 Hebraeus
1166 4718 1222 4773 in
1262 4720 1556 4776 vernaculo
1592 4722 1842 4778 doctissi-

251 4808 383 4850 mus
407 4797 700 4867 profundos
740 4819 932 4862 sensus
965 4809 1143 4864 aliena
1175 4812 1480 4881 exprimere
1517 4811 1700 4883 lingua
1732 4828 1841 4869 non

250 4886 420 4954 valet,
444 4906 544 4947 nec
566 4897 791 4953 curabat
813 4914 1138 4973 magnopere
1159 4903 1226 4960 de
1245 4905 1451 4973 verbis,
1471 4920 1596 4961 cum
1618 4922 1840 4962 sensum

250 4978 486 5037 haberet
505 4984 561 5040 in
586 4994 723 5045 tuto.
757 4989 843 5046 Ne
869 5001 917 5046 et
944 5002 1001 5048 tu
1027 4997 1262 5052 tenteris.
1295 4997 1433 5065 Quia
1452 5007 1509 5056 et
1529 4999 1646 5070 ipse
1671 5000 1834 5056 homo

251 5086 379 5127 cum
399 5074 496 5153 sis,
527 5087 685 5149 potes
708 5082 764 5136 in
789 5083 971 5155 aliquo
994 5089 1304 5158 prmveniri,
1331 5099 1388 5146 et
1406 5091 1678 5161 adjutorio
1701 5092 1839 5149 indi-

249 5176 406 5255 gere,
430 5165 572 5224 sicut
596 5171 716 5244 sani
742 5173 991 5232 inﬁrmos
1020 5180 1307 5247 sustinent,
1331 5189 1387 5237 et
1411 5192 1655 5240 mortuos
1683 5200 1838 5255 sepe-
1911 5231 1913 5234 ι

247 5252 415 5343 liunt,
431 5259 560 5330 quia
581 5271 638 5318 et
659 5263 762 5336 ipsi
783 5267 1050 5324 inﬁrmari
1069 5277 1125 5326 et
1147 5274 1284 5328 mori
1311 5289 1471 5343 posse
1500 5291 1559 5331 se
1583 5252 1832 5332 credunt.

247 5342 486 5435 Inaicem
510 5367 674 5412 onera
697 5367 870 5414 vestra
895 5370 1119 5432 portate.
1143 5342 1536 5436 Compatiendo
1560 5368 1835 5439 peccanti-

1948 3319 2232 3389 Intelligite
2270 3321 2314 3376 si
2353 3321 2471 3376 ista:
2504 3321 2696 3376 littera:
2739 3322 3012 3377 carnalem
3051 3322 3524 3378 circumcisioncm

1946 3412 2177 3482 probant
2204 3427 2270 3466 an
2298 3427 2428 3468 non.
2457 3411 2539 3468 Ab
2579 3414 2681 3469 hoc
2725 3413 2844 3469 loco
2871 3427 3040 3484 usque
3066 3414 3135 3470 ad
3173 3414 3336 3468 ﬁnem
3362 3427 3525 3467 manu

1947 3518 2044 3560 sua
2085 3504 2323 3573 scripsit,
2361 3505 2650 3560 ostendens
2679 3506 2960 3574 superiora
3009 3506 3076 3561 ab
3127 3505 3304 3575 aliquo
3348 3511 3522 3559 arata.

2020 3598 2328 3670 Quicunque
2369 3600 2572 3670 placere
2609 3599 2804 3653 volunt.
2846 3599 2904 3653 Id
2952 3607 3056 3665 est,
3094 3599 3402 3668 quicunque
3437 3595 3528 3650 Ju-

1946 3690 2076 3748 daeis
2099 3690 2408 3745 carnalibus
2435 3689 2649 3758 placere
2675 3689 3001 3743 desiderant.
3037 3686 3105 3741 In
3131 3703 3306 3742 carne.
3340 3686 3398 3741 Id
3419 3693 3523 3752 est,

1946 3783 2002 3837 in
2021 3783 2202 3836 littera
2233 3779 2458 3834 carnali.
2501 3778 2626 3834 Non
2659 3779 2948 3845 patiantur.
2999 3776 3220 3832 Scilicet
3244 3792 3276 3832 a
3303 3774 3522 3831 Iudaeis.

1949 3869 2018 3926 Ut
2054 3872 2111 3926 in
2148 3880 2317 3926 uestra
2375 3887 2529 3924 carne
2575 3869 2884 3940 glorientur.
2920 3867 3034 3924 Hoc
3069 3877 3188 3932 est,
3237 3868 3304 3924 de
3359 3879 3526 3922 carne

1944 3969 2124 4018 vestra
2148 3961 2467 4016 circumcisa
2488 3960 2703 4015 laudem
2731 3959 2871 4029 apud
2894 3957 3108 4015 Iudaeos
3131 3959 3381 4024 habeant,
3411 3956 3525 4012 sive

1945 4055 2093 4125 quod
2137 4052 2428 4123 discipulos
2458 4052 2528 4107 ad
2575 4067 2634 4107 se
2678 4051 2965 4106 traxerint.
3018 4049 3139 4104 Nisi
3168 4050 3436 4114 in_cruce.
3464 4045 3524 4102 Id

1943 4154 2048 4211 est,
2078 4147 2134 4200 in
2179 4159 2342 4200 carne
2389 4152 2568 4198 vestra
2616 4143 2905 4214 gloriabor,
2938 4157 3039 4198 nec
3068 4143 3124 4197 in
3166 4157 3286 4198 mea
3329 4139 3527 4197 doctri-

1943 4253 2015 4292 na
2034 4278 2049 4303 ,
2089 4238 2186 4291 sed
2217 4236 2271 4290 in
2295 4235 2399 4290 ﬁde
2435 4233 2614 4290 crucis
2634 4274 2649 4298 ,
2690 4249 2788 4304 per
2832 4248 2994 4302 quam
3024 4232 3157 4286 mihi
3183 4231 3365 4286 omnia
3393 4245 3522 4300 pec-

1945 4334 2066 4380 cata
2103 4325 2321 4380 dimissa
2361 4332 2508 4391 sunt,
2557 4333 2617 4379 ut
2653 4339 2754 4396 ego
2803 4323 3004 4379 mundo
3045 4336 3287 4378 morerer
3330 4319 3521 4392 ct_illc

1945 4417 2101 4473 mihi.

2016 4509 2250 4564 Mundus
2282 4507 2580 4578 Cruciﬁxus
2616 4517 2712 4564 est.
2744 4507 2816 4564 Ut
2843 4521 2932 4562 me
2958 4521 3066 4561 non
3095 4513 3294 4560 teneat.
3318 4502 3390 4557 Et
3429 4518 3523 4573 ego

1863 4577 1918 4636 Ῑ)
1943 4602 2162 4658 mundo.
2201 4600 2274 4658 Ut
2295 4615 2419 4656 eum
2447 4601 2601 4671 quasi
2644 4608 2916 4656 mortuum
2948 4615 3055 4655 non
3087 4608 3320 4666 teneam,
3348 4611 3524 4670 neque

1941 4697 2345 4767 concupiscam.

2014 4788 2122 4846 Sed
2157 4806 2287 4844 nova
2313 4799 2576 4844 creatura.
2615 4789 2673 4844 Id
2701 4796 2806 4855 est,
2835 4787 2882 4844 si
2903 4787 3025 4859 quis
3046 4795 3267 4843 renatus
3288 4785 3343 4840 in
3368 4782 3525 4840 Chri-

1943 4891 2028 4939 sto
2065 4898 2204 4938 nova
2230 4882 2639 4939 conversatione
2659 4891 2862 4938 utatur.
2891 4880 2970 4936 De
2991 4890 3178 4936 caztero
3218 4895 3366 4934 nemo
3391 4875 3522 4932 mihi

1942 4973 2188 5029 molestus
2211 4976 2297 5028 sit.
2320 4973 2377 5030 Id
2399 4983 2504 5040 est,
2527 4989 2688 5029 nemo
2714 4973 2846 5028 mihi
2867 4972 3085 5028 resistat
3115 4966 3519 5037 interrogando,

1947 5065 2126 5134 Quare
2144 5065 2249 5120 hoc
2268 5064 2437 5120 dicis?
2460 5065 2576 5136 Ego
2596 5065 2734 5119 enim
2757 5065 3020 5139 stigmata.
3051 5060 3108 5115 Id
3134 5065 3236 5123 est,
3276 5056 3427 5125 signa
3467 5060 3526 5109 et

1945 5154 2290 5211 characteres
2316 5170 2424 5210 non
2452 5153 2907 5219 circumcisionis,
2953 5150 3046 5206 sed
3095 5145 3273 5202 crucis
3300 5151 3353 5199 et
3399 5157 3523 5214 pas-

1944 5247 2116 5303 sionis
2151 5247 2366 5303 Domini
2401 5247 2456 5302 in
2505 5261 2733 5317 corpore
2758 5261 2880 5302 meo
2924 5237 3270 5308 circumfero,
3300 5244 3383 5305 ut,
3416 5234 3520 5292 Ter

1945 5339 2104 5412 uirgis
2129 5355 2294 5396 ctesus
2315 5356 2451 5409 sum,
2477 5347 2534 5396 et
2558 5337 2787 5412 reliqua.
