4046 6332
566 399 675 467 198

1926 338 2220 447 senum
2257 365 2453 431 soon

3719 353 3846 427 {96

2073 633 2372 748 ν.·

1451 858 1562 946 IN
1619 823 2199 945 EPISTOLAM
2258 853 2390 935 AD
2448 849 2965 936 EPHESIOS.

1911 1024 2422 1052 υκαι-

1091 1134 1322 1199 CAPUT
1355 1131 1645 1194 PRIMUM.

643 1235 828 1294 Refert
853 1231 1152 1306 Scriptura,
1183 1233 1415 1286 testante
1453 1224 1807 1298 Hieronymo,
1833 1217 1976 1294 quod
2015 1215 2148 1274 Pau-

578 1329 658 1387 lus
697 1325 896 1399 Ephesi
946 1325 1176 1381 triennio
1218 1317 1595 1392 praedicaverit
1641 1315 1824 1374 Jesum
1853 1315 2145 1372 Christum.

577 1433 716 1479 Inter
745 1429 932 1476 omnes
978 1415 1131 1473 Pauli
1161 1411 1432 1486 EpiStolas
1478 1407 1562 1467 vel
1609 1411 1846 1467 maxime
1876 1406 1930 1466 et
1972 1399 2152 1463 verbis

576 1522 630 1569 et
657 1529 817 1568 sensu
863 1505 1103 1565 involuta
1136 1514 1240 1564 est.
1267 1501 1471 1559 Paulus
1506 1501 1770 1574 apostolus
1801 1499 1929 1555 Iesu
1957 1497 2153 1553 Christi

577 1618 665 1671 per
703 1597 1016 1655 voluntatem
1049 1592 1168 1651 Dei.
1193 1593 1250 1650 id
1282 1602 1388 1661 est,
1432 1603 1500 1648 ex
1528 1592 1806 1648 voluntate
1836 1589 1930 1645 Dei
1955 1585 2150 1643 Patris.

578 1689 716 1763 Ergo
747 1705 845 1762 per
868 1687 1200 1744 voluntatem
1224 1683 1339 1750 Dei,
1356 1696 1465 1739 non
1489 1683 1626 1739 meis
1661 1679 1891 1738 meritis.
1919 1674 2154 1734 Sanctis.

579 1781 692 1837 Non
721 1781 971 1836 omnibus
1015 1775 1283 1847 Ephesiis,
1307 1776 1402 1831 sed
1431 1773 1517 1831 his
1540 1770 1633 1845 qui
1662 1773 1892 1828 credunt
1921 1770 1976 1825 in
2003 1765 2158 1824 Chri-

579 1882 681 1929 sto.
715 1873 784 1926 Et
811 1867 1074 1941 ﬁdelibus.
1106 1865 1304 1924 Omnes
1333 1865 1508 1922 sancti
1533 1863 1720 1921 ﬁdeles
1739 1871 1886 1928 sunt,
1905 1873 2013 1917 non
2041 1875 2159 1916 om-

581 1978 676 2018 nes
704 1959 888 2017 iideles’
909 1960 1105 2014 sancti.
1129 1955 1231 2027 Qui
1255 1960 1419 2014 etiam
1445 1955 1820 2013 catechumeni
1846 1957 2073 2024 possunt
2091 1965 2158 2009 ex

580 2068 648 2108 eo
695 2053 838 2123 quod
880 2050 1097 2108 Christo
1147 2050 1374 2106 credunt
1411 2048 1598 2104 ﬁdeles
1636 2047 1768 2110 dici,
1825 2061 1932 2102 non
1980 2050 2159 2100 tamen

581 2143 754 2199 Sancti
798 2153 942 2211 sunt,
983 2145 1107 2214 quia
1135 2150 1242 2197 non
1287 2147 1414 2196 Sunt
1437 2153 1535 2210 per
1563 2133 1894 2208 baptismum
1920 2137 2161 2192 sanetiil-

579 2235 707 2292 cati.
749 2235 865 2292 Non
896 2235 1069 2293 solum
1097 2249 1226 2306 ergo
1273 2233 1509 2299 sanctis,
1541 2231 1636 2287 sed
1681 2229 1846 2286 etiam
1892 2227 2159 2294 ﬁdelibus,

579 2327 671 2398 qui
716 2343 825 2381 non
875 2325 1051 2381 adhuc
1098 2324 1420 2380 sanctiﬁcati
1457 2329 1620 2388 sunt,
1682 2319 1885 2376 Paulus
1932 2320 2160 2390 gratiam

580 2413 785 2473 Christi
814 2423 1056 2486 exoptat.

2174 1131 2230 1192 Α
2250 1135 2306 1183 et
2333 1121 2684 1191 immaculati,
2708 1117 2955 1195 quamvis
2979 1133 3086 1178 non
3111 1133 3178 1178 ex
3199 1125 3332 1188 toto,
3358 1129 3540 1178 tamen
3565 1131 3636 1178 ex
3670 1129 3842 1193 parte

2251 1229 2360 1273 non
2422 1217 2860 1273 inconvenienter
2906 1209 3013 1272 diei
3075 1221 3322 1286 pOSSunt.
3383 1212 3531 1269 inter
3583 1225 3845 1269 sanctum

2252 1319 2308 1367 et
2338 1309 2738 1364 immaculatum
2783 1307 2888 1364 hoc
2930 1307 3177 1372 interest,
3205 1307 3349 1379 quod
3391 1314 3612 1362 sanctus
3635 1306 3838 1360 imma-
3919 1369 3924 1372 ,

2252 1396 2464 1458 Cuiatus
2505 1407 2720 1470 quoque
2768 1394 2992 1471 intelligi
3038 1401 3236 1468 poteSt,
3278 1391 3661 1452 immadulatus
3700 1411 3844 1450 vero

2253 1503 2362 1545 non
2421 1487 2606 1544 statim
2664 1494 2912 1553 sanctus,
2981 1485 3077 1542 sed
3133 1486 3272 1541 sicut
3340 1483 3553 1558 parvuli
3620 1495 3847 1556 quoque

2254 1577 2582 1635 immaculatl
2622 1585 2766 1645 sunt,
2814 1577 2907 1649 qui
2936 1570 3131 1649 integri
3172 1579 3301 1632 sunt
3349 1583 3598 1647 corpore,
3647 1577 3842 1631 tamen

2256 1681 2364 1725 non
2395 1667 2589 1736 sancti,
2625 1667 2752 1739 quia
2779 1663 3041 1723 sanctitas
3063 1659 3337 1724 voluntate
3363 1663 3741 1738 comparatur.
3775 1661 3845 1720 in

2257 1759 2587 1833 adoptionem
2609 1759 2860 1830 ﬁliorum.
2889 1759 3024 1814 Nam
3051 1753 3299 1816 Salvator
3324 1759 3441 1830 ejus
3466 1765 3663 1814 natura
3694 1755 3848 1812 illius

2258 1864 2364 1922 est,
2394 1867 2494 1910 nos
2522 1866 2652 1909 vero
2699 1851 3009 1922 adoptione.
3055 1849 3123 1906 In
3167 1848 3360 1922 ipsum.
3410 1845 3470 1906 id
3515 1858 3622 1916 est,
3676 1844 3846 1904 Chri-

2259 1951 2423 2010 stum,
2449 1949 2511 2000 ut
2556 1945 2724 2000 simus
2759 1943 2998 1999 membra
3038 1940 3231 2013 ipsius.
3266 1935 3563 1995 Secundum
3596 1940 3848 2011 ρνοροεί-

2260 2043 2371 2092 tum
2407 2049 2525 2093 vero
2573 2045 2830 2092 sanctum.
2859 2031 2916 2090 id
2941 2039 3054 2100 est,
3106 2044 3212 2088 non
3251 2031 3549 2088 secundum
3583 2027 3844 2086 meritum

2260 2136 2528 2184 nostrum.
2555 2123 2622 2182 in
2672 2127 2902 2180 laudem.
2946 2123 3005 2180 id
3035 2129 3119 2180 est
3146 2123 3202 2179 in
3241 2122 3488 2196 gloriam,
3523 2119 3575 2178 id
3629 2128 3736 2189 est,
3790 2132 3851 2178 ut

2261 2215 2541 2274 laudemus
2563 2217 2786 2289 gieriam
2829 2219 3014 2290 gratiae
3057 2217 3242 2288 ipsius.
3289 2213 3356 2273 In
3381 2231 3486 2290 qua
3520 2216 3843 2289 gratiﬁeaoit

2263 2321 2378 2362 nos.
2404 2307 2461 2363 id
2486 2314 2591 2374 est,
2619 2306 2674 2362 in
2699 2321 2802 2378 qua
2831 2316 3013 2380 gratos
3048 2321 3145 2363 nos
3173 2308 3276 2363 sibi
3301 2307 3450 2363 fecit.

2335 2393 2401 2454 In
2429 2397 2634 2454 dilecto.
2660 2399 2736 2452 Ab
2763 2401 3001 2455 omnibus
3032 2400 3352 2455 subauditur
3383 2418 3395 2454 :
3429 2405 3555 2454 nam
3583 2393 3753 2454 etiam
3779 2400 3847 2454 ab

642 2505 744 2572 Qui
767 2516 886 2560 sunt
903 2507 957 2560 in
981 2505 1189 2561 Christo
1205 2501 1561 2560 Jesu.Plures
1585 2501 1767 2558 ﬁdeles
1785 2498 2038 2568 sunt,sed
2061 2517 2168 2557 non
2194 2493 2244 2567 Β
2269 2487 2448 2560 impiis
2472 2489 2718 2547 Οῐπίειιιε
2757 2487 3016 2563 diligitur.
3045 2489 3182 2547 Nam
3211 2507 3333 2549 Cum
3361 2491 3432 2547 sit
3471 2489 3722 2546 Christus
3752 2509 3846 2547 sa-

582 2592 638 2653 in
661 2595 878 2652 Christo
896 2615 907 2649 :
925 2595 1077 2652 verbi
1103 2594 1296 2666 gratia,
1322 2594 1367 2650 si
1391 2594 1518 2671 quis
1534 2593 1764 2648 ﬁdeliter
1789 2591 1978 2648 reddat
2004 2591 2168 2663 depo-

583 2687 768 2744 situm.
793 2687 874 2742 Ad
902 2687 1304 2742 distinctionem
1328 2701 1457 2756 ergo
1480 2685 1678 2755 posuit,
1709 2683 1762 2738 in
1781 2683 2019 2740 Christo.
2037 2681 2168 2739 Gra-

586 2779 660 2832 tia
684 2777 822 2832 vobis
846 2786 892 2831 et
915 2795 1038 2848 pax.
1079 2777 1266 2832 Gratia
1290 2779 1345 2832 et
1371 2792 1498 2846 pax,
1514 2777 1628 2833 sive
1650 2783 1937 2846 utrumque
1961 2785 2071 2830 tam
2099 2777 2167 2830 ad

587 2861 802 2923 Patrem
827 2879 985 2939 quam
1021 2867 1087 2923 ad
1126 2868 1410 2924 Dominum
1440 2865 1622 2925 Iesum
1648 2910 1662 2934 ,
1693 2867 1807 2923 sive
1838 2867 1904 2922 ad
1932 2865 2168 2938 singulos

588 2959 798 3032 singula
828 2959 1110 3016 referenda
1140 2967 1285 3026 sunt,
1324 2968 1383 3016 ut
1411 2962 1582 3032 gratia
1621 2962 1689 3017 ad
1723 2958 1893 3016 Deum
1928 2957 2167 3027 Patrem,

588 3063 693 3125 pax
718 3067 847 3108 vero
868 3047 1134 3108 referatur
1173 3053 1242 3108 ad
1268 3051 1564 3120 Christum,
1585 3052 1851 3125 siquidem
1882 3052 2166 3124 sequitur:

592 3139 660 3196 In
679 3139 895 3210 laudem
918 3147 965 3196 et
993 3141 1237 3212 gloriam,
1265 3151 1314 3197 et
1353 3143 1601 3214 gratiam,
1629 3143 1684 3196 in
1719 3160 1822 3214 qua
1853 3139 2172 3213 gratiﬁcavit

592 3241 685 3286 nos
711 3231 766 3286 in
799 3229 1006 3298 dilecto,
1030 3239 1090 3287 ut
1130 3231 1299 3304 gratia
1334 3231 1512 3289 Patris
1547 3234 1652 3302 sit,
1694 3233 1837 3304 quod
1875 3231 2043 3286 ﬁlium
2075 3233 2172 3302 pro

593 3320 764 3375 salute
809 3329 995 3375 nostra
1037 3317 1252 3378 mittere
1298 3323 1548 3394 dignatus
1577 3329 1691 3388 est;
1732 3338 1838 3392 pax
1865 3336 1994 3378 vero
2024 3315 2168 3390 Filii,

593 3407 649 3464 in
671 3423 737 3466 eo
766 3405 908 3480 quod
933 3425 1030 3480 per
1060 3411 1234 3480 ipsum
1279 3407 1427 3468 Patri
1477 3409 1808 3468 reconciliati
1842 3425 2049 3479 sumus,
2076 3410 2172 3467 de-

595 3508 804 3557 structo
853 3502 1032 3556 medio
1070 3501 1296 3572 pariete.
1339 3499 1650 3557 Benedictus
1691 3499 1852 3557 Deus.
1885 3502 2039 3569 Quod
2074 3513 2174 3558 nos

593 3587 907 3646 benedictus
937 3587 1084 3646 facit.
1119 3591 1327 3648 Laudat
1356 3589 1544 3659 Deum,
1571 3591 1714 3663 quod
1736 3591 2014 3649 donaverit
2037 3592 2175 3648 infra

597 3684 821 3753 scripta.
858 3679 928 3738 Et
954 3681 1120 3740 Pater
1142 3684 1361 3740 Domini
1392 3687 1575 3742 nostri.
1609 3685 1721 3744 Hoc
1745 3696 1846 3754 est,
1878 3689 1969 3759 qui
1995 3697 2079 3744 est
2119 3697 2175 3743 ct

596 3771 757 3830 Pater
800 3769 1017 3829 Domini
1063 3775 1235 3830 nostri
1279 3775 1406 3833 Jesu
1449 3777 1672 3845 Christi,
1722 3777 1808 3836 vel
1858 3779 2173 3834 benedictus

2265 2579 2465 2652 pientia
2495 2581 2718 2648 veritas,
2750 2595 2874 2652 pax,
2903 2583 3179 2651 gaudium,
3211 2582 3334 2653 quis
3365 2582 3510 2636 hunc
3553 2581 3716 2636 etiam
3751 2577 3854 2636 im-

2266 2673 2544 2744 piissimus
2585 2685 2693 2726 non
2720 2672 2943 2744 diligat?
2971 2672 3272 2728 Secundum
3297 2669 3506 2726 divitias
3537 2671 3856 2742 cognitionis

2269 2761 2472 2834 glorite.
2503 2759 2560 2818 id
2613 2769 2727 2830 est,
2774 2771 2835 2818 ut
2868 2761 3091 2835 Copiosa
3141 2765 3280 2836 apud
3342 2761 3504 2819 Deum
3561 2761 3854 2840 redemptio

2271 2851 2454 2927 (Psal.
2490 2852 2696 2927 cxxrx).
2740 2853 2870 2920 Quae
2899 2853 3339 2926 superabundavit
3369 2855 3424 2910 in
3444 2873 3558 2910 nos.
3607 2851 3723 2910 Hoc
3765 2864 3853 2912 est

2269 2940 2390 3018 plus
2437 2960 2601 3018 quam
2652 2945 2963 3014 abundavit,
3013 2954 3074 3005 ut
3119 2964 3226 3004 non
3261 2948 3434 3004 solum
3465 2964 3496 3003 a
3547 2942 3724 3004 morte
3765 2964 3854 3005 re-

2272 3037 2502 3110 demptis
2551 3039 2722 3110 gratis
2765 3049 2985 3110 peccata
3037 3041 3362 3110 dimitteret,
3395 3037 3489 3098 sed
3517 3038 3685 3097 etiam
3733 3046 3858 3097 tan-

2274 3131 2386 3185 tam
2436 3131 2592 3186 nobis
2641 3127 2961 3202 sapientiam
3009 3134 3266 3202 donaret,
3309 3141 3370 3190 ut
3403 3132 3696 3190 voluntatis
3737 3129 3858 3202 ejus

2273 3219 2486 3278 occulta
2521 3222 2779 3292 mysteria
2832 3235 3202 3280 nosceremus.
3229 3221 3298 3280 In
3343 3222 3518 3279 omnia
3565 3225 3855 3295 sapientia.

2275 3307 2577 3368 Visibiiium
2624 3319 2677 3368 et
2723 3313 3094 3370 invisibiiium.
3126 3311 3195 3370 Et
3238 3314 3480 3372 scientia.
3511 3309 3747 3371 Tantum
3777 3316 3858 3370 vi—

2273 3399 2551 3457 sibilium:
2581 3415 2687 3457 non
2737 3405 2916 3459 tamen
2965 3402 3020 3460 in
3068 3403 3226 3461 nobis
3268 3410 3353 3461 est
3397 3404 3513 3460 haec
3552 3403 3732 3461 omnis
3770 3421 3860 3460 sa-

2273 3493 2478 3566 pientia
2515 3504 2570 3552 et
2597 3497 2855 3564 scientia,
2901 3498 2996 3553 sed
3036 3499 3091 3553 in
3137 3495 3268 3555 Deo.
3315 3495 3626 3570 Mysterium
3677 3497 3863 3551 uolun-

2276 3588 2420 3643 tatis.
2475 3587 2692 3644 Sciiicet
2746 3589 3172 3660 redemptionem
3235 3595 3474 3645 nostram
3542 3604 3644 3659 per
3691 3604 3854 3643 suum

2277 3682 2612 3752 sanguinem.
2657 3679 2765 3736 Sed
2805 3680 2947 3737 Deus
3093 3679 3244 3754 omni
3292 3679 3557 3751 sapientia
3603 3695 3701 3735 sua
3742 3680 3858 3734 haec

2277 3773 2422 3828 fecit.

599 3863 742 3919 Deus
768 3862 882 3931 ejus
912 3863 1004 3934 qui
1043 3875 1351 3937 assumptus
1381 3879 1464 3923 est
1483 3869 1740 3934 hominis,
1769 3875 1826 3924 et
1865 3868 2029 3925 Pater
2059 3870 2175 3940 ejus
2202 3859 2248 3922 C
2350 3865 2502 3931 Quod
2546 3865 2813 3935 proposuit
2842 3863 2898 3918 in
2942 3876 3022 3918 eo.
3063 3861 3212 3918 Inter
3239 3857 3575 3934 ριὀροείιηηι
3612 3867 3667 3919 et
3714 3873 3856 3932 prm-

603 3955 695 4022 qui
737 3955 790 4006 in
829 3954 1093 4024 principio
1128 3955 1269 4025 apud
1298 3957 1467 4012 Deum
1496 3967 1631 4013 erat.
1660 3957 1764 4024 Qui
1791 3959 2050 4014 benedixit
2084 3977 2176 4015 nos

605 4047 743 4099 omni
776 4045 1126 4116 benedictione
1161 4047 1404 4102 salutari.
1437 4047 1534 4105 Vel
1565 4050 1619 4104 in
1675 4051 1820 4104 omni
1851 4050 2181 4106 abundantia

605 4143 660 4188 et
689 4133 884 4204 gratia,
925 4149 1030 4188 non
1059 4133 1114 4189 in
1145 4149 1280 4202 una,
1312 4136 1406 4191 sed
1444 4136 1496 4192 in
1537 4139 1748 4194 eunetis
1786 4138 2179 4194 benedictioni-

607 4219 735 4289 bus;
775 4240 879 4279 non
898 4225 1038 4295 quod
1061 4241 1249 4283 omnes
1277 4230 1458 4284 omnia
1484 4243 1898 4301 consequamur,
1932 4233 2025 4287 sed
2055 4231 2180 4288 dum

607 4313 802 4383 singuli
842 4313 1096 4386 singulas,
1137 4318 1222 4373 vel
1277 4319 1459 4389 plures
1511 4317 1798 4388 habemus,
1849 4335 2038 4377 omnes
2086 4333 2184 4392 per

609 4405 847 4474 singulas
874 4408 1224 4473 possidemus.
1258 4409 1325 4464 In
1355 4409 1660 4465 caelestibus.
1693 4411 1749 4466 id
1783 4420 1884 4477 est,
1905 4413 2018 4481 ipse
2043 4412 2186 4470 Deus

605 4499 701 4567 qui
737 4500 886 4554 estin
913 4501 1239 4558 coelestibus.
1271 4499 1460 4569 Aliter,
1485 4517 1588 4558 non
1632 4503 1687 4557 in
1724 4502 1925 4559 carnali
1961 4517 2188 4576 prospe-

611 4587 794 4655 ritate,
816 4605 916 4645 nec
945 4591 999 4645 in
1030 4599 1243 4646 terrena
1279 4589 1626 4659 abundantia,
1669 4591 1762 4649 sed
1795 4595 1847 4648 in
1877 4593 2186 4652 cmiestibus

615 4681 768 4735 donis
806 4683 1205 4754 virtutibusque
1233 4701 1331 4740 nos
1358 4686 1654 4741 benedixit.
1707 4686 1776 4740 In
1804 4683 2012 4742 Christo
2035 4685 2183 4744 Iesu.

615 4771 673 4827 in
702 4774 875 4843 capite
917 4787 1150 4844 namque
1177 4775 1358 4831 omnia
1408 4778 1649 4832 membra
1697 4776 1990 4834 benedixit.
2041 4771 2188 4835 Sicut

617 4865 875 4936 etegitnos
899 4867 953 4921 in
981 4869 1113 4938 ipso.
1149 4863 1240 4924 Sic
1263 4883 1363 4925 nos
1388 4869 1682 4937 benedixit,
1717 4867 1855 4928 sicut
1882 4871 2044 4947 elegit
2068 4887 2187 4932 nos.

619 4955 750 5011 Ante
776 4959 958 5012 mundi
979 4960 1419 5015 constitutionem.
1475 4958 1574 5017 Cui
1613 4963 1796 5018 omnia
1823 4962 2004 5020 futura
2047 4977 2187 5036 prte-

621 5047 797 5104 sentia
845 5049 986 5106 facta
1024 5057 1170 5107 sunt.
1820 5065 1826 5076 ‘

696 5139 762 5194 Ut
790 5153 1013 5198 essetnus
1039 5146 1207 5200 sancti
1230 5155 1276 5200 et
1298 5143 1622 5202 inmaculati
1650 5161 1828 5203 coram
1856 5148 1989 5219 ipso.
2006 5143 2064 5202 id
2085 5155 2187 5213 est,

2280 3955 2694 4011 destinationem
2732 3955 2835 4010 hoc
2867 3955 3126 4021 interest,
3175 3951 3316 4023 quod
3346 3949 3748 4023 praedestinatio
3772 3962 3857 4008 εει

2279 4045 2508 4115 alicujus
2531 4044 2608 4098 rei
2634 4041 3017 4115 praetiguratio,
3036 4045 3237 4100 multos
3257 4057 3427 4100 annos
3453 4043 3507 4099 in
3531 4052 3714 4100 mente
3740 4045 3857 4115 eius

2279 4137 2372 4206 qui
2425 4135 2658 4191 destinat
2691 4136 2835 4205 quod
2880 4135 3118 4190 futurum
3168 4136 3257 4192 sit.
3307 4133 3654 4205 Propositum
3698 4149 3854 4200 vero,

2280 4243 2404 4285 cum
2427 4228 2603 4284 vicina
2630 4228 2701 4283 sit
2741 4225 3091 4294 machinatio,
3114 4236 3169 4282 et
3193 4240 3330 4298 pene
3359 4227 3740 4298 cogitationem
3770 4241 3859 4284 se-

2280 4321 2468 4391 quitur
2501 4319 2740 4375 eil‘ectus.
2769 4307 2900 4372 item
2925 4317 3330 4387 praedestinatio
3359 4326 3443 4373 est
3485 4317 3673 4388 gratize
3715 4332 3856 4388 prae-

2281 4414 2493 4484 paratio
2517 4431 2528 4466 :
2548 4412 2721 4483 gratia
2738 4422 2867 4465 vero
2886 4417 2968 4465 est
2991 4409 3106 4480 ipsa
3133 4409 3371 4464 donatio.
3390 4407 3455 4464 in
3470 4407 3860 4479 dispensatione

2283 4502 2549 4574 plenitudo
2595 4501 2860 4572 temporis.
2913 4499 2972 4556 id
3018 4508 3136 4567 est,
3175 4507 3464 4571 postquam
3494 4497 3644 4555 venit
3681 4499 3858 4571 pleni-

2284 4597 2412 4651 tudo
2461 4603 2794 4665 temporum,
2845 4593 3098 4662 quoniam
3151 4591 3326 4647 omnis
3371 4589 3484 4660 jam
3526 4589 3863 4662 dispensatio

2283 4696 2588 4759 teutporum
2617 4685 2752 4758 legis
2793 4691 2848 4740 et
2895 4689 3122 4748 natura,
3149 4682 3646 4752 prophetarumque
3684 4690 3865 4737 trans-

2287 4790 2409 4837 aeta
2435 4789 2537 4837 est.

2361 4869 2725 4940 Recapitulare
2753 4865 2928 4923 omnia
2951 4865 3006 4922 in
3035 4864 3261 4923 Christo.
3283 4865 3390 4925 Pro
3425 4869 3776 4940 recapitulare
3807 4867 3861 4928 in

2288 4962 2482 5019 Latino
2508 4962 2694 5017 codice
2722 4960 2986 5030 scriptum
3017 4965 3104 5016 est
3123 4969 3440 5016 restaurare.
3467 4957 3672 5017 Sensus
3697 4970 3866 5033 atque

2289 5055 2347 5113 in
2384 5051 2640 5124 presenti
2680 5053 2799 5108 loco
2832 5052 2936 5108 iste
2971 5059 3056 5108 est
3084 5069 3099 5107 :
3126 5051 3315 5109 Omnis
3361 5051 3692 5122 dispensatio
3741 5068 3864 5124 quae

2292 5157 2418 5203 ante
2451 5147 2728 5213 mundum,
2762 5152 2818 5201 et
2859 5151 3046 5216 postea
3073 5145 3237 5214 ctepit
3259 5157 3378 5200 esse
3401 5143 3457 5199 in
3483 5144 3720 5212 mun‘do,
3749 5153 3864 5201 tam

625 5245 733 5286 non
781 5229 837 5286 in
889 5233 1159 5307 hypocrisi
1215 5250 1397 5293 coram
1449 5239 1781 5294 hominibus.
1833 5213 2192 5305 Quaerendum
2216 5213 2270 5280 D
2294 5238 2658 5304 invisibilinm,
2692 5213 2879 5310 quam
2901 5213 3193 5293 visibilium
3236 5243 3626 5300 creaturarum,
3663 5235 3866 5292 adven-

627 5336 792 5390 quare
818 5327 919 5381 hoc
947 5330 1108 5396 dicat,
1133 5348 1253 5386 eum
1285 5333 1548 5404 scripturn
1580 5335 1650 5388 sit
1675 5347 1691 5387 :
1729 5332 1851 5386 Non
1870 5331 2192 5402 justi/icabi-

628 5423 715 5467 tur
755 5416 810 5472 in
836 5433 1107 5492 conspectu
1135 5433 1223 5478 tuo
1271 5427 1438 5478 omnis
1484 5426 1655 5477 vivens
1701 5422 1872 5492 (Psal.
1902 5424 2068 5493 cxut)
2091 5462 2106 5488 ,
2137 5422 2194 5477 in

627 5510 879 5576 praesenti
915 5511 1119 5567 scilicet
1148 5515 1278 5567 vita.
1330 5512 1594 5567 Caeterum
1642 5511 1709 5564 ad
1739 5512 1842 5565 hoc
1871 5527 1969 5566 nos
2015 5512 2192 5582 elegit,

2293 5341 2408 5386 tum
2428 5331 2639 5386 Domini
2655 5331 3027 5401 pollicebatur.
3043 5327 3228 5398 itaque
3249 5329 3500 5383 universa
3525 5327 3785 5399 mySteria
3812 5337 3867 5384 et

2295 5425 2469 5480 omnis
2498 5423 2828 5493 dispensatio
2850 5420 3154 5486 vetustatis,
3187 5435 3295 5475 non
3324 5419 3497 5474 solum
3531 5435 3650 5489 quae
3682 5420 3736 5475 in
3758 5428 3864 5475 ter-

2294 5517 2391 5580 ris,
2436 5517 2530 5571 sed
2585 5516 2746 5569 etiam
2789 5529 2909 5583 qua)
2955 5513 3011 5566 in
3063 5512 3236 5578 caelis,
3273 5513 3327 5567 in
3371 5511 3572 5569 Christi
3616 5513 3865 5582 passione

627 5611 688 5656 ut
715 5617 958 5658 essemus
983 5605 1152 5659 sancti
1178 5613 1232 5659 et
1259 5602 1588 5658 immaculati
1619 5602 1673 5656 in
1701 5599 1881 5656 futura
1904 5604 2033 5668 vita,
2062 5619 2198 5673 quo-
2295 5605 2447 5662 brevi
2495 5604 2936 5675 recapitulatione
2975 5603 3240 5673 completa
3283 5611 3428 5656 sunt.
3458 5600 3622 5655 Verbi
3651 5603 3826 5671 gratia
3851 5619 3864 5655 :

631 5696 773 5750 niam
807 5697 1045 5750 Ecclesia
1070 5696 1268 5750 Christi
1297 5714 1400 5751 non
1441 5697 1661 5750 habebit
1708 5696 1990 5757 maculam,
2021 5711 2196 5766 neque

633 5797 844 5859 rugam,
891 5783 1018 5838 licet
1046 5785 1208 5841 etiam
1242 5787 1294 5840 in
1325 5785 1579 5857 praesenti
1601 5786 1714 5843 vita
1737 5783 1894 5858 justi,
1920 5794 1976 5843 et
2001 5787 2193 5856 sancti,

2303 5697 2456 5752 Sit-ut
2491 5697 2641 5751 isaac
2682 5696 2894 5750 oblatus
2935 5696 3246 5766 praeﬁgurat
3302 5695 3636 5749 Salvatorem
3689 5693 3864 5767 (Gen.

2301 5787 2478 5861 xm),
2521 5795 2576 5841 et
2607 5785 2740 5841 Abel
2783 5802 2812 5840 a
2842 5785 2974 5842 Cain
3000 5785 3228 5840 occisus.
3260 5786 3634 5841 Iustaurantur
3661 5801 3784 5860 quae
3813 5785 3866 5842 in
