4046 6332
513 364 660 426 ’ω

1933 347 2206 410 SEDULII
2243 348 2442 409 SCO'I'I

3709 353 3834 411 200

545 472 837 546 viviﬁcabit
857 487 973 529 nos.
1003 469 1062 528 Id
1081 475 1186 536 est,
1214 467 1270 523 In
1292 461 1504 538 iustitia
1529 470 1752 536 peccata
1777 476 1876 534 per
1923 461 2129 532 baptis-
2152 462 2208 523 Α
2230 459 2434 515 tionem
2487 459 2720 515 formam
2755 465 3118 529 recepturum,
3155 473 3318 531 quam
3355 469 3411 516 et
3438 475 3583 518 nunc
3632 464 3832 532 angeli

546 584 699 624 mum
753 575 810 622 et
855 565 1017 620 fidem
1061 560 1379 618 dimittendo
1425 565 1481 614 et
1529 555 1827 629 purgando.
1881 553 1951 609 Et
2007 571 2134 609 con-
2237 549 2460 616 habent,
2484 558 2539 604 et
2576 551 2692 619 ipse
2716 549 3044 620 perdiderit;
3080 567 3267 605 novum
3306 559 3490 608 autem
3527 553 3834 617 hominem,

548 654 900 712 resuscitabit.
931 653 1070 721 Quia
1092 651 1236 722 quod
1264 649 1319 704 in
1363 648 1538 717 capite
1582 645 1882 717 praecessit,
1922 651 2132 698 certum

545 757 634 804 est
676 749 732 802 in
772 747 1030 802 membris
1059 744 1348 815 aliquando
1385 743 1648 798 futurum.
1678 739 1949 811 Simulque
1987 739 2126 808 fecit.

548 838 657 893 Pro
679 837 862 893 faciet.
891 836 1229 890 Abundantes
1250 835 1482 889 divitias.
1509 832 1567 887 Id
1603 839 1708 898 est,
1735 832 1878 901 quod
1905 832 2131 884 daturus

551 932 642 995 sit,
689 947 811 1000 quae
840 945 941 985 nec
977 927 1166 984 oculus
1191 928 1329 982 vidit
1375 941 1476 982 nec
1514 917 1664 980 auris
1723 923 1949 977 audivit.
1988 923 2132 976 Vere

555 1021 842 1076 abundans
889 1020 1062 1090 gratia
1098 1025 1196 1083 est,
1223 1033 1342 1088 qua:
1367 1032 1469 1072 nec
1512 1015 1684 1070 solum
1713 1023 1936 1084 peccata
1965 1013 2132 1066 dona-

549 1111 659 1175 vit,
687 1110 782 1165 sed
803 1111 967 1164 etiam
992 1124 1115 1164 cum
1127 1106 1346 1162 Christo
1375 1106 1727 1162 resuscitatos
1744 1103 1798 1158 in
1817 1104 2006 1157 dextra
2033 1102 2130 1158 Dei

549 1201 609 1255 in
638 1201 950 1257 caelestibus
976 1199 1279 1255 collocabit.
1317 1197 1418 1252 Per
1437 1197 1616 1266 ﬁdem.
1657 1195 1716 1250 Id
1759 1202 1862 1259 est,
1890 1209 1998 1248 non
2016 1207 2130 1273 .per

551 1306 740 1361 opera.
765 1290 871 1345 Sed
899 1305 964 1344 ne
988 1289 1091 1344 sibi
1118 1288 1348 1343 salutem
1372 1287 1546 1355 ipsam
1577 1283 1683 1339 ﬁde
1723 1291 2004 1355 arrogaret
2044 1297 2130 1338 se-

543 1397 737 1448 curus,
771 1380 1016 1449 adjunxit
1049 1395 1064 1432 :
1092 1378 1162 1432 Et
1183 1378 1280 1432 hoc
1312 1392 1416 1429 non
1445 1389 1508 1428 ea:
1533 1375 1698 1439 vobis,
1727 1372 1986 1442 quoniam
2013 1373 2129 1442 ipsa

548 1470 686 1526 fides
716 1485 821 1526 non
845 1484 914 1524 ex
947 1468 1121 1533 vobis,
1170 1466 1267 1522 sed
1306 1480 1374 1520 ex
1401 1479 1466 1520 eo
1507 1465 1598 1534 qui
1635 1465 1849 1518 vocavit
1892 1479 2012 1519 nos.
2045 1462 2129 1516 Ne

541 1561 663 1632 quis
701 1561 974 1631 glorietur.
1011 1558 1070 1614 Id
1092 1564 1205 1622 est,
1259 1556 1371 1611 suis
1418 1555 1627 1611 meritis
1649 1595 1666 1622 ,
1712 1563 1766 1610 et
1799 1569 1909 1609 non
1953 1569 1986 1608 a
2017 1553 2128 1608 Deo

541 1665 667 1709 esse
697 1650 984 1706 salvatum.
1019 1645 1197 1703 Creati
1216 1647 1273 1701 in
1304 1644 1533 1700 Christo.
1584 1644 1645 1699 Id
1695 1653 1798 1711 est,
1829 1645 2003 1700 renati
2031 1659 2130 1713 per

548 1742 895 1814 baptismum.
949 1738 1206 1794 Memores
1261 1738 1436 1808 itaque
1490 1745 1669 1791 estote.
1727 1735 2128 1791 Commemorat

2235 641 2328 710 qui
2366 641 2606 710 quotidie
2651 649 2943 696 renovatur
2990 649 3045 696 et
3091 641 3433 699 habitaturus
3474 644 3644 699 estin
3679 660 3837 700 novo

2234 731 2455 786 mundo.
2483 729 2675 797 Aliter,
2705 733 2761 786 in
2785 748 2945 786 unum
2979 749 3169 786 novum
3197 733 3479 800 hominem,
3512 735 3563 790 id
3605 743 3733 802 est,
3769 737 3837 791 in

2233 834 2401 873 unum
2423 820 2679 890 populum
2704 819 3072 877 Christianum
3105 821 3357 878 effectum
3395 840 3410 879 :
3464 824 3522 878 in
3548 840 3660 880 uno
3713 827 3836 895 spi-

2233 908 2342 963 ritu
2371 909 2596 978 pulchre
2633 919 2744 966 tres
2761 927 3027 981 personas
3055 913 3207 968 dicit.
3233 913 3301 968 In
3329 932 3541 971 accessu
3584 917 3833 970 duorum

2231 997 2564 1068 populorum.
2610 1001 2667 1057 Id
2695 1010 2801 1068 est,
2829 1003 2994 1058 totius
3039 1003 3335 1060 Christiani
3383 1006 3566 1076 populi
3601 1008 3837 1078 generis

2233 1087 2477 1143 humani.
2526 1088 2668 1161 Ergo
2700 1093 2821 1161 jam
2853 1109 2956 1146 non
3001 1094 3124 1147 estis
3172 1095 3420 1164 hospites.
3469 1095 3550 1150 Ad
3589 1095 3641 1150 id
3673 1096 3832 1166 quod

2229 1181 2568 1248 praemiserat
2609 1199 2623 1236 :
2657 1183 2884 1254 hospites
2936 1194 3362 1241 testamentorum
3390 1186 3521 1251 Dei,
3551 1202 3702 1242 nunc
3738 1203 3835 1243 re-

2231 1270 2463 1339 spondet
2494 1289 2507 1324 :
2542 1269 2646 1326 Sed
2667 1274 2790 1327 estis
2812 1275 2966 1328 cives.
2990 1274 3360 1342 Prtemiserat,
3384 1275 3598 1328 alienati
3629 1292 3663 1328 a
3693 1293 3831 1332 con-

2230 1364 2518 1418 versatione
2534 1362 2728 1418 Israel.
2747 1364 2846 1420 Hic
2871 1364 3022 1420 locus
3043 1366 3329 1421 adversum
3357 1379 3452 1420 eos
3475 1365 3557 1421 vel
3579 1367 3833 1422 maxime

2230 1449 2384 1518 facit,
2432 1453 2525 1523 qui
2575 1455 2818 1510 diversas
2865 1463 3091 1510 naturas
3134 1457 3383 1511 nituntur
3437 1456 3818 1512 introducere.

2232 1542 2510 1610 Quomodo
2537 1547 2681 1600 enim
2704 1548 2977 1624 peregrini
3001 1547 3130 1602 facti
3147 1557 3273 1602 sunt
3295 1548 3442 1603 cives
3471 1556 3820 1612 sanctorum,

2232 1643 2288 1692 et
2315 1638 2584 1707 quomodo
2613 1639 2893 1694 domestici
2918 1639 3013 1694 Dei
3053 1639 3272 1696 fuerunt
3297 1640 3568 1709 quondam
3593 1638 3830 1692 alienati

2233 1741 2266 1780 a
2307 1729 2719 1784 conversatione
2750 1729 2936 1796 Israel,
2963 1731 3010 1785 si
3045 1745 3153 1785 non
3192 1738 3371 1801 potest
3395 1735 3607 1794 [natura
3635 1727 3729 1782 vel
3763 1727 3826 1781 in

550 1807 675 1888 illos
695 1832 762 1886 de
790 1836 994 1900 quanta
1021 1807 1359 1897 ignobilitate
1382 1827 1448 1881 ad
1478 1839 1747 1880 summam
1763 1823 1914 1892 regni
1937 1824 2131 1893 produ-
2157 1807 2204 1868 Β
2232 1817 2458 1883 melius,
2489 1818 2574 1873 vel
2626 1818 2682 1873 in
2713 1819 2868 1890 pejus
2907 1820 3146 1874 mutari?
3187 1818 3360 1890 Supra
3411 1818 3829 1888 fundamentum

546 1922 624 1975 cti
655 1921 764 1974 sint
789 1919 1124 1990 dignitatem,
1153 1924 1214 1972 ut
1231 1933 1338 1971 non
1361 1916 1468 1971 sint
1497 1915 1697 1986 ingrati
1718 1913 1997 1970 beneﬁciis
2019 1913 2127 1967 lar-

544 2009 760 2082 gitoris.
793 2006 924 2072 Quae
961 2006 1154 2059 dicitur
1177 1999 1526 2058 circumcisio.
1551 2003 1611 2058 Id
1627 2011 1731 2068 est,
1763 2018 1872 2058 non
1899 2002 2124 2068 virtute,

542 2098 641 2157 sed
669 2097 906 2152 nomine.
934 2094 1000 2149 In
1040 2111 1214 2149 carne.
1250 2093 1309 2148 Id
1354 2101 1478 2160 est,
1528 2107 1636 2147 non
1679 2091 1891 2162 spiritu.
1937 2089 2130 2144 Manu-

541 2189 708 2260 facta.
736 2188 795 2244 ld
816 2196 899 2245 est
914 2229 930 2256 ,
967 2202 1132 2243 manu
1165 2187 1401 2242 humana
1429 2184 1593 2252 facta,
1614 2200 1722 2240 non
1738 2183 1932 2255 spiritu
1954 2183 2050 2238 Dei
2071 2182 2129 2237 in

547 2278 731 2334 corde.

613 2369 843 2423 Alienati
883 2385 918 2421 a
954 2366 1346 2421 conversatione
1394 2364 1584 2419 Israel.
1617 2365 1677 2420 Id
1719 2373 1828 2430 est,
1875 2363 1967 2434 qui
2002 2371 2128 2418 tunc

542 2466 662 2514 erat
681 2457 913 2526 populus
933 2457 1050 2511 Dei.
1080 2456 1149 2510 Et
1175 2457 1454 2527 peregrini.
1476 2457 1703 2513 Etiamsi
1727 2470 1795 2512 ex
1824 2464 1982 2526 parte
2007 2470 2128 2511 cre-

544 2548 777 2614 debatis,
795 2547 1057 2619 proselyti
1085 2556 1289 2615 tamen,
1315 2548 1369 2603 id
1389 2556 1494 2614 est,
1510 2548 1730 2604 advena:
1755 2547 2124 2603 habebamini.

543 2637 674 2696 Sine
699 2637 1123 2709 Deo._Errantes.
1151 2637 1219 2693 In
1240 2639 1336 2693 hoc
1359 2640 1574 2693 mundo.
1593 2638 1777 2694 Nullos
1798 2638 1963 2694 falsos
1991 2638 2128 2694 Deos

542 2729 806 2794 colentes,
840 2745 1009 2784 unum
1041 2743 1226 2782 verum
1250 2728 1419 2783 Deum
1442 2728 1727 2783 amisistis.
1754 2726 1932 2782 Gratis
1954 2725 2123 2798 longe.

542 2820 688 2875 Deus
705 2835 831 2876 cum
858 2819 1056 2890 ubique
1077 2821 1148 2876 sit
1165 2835 1425 2892 praesens,
1453 2820 1611 2893 longe
1643 2828 1826 2876 tamen
1855 2821 1923 2876 ab
1948 2818 2127 2889 impiis

547 2911 770 2967 dicitur.

614 2998 774 3054 Facti
813 3000 936 3055 estis
965 3016 1144 3072 prope.
1175 3000 1236 3056 Id
1275 3009 1378 3068 est,
1410 3009 1472 3055 ut
1508 2999 1707 3057 Iudaeis
1750 2999 2122 3071 aequaremini,

543 3090 638 3161 qui
687 3106 811 3147 cum
857 3091 970 3148 Deo
1013 3101 1188 3148 erant.
1236 3092 1306 3147 In
1351 3094 1606 3163 sanguine
1657 3091 1872 3147 Christi.
1903 3092 1960 3148 Id
2007 3100 2122 3156 est,

543 3182 812 3238 credendo
832 3198 929 3238 vos
954 3181 1070 3253 ejus
1091 3183 1352 3255 sanguine
1365 3192 1421 3239 et
1443 3184 1695 3255 passione
1711 3183 1989 3239 liberatos.
2007 3183 2128 3254 Ipse

540 3277 619 3324 est
658 3270 797 3324 enim
837 3286 943 3341 pars
967 3280 1168 3325 nostra.
1196 3270 1315 3340 Ipse
1342 3280 1425 3326 est
1451 3272 1819 3327 reconciliatio
1847 3272 2128 3341 utriusque

543 3358 728 3429 populi
762 3359 1066 3415 adinvicem
1093 3366 1149 3414 et
1177 3359 1246 3414 ad
1274 3359 1466 3414 Deum.
1504 3359 1576 3414 Et
1604 3361 1836 3415 medium
1872 3362 2126 3432 parietem

542 3450 808 3504 maceriae.
841 3450 1048 3507 Medius
1073 3452 1274 3522 paries,
1317 3461 1373 3508 et
1418 3454 1587 3524 scpis,
1617 3462 1674 3509 et
1705 3455 1934 3509 materia
1961 3469 2127 3510 onera

540 3535 674 3609 legis
695 3550 868 3608 erant,
906 3543 1042 3598 duos
1069 3543 1295 3616 populos
1318 3542 1637 3613 dividentia,
1663 3553 1718 3601 et
1749 3544 1870 3602 ideo
1891 3545 2007 3616 ipse
2026 3560 2125 3615 pa-

543 3633 654 3689 ries
683 3635 984 3691 inimicitiae
1008 3638 1378 3694 nominantur.

613 3726 831 3784 Solvens
878 3729 1208 3786 inimicitias.
1245 3731 1303 3788 Id
1341 3740 1446 3800 est,
1477 3721 1964 3800 circumcisionem,
1993 3742 2124 3802 etc.,

542 3831 664 3885 qute
703 3833 812 3873 non
861 3827 970 3878 tam
1005 3822 1103 3878 Dei
1123 3823 1408 3891 voluntas,’
1432 3841 1593 3896 quam
1626 3826 1885 3896 temporis
1912 3827 2054 3881 ratio
2094 3841 2128 3881 a

543 3905 727 3974 populi
755 3908 955 3964 duritia
984 3921 1256 3981 exegerat.
1286 3913 1488 3981 Aliter,
1520 3915 1733 3971 solvens
1763 3915 2122 3980 inimicitiam,

547 3991 605 4048 id
633 4003 737 4060 est,
763 3998 1083 4066 sapientiam
1119 4003 1322 4069 carnis,
1351 4020 1470 4074 quae
1504 4005 1723 4061 inimica
1767 4014 1853 4060 est
1879 4006 2008 4061 Deo.
2058 4005 2127 4061 In

542 4100 702 4139 carne
720 4103 839 4141 sua.
864 4088 922 4146 Id
947 4101 1048 4157 est,
1074 4093 1326 4162 passione
1346 4097 1526 4152 carnis
1547 4113 1676 4152 suae.
1704 4097 1890 4168 Legem
1909 4098 2129 4152 manda-

541 4180 736 4231 torum.
766 4177 824 4234 Id
844 4189 960 4248 est,
984 4182 1040 4237 in
1067 4197 1174 4254 qua
1212 4194 1338 4244 sunt
1367 4188 1641 4254 mandata,
1682 4189 2046 4257 circumcisio,
2073 4199 2127 4247 et

543 4261 786 4350 sabbata,
840 4275 896 4322 et
944 4272 1260 4327 neomeniae.
1305 4272 1559 4330 Decretis.
1611 4275 1670 4331 ld
1717 4285 1803 4332 est
1847 4277 2127 4350 Evangelii

543 4349 887 4442 dogmatibus
927 4374 1216 4418 evacuans.
1247 4363 1403 4432 Item,
1432 4366 1542 4436 ipse
1569 4377 1643 4422 est
1672 4385 1778 4438 pax
1805 4349 2019 4436 nostra,
2034 4372 2126 4442 qui

544 4441 665 4512 fecit
709 4455 933 4519 utraque
984 4468 1170 4507 unum.
1203 4452 1471 4511 Caeterum
1512 4464 1626 4513 tota
1672 4459 2028 4532 intelligentia
2047 4441 2122 4516 ad

544 4534 761 4605 angelos
806 4539 1178 4597 transferenda
1221 4553 1325 4612 est,
1356 4546 1688 4618 virtutesque
1733 4541 2016 4617 etelorum,
2063 4559 2120 4606 et

544 4626 615 4682 ad
639 4626 849 4684 animas
883 4629 1173 4699 humanas,
1206 4637 1351 4703 quod
1389 4636 1444 4690 in
1493 4653 1594 4694 suo
1622 4639 1882 4709 sanguine
1911 4647 2126 4696 terrena

546 4725 602 4774 et
631 4717 874 4775 ccelestia
930 4723 1244 4792 copulavit,
1300 4742 1419 4796 quae
1447 4728 1592 4784 inter
1635 4745 1692 4786 se
1723 4739 1850 4787 ante
1897 4731 2125 4788 disside-

545 4808 699 4892 bant,
754 4818 811 4864 et
842 4809 1019 4868 bonus
1071 4823 1262 4884 pastor
1310 4819 1614 4875 morbidam
1659 4821 1728 4875 ad
1771 4830 1986 4878 montes
2035 4836 2124 4878 re-

547 4909 772 4957 vectans
813 4917 990 4971 ovem,
1022 4905 1212 4963 fecerit
1241 4923 1363 4966 esse
1415 4926 1540 4966 cum
1573 4912 1817 4981 caeteris;
1850 4923 2013 4984 atque
2043 4915 2120 4971 ita

549 5008 681 5048 crux
709 4993 922 5052 Domini
945 5012 1054 5054 non
1082 4999 1256 5057 solum
1279 5005 1651 5074 terrestribus,
1683 5008 1779 5063 sed
1806 5009 1971 5064 etiam
2011 5025 2122 5067 cte-

549 5079 771 5139 lestibus
798 5084 1020 5156 profuit.
1044 5088 1192 5147 Idem
1213 5091 1270 5147 in
1298 5095 1634 5165 expositione
1666 5095 1922 5155 Habacuc
1951 5119 1964 5155 :
2000 5099 2123 5170 Ipse

549 5169 697 5227 solvit
725 5177 861 5231 enim
888 5179 1119 5236 medium
1143 5183 1396 5254 parietem
1420 5184 1615 5254 Israel,
1642 5188 1696 5244 id
1720 5198 1834 5256 est,
1879 5169 2125 5246 obscuri-

549 5269 716 5318 tatem
744 5273 987 5324 veterum
1013 5273 1420 5344 prophetarum,
1439 5285 1495 5332 et
1521 5278 1703 5334 omnia
1727 5279 1964 5349 antiqua:
1989 5278 2126 5351 legis

550 5356 764 5422 aperuit
802 5371 1160 5418 sacramenta.
1193 5364 1348 5433 Quod
1393 5375 1573 5423 autem
1604 5370 1700 5435 ait,
1736 5367 1802 5424 Ut
1831 5369 1962 5426 duos
1992 5388 2122 5426 con-

549 5440 692 5534 deret
718 5446 772 5501 in
797 5453 1070 5524 semetipso
1108 5455 1166 5509 in
1204 5473 1368 5511 unum
1413 5474 1603 5514 novum
1633 5459 1916 5529 hominem,
1947 5464 2122 5534 magis

549 5529 763 5592 videtur
789 5543 1060 5612 superiori
1089 5545 1154 5601 de
1173 5543 1375 5604 Iudaeis
1412 5557 1466 5604 et
1489 5547 1754 5608 Gentibus
1784 5553 1968 5608 sensui
1995 5529 2126 5610 oon-

547 5627 758 5714 venire,
786 5631 868 5687 sic
903 5633 1146 5706 intellige
1181 5655 1193 5690 :
1229 5638 1510 5695 Hominem
1544 5641 1703 5712 juxta
1749 5641 2038 5714 imaginem
2068 5652 2124 5700 et

549 5711 959 5778 similitudinem
987 5721 1081 5778 Dei
1112 5723 1336 5814 factum,
1382 5711 1627 5800 eamdem
1673 5747 1770 5818 per
1804 5711 2124 5793 reconcilia-

1471 5887 1544 5897 ιι-

2145 4501 2201 4562 D

2233 1908 2611 1979 apostolorum.
2641 1909 2889 1980 Apostoli
2919 1908 3330 1966 fundamentum
3350 1917 3498 1976 sunt,
3529 1908 3614 1964 vel
3649 1907 3823 1964 Chri-

2233 2006 2352 2055 stus
2397 1997 2809 2054 fundamentum
2858 2007 2943 2056 est
2988 2000 3372 2071 apostolorum.
3429 1999 3678 2055 Christus
3735 2007 3828 2055 est

2228 2090 2641 2147 fundamentum
2663 2093 2755 2162 qui
2789 2093 2950 2147 etiam
2973 2091 3109 2163 lapis
3129 2092 3328 2148 dicitur
3353 2091 3648 2162 angularis,
3675 2090 3823 2146 duos

2229 2182 2564 2254 conjungens
2603 2190 2658 2237 et
2685 2183 2968 2238 continens
3021 2183 3278 2252 parietes.
3309 2181 3435 2236 Ideo
3486 2181 3576 2237 hic
3626 2180 3829 2235 funda-

2229 2279 2472 2327 mentum
2500 2279 2556 2327 et
2581 2287 2826 2328 summus
2859 2283 2944 2328 est
2979 2272 3139 2342 lapis,
3168 2273 3293 2342 quia
3324 2273 3379 2326 in
3428 2273 3545 2342 ipso
3581 2279 3637 2326 et
3689 2272 3824 2325 fun-

2229 2365 2430 2432 datur,
2483 2374 2540 2421 et
2601 2374 3010 2421 consummatur
3070 2365 3334 2421 Ecclesia.
3406 2363 3663 2420 Summus
3725 2363 3824 2418 hic

2229 2455 2504 2526 angularia
2556 2455 2694 2527 lapis
2718 2497 2733 2524 ,
2790 2457 2917 2526 quia
2969 2456 3226 2527 populum
3285 2440 3576 2524 utrumque
3634 2453 3821 2509 conti-

2228 2550 2354 2609 net;
2416 2544 2528 2599 sive
2567 2543 2723 2613 juxta
2780 2545 3286 2616 interpretationem
3345 2545 3589 2601 caelestia
3636 2543 3826 2614 jungit

2229 2641 2394 2703 atque
2416 2641 2654 2690 terrena.
2677 2635 2924 2692 Christus
2951 2646 3036 2693 est
3056 2638 3192 2708 lapis
3215 2638 3485 2708 pretiosus
3509 2638 3576 2691 de
3603 2646 3818 2703 monte,

2229 2727 2546 2798 reprobatus
2575 2743 2607 2782 a
2636 2727 2926 2783 Pharisazis
2953 2728 3126 2798 legem
3160 2727 3573 2784 aediﬁcantibus.

2299 2814 2368 2870 In
2400 2817 2646 2890 templum
2672 2829 2912 2874 sanctum
2939 2821 2996 2873 in
3023 2819 3271 2873 Domino.
3299 2818 3358 2873 In
3391 2817 3591 2894 templq
3616 2824 3814 2873 sancto

2229 2921 2337 2962 non
2362 2915 2588 2976 possunt
2613 2907 2815 2980 lapides
2839 2908 2966 2979 poni
2988 2908 3094 2963 nisi
3119 2909 3312 2964 sancti.
3341 2907 3426 2962 Ad
3453 2907 3822 2977 comparatio-

2228 3013 2355 3054 nem
2388 2998 2579 3069 templi
2609 2999 2998 3070 Hierosolyma:
3030 3001 3160 3056 dicit
3191 3000 3400 3056 exstrui
3429 3014 3629 3070 corpus
3659 2999 3823 3054 Chri-

2229 3089 2338 3156 sti,
2375 3089 2430 3144 id
2463 3098 2550 3143 est
2573 3129 2589 3156 ,
2623 3089 2925 3146 Ecclesiam
2950 3131 2965 3158 ,
3001 3098 3062 3145 ut
3093 3091 3265 3147 multo
3297 3092 3557 3163 majorem
3592 3092 3818 3147 mundi-

2153 3156 2199 3221 Ο
2235 3178 2364 3233 tiam
2411 3185 2468 3234 et
2514 3180 2856 3236 sanctitatem
2908 3156 3108 3236 habeat
3150 3182 3354 3237 veritas
3381 3156 3561 3253 'quam
3611 3183 3816 3252 imago.

2231 3268 2500 3324 Sensuum
2546 3271 2722 3342 magis
2765 3272 2822 3328 in
2865 3271 3125 3343 Apostolo
3171 3275 3493 3345 quaerendus
3542 3285 3627 3332 est
3678 3275 3820 3332 ordo

2231 3378 2394 3435 quam
2441 3365 2751 3421 verborum.

2845 3457 3074 3517 CAPUT
3110 3459 3198 3515 III.

2299 3548 2482 3621 Hujus
2508 3550 2583 3606 rei
2609 3550 2801 3622 gratia.
2830 3549 2888 3606 ld
2913 3559 3028 3618 est,
3051 3552 3212 3622 hujus
3235 3551 3348 3618 rei,
3373 3565 3537 3622 quam
3562 3550 3817 3622 superius

2225 3642 2558 3709 memoravi,
2591 3642 2735 3713 quod
2759 3640 2930 3698 Filius
2963 3641 3060 3699 Dei
3087 3649 3142 3697 et
3171 3650 3357 3714 gentes
3385 3642 3711 3708 salvaverit,
3753 3650 3813 3697 et

2229 3731 2443 3790 Judteos
2476 3741 2532 3789 et
2565 3741 2824 3804 utrosque
2855 3732 3051 3790 fecerit
3083 3750 3272 3789 unum.
3322 3732 3436 3806 Ego
3472 3731 3698 3788 Paulus.
3750 3732 3810 3788 Id

2230 3833 2347 3892 est,
2378 3827 2608 3898 cognovi
2635 3827 2953 3897 mysterium
2972 3866 2988 3893 ,
3017 3826 3102 3881 vel
3129 3825 3307 3881 docui.
3348 3824 3555 3880 Vinctus
3585 3825 3803 3880 Christi.

2225 3915 2285 3973 Id
2319 3926 2435 3982 est,
2473 3916 2686 3972 Christi
2721 3933 2908 3974 amore
2944 3919 3141 3990 ligatus
3180 3919 3386 3976 Romae.
3423 3919 3481 3974 Si
3506 3930 3680 3975 tamen
3707 3938 3806 3974 au-

2227 4005 2397 4060 distis.
2437 4005 2495 4061 Si
2536 4014 2716 4062 tamen
2753 4006 2984 4064 ﬁrmiter
3021 4009 3268 4065 retinetis
3301 4025 3388 4066 me
3423 4011 3475 4065 in
3516 4009 3669 4066 vobis
3687 4010 3802 4066 dis-

2224 4097 2599 4169 pensationem
2657 4100 2932 4170 accepisse
2971 4101 3248 4158 doctrinae.
3292 4103 3491 4158 Notum
3538 4103 3666 4157 mihi
3715 4104 3800 4173 fa-

2227 4197 2366 4243 ctum
2396 4198 2470 4244 est
2498 4191 2822 4261 mysterium.
2853 4191 2913 4248 Id
2940 4202 3055 4260 est,
3087 4193 3301 4250 Judazos
3325 4204 3381 4250 et
3408 4195 3608 4251 Gentes
3636 4211 3804 4250 unum

2224 4279 2486 4351 populum
2510 4295 2630 4338 esse
2654 4281 2857 4339 factum
2884 4285 2941 4343 in
2966 4284 3204 4342 Christo.
3233 4286 3383 4343 Sicut
3407 4305 3568 4358 supra
3594 4289 3801 4359 scripsi.

2232 4368 2295 4424 In
2330 4372 2699 4440 superioribus
2729 4374 2891 4444 hujus
2917 4377 3197 4447 epistolas;
3229 4380 3484 4448 quoniam
3515 4382 3650 4436 dixit
3683 4399 3696 4435 :
3734 4381 3803 4437 Ut

2226 4469 2408 4515 notum
2436 4461 2629 4530 faceret
2657 4465 2800 4519 vobis
2825 4478 3213 4523 sacramentum
3243 4469 3528 4527 voluntatis
3562 4489 3691 4526 sure.
3734 4470 3803 4525 In

2230 4549 2369 4604 brevi
2398 4561 2554 4622 prout
2581 4556 2813 4624 potestis.
2844 4555 2963 4611 Non
2989 4561 3241 4628 quoniam
3270 4573 3513 4631 poteram
3539 4579 3640 4635 ego
3670 4562 3799 4618 scri-

2226 4640 2391 4709 bere,
2421 4643 2515 4697 sed
2549 4645 2804 4714 quoniam
2837 4662 2935 4702 vos
2968 4650 3182 4718 assequi
3210 4650 3493 4708 valebatis.
3518 4652 3586 4706 In
3607 4661 3802 4724 myste-

2227 4736 2306 4790 rio
2363 4733 2595 4804 Christi,
2642 4753 2752 4794 non
2795 4740 2851 4794 in
2896 4740 3205 4810 eloquentia
3252 4743 3520 4798 saeculari.
3570 4744 3696 4800 Non
3723 4757 3800 4801 est

2225 4825 2460 4896 agnitum
2486 4827 2612 4894 ﬁliis
2639 4830 2930 4884 hominum.
2966 4829 3254 4902 Signanter
3290 4841 3345 4888 et
3372 4845 3529 4890 caute
3565 4837 3643 4891 ait
3673 4837 3802 4893 ﬁliis

2226 4914 2506 4970 hominum
2528 4915 2694 4972 fuisse
2721 4917 3100 4974 absconditum
3127 4931 3549 4991 sacramentum,
3581 4941 3690 4981 non
3718 4935 3802 4981 ta-

2227 5017 2353 5058 men
2390 5003 2513 5059 ﬁliis
2541 5005 2669 5070 Dei,
2701 5008 3029 5077 patriarchis
3065 5019 3120 5066 et
3152 5014 3461 5084 prophetis,
3499 5016 3566 5070 de
3601 5016 3800 5086 quibus

2227 5093 2303 5148 ait
2331 5111 2345 5148 :
2374 5093 2489 5165 Ego
2517 5096 2629 5151 dixi
2656 5110 2675 5150 :
2705 5097 2794 5152 Dii
2822 5101 2966 5156 estis.
2996 5101 3209 5158 Aliter:
3240 5102 3467 5170 Qoniam
3498 5107 3798 5164 revelatum

2227 5194 2312 5243 est
2343 5188 2606 5258 apostolis
2625 5231 2640 5257 ,
2670 5189 2994 5262 ignorabant
3020 5195 3330 5265 prophetae;
3362 5195 3504 5254 aliud
3535 5208 3618 5255 est
3649 5200 3797 5254 enim

2224 5278 2418 5350 Spiritu
2447 5288 2677 5337 ventura
2707 5299 3065 5355 cognoscere,
3102 5286 3249 5342 aliud
3277 5303 3341 5343 ea
3369 5304 3593 5346 cernere
3631 5306 3799 5362 opere

2225 5367 2512 5438 completa.
2544 5369 2698 5428 Unde
2727 5380 2784 5430 et
2812 5371 3048 5430 Joannes
3077 5373 3254 5445 major
3282 5379 3532 5436 omnibus
3557 5379 3801 5452 Prophe-

2223 5459 2294 5515 tis
2321 5475 2442 5516 esse
2470 5461 2685 5530 dicitur,
2726 5465 2852 5535 quia
2890 5481 3052 5536 quem
3088 5471 3272 5526 caeteri
3301 5454 3796 5543 prophetaverunt,

2223 5548 2340 5620 ipse
2368 5553 2679 5622 conspexit,
2707 5562 2762 5610 et
2789 5555 2956 5626 digito
2983 5557 3374 5618 demonstravit
3400 5563 3584 5619 dicens
3611 5581 3625 5618 :
3657 5563 3799 5619 Ecce

2225 5657 2392 5712 agnus
2421 5643 2553 5710 Dei,
2583 5661 2701 5700 ecce
2726 5647 2815 5717 qui
2845 5647 2983 5703 tollit
3011 5661 3226 5721 peccata
3253 5654 3456 5709 mundi.
3496 5654 3565 5708 In
3593 5652 3799 5725 Spiritu

2225 5752 2338 5830 esse
2363 5734 2550 5795 Gentes
2576 5739 2888 5801 coha'redes.
2915 5741 3020 5805 Per
3042 5743 3306 5816 Spiritum
3333 5747 3465 5806 mihi
3495 5746 3796 5806 revelatum
