4046 6332
220 325 304 384 20!

1263 314 1595 375 COLLECT.
1637 313 1710 371 IN
1746 313 1965 372 EPIST.
2005 315 2098 373 AD
2130 312 2372 373 EPHES.

3342 313 3541 371 202.

218 452 318 506 est,
351 438 465 494 sive
502 435 558 492 in
605 435 836 506 Spiritu,
875 432 996 488 illos
1030 431 1266 489 sociatos
1294 442 1446 493 esse,
1495 442 1602 481 non
1653 441 1772 480 car-
1797 428 1852 488 Α
1876 425 2031 480 nitas.
2061 424 2176 480 Hoc
2203 423 2348 480 solus
2388 430 2536 493 pater
2576 422 2814 478 omnium
2854 423 3076 502 praestat
3112 423 3362 489 caeteris,
3392 434 3453 481 ut

219 533 293 588 nis
323 529 749 586 circumcisione.
785 523 1118 580 Cohwredes.
1157 523 1214 577 Id
1251 533 1366 586 est,
1403 519 1650 584 Israelis,
1689 519 1776 573 vel

219 622 342 695 quod
371 620 562 675 melius
589 627 705 681 est,
733 617 934 672 Christi
967 634 979 668 :
1014 623 1074 668 ut
1104 612 1394 668 hcereditas
1422 611 1563 664 Deus
1593 614 1778 662 nostra

216 716 311 779 sit,
342 721 393 768 et
425 712 666 766 cohmres
699 708 967 762 Christus.
1006 705 1074 758 Et
1111 701 1526 773 eoneorporales.
1563 700 1618 754 ιιι
1658 707 1774 763 est,

216 806 361 864 unius
397 800 678 871 corporis;
715 815 821 852 non
866 797 1039 851 solum
1079 793 1420 857 cohaeredes,
1459 790 1603 860 quod
1650 803 1778 860 pos-

215 904 332 952 sunt
351 893 546 950 diversi
573 890 788 962 generis
813 903 967 952 esse;
992 901 1097 941 non
1142 884 1314 940 solum
1344 880 1778 951 concorporales,

215 989 329 1060 quia
359 987 413 1042 id
444 991 671 1057 possunt
706 981 948 1052 ejusdem
983 979 1198 1050 generis
1232 977 1326 1032 ﬁlii
1347 1018 1362 1042 ,
1396 991 1504 1031 non
1539 975 1782 1043 ejusdem

215 1076 519 1134 substantiae
547 1083 601 1128 et
632 1073 835 1144 gloriae.
869 1071 993 1126 Ideo
1024 1069 1269 1139 sequitur
1297 1083 1311 1121 :
1344 1067 1414 1120 Et
1445 1065 1781 1136 compartici-

213 1184 298 1238 pes
321 1164 678 1237 promissionis
705 1161 990 1217 secundum
1020 1158 1374 1230 operationem
1401 1155 1605 1210 virtutis
1642 1155 1778 1224 ejus.

214 1256 369 1327 Cujus
395 1256 566 1309 virtus
592 1269 679 1308 me
706 1251 1012 1317 conﬁrmat,
1038 1252 1152 1306 sive
1177 1248 1328 1318 cujus
1357 1247 1586 1301 virtutes
1601 1260 1782 1300 meum

213 1347 530 1403 conﬁrmant
590 1344 946 1416 evangelium.
1014 1341 1148 1396 Mihi
1213 1341 1348 1395 enim
1403 1339 1620 1392 minimo
1665 1353 1779 1390 om—

213 1441 354 1494 nium
382 1447 684 1492 sanctorum
711 1436 838 1490 data
869 1443 944 1489 est
975 1435 1145 1506 gratia
1174 1435 1304 1487 htec.
1337 1429 1453 1486 Non
1483 1437 1612 1500 puto
1638 1427 1782 1499 Apo-

213 1533 405 1588 stolum
450 1546 574 1586 cum
621 1529 818 1585 mentis
865 1544 974 1582 suae
1020 1527 1381 1582 concordasse
1432 1530 1677 1586 secreto,
1722 1528 1783 1574 ut

211 1639 336 1679 vere
384 1622 630 1676 omnibus
677 1619 879 1674 sanctis
927 1619 1209 1672 minimum
1261 1631 1319 1671 se
1369 1630 1490 1670 esse
1538 1612 1777 1678 dixerit;

211 1713 360 1768 verbi
397 1712 597 1783 gratia,
641 1710 726 1765 his
762 1710 854 1780 qui
890 1717 1048 1763 erant
1094 1709 1148 1762 in
1193 1707 1438 1776 Epheso,
1482 1704 1779 1768 Corintho,

1877 527 2060 588 patres
2103 519 2391 582 dicantur;
2437 517 2549 572 sive
2588 533 2685 587 per
2727 525 2976 571 naturam
3015 523 3172 588 pater
3197 517 3452 584 Domini,

1881 610 2023 664 sicut
2064 617 2275 664 cetera:
2315 624 2528 678 quoque
2571 617 2835 663 creatura:
2873 609 3217 679 paternitatis
3256 624 3455 665 nomen

1881 701 2165 770 adoptione
2193 708 2526 756 meruerunt.
2560 701 2823 766 Quoniam
2854 709 3030 755 autem
3061 716 3158 755 nos
3178 743 3194 768 ,
3225 702 3316 772 qui
3349 718 3457 757 non

1880 808 2071 848 sumus
2101 793 2167 846 de
2197 807 2393 862 genere
2420 791 2724 857 Abraham,
2754 791 2799 846 si
2830 791 2990 846 ﬁdem
3023 791 3165 847 illius
3204 793 3460 848 habueri-

1881 903 2036 953 mus,
2068 887 2164 942 ﬁlii
2193 888 2468 944 Abraham
2497 905 2773 954 vocamur,
2805 899 2859 943 et
2884 889 3224 960 patriarchas
3254 897 3309 945 et
3333 903 3458 961 pro-

1881 979 2076 1048 phetas
2105 987 2288 1048 patres
2316 994 2573 1034 vocamus
2594 1021 2609 1047 ,
2641 980 2717 1034 ita
2745 986 2874 1050 puto
2904 979 3122 1050 angelos
3163 989 3219 1034 et
3257 979 3460 1035 habere

1881 1071 2156 1142 principes
2184 1071 2264 1125 sui
2294 1071 2536 1142 generis,
2569 1087 2705 1141 quos
2732 1079 2914 1142 patres
2956 1072 3224 1142 gaudeant
3259 1071 3461 1125 habere

1883 1161 1939 1216 in
1970 1162 2298 1217 coelestibus.
2331 1160 2399 1215 In
2427 1162 2675 1218 interiore
2703 1163 2930 1217 homine.
2967 1161 3068 1217 Ubi
3109 1161 3336 1217 interior
3361 1177 3459 1232 per

1884 1251 2048 1306 ﬁdem
2088 1251 2346 1308 robustus
2386 1260 2500 1324 est,
2537 1253 2613 1307 ibi
2647 1253 2857 1308 habitat
2897 1240 3176 1319 Christus,
3219 1269 3326 1308 non
3370 1251 3460 1306 ubi

1883 1347 2124 1400 exterior
2147 1346 2442 1417 saginatur.
2474 1343 2544 1400 Ut
2566 1346 2775 1416 possitis
2801 1346 3230 1416 comprehendere
3254 1362 3370 1417 quae
3395 1343 3462 1400 sit

1885 1434 2130 1490 latitudo.
2161 1436 2390 1504 Quidam
2417 1435 2634 1501 dicunt,
2663 1437 2807 1506 quod
2835 1437 3064 1492 latitudo
3092 1437 3328 1508 spatiosa
3353 1439 3463 1503 via,

1884 1543 2004 1598 quae
2048 1528 2196 1584 ducit
2232 1530 2300 1584 ad
2338 1536 2598 1594 mortem,
2638 1529 2992 1600 intelligatur,
3034 1530 3312 1602 longitudo
3355 1532 3467 1586 vita

1881 1629 2086 1674 aeterna
2108 1660 2122 1687 ,
2155 1620 2385 1675 altitudo
2411 1621 2661 1676 caelestes
2687 1620 2947 1688 virtutes,
2977 1621 3302 1692 profundum
3332 1637 3468 1678 con-

1885 1712 2067 1766 trarize
2096 1712 2396 1768 inferorum
2422 1713 2651 1768 virtutes
2691 1729 2756 1768 ac
2794 1721 3124 1784 potestates,
3156 1722 3218 1769 ut
3259 1713 3468 1770 scilicet

215 1802 589 1859 Thessalonica
613 1843 628 1869 9
661 1802 749 1857 Vel
788 1802 843 1856 in
881 1809 991 1856 ιοιο
1027 1799 1180 1855 οτὶὶθο
1220 1797 1373 1864 Ουοά
1409 1813 1530 1852 cum
1561 1796 1781 1852 humili-
1809 1786 1859 1848 Β
1889 1803 2083 1858 borum
2124 1805 2365 1860 omnium
2412 1806 2661 1860 notitiam
2704 1805 3001 1872 habentes,
3049 1807 3302 1862 noverint
3341 1806 3472 1877 quid

216 1894 340 1948 tatis
377 1893 631 1948 indicium
666 1892 736 1945 sit
770 1905 830 1945 se
861 1890 1114 1944 omnibus
1151 1889 1355 1942 sanctis
1386 1887 1668 1941 minimum
1707 1886 1786 1939 di-

214 2001 352 2048 cere,
383 1983 654 2039 mendacii
683 1990 768 2038 est
797 1989 1002 2045 reatus,
1039 1979 1185 2032 aliud
1215 1979 1270 2032 in
1301 1987 1518 2047 pectore
1547 1976 1787 2030 clausum

210 2073 410 2128 habere
431 2115 446 2139 ,
474 2073 619 2128 aliud
649 2071 705 2126 in
733 2070 913 2140 lingua
943 2082 1215 2140 promere.
1251 2065 1358 2121 Sed
1389 2067 1492 2121 hoc
1520 2072 1792 2137 princepto

209 2165 427 2220 Domini
478 2165 605 2220 fecit
655 2162 890 2227 Paulus,
946 2159 1214 2216 dicentis:
1267 2158 1370 2224 Qui
1407 2158 1514 2213 vult
1552 2159 1606 2211 in
1653 2157 1792 2211 vobis

205 2255 390 2324 major
418 2271 558 2320 esse,
590 2254 684 2323 ﬁat
712 2253 947 2307 omnibus
976 2251 1189 2305 minor:
1219 2258 1266 2303 et
1293 2250 1383 2320 qui
1414 2248 1518 2302 vult
1549 2265 1659 2303 esse
1685 2249 1794 2318 pri-

202 2361 366 2409 mus,
397 2345 493 2412 ﬁat
524 2346 755 2397 omnium
786 2343 1096 2396 novissimus
1137 2339 1349 2412 (Marc.
1381 2356 1435 2394 ιχ
1455 2338 1496 2412 ).
1531 2340 1794 2395 Omnibus

207 2435 358 2489 enim
390 2434 481 2502 qui
513 2448 571 2488 se
601 2441 823 2503 propter
859 2431 1138 2487 Christum
1177 2430 1424 2485 inﬁrmos
1457 2445 1577 2485 esse
1613 2431 1796 2498 cupie-

210 2531 379 2594 bant,
427 2528 702 2598 apostolus
746 2527 945 2582 Paulus
989 2526 1257 2581 inﬁrmior
1304 2533 1456 2589 erat,
1494 2533 1549 2580 et
1592 2524 1795 2579 idcirco

106 2662 135 2681 .
213 2619 389 2688 major
422 2620 691 2674 omnibus.
725 2616 891 2684 Plus,
923 2618 1128 2688 inquit,
1162 2616 1280 2670 aliis
1319 2615 1578 2669 laboravi.
1613 2613 1795 2668 Evan-

216 2712 444 2783 gelizare
477 2710 855 2781 investigabiles
890 2710 1095 2765 divitias
1136 2707 1354 2763 Christi.
1405 2707 1696 2774 Quaeritur,
1749 2705 1797 2760 si

217 2802 644 2874 investigabiles,
675 2818 774 2857 cur
791 2802 1234 2874 evangelizantur
1263 2801 1318 2856 in
1333 2799 1564 2870 populo?
1594 2798 1652 2854 Si
1679 2797 1801 2853 abs-

219 2895 479 2960 conditae,
520 2911 627 2966 qua
663 2895 871 2951 ratione
901 2910 998 2966 per
1041 2894 1268 2949 Paulum
1319 2893 1667 2948 referuntur?
1699 2892 1801 2955 llic

219 3000 352 3054 ergo
395 2985 767 3058 investigabile
812 2986 1185 3042 absconditum
1233 2985 1517 3055 dupliciter
1560 2984 1802 3039 sentien-

221 3079 387 3133 dum:
421 3079 562 3148 quod
605 3078 1007 3152 investigabiles
1043 3085 1168 3133 ante
1212 3077 1413 3132 divitia:
1450 3075 1700 3140 fuerunt,
1747 3081 1803 3128 et

1893 1895 2124 1964 eligant,
2158 1897 2242 1951 vel
2272 1896 2400 1966 quid
2430 1896 2686 1952 refutent.
2718 1895 2874 1951 Nulla
2901 1896 3204 1953 rotunditas
3232 1897 3471 1966 longitu-

1898 1981 2079 2039 dinem
2121 1996 2175 2040 et
2214 1987 2555 2042 latitudinem
2584 1987 2779 2052 habet,
2811 1986 3149 2043 altitudinem
3180 2004 3393 2058 quoque
3421 1994 3477 2041 et

1897 2074 2228 2146 profundum
2248 2117 2263 2143 ,
2298 2078 2394 2132 sed
2424 2093 2490 2132 cx
2519 2078 2789 2132 universis
2816 2078 3062 2147 partibus
3089 2079 3400 2149 coaequalis.

1971 2164 2117 2220 Scire
2167 2168 2323 2221 etiam
2373 2169 2839 2238 supereminentem
2889 2170 3118 2223 scientia:
3167 2170 3476 2224 charitatem

1901 2256 2114 2312 Christi.
2150 2257 2264 2313 Hoc
2308 2268 2420 2326 est,
2462 2268 2521 2313 ut
2561 2260 2709 2330 digni
2751 2260 2956 2326 simus,
2987 2276 3084 2330 per
3109 2261 3389 2316 scientiam
3427 2267 3484 2315 et

1899 2345 2100 2402 bonam
2127 2351 2592 2405 conversationem
2621 2351 2824 2406 habere
2851 2350 3052 2406 Christi
3077 2352 3484 2422 supereminen-

1902 2443 2012 2491 tem
2041 2437 2385 2493 charitatem.
2421 2439 2804 2509 Supereminet
2833 2449 3013 2495 autem
3044 2442 3283 2496 scientia:
3309 2443 3487 2497 chari-

1905 2536 1990 2584 tas
2033 2529 2266 2596 Christi,
2301 2547 2422 2584 cum
2454 2546 2520 2586 ex
2563 2531 2678 2600 ipso
2707 2541 2984 2598 nascatur,
3015 2533 3155 2587 sicut
3183 2535 3484 2602 superemi-

1904 2626 1998 2673 net
2039 2619 2268 2674 l'ructus.
2313 2617 2381 2672 Ut
2420 2619 2746 2689 impleamini
2786 2621 2839 2673 in
2882 2637 3082 2674 omnem
3111 2619 3488 2690 plenitudinem

1905 2711 2024 2766 Dei.
2061 2713 2195 2780 Quia
2227 2730 2333 2769 non
2362 2715 2586 2783 prodest
2617 2715 2845 2769 scientia
2888 2715 3006 2769 sine
3045 2716 3329 2772 charitate.
3362 2715 3489 2770 Ple-

1906 2802 2094 2857 nitudo
2124 2819 2357 2873 namque
2383 2803 2649 2858 donorum
2690 2804 2787 2858 Dei
2832 2819 2939 2858 non
2983 2805 3118 2870 erit,
3151 2805 3198 2859 si
3239 2804 3479 2860 Charitas

1909 2895 2069 2950 desit.
2118 2895 2187 2948 Ei
2230 2905 2437 2962 autem,
2477 2896 2568 2968 qui
2595 2905 2776 2967 potens
2803 2903 2876 2949 est
2905 2896 3080 2949 omnia
3110 2895 3281 2965 facere
3305 2911 3491 2966 super-

1909 2985 2260 3051 abundanter,
2302 3004 2461 3058 quam
2499 2987 2755 3059 petimus,
2797 2999 2887 3041 aut
2928 2985 3285 3058 intelligimus.
3327 2986 3492 3043 Redit

1909 3076 1977 3131 ad
2022 3077 2113 3143 id,
2155 3078 2296 3147 quod
2337 3093 2501 3149 supra
2540 3078 2720 3133 dixit:
2768 3077 3054 3148 Propterea
3093 3079 3246 3145 ﬂecto
3281 3091 3486 3146 genua,

221 3177 354 3223 tunc
377 3139 498 3239 post
518 3167 732 3223 Domini
763 3139 964 3239 aperta:
984 3176 1112 3224 sunt
1130 3167 1476 3236 passionem;
1507 3176 1602 3221 aut
1630 3139 1797 3232 certe,
1829 3139 1878 3205 ο
1910 3176 2014 3224 etc.
2063 3139 2324 3239 Nuricque
2366 3139 2652 3227 suliinl’ert.
2700 3170 2782 3223 Ei,
2809 3139 3016 3235 autem,
3051 3139 3156 3225 etc.
3189 3139 3490 3226 Secundum

220 3258 350 3329 quia
389 3266 583 3312 natura
624 3271 720 3312 sua
762 3256 971 3312 homini
1009 3257 1414 3328 investigabiles
1452 3265 1644 3324 erant,
1686 3258 1804 3313 haec

219 3350 336 3406 Deo
375 3351 678 3420 revelante,
710 3349 768 3405 in
796 3357 1059 3420 quantum
1087 3354 1270 3406 tamen
1295 3366 1616 3422 possumus,
1647 3351 1804 3408 nobis

222 3451 354 3499 sunt
377 3445 611 3516 cognita.

295 3533 368 3587 Et
389 3533 689 3588 illuminare
711 3551 908 3591 omnes.
934 3536 1087 3592 Tunc
1108 3535 1402 3603 illuminat,
1427 3539 1642 3609 quando
1661 3536 1806 3593 Gen—

220 3632 314 3679 tes
325 3632 383 3677 et
396 3623 605 3680 Iudaeos
631 3627 697 3681 ad
723 3627 884 3682 ﬁdem
905 3626 1106 3683 Christi
1129 3636 1308 3684 vocat.
1333 3627 1662 3683 Sacramenti
1687 3626 1806 3682 abs-

224 3712 450 3766 conditi.
499 3711 556 3766 Id
581 3719 692 3778 est,
740 3717 1130 3768 incarnationis
1170 3718 1368 3770 Christi
1413 3727 1468 3773 et
1507 3718 1808 3774 vocationis

219 3802 481 3858 Gentium
524 3803 595 3858 ad
633 3801 825 3870 ﬁdem,
866 3803 1142 3874 prioribus
1182 3804 1516 3872 temporibus
1553 3804 1653 3859 soli
1695 3805 1808 3860 Deo

221 3893 503 3963 cognitum
529 3901 665 3948 erat.
693 3892 758 3947 Ut
780 3897 1118 3949 innotesceret
1139 3895 1480 3965 principibus.
1510 3895 1581 3951 Ut
1602 3912 1700 3965 per
1720 3911 1808 3952 me

219 3985 310 4040 his
339 3986 430 4055 qui
462 3985 624 4042 rebus
652 3986 996 4051 caelestibus,
1031 3988 1292 4058 donisque
1332 4005 1429 4058 per
1457 4003 1674 4044 omnem
1704 3989 1807 4044 Ec-

221 4073 450 4130 clesiam
479 4069 876 4148 principantur,
909 4077 1258 4134 multiformis
1289 4081 1552 4149 sapientia
1597 4082 1808 4137 innote-

217 4174 364 4220 scat.
395 4166 566 4220 Item:
599 4167 658 4223 Si
697 4169 1030 4240 principibus
1065 4179 1121 4225 et
1159 4173 1520 4240 potestatibus
1560 4173 1613 4226 in
1654 4173 1808 4230 cmlis

219 4256 242 4325 (
265 4255 399 4311 licet
427 4256 648 4326 quidam
674 4256 976 4327 principem
1005 4261 1146 4316 aeris
1175 4262 1332 4317 istius
1359 4272 1415 4316 et
1441 4264 1659 4334 angelos
1690 4265 1810 4334 ejus

217 4347 716 4420 interpretantur),
748 4349 928 4421 ignota
958 4348 1060 4404 fuit
1089 4351 1364 4422 multiplex
1393 4354 1654 4423 sapientia
1686 4356 1807 4422 Dei,

218 4455 348 4510 quae
370 4455 515 4494 nunc
538 4439 619 4495 eis
640 4454 739 4511 per
756 4440 1055 4496 Ecclesiam
1077 4443 1314 4498 revelata
1333 4451 1448 4511 est,
1470 4455 1673 4516 quanto
1694 4463 1812 4502 ma-

1910 3258 2184 3324 virtutem,
2211 3275 2329 3329 qua:
2354 3269 2606 3330 operatur
2628 3259 2683 3314 in
2710 3260 2876 3314 nobis.
2905 3258 3023 3316 Non
3054 3263 3348 3317 secundum
3377 3278 3491 3319 me-

1907 3347 2011 3402 rita
2042 3355 2250 3404 nostra.
2289 3346 2359 3401 In
2396 3349 2575 3403 omnia
2614 3348 2811 3403 swcula
2852 3349 3184 3406 surculorum.
3223 3348 3494 3408 Immensa

1906 3439 2174 3498 beneﬁcia
2206 3440 2488 3496 immensis
2516 3440 2768 3496 laudibus
2798 3449 2926 3496 sunt
2953 3439 3296 3498 celebranda.

2521 3530 2753 3587 CAPUT
2791 3529 2880 3584 IV.

1983 3622 2097 3693 Ego
2141 3625 2344 3678 vinctus
2373 3623 2429 3676 in
2461 3623 2706 3676 Domino.
2738 3620 2972 3677 Carcere
3002 3621 3214 3678 scilicet
3239 3623 3457 3680 vinctus
3475 3665 3492 3690 ,

1909 3712 1997 3768 vel
2026 3716 2171 3778 quod
2201 3713 2396 3769 melius
2425 3721 2537 3772 est.
2569 3711 2771 3764 Christi
2802 3712 3086 3763 charitate.
3117 3711 3346 3776 Quidam
3375 3713 3495 3769 vin-

1912 3797 2094 3853 culum
2122 3799 2319 3854 anima:
2344 3814 2540 3868 corpus
2566 3798 2769 3854 dicunt.
2800 3798 2869 3854 In
2894 3786 3139 3856 Dominti.
3161 3802 3220 3859 Id
3245 3811 3359 3870 est,
3383 3819 3493 3862 non

1911 3902 2035 3943 meo
2080 3888 2276 3945 delicto
2297 3929 2312 3955 ,
2338 3888 2424 3943 vel
2454 3888 2680 3944 obsecro
2710 3905 2808 3945 vos
2854 3891 2908 3945 in
2947 3891 3195 3947 Domino.
3235 3891 3311 3948 'Ut
3339 3894 3494 3968 digne

1912 3981 2206 4038 ambuletis.
2235 3983 2292 4038 Id
2318 3992 2436 4050 est,
2465 4000 2573 4039 non
2600 3983 2934 4041 declinantes
2961 3986 3026 4041 ad
3058 3986 3366 4055 dexteram,
3399 4006 3496 4046 ne-

1912 4085 2018 4141 que
2045 4071 2112 4126 ad
2142 4072 2440 4143 sinistram.
2477 4074 2548 4128 Et
2571 4076 2992 4130 mansuetudine.
3023 4076 3334 4135 Mansuetus
3362 4079 3495 4135 nulli

1911 4172 2090 4218 nocet.
2137 4162 2459 4234 Su/ferentes
2505 4167 2722 4220 invicem
2764 4167 2820 4221 in
2863 4168 3137 4222 charitate.
3167 4167 3303 4236 Quia
3335 4169 3495 4226 suffe-

1913 4263 2042 4309 runt
2065 4254 2400 4326 philosophi.
2429 4257 2524 4313 sed
2550 4273 2655 4312 non
2686 4258 2741 4313 in
2767 4259 3054 4314 charitate.
3089 4259 3199 4314 Nos
3227 4277 3358 4315 vero
3383 4276 3490 4316 non

1913 4354 1973 4400 ut
2000 4345 2299 4413 laudemur,
2324 4347 2418 4403 sed
2446 4357 2506 4403 ut
2533 4350 2640 4415 ille,
2672 4366 2831 4421 quem
2857 4350 3188 4405 sustinemus
3214 4351 3487 4419 proﬁciat,

1916 4439 2202 4510 diligentes
2233 4441 2501 4496 sustinere
2532 4443 2808 4498 debemus.
2859 4439 2952 4496 Sol
2974 4440 3084 4493 iciti
3125 4457 3332 4496 servare
3372 4441 3495 4496 uni-

215 4507 309 4605 gis
338 4507 669 4603 patriarchis
706 4541 762 4588 et
793 4536 1072 4605 prophetis
1099 4537 1280 4606 ignota
1311 4507 1452 4592 fuit‘.t
1482 4507 1620 4609 quos
1648 4555 1808 4609 supra
1834 4507 1890 4568 Β
1915 4507 2075 4586 tatem
2105 4531 2322 4602 spiritus
2351 4533 2405 4585 in
2448 4532 2651 4585 vinculo
2691 4531 2856 4602 pacis.
2902 4529 3014 4586 Nec
3057 4530 3334 4587 dicentes:
3375 4530 3491 4604 Ego

214 4642 339 4682 non
362 4627 642 4697 ignorasse
664 4631 980 4700 mysterium
1002 4629 1226 4697 Christi,
1251 4633 1346 4687 sed
1370 4633 1441 4687 ita
1466 4643 1524 4688 ut
1545 4637 1771 4705 apostoli
1792 4678 1808 4703 ,

212 4717 476 4772 nescisse
518 4721 955 4776 monstravimus.
997 4722 1077 4776 Ex
1119 4737 1228 4792 quo
1270 4723 1655 4793 intelligimus,
1685 4724 1813 4793 quia

212 4823 369 4863 crux
401 4806 600 4862 Christi
628 4826 733 4866 non
760 4812 934 4867 solum
961 4815 1138 4879 nobis,
1161 4815 1256 4870 sed
1278 4825 1331 4870 et
1351 4818 1554 4888 angelis
1573 4817 1776 4887 profuit
1795 4859 1810 4884 ,

211 4908 275 4955 et
315 4899 536 4970 aperuit
575 4912 976 4958 sacramentum
1004 4905 1148 4974 quod
1180 4914 1308 4960 ante
1336 4909 1666 4964 nesciebant.
1704 4910 1811 4964 De-

209 4991 401 5061 nique
431 4991 806 5064 interrogant:
839 4994 971 5060 Quis
999 5003 1083 5067 est
1110 4995 1212 5051 iste
1252 5012 1347 5052 rex
1378 4997 1605 5069 gloriae?
1635 4999 1808 5064 Quam

210 5085 372 5154 fecit.
409 5083 580 5151 Quam
603 5086 732 5142 olim
754 5086 899 5142 Deus
925 5088 979 5142 in
1006 5103 1102 5143 sua
1126 5097 1306 5143 mente
1332 5091 1590 5146 decrevit.
1615 5089 1682 5144 In
1708 5107 1810 5161 quo

205 5173 484 5229 habemus
507 5175 819 5232 libertatem.
843 5179 902 5233 Id
924 5189 1039 5244 est,
1065 5179 1450 5235 conscientiam
1474 5197 1665 5251 puram
1687 5223 1701 5246 ,
1726 5180 1812 5236 vel

209 5265 581 5322 conscientiae
608 5270 919 5339 puritatem.
965 5269 1033 5324 Et
1069 5288 1352 5326 accessum.
1391 5272 1446 5328 ld
1479 5284 1595 5338 est,
1629 5283 1688 5328 ut
1718 5289 1814 5329 no—

209 5364 344 5411 ster
375 5357 446 5410 ad
468 5358 636 5412 Deum
663 5371 853 5418 sensus
875 5365 1116 5419 accedat.
1143 5362 1369 5432 PrOpter
1385 5367 1524 5435 quod
1545 5376 1680 5436 peto.
1707 5367 1814 5423 Sed

1913 4625 2131 4698 Apollo,
2161 4644 2252 4698 ego
2284 4624 2472 4696 (Iephte
2502 4624 2565 4698 (1
2593 4623 2713 4679 Cor.
2744 4625 2824 4696 ι).
2860 4624 3092 4692 Quidam
3119 4625 3208 4682 hic
3232 4640 3340 4682 non
3368 4623 3492 4696 Spi-

1915 4720 2080 4773 ritum
2129 4727 2407 4784 sanctum,
2457 4715 2551 4772 sed
2596 4717 2792 4772 mentis
2838 4716 3091 4773 allectum
3135 4717 3354 4783 dicunt,
3388 4725 3489 4770 ut:
3543 4757 3550 4762 ς

1914 4810 2051 4866 Erat
2078 4809 2186 4864 illis
2213 4827 2302 4864 cor
2327 4826 2520 4874 unum,
2553 4819 2600 4863 et
2628 4810 2803 4863 anima
2830 4825 2955 4864 una.
2990 4808 3164 4862 Unum
3190 4823 3397 4878 corpus.
3430 4807 3490 4862 Id

1917 4911 2031 4970 est,
2064 4902 2306 4958 Ecclesia
2335 4917 2500 4956 unum
2529 4915 2852 4956 consensum
2883 4900 3042 4955 debet
3067 4899 3269 4954 habere
3297 4897 3352 4951 in
3380 4911 3491 4952 uno

1919 5010 2180 5065 corpore,
2223 4994 2464 5048 omnium
2512 5009 2771 5065 compago
2815 4993 3216 5056 membrorum,
3260 5003 3381 5060 quae
3423 4989 3494 5044 ad

1865 5071 1880 5093 ⁸
1917 5103 2081 5143 unam
2111 5103 2259 5157 spem
2290 5095 2416 5142 sunt
2443 5097 2635 5142 vocata
2663 5087 2874 5143 salutis.
2908 5085 2976 5141 Et
3003 5099 3138 5139 unus
3162 5082 3401 5153 spiritus.
3429 5081 3490 5139 Id

1921 5188 2021 5243 est,
2041 5179 2286 5249 quamvis
2305 5179 2473 5232 multa
2492 5179 2738 5251 largitur.
2761 5175 2931 5232 Unum
2948 5174 3278 5246 baptismum.
3293 5171 3493 5240 Quam-

1920 5272 2005 5327 vis
2033 5273 2131 5328 sub
2159 5273 2332 5328 tribus
2360 5273 2609 5342 personis
2637 5271 2816 5326 datur.
2847 5269 2914 5323 Et
2945 5267 3048 5321 hoc
3075 5272 3262 5321 contra
3293 5265 3486 5322 Valen-

1922 5363 2158 5419 tinianos
2177 5405 2191 5430 ,
2219 5364 2310 5434 qui
2338 5364 2444 5419 duo
2473 5364 2799 5434 baptismata
2827 5360 3031 5414 dicunt.
3065 5355 3170 5423 Qui
3196 5375 3352 5430 super
3377 5375 3489 5414 om-

209 5451 411 5518 magis
439 5448 664 5520 gloriari
687 5447 895 5506 debetis
911 5491 924 5512 ,
951 5450 1316 5522 intelligentes
1341 5473 1427 5512 me
1447 5465 1595 5511 tanta
1617 5459 1820 5528 absque
1919 5475 2007 5512 nes
2025 5467 2121 5511 est.
2148 5457 2320 5526 Super
2337 5456 2520 5510 omnia
2543 5455 2722 5520 Pater,
2746 5453 2870 5523 quia
2888 5458 3090 5506 auctor
3115 5457 3198 5506 est
3222 5451 3488 5506 omnium.

210 5549 402 5593 certae
447 5541 560 5608 spei
604 5540 800 5596 ﬁducia
840 5542 1107 5598 sustinere
1145 5560 1254 5600 non
1289 5559 1481 5615 posse,
1519 5561 1638 5615 qua:
1679 5552 1823 5618 apud
1918 5547 2024 5602 Per
2051 5565 2246 5603 omnes.
2281 5547 2476 5611 Filius,
2521 5546 2645 5614 quia
2687 5560 2783 5612 per
2823 5545 2999 5612 ipsum
3027 5551 3210 5596 creata
3241 5549 3386 5596 sunt.
3420 5538 3490 5598 In

208 5631 484 5687 inﬁdeles
512 5644 720 5702 paenae,
753 5637 894 5705 apud
922 5635 1110 5693 ﬁdeles
1134 5637 1377 5694 victoriae
1416 5646 1560 5693 sunt.
1594 5637 1724 5704 Quae
1749 5647 1824 5696 est
1921 5638 2180 5694 omnibus.
2230 5637 2464 5708 Spiritus
2504 5642 2756 5700 sanctus,
2811 5635 2926 5704 ipse
2961 5633 3107 5690 enim
3146 5631 3491 5688 credentibus

207 5723 411 5792 gloria
441 5733 630 5780 uestra.
667 5725 770 5782 Pro
797 5745 810 5782 :
843 5745 960 5800 qua:
989 5737 1130 5786 sunt.
1165 5730 1250 5786 Ea:
1288 5748 1392 5802 quo
1436 5731 1608 5786 omnis
1646 5741 1834 5802 pater-
1923 5731 2104 5797 datur,
2136 5738 2190 5786 et
2217 5729 2473 5800 templum
2502 5728 2617 5798 ejus
2646 5743 2851 5784 sumus.
2883 5725 3174 5797 Unicuique
3199 5733 3372 5779 autem
3402 5739 3492 5777 no-

565 5823 840 5889 Paruoc.
889 5828 1050 5893 CIII.
3018 5820 3058 5878 7
