4046 6332
590 390 695 454 205

1983 376 2255 447 SEDULlI
2286 374 2483 446 SCO'I’l

3755 402 3866 463 20‘
3944 484 3953 491 ν

585 518 755 563 strum
785 504 910 562 data
928 478 1014 562 est
1035 496 1212 577 gratia
1238 503 1530 560 secundum
1556 508 1879 558 mensuram.
1912 490 2070 557 Nunc
2099 502 2167 558 de
2269 504 2520 558 membra.
2559 488 2859 563 secundum
2890 510 3285 581 operationem,
3316 510 3524 584 inquit,
3553 514 3611 570 in
3647 532 3866 575 mensu-

587 594 887 657 diii‘erentia
936 596 1201 653 donorum
1246 597 1410 661 dicit,
1458 606 1530 651 ne
1570 586 1637 650 ab
1677 596 1781 651 hoc
1824 595 1990 650 invidi
2036 596 2169 651 ﬁant

583 691 846 755 invicem,
890 705 1013 745 cum
1054 686 1301 745 Christus
1341 687 1565 757 singulis
1606 685 1817 741 dividit.
1866 685 2169 741 Secundum

581 780 903 838 mensuram.
938 778 1072 835 Tam
1103 787 1304 835 nostra:
1331 780 1649 850 capacitatis
1677 794 1839 846 quam
1881 779 2025 832 illius
2065 778 2170 833 lar-

586 872 790 948 gitatis.
825 868 1085 941 Quamvis
1114 872 1410 927 immensus
1454 879 1538 925 est
1578 871 1751 937 Deus,
1796 879 1979 925 tamen
2010 869 2167 939 juxta

508 962 539 1039 fy
582 982 899 1023 mensuram
926 966 1156 1038 gratiam
1197 962 1393 1031 donat,
1425 960 1479 1017 id
1507 971 1625 1029 est,
1668 970 1729 1017 ut
1768 976 1963 1032 capere
2001 962 2169 1032 possi-

505 1063 508 1067 ’
581 1076 725 1116 mus.
774 1056 1160 1130 Captivitatem.
1204 1054 1340 1109 Nam
1383 1070 1519 1126 quos
1560 1050 1806 1110 diabolus
1848 1054 2067 1109 tenebat
2108 1054 2165 1109 in

580 1158 759 1206 morte
778 1190 793 1216 ,
823 1144 1069 1205 Christus
1097 1147 1390 1218 captivavit
1415 1146 1482 1200 ad
1509 1145 1696 1199 vitam.
1730 1136 1889 1198 Dedit
1915 1142 2074 1197 dona.
2107 1142 2165 1198 In

578 1243 797 1299 Psalmo
825 1236 901 1296 ait
929 1260 941 1295 :
974 1232 1231 1312 Accepiin
1258 1239 1397 1293 dona
1427 1239 1445 1309 (
1470 1230 1622 1292 Psal.
1652 1254 1798 1292 van
1819 1235 1860 1308 ).
1892 1236 2010 1307 Ipse
2035 1250 2166 1305 ergo

580 1341 638 1390 et
684 1333 803 1399 dat,
854 1334 909 1388 ει
954 1330 1010 1387 in
1055 1330 1169 1387 suis
1215 1330 1476 1387 membris
1524 1328 1735 1398 accipit.
1789 1326 1942 1394 Quod
1990 1338 2164 1382 autem

583 1424 849 1489 ascendit,
890 1421 1016 1496 quid
1054 1432 1159 1487 est,
1203 1420 1304 1475 nisi
1328 1420 1453 1491 quia
1479 1426 1528 1473 et
1557 1410 1869 1472 descendit?
1896 1410 2162 1488 Exponit,

578 1532 679 1571 cur
692 1515 904 1571 dicatur
924 1512 1256 1577 ascendisse,
1270 1526 1429 1583 quem
1447 1504 1648 1581 ubique
1669 1524 1790 1564 esse
1812 1522 1919 1564 non
1940 1506 2164 1562 dubium

577 1618 680 1666 est.
712 1606 1020 1667 Secundum
1048 1607 1279 1663 formam
1307 1602 1515 1660 scilicet
1542 1601 1719 1670 servi,
1750 1596 1817 1657 ad
1847 1617 2011 1673 quam
2052 1616 2164 1656 non

578 1700 848 1768 localiter,
895 1692 993 1755 sed
1033 1692 1320 1769 dignanter
1357 1694 1729 1752 descenderat.
1774 1686 1948 1764 Super
1984 1707 2162 1745 omnes

573 1793 750 1849 ctelos.
796 1784 1051 1863 Nunquid
1102 1789 1458 1860 corpOraliter
1503 1802 1666 1859 super
1712 1800 1904 1841 omnes
1954 1782 2160 1850 cmlos,
2212 1856 2219 1861 ‘

2275 617 2387 654 ram
2410 602 2821 675 uniuscujusque
2841 606 3028 675 partis.
3054 605 3111 661 Si
3136 622 3266 679 ergo
3286 617 3372 663 est
3395 624 3650 667 mensura
3670 614 3865 670 unius-

2274 688 2533 758 cujusque
2567 691 2771 759 partis,
2810 691 2885 747 ita
2923 693 3090 749 totius
3119 697 3397 767 corporis,
3425 700 3572 768 quod
3603 703 3865 762 omnibus

2274 780 2390 835 suis
2422 783 2685 837 membris
2713 793 2963 854 constat,
2993 796 3079 843 est
3104 789 3293 859 utique
3328 806 3583 847 mensura
3618 793 3862 863 plenitu-

2272 874 2413 929 dinis
2440 874 2675 943 Christi,
2710 878 2775 933 de
2803 896 2910 948 qua
2941 881 3143 935 dictum
3172 891 3290 949 est,
3320 884 3373 937 in
3402 901 3653 940 mensura
3683 891 3865 945 erratis

2269 965 2609 1036 plenitudinis
2660 966 2878 1023 Christi.
2920 969 3095 1037 Quam
3130 972 3520 1042 plenitudinem
3556 977 3727 1031 etiam
3771 978 3864 1034 illo

2270 1059 2716 1113 commemoravit
2750 1059 2901 1127 loco,
2940 1062 3032 1119 ubi
3066 1062 3143 1116 ait
3179 1063 3247 1119 de
3282 1063 3501 1122 Christo
3532 1084 3546 1120 :
3580 1064 3649 1119 Et
3688 1069 3864 1136 ipsum

2269 1148 2410 1204 dedit
2446 1168 2604 1222 super
2637 1168 2842 1207 omnem
2880 1153 3199 1222 Ecclesium,
3233 1173 3349 1228 qua:
3381 1168 3455 1211 est
3490 1175 3683 1229 corpus
3717 1160 3862 1229 ejus,

2266 1239 2535 1312 plenitudo
2560 1243 2698 1314 ejus,
2723 1246 2812 1315 qui
2834 1246 3009 1299 omnia
3032 1246 3085 1300 in
3108 1246 3346 1301 omnibus
3370 1247 3563 1318 implet.

2339 1329 2558 1385 Parvuli
2579 1333 2913 1402 ﬂuctuantes.
2937 1334 3221 1392 Instabiles
3249 1336 3494 1392 adinstar
3519 1336 3744 1406 ﬂuctus,
3769 1339 3864 1410 qui

2271 1436 2302 1475 a
2335 1431 2498 1477 vento
2532 1432 2800 1480 movetur.

2338 1514 2410 1569 Et
2460 1518 2897 1588 circumferuntur
2941 1520 3083 1574 omni
3130 1530 3278 1576 vento
3324 1519 3597 1577 doctrinm.
3641 1524 3714 1581 Ut
3749 1541 3861 1583 non

2267 1608 2440 1665 simus
2475 1610 2824 1680 ignorantes,
2864 1626 2967 1668 nec
2999 1612 3161 1667 dubie
3196 1613 3547 1680 vacillantes,
3595 1623 3654 1670 et
3702 1633 3863 1674 more

2267 1699 2509 1770 imperiti
2540 1702 2922 1772 gubernatoris
2951 1704 3130 1759 omnis
3157 1704 3419 1759 docti-inte
3455 1712 3620 1760 vento
3653 1715 3863 1764 nostra

2267 1792 2391 1849 ﬁdei
2419 1794 2538 1849 vela
2565 1794 2865 1864 pandentes
2884 1836 2899 1862 ,
2930 1811 3000 1851 ne
3028 1796 3186 1852 facile
3214 1796 3630 1868 naufragemus,
3661 1806 3758 1852 aut
3788 1798 3861 1855 ad

574 1898 710 1955 quos
734 1876 1040 1954 philosophi
1068 1878 1311 1952 'sphmras
1340 1886 1567 1943 vocant,
1596 1873 1897 1940 transiens,
1928 1875 2078 1930 stetit
2107 1874 2164 1929 in
2189 1883 2240 1943 Β
2268 1891 2484 1954 portum
2523 1884 2874 1954 perfectionis
2908 1899 3189 1954 nunquam
3224 1886 3514 1954 pervenire
3554 1888 3859 1957 possimus.

572 1989 789 2032 summo
829 1967 952 2031 coeli
995 1964 1247 2028 fornice?
1288 1962 1397 2025 Aut
1441 1978 1590 2025 certe
1634 1968 1817 2023 omnia
1856 1966 2160 2038 corporalia

571 2075 962 2133 contemnens,
995 2074 1050 2122 et
1076 2072 1279 2119 aeterna
1310 2061 1716 2132 contemplans,
1753 2077 1915 2132 super
1953 2061 2155 2128 caelos,

567 2158 627 2216 id
654 2168 770 2225 est,
795 2166 958 2229 super
986 2150 1276 2212 invisibilia
1305 2155 1509 2211 sedisse
1540 2156 1840 2211 credendus
1862 2155 1988 2210 est?
2014 2152 2161 2225 quod

566 2265 667 2324 ego
693 2244 887 2306 melius
912 2258 1063 2322 puto.
1089 2240 1160 2303 Ut
1187 2245 1497 2318 adimpleret
1524 2246 1720 2301 omnia.
1747 2245 1817 2302 Ut
1842 2260 1951 2300 non
1982 2245 2159 2301 solum

563 2345 860 2415 prophetas
884 2342 1183 2412 compleret
1198 2381 1214 2407 ,
1240 2340 1337 2395 sed
1363 2340 1527 2393 etiam
1554 2338 1653 2393 has
1674 2336 1917 2416 occultas
1940 2336 2160 2407 dispen-

564 2434 812 2494 sationes
842 2451 857 2487 :
886 2444 1063 2503 neque
1106 2430 1251 2486 scire
1290 2444 1610 2500 possumus,
1652 2427 1923 2498 quomodo
1964 2434 2021 2481 et
2066 2442 2161 2482 an-

566 2530 705 2605 gelis
737 2529 792 2584 in
822 2524 1035 2583 inferno
1061 2524 1283 2596 sanguis
1312 2521 1518 2579 Christi
1546 2516 1815 2593 profuerit

641 2620 714 2675 Et
734 2622 844 2693 ipse
867 2619 1007 2674 dedit
1030 2616 1307 2689 quosdam.
1331 2613 1485 2673 Nunc
1510 2621 1708 2670 tractat
1735 2613 2003 2668 donorum
2025 2626 2159 2682 pra:-

568 2714 841 2771 dictorum
888 2709 1249 2766 differentiam
1290 2707 1589 2764 secundum
1632 2721 1946 2762 mensuram
1987 2704 2157 2760 dona-

565 2805 735 2863 tionis
763 2804 987 2861 Christi.
1016 2802 1163 2858 Alios
1189 2811 1425 2873 pastores
1456 2810 1505 2856 et
1530 2800 1790 2855 doctores.
1825 2798 1944 2854 Non
1975 2805 2158 2853 autem

564 2898 646 2963 ait
690 2897 829 2953 alios
861 2902 1112 2968 pastores
1150 2902 1207 2949 et
1246 2893 1380 2948 alios
1420 2892 1712 2958 doctores;
1745 2891 1841 2946 sed
1886 2889 2022 2945 alios
2061 2904 2157 2960 pa-

563 2998 745 3046 stores
784 2996 840 3043 ει
870 2986 1155 3050 doctores,
1184 2994 1245 3038 ut
1286 2982 1380 3054 qui
1420 2993 1610 3054 pastor
1651 2988 1764 3047 est,
1807 2979 2001 3036 debeat
2037 2993 2157 3034 esse

564 3084 778 3139 doctor.
833 3080 983 3136 Alios
1036 3095 1152 3134 vero
1209 3076 1577 3148 evangelistas.
1638 3074 1829 3131 Omnis
1883 3073 2157 3144 apostolus

561 3168 897 3244 evangelista
940 3177 1057 3234 est,
1103 3185 1213 3222 non
1238 3168 1434 3223 omnis
1478 3166 1812 3239 evangelista
1857 3165 2153 3236 apostolus.

2268 1975 2338 2030 Et
2371 1977 2587 2030 astutia.
2622 1975 2679 2031 Id
2707 1983 2823 2042 est,
2854 1976 3153 2032 dialectica:
3179 1977 3334 2031 artis.

2331 2064 2616 2120 Veritatem
2644 2075 2818 2119 autem
2852 2066 3123 2136 facientes.
3155 2066 3352 2123 Omnia
3374 2068 3431 2123 in
3458 2069 3691 2126 veritate
3717 2085 3857 2143 pro-

2263 2165 2383 2230 pter
2431 2158 2755 2213 cbaritatem
2800 2157 3044 2225 Christi,
3087 2166 3144 2214 et
3188 2159 3325 2216 nihil
3369 2161 3424 2215 in
3460 2162 3737 2233 hypocrisi
3776 2164 3861 2220 fa-

2264 2252 2492 2306 cientes.
2525 2248 2633 2315 Pgr
2661 2250 2857 2304 omnia.
2890 2250 3231 2308 Incrementa
3264 2269 3361 2309 seu
3394 2255 3568 2321 dona,
3600 2257 3691 2310 vel
3724 2272 3861 2329 ope-

2264 2358 2348 2397 ra.
2380 2341 2467 2396 Ex
2492 2357 2595 2413 quo
2625 2350 2791 2395 totum
2820 2358 3008 2412 corpus
3036 2354 3385 2415 compactum.
3417 2344 3658 2417 Singulis
3681 2364 3859 2405 mem-
3910 2331 3916 2335 ’

2261 2434 2396 2501 bris,
2428 2434 2480 2489 id
2513 2441 2626 2500 εει,
2653 2433 2815 2506 iustis
2844 2434 3194 2504 quibuslibet.
3219 2435 3288 2490 Et
3315 2453 3626 2493 connexum.
3657 2439 3859 2499 Nervis

2261 2533 2332 2597 et
2346 2528 2493 2581 cute.
2523 2522 2634 2580 Per
2657 2541 2863 2580 omnem
2882 2526 3219 2597 juncturam.
3249 2526 3856 2605 Membrorumscilicet

2261 2633 2295 2673 a
2320 2618 2499 2690 capite
2525 2632 2697 2688 usque
2722 2618 2793 2671 sd
2815 2617 3000 2687 pedes,
3029 2633 3096 2672 ex
3122 2618 3299 2689 capite
3320 2634 3624 2676 connexum
3652 2637 3857 2695 corpus
3924 2678 3933 2685 _

2259 2722 2359 2780 per
2386 2722 2604 2763 omnem
2618 2705 2977 2781 juncturam,
3003 2707 3086 2763 vel
3114 2708 3556 2780 subjunctionem
3579 2714 3858 2781 operatio-

2260 2802 2348 2859 nis
2397 2802 2631 2868 crescit,
2669 2802 2799 2857 dum
2832 2816 2892 2858 se
2927 2800 3253 2857 alterutrum
3292 2803 3537 2859 membra
3571 2804 3853 2863 aediﬁcant

2261 2891 2561 2964 diligendo,
2609 2892 2685 2947 ita
2730 2901 2791 2947 ut
2833 2892 3259 2963 unumquodque
3296 2895 3605 2951 membrum
3645 2896 3705 2951 in
3742 2913 3847 2953 sua

2258 2984 2505 3043 membra
2541 2991 2826 3056 augeatur,
2864 2984 2969 3039 hoc
3004 2991 3122 3050 est,
3158 2991 3221 3039 ut
3255 2984 3349 3055 qui
3383 2994 3473 3040 est
3504 3000 3605 3056 per
3631 2988 3854 3057 sapien-

2259 3074 2393 3129 tiam
2422 3075 2641 3142 oculus,
2674 3075 2731 3131 in
2757 3090 2949 3131 eorum
2964 3091 3265 3132 numerum
3303 3084 3551 3145 crescat,
3579 3079 3677 3148 qui
3703 3080 3851 3135 oeuli

2259 3163 2499 3221 oﬂicium
2584 3172 2789 3231 erunt,
2841 3174 2900 3222 et
2951 3166 3166 3238 singula
3222 3182 3323 3224 suo
3375 3167 3498 3226 loco
3548 3168 3852 3238 proﬁciant

561 3267 743 3322 Donec
770 3277 1109 3320 occurramus
1137 3276 1315 3315 omnes
1338 3259 1394 3313 in
1418 3259 1621 3313 unitate
1643 3258 1790 3327 ﬁdei.
1815 3252 1895 3311 Ex
1924 3256 2063 3311 libro
2091 3258 2159 3312 de
2186 3257 2233 3322 C
2264 3258 2530 3312 membra.

561 3358 798 3417 Civitate
846 3356 951 3412 Dei
989 3353 1252 3425 vigesimo
1298 3351 1578 3408 secundo:
1631 3348 1692 3404 Si
1737 3348 2039 3405 dixerimus
2084 3350 2156 3405 ad

561 3432 837 3508 Dominici
860 3446 1106 3519 corporis
1131 3446 1352 3500 modum
1377 3442 1545 3498 etiam
1569 3454 2021 3513 quorumcunque
2045 3456 2157 3497 ma-

552 3544 681 3617 jora
706 3555 938 3612 corpora
966 3536 1259 3607 redigenda
1280 3576 1295 3602 ,
1322 3533 1528 3607 peribit
1554 3532 1620 3587 de
1645 3531 1943 3587 multorum
1968 3546 2156 3603 corpo-

557 3636 718 3692 ribus
742 3633 1071 3705 plurimum,
1102 3643 1225 3685 cum
1257 3627 1376 3699 ipse
1404 3624 1663 3698 capillum
1702 3639 1811 3680 non
1848 3625 2154 3696 periturum

557 3721 1039 3793 esse-promiserit.
1071 3719 1264 3777 Restat
1290 3733 1453 3790 ergo,
1482 3725 1544 3772 ut
1570 3732 1726 3773 suam
1750 3715 1981 3788 recipiat
2003 3717 2157 3789 quis-

560 3829 669 3888 que
722 3823 1070 3876 mensuram,
1125 3821 1288 3879 quam
1344 3804 1432 3860 vel
1480 3802 1779 3887 habuitjn
1829 3802 2157 3873 juventute,

559 3905 778 3963 etiamsi
820 3917 990 3959 senex
1031 3900 1104 3957 sit
1142 3906 1421 3973 mortuus,
1470 3894 1557 3950 vel
1604 3891 1786 3950 fuerat
1825 3894 2155 3963 habiturus,

565 3997 784 4059 etiamsi
810 4004 894 4053 est
921 4002 1049 4050 ante
1077 3991 1381 4049 defunctus
1424 3988 1603 4057 Atque
1640 3986 1774 4042 illud
1814 3986 1961 4057 quod
2004 4000 2152 4042 com-

563 4094 895 4157 memoravit
919 4088 1210 4161 Apostolus
1236 4087 1304 4142 de
1332 4099 1584 4140 mensura
1612 4082 1784 4137 (etatis
1806 4079 2152 4152 plenitudinis

560 4186 798 4254 Christi,
824 4191 918 4240 aut
942 4187 1169 4253 propter
1196 4178 1340 4234 aliud
1370 4174 1738 4246 intelligamus
1766 4173 1972 4228 dictum
2000 4187 2148 4240 esse,

557 4281 618 4338 id
659 4286 775 4345 est,
819 4284 881 4332 ut
926 4274 1018 4331 illo
1060 4272 1239 4342 capite
1279 4268 1467 4341 populi
1499 4266 1793 4324 Christiani
1822 4265 2114 4322 accedente
2128 4296 2154 4332 ,ς

558 4371 805 4430 omnium
842 4365 1179 4441 perfectione
1220 4363 1591 4419 membrorum
1627 4360 1803 4415 astatis
1841 4356 1960 4428 eius
1998 4371 2155 4414 men—

2331 3348 2402 3405 In
2435 3348 2712 3403 charitate.
2750 3348 2890 3404 Dum
2927 3347 3062 3418 dicit
3088 3348 3145 3404 in
3177 3348 3481 3417 charitate,
3518 3349 3591 3406 ad
3623 3365 3850 3409 sensum

2255 3444 2526 3516 pertinet,
2557 3443 2685 3513 quia
2715 3443 2820 3498 hoc
2847 3450 3022 3498 totum
3053 3442 3411 3513 spiritualiter
3440 3442 3851 3516 intelligendum

2257 3544 2361 3592 est.
2395 3534 2524 3591 Haec
2554 3535 2760 3591 idcirco
2787 3536 2933 3606 apud
2956 3549 3059 3592 nos
3082 3533 3325 3592 obscura
3358 3542 3525 3602 sunt.
3560 3535 3693 3605 qm'a
3730 3549 3850 3594 ne-

2256 3628 2580 3700 taphoricus
2606 3620 2885 3684 dicuntur.

2326 3717 2446 3773 Hoc
2476 3720 2642 3790 igitur
2676 3718 2796 3775 dico
2829 3729 2880 3774 et
2914 3718 3163 3789 testiﬁcor
3194 3719 3253 3771 in
3274 3720 3525 3773 Domino.
3566 3719 3718 3788 Quos
3756 3738 3849 3779 su-

2254 3805 2440 3878 perius
2469 3814 2789 3878 rogaverat,
2821 3807 2912 3864 hic
2938 3807 3155 3864 Domini
3180 3808 3548 3868 obtestatione
3572 3816 3849 3874 constrin-

2255 3896 2377 3969 git:
2426 3899 2531 3953 hoc
2576 3913 2706 3969 ergo
2754 3886 2880 3954 dice
2926 3898 3114 3964 vobis,
3160 3900 3256 3971 qui
3287 3904 3575 3959 occursu-ri
3611 3906 3751 3963 estis
3784 3907 3841 3965 in

2253 4002 2513 4044 mensura
2540 3989 2719 4044 aetatis
2746 3988 3103 4058 plenitudinis
3131 3990 3355 4049 Christi.

2329 4080 2413 4136 Ne
2440 4080 2719 4136 ambuletis
2743 4082 2881 4136 sicut
2908 4092 3083 4153 gentes
3110 4083 3383 4140 ambulant
3402 4122 3418 4153 ,
3440 4086 3531 4157 qui
3558 4086 3847 4157 desperast-

2254 4180 2331 4229 tes
2353 4172 2674 4243 semetipsos.
2707 4158 2765 4228 Id
2794 4181 2913 4239 est,
2938 4174 3142 4230 nullam
3174 4188 3328 4245 spem
3365 4176 3668 4233 cmlestium
3706 4192 3849 4248 prm-

2252 4264 2488 4325 miorum
2511 4265 2796 4321 habentes.
2828 4264 2898 4319 Et
2924 4266 3183 4321 auaritia.
3204 4265 3323 4318 Non
3345 4263 3414 4319 ad
3435 4264 3725 4321 avaritiam
3742 4307 3763 4331 ,
3784 4274 3847 4323 ut

2253 4367 2445 4427 sonat,
2478 4357 2799 4429 suppliciter
2834 4356 3097 4426 pertinet,
3133 4356 3231 4411 sed
3264 4356 3334 4411 ad
3367 4356 3646 4414 libidinem
3674 4368 3846 4431 atque

557 4479 688 4524 sura
728 4459 1107 4531 compleatur;
1142 4463 1237 4510 aut
1265 4455 1312 4510 si
1341 4454 1446 4509 hoc
1485 4453 1551 4510 de
1593 4451 1993 4507 resurrectione
2028 4465 2152 4506 cora-
2250 4450 2521 4508 quuriam
2539 4490 2555 4517 ,
2589 4449 2734 4521 quod
2764 4462 3149 4519 nonnunquam
3176 4448 3504 4505 luxuriando‘
3531 4452 3841 4521 ριδῡιιηιπ,

557 4568 756 4631 porum
793 4554 998 4608 dictum
1038 4556 1160 4615 est,
1202 4549 1283 4604 sic
1321 4545 1653 4616 accipiamus
1681 4544 1922 4611 dictum,
1947 4551 2011 4599 ut
2046 4558 2150 4598 nec
2255 4544 2380 4601 Non
2401 4546 2478 4600 ita
2505 4543 2765 4599 didicistis
2786 4540 3073 4599 Christum.
3104 4543 3324 4598 Discere
3348 4542 3665 4612 Christum,-
3695 4548 3843 4604 idem

561 4648 707 4706 intra
725 4686 742 4712 ,
771 4660 871 4701 nec
898 4643 1042 4698 ultra
1076 4639 1373 4710 iuvenilem
1418 4637 1652 4693 formam
1697 4643 1986 4706 resurgant
2026 4650 2148 4691 cors
2171 4631 2227 4692 D
2251 4647 2357 4708 est,
2379 4648 2437 4694 et
2459 4639 2779 4710 sapientiam
2808 4638 3016 4695 audire.
3046 4635 3104 4693 Si
3124 4646 3305 4692 tamen
3326 4636 3478 4693 illum
3504 4640 3754 4695 audistis.
3783 4641 3843 4699 Si

560 4757 696 4815 pora
734 4747 1105 4803 mutilorum,
1150 4736 1248 4790 sed
1286 4736 1342 4789 in
1378 4731 1494 4801 eius
1528 4738 1688 4788 aetate
1728 4737 1785 4785 et
1820 4729 2048 4795 robore,
2079 4731 2149 4786 ad

2272 4739 2433 4787 mtem
2465 4745 2682 4797 omnes,
2714 4731 2806 4801 qui
2833 4728 3112 4786 Christum
3138 4728 3328 4785 audire
3368 4728 3646 4798 videntur,
3687 4732 3845 4787 audi-

563 4841 726 4906 quam
765 4844 941 4899 usque
977 4826 1257 4884 Christum
1297 4824 1387 4878 hic
1425 4822 1741 4893 pervenisse
1777 4822 2145 4892 cognovimus.
2248 4834 2405 4892 rent,
2434 4840 2710 4896 nunquam
2753 4824 2820 4879 ad
2863 4822 3158 4893 Ephesios,
3188 4831 3246 4879 et
3268 4831 3423 4879 certe
3451 4823 3610 4889 ilus",
3638 4826 3849 4894 enim

563 4926 722 4985 Circa
752 4921 971 4993 triginta
1015 4918 1214 4989 quippe
1252 4931 1425 4972 annos
1462 4915 1789 4971 deﬁnierunt
1820 4926 1942 4972 esse
1981 4916 2148 4972 etiam
2249 4928 2589 4976 sammenta
2601 4917 2802 4974 Christi
2823 4916 3157 4973 revelaverat
3173 4915 3485 4988 Apostolus,
3502 4917 3750 4976 diceret:
3779 4921 3843 4978 Si

566 5017 753 5077 muli
782 5012 947 5084 hujus
972 5010 1272 5068 doctissimi
1302 5010 1579 5066 hominum
1614 5010 1953 5080 iuventutem
1984 5028 1997 5064 :
2026 5025 2148 5082 quas

567 5116 687 5167 ctltn
717 5108 882 5165 fuerit
909 5104 1133 5177 proprie
1175 5102 1351 5173 spatio
1391 5103 1711 5169 terminata,
1742 5100 1869 5158 inde
1898 5100 2010 5171 jam
2048 5102 2151 5158 bo-

565 5203 767 5260 minen
810 5201 870 5256 in
908 5197 1234 5256 detrimenta
1276 5208 1507 5266 vergere
1546 5194 1813 5266 gravioris
1856 5208 1922 5249 ac
1962 5192 2151 5249 senilis

566 5291 766 5347 aetatis.
801 5290 871 5345 Et
898 5290 1022 5346 ideo
1053 5300 1163 5345 non
1189 5299 1313 5345 esse
1339 5287 1546 5343 dictum
1582 5286 1639 5341 in
1676 5298 1989 5341 mensuram
2020 5298 2147 5341 cor-

565 5382 751 5457 poris,
781 5381 869 5437 vel
897 5382 953 5437 in
987 5392 1302 5438 mensuram
1332 5387 1592 5445 statur,
1625 5374 1721 5433 sed
1753 5377 1809 5433 in
1846 5386 2149 5431 mensuram

568 5477 741 5533 (etatis
768 5474 1109 5545 plenitudinis
1136 5473 1368 5538 Christi,
1401 5473 1456 5528 id
1483 5479 1600 5537 est,
1631 5470 1687 5526 in
1713 5485 1781 5527 eo
1808 5471 1968 5527 debet
1991 5484 2147 5537 esse,

568 5566 661 5639 qui
692 5574 776 5622 est
804 5565 887 5618 vir
912 5565 1215 5633 perfectus,
1246 5571 1407 5634 caput
1432 5570 1487 5619 et
1510 5577 1739 5633 corpus,
1768 5564 1908 5633 quod
1934 5568 2153 5619 constat
2193 5562 2200 5569 ”

568 5657 823 5715 omnibus
849 5655 1131 5719 membris,
1160 5668 1284 5725 quae
1315 5670 1416 5711 suo
1445 5662 1690 5723 tempore
1712 5652 2151 5722 complcbuntur.

570 5751 825 5822 Quotidie
845 5748 990 5805 enim
1012 5748 1190 5804 eidem
1212 5748 1428 5820 corpori
1452 5747 1718 5819 accedunt
1737 5785 1754 5819 ,
1777 5745 1900 5802 dum
1922 5743 2156 5801 aediﬁca-

572 5854 661 5899 tur
683 5842 926 5901 Ecclesia
947 5882 963 5910 ,
991 5846 1082 5899 cui
1102 5840 1300 5898 dicitur
1328 5859 1343 5899 :
1379 5838 1481 5898 Vos
1501 5840 1626 5900 estis
1651 5854 1840 5911 corpus
1867 5834 2086 5907 Christi,
2106 5839 2163 5894 et

2253 5021 2428 5067 tamen
2449 5012 2600 5066 illum
2618 5012 2864 5067 audistis.
2886 5010 2956 5066 Et
2985 5012 3041 5067 in
3062 5010 3159 5067 illo
3186 5012 3330 5067 docti
3355 5014 3501 5071 estis;
3526 5012 3849 5089 an“un

2252 5118 2353 5174 per
2386 5105 2732 5175 semetipsum
2760 5107 2918 5163 docet
2944 5120 3048 5162 nos
3076 5105 3133 5161 in
3156 5104 3428 5165 cordibus
3460 5111 3705 5179 homin,
3741 5112 3846 5168 alia-

2253 5195 2470 5265 quando
2496 5210 2593 5265 per
2618 5196 2889 5254 docth

2327 5283 2479 5342 Sicut
2505 5296 2579 5342 ait
2606 5290 2796 5345 veritas
2816 5290 2877 5344 in
2898 5289 3050 5345 deut.
3074 5288 3212 5347 Nam
3236 5292 3415 5349 sancti
3431 5302 3535 5365 per

2254 5384 2315 5437 σι
2335 5378 2623 5451 ωηὶςωειε
2653 5380 2871 5447 vident,
2906 5381 2964 5436 in
2995 5378 3124 5437 Iesu
3157 5389 3339 5438 autem
3370 5380 3598 5435 varias.
3637 5379 3844 5439 Securi

2254 5471 2381 5527 dttm
2406 5472 2670 5528 desideria
2695 5474 2908 5529 erroris;
2942 5470 3172 5527 Faciens
3196 5467 3381 5528 omnia
3411 5468 3715 5532 «cundum
3742 5475 3846 5535 de-

2254 5562 2451 5620 sideria
2478 5565 2662 5615 cordis
2688 5559 2988 5615 camalium
3020 5563 3428 5633 cogitationum.

2323 5651 2392 5708 Et
2422 5654 2623 5709 induite
2647 5668 2836 5709 novum
2859 5654 3139 5711 hominem.
3165 5654 3222 5710 Id
3251 5665 3365 5724 est,
3397 5656 3679 5713 Christum
3697 5700 3714 5724 ,
3744 5674 3843 5716 cu-

2248 5744 2339 5816 jus
2381 5746 2794 5819 conversatione
2841 5747 3133 5804 induimur.
3183 5748 3289 5815 Qui
3322 5751 3618 5805 secundum
3666 5752 3845 5807 Dentis

2257 5848 2463 5898 creatus
2499 5847 2575 5897 est
2608 5840 2666 5896 in
2689 5838 2926 5911 justitia.
2961 5840 3107 5900 Ecce
3139 5841 3488 5901 manifestum
3523 5852 3642 5909 est,
3694 5841 3839 5915 quod
