4046 6332
187 475 272 549 265
1204 459 1551 520 .COLLECT.
1592 456 1663 513 ΙΝ
1702 454 1922 514 EPIST.
1959 452 2053 511 AD
2089 450 2329 549 EPHES.
3282 445 3395 505 .206

185 591 337 653 amisit
356 588 522 647 Adam
545 583 813 658 iustitiam
840 586 898 638 et
923 578 1263 639 sanctitatem
1279 616 1295 643 ,
1327 585 1383 634 et
1408 575 1711 632 veritatem.
1742 574 1796 636 Α
1821 567 2046 639 Spiritui
2068 575 2280 624 sancto.
2307 563 2376 621 In
2402 564 2488 621 die
2516 564 2902 637 redemptionis.
2932 563 2993 620 In
3019 564 3107 621 die
3120 565 3396 637 baptismi.
3426 594 3429 601 ν

182 685 381 743 Iustitia.
412 681 472 735 In
496 677 735 750 iudiciis.
769 673 1055 731 Sanctitas.
1087 670 1147 726 In
1176 668 1447 741 operibus.
1488 664 1714 720 Veritas.
1820 662 2154 717 Amaritudo.
2176 662 2392 717 Bancor
2425 662 2481 716 in
2507 661 2691 717 corde.
2714 660 2827 715 Ira.
2848 659 3209 728 Quminvuitu
3236 674 3404 733 appar:-

179 778 229 837 ιη
269 774 446 830 verbis.
498 768 797 842 Loquimini
844 767 1111 822 veritatem
1136 804 1153 829 ,
1200 762 1551 833 unusquisque
1601 775 1720 813 cum
1822 758 1926 820 rel,
1951 752 2134 807 furore
2164 753 2421 808 restincto
2446 752 2716 807 desiderat
2760 751 3039 842 ultionem.
3072 752 3401 824 Indignatio.

179 867 384 941 proximo
417 880 535 919 suo.
585 861 662 915 De
694 858 956 915 Zacharia
1011 863 1307 925 sumptum.
1350 853 1489 919 Quia
1539 866 1722 907 sumus
1822 846 1919 941 Est
1944 854 2014 941 cx
2044 845 2317 941 superbia,
2347 860 2471 900 cum
2495 843 2726 941 aliquem
2750 841 3058 941 iudicamus
3081 843 3403 941 indignum,
3503 864 3517 883 κ

177 937 367 1015 imirent
417 954 670 1009 membra.
717 951 834 1005 Non
889 956 1115 1020 possunt
1168 946 1491 1001 alterutrum
1552 957 1724 997 mem—
1825 948 1881 996 et
1902 940 2023 995 ideo
2049 937 2301 993 nolumus
2323 952 2446 993 eum
2487 938 2775 996 sustinere.
2814 938 3047 994 Clamor.
3073 938 3295 996 Scilicet
3319 938 3410 996 ille
3506 985 3510 990 .

1824 1033 2010 1103 quies
2046 1030 2230 1086 furore
2259 1030 2554 1087 descendit.
2605 1030 2872 1086 Caeterum
2915 1030 3083 1087 lsaias
3116 1032 3255 1088 bene
3300 1031 3411 1087 cla-

1826 1141 1978 1183 mare
1996 1124 2237 1194 iubetur,
2264 1126 2321 1179 ct
2346 1125 2461 1195 ipse
2499 1124 2757 1181 Dominus
2781 1127 2837 1181 in
2875 1127 3073 1199 templo
3096 1127 3369 1183 clamabat
3395 1147 3408 1183 :

1831 1216 1934 1283 Qui
1955 1217 2088 1282 sitit,
2114 1215 2285 1269 veniat
2310 1224 2359 1269 et
2394 1214 2535 1269 bibat
2558 1215 2741 1288 (lauit.
2763 1218 2885 1288 vn).
2909 1217 3198 1275 Petxatum
3220 1232 3415 1290 perpe-

1830 1319 1979 1365 trare
2012 1311 2218 1365 crimen
2248 1319 2366 1377 est;
2402 1316 2684 1381 peccatum
2701 1313 3017 1383 praedicare,
3042 1313 3266 1369 clamor.
3280 1312 3416 1369 Cum

1834 1401 1977 1455 omni
2018 1398 2249 1454 malitia.
2278 1400 2698 1472 Comprehendlt
2735 1403 2919 1458 omnia
2965 1404 3137 1471 mala,
3191 1405 3419 1460 dicendd

1836 1491 2058 1547 malitia.
2087 1491 2194 1546 Ant
2226 1492 2432 1548 malitia
2462 1502 2564 1558 est,
2593 1506 2713 1565 quas
2743 1495 2962 1551 inimico
2996 1498 3167 1552 vicem
3196 1496 3424 1553 reddere

1832 1592 2030 1656 potest.
2055 1584 2236 1639 Estote
2255 1594 2430 1640 autem
2451 1586 2669 1641 invicem
2709 1587 2935 1657 benigni.
2958 1588 3252 1658 Postquam
3295 1588 3424 1642 vitia

1836 1677 2154 1743 eradicavit,
2190 1678 2419 1735 virtutes
2455 1679 2666 1751 plantat
2693 1719 2708 1746 ,
2757 1688 2819 1735 ut
2862 1674 3128 1736 Jeremias
3155 1682 3284 1737 dicit
3317 1699 3330 1735 :
3360 1673 3426 1735 Ut

1836 1770 2030 1826 coelius
2062 1780 2111 1826 et
2152 1772 2377 1842 ptantes.
2421 1772 2663 1844 Benigni.
2691 1768 2773 1828 Es
2816 1774 3000 1830 corde.
3036 1774 3424 1830 misericordes.

1840 1862 2127 1935 Operibus.
2165 1864 2455 1921 Donantes.
2488 1862 2546 1919 id
2573 1873 2675 1930 est,-
2717 1856 3055 1924 remittentes
3081 1877 3330 1941 peccata.

2182 2018 2187 2021 ι
2461 1957 2690 2015 CAPUT
2730 1960 2793 2016 ν.

1918 2048 2101 2104 Estote
2130 2058 2303 2104 autem
2325 2051 2616 2106 imitatores
2643 2053 2761 2107 Dei.
2794 2053 3126 2127 indulgendo
3173 2064 3430 2127 peccata,

1847 2148 1910 2197 ut
1936 2150 2022 2197 est
2047 2159 2063 2196 :
2096 2141 2343 2207 Domine,
2367 2157 2435 2197 ne
2456 2152 2663 2200 statuas
2691 2137 2798 2200 illis
2825 2147 2929 2202 hoc
2956 2142 3243 2217 peccatum
3263 2188 3277 2216 ,
3305 2148 3434 2218 quia

1850 2236 2103 2290 nesciant
2127 2236 2258 2304 quid
2294 2235 2497 2291 faciunt
2521 2235 2670 2309 (Luc.
2707 2241 2866 2306 xsm,
2893 2236 3005 2312 54).

1918 2327 1993 2381 Et
2028 2328 2247 2382 tradidit
2291 2331 2640 2402 semetipsum.
2683 2333 2825 2403 Ergo
2867 2335 3008 2391 sicut
3069 2335 3159 2393 ille
3200 2337 3445 2393 animam

1851 2434 2007 2475 suam
2026 2428 2125 2491 pro
2152 2420 2310 2475 nobis
2332 2422 2575 2487 tradidit,
2601 2422 2675 2478 ita
2699 2431 2754 2478 et
2798 2438 2896 2479 nos
2918 2439 3019 2496 pro
3039 2424 3300 2482 fratribus
3325 2427 3444 2482 ani;

1851 2520 1970 2570 tuas
1998 2526 2282 2586 ponamus.
2315 2513 2648 2570 Oblationem‘
2672 2522 2723 2571 et
2757 2516 3001 2572 hostium.
3031 2517 3204 2574 Omne
3234 2518 3444 2575 sacriiin

1852 2608 1998 2663 cium
2043 2607 2246 2663 oblatio
2277 2593 2535 2674 vocatur,
2569 2608 2746 2664 hostia
2775 2616 2904 2667 vero
2957 2611 3024 2666 de
3063 2610 3233 2677 vivis;
3288 2616 3343 2667 at
3387 2611 3443 2668 in

1852 2698 2071 2754 Christo
2090 2700 2404 2755 continetur
2431 2704 2753 2772 utrumque,
2808 2703 2935 2773 quia
2968 2704 3083 2774 ipse
3121 2705 3336 2761 oblatus
3362 2712 3447 2762 est

1854 2796 1911 2842 et
1937 2788 2111 2843 vivus.
2134 2788 2201 2844 In
2226 2789 2439 2844 odorem
2467 2790 2761 2845 suavitatis.
2785 2791 2932 2848 Odor
2956 2794 3240 2851 suavitatis
3266 2794 3449 2850 chari‘-'

1856 2887 1943 2936 tas
1973 2890 2076 2937 est.
2117 2880 2427 2938 Fornicatio
2462 2892 2660 2939 autem.
2708 2884 2901 2942 Omnia
2930 2886 3160 2944 crimina
3210 2890 3453 2946 breviter“

1858 2978 2286 3049 comprehendit,
2311 2978 2447 3034 ditas
2498 2976 2787 3035 criminum
2818 2981 3152 3051 designando
3199 2984 3448 3053 radices,

1857 3067 1912 3122 id
1929 3076 2032 3133 est,
2060 3065 2476 3124 fornicationem
2497 3077 2549 3125 et
2567 3071 2871 3127 avaritiam.
2889 3070 2958 3126 Et
2983 3073 3150 3129 omnis
3162 3075 3448 3129 immundi-

1859 3156 1957 3215 tia;
1990 3158 2251 3216 Titillatio
2273 3156 2475 3231 carnis,
2505 3168 2560 3221 et
2607 3164 2785 3223 nexus
2835 3166 3115 3237 sanguinis
3166 3182 3235 3224 ex
3278 3167 3450 3238 quali-

1862 3261 2074 3326 cunque
2105 3256 2293 3311 attl‘itu
2331 3258 2556 3313 ventris.

176 1051 264 1107 bra
294 1064 347 1105 se
382 1046 599 1109 fallere,
631 1058 805 1113 neque
834 1041 1072 1105 laniare,
1104 1039 1179 1093 ita
1207 1044 1263 1092 et
1295 1050 1412 1091 vos.
1445 1034 1723 1088 Irascimi-

174 1145 250 1209 si,
274 1151 317 1198 et
342 1140 497 1197 nolite
527 1154 742 1210 peccare
769 1136 789 1207 (
815 1133 964 1190 Prol.
996 1134 1110 1204 tv).
1143 1130 1435 1186 Evidenter
1462 1128 1565 1183 hoc
1594 1126 1728 1181 dicit

170 1236 306 1291 vitiis
338 1243 389 1289 et
428 1230 600 1286 furori
637 1237 854 1294 vestro,
896 1242 964 1283 ne
998 1223 1417 1281 conniventibus
1453 1220 1606 1275 vobis
1645 1217 1729 1273 sul

166 1324 372 1397 iustitiae
414 1322 669 1379 Christus
717 1318 937 1391 incipiat
977 1323 1204 1388 propter
1257 1312 1593 1369 iracundiam
1638 1322 1731 1364 ve-

175 1427 335 1475 stram
370 1415 643 1471 mentibus
675 1411 981 1467 obscuratis
1014 1409 1298 1474 occidere,
1335 1415 1389 1462 et
1422 1404 1732 1462 discedente

168 1511 258 1569 illo
303 1510 475 1573 locum
530 1504 744 1561 diabolo
782 1504 835 1558 in
872 1502 1069 1557 vestris
1119 1500 1374 1557 cordibus
1422 1496 1728 1569 praebentis.

166 1601 376 1656 Aliter:
419 1597 514 1655 Sol
560 1613 663 1651 non
712 1593 914 1649 occidat
953 1609 1110 1663 super
1142 1591 1477 1646 iracundiam
1510 1581 1754 1643 vestram'

168 1690 378 1766 (Iacob.
410 1706 464 1744 1v
483 1688 503 1760 )
522 1727 538 1755 ,
568 1689 671 1743 hoc
696 1696 810 1753 est,
842 1692 903 1739 ut
928 1686 1010 1740 ira
1039 1685 1110 1739 sit
1137 1683 1348 1748 brevis,
1378 1696 1478 1736 nec
1507 1682 1560 1735 in
1592 1681 1735 1735 diem

166 1786 456 1844 crastinum
500 1780 800 1838 differatur.
850 1778 1034 1850 Neque
1088 1775 1260 1831 locum
1308 1775 1440 1830 detis
1503 1771 1733 1827 diabolo.

163 1878 327 1935 Porta
359 1877 506 1932 enim
533 1873 733 1930 diaboli
786 1879 1069 1942 peccatum
1114 1876 1232 1934 est,
1281 1867 1739 1938 quemadmodum

162 1973 396 2044 Spiritus
421 1970 595 2027 sancti
614 1966 847 2038 iustitia.
880 1964 985 2029 Qui
1011 1962 1311 2033 iurabatur,
1326 1962 1443 2030 jam
1474 1967 1579 2013 non
1607 1959 1748 2027 fures
1773 1952 1822 2012 B

164 2074 274 2119 tur.
306 2062 415 2118 Hoc
464 2068 569 2125 est,
599 2057 806 2113 alienos
853 2053 1070 2109 labores
1119 2051 1408 2120 aliquando
1463 2050 1745 2119 direptos,

162 2171 311 2215 nunc
354 2169 460 2210 suo
481 2153 667 2207 labore
694 2153 1027 2218 compenset,
1050 2152 1105 2199 et
1130 2146 1406 2213 operando
1434 2143 1638 2199 tribuat
1667 2143 1750 2196 in-

163 2247 496 2318 digentibus,
525 2243 618 2314 qui
661 2240 859 2296 multos
880 2237 1105 2293 iurando
1134 2234 1263 2291 fecit
1301 2243 1541 2305 egentes.
1575 2233 1749 2303 Magis

160 2348 347 2393 autem
369 2324 589 2401 laboret,
618 2342 668 2387 et
689 2347 909 2403 operam
929 2328 1192 2383 manibus.
1224 2326 1492 2397 Operatur
1522 2326 1745 2391 bonum,

162 2431 262 2503 qui
286 2429 521 2485 declinat
554 2443 585 2480 a
611 2424 775 2490 malo,
799 2432 855 2479 et
904 2422 1035 2477 facit
1066 2423 1287 2486 bonum,
1317 2429 1371 2475 et
1401 2428 1662 2490 operatur
1691 2417 1751 2473 in

166 2538 303 2595 agro
330 2522 524 2576 anima:
569 2533 680 2575 suae
700 2554 716 2584 ,
762 2525 822 2572 ut
856 2515 1226 2587 spiritualibus
1270 2514 1501 2585 panibus
1534 2512 1753 2581 impleat-

169 2624 280 2679 tur,
318 2622 372 2670 et
408 2613 581 2683 possit
617 2610 960 2667 commodare
981 2607 1242 2664 esurienti
1267 2614 1322 2662 et
1370 2606 1752 2662 necessitatem

166 2709 480 2773 sustinenti,
509 2706 649 2762 dans
666 2707 723 2760 in
759 2714 1004 2775 tempore
1029 2702 1234 2758 cibaria
1256 2700 1495 2756 caelestis
1526 2699 1751 2768 dogma-

174 2801 245 2857 tis
268 2799 547 2856 conservis
572 2798 706 2853 suis.
758 2795 818 2851 Si
849 2804 1030 2851 autem
1078 2794 1203 2849 talis
1252 2800 1339 2849 est
1373 2793 1467 2863 qui
1496 2798 1755 2861 cperatur

169 2893 393 2956 bonum,
415 2906 547 2962 ergo
566 2897 624 2944 et
654 2889 703 2943 is
727 2887 822 2959 qui
852 2886 1063 2942 furatur
1075 2892 1471 2955 consequenter
1493 2884 1657 2939 verba
1673 2881 1757 2938 iu-

170 2992 332 3041 ratur
354 2991 411 3038 et
438 2984 713 3053 dogmata,
738 2980 805 3037 de
826 2979 971 3035 furto
1004 2979 1212 3045 vivens,
1235 2977 1305 3033 de
1332 2976 1478 3032 furto
1504 2977 1608 3031 sibi
1634 2989 1758 3031 cer-

174 3079 364 3135 vicalia
390 3090 676 3137 consuens,
707 3083 762 3131 et
788 3073 1191 3145 Scripturarum
1220 3084 1430 3145 pannos
1473 3072 1601 3128 hinc
1631 3071 1759 3128 inde

174 3168 455 3239 colligens,
482 3176 542 3223 at
562 3167 735 3237 possit
763 3166 1005 3221 tunicam
1032 3164 1216 3221 facere
1244 3165 1595 3221 conscissam.
1626 3163 1757 3218 Bia-

174 3260 333 3318 bolus
353 3267 438 3315 est
459 3258 711 3314 Graecum
758 3257 986 3313 verbum
1020 3257 1166 3327 quod
1210 3255 1403 3311 Latine
1428 3256 1628 3311 dicitur
1651 3254 1760 3311 cri-

180 3352 437 3415 minator,
474 3349 658 3421 lingua
707 3364 841 3405 vero
869 3322 1137 3405 Hebraica
1182 3348 1415 3404 Satanas
1457 3346 1760 3418 appellatur
1784 3322 1831 3387 (ἶ
1930 3322 2035 3402 Aut
2058 3348 2349 3419 turpitudo.
2386 3348 2444 3404 Id
2494 3356 2600 3417 est,
2627 3346 2917 3408 libidinosa
2971 3351 3247 3424 cogitatio.
3304 3352 3451 3409 Inter

178 3445 547 3510 adversarius,
575 3445 690 3500 sive
716 3443 1042 3500 contrarius.
1070 3443 1138 3498 Et
1175 3442 1246 3499 ab
1272 3442 1528 3514 Apostolo
1556 3441 1756 3511 Belial,

176 3537 358 3602 idest,
383 3537 588 3608 absque
608 3534 764 3607 iugo,
794 3536 937 3605 quod
982 3537 1051 3590 de
1096 3535 1236 3591 collo
1262 3550 1361 3591 suo
1394 3534 1493 3590 Dei
1539 3536 1764 3606 eiecerit

172 3630 524 3695 servitutem,
546 3638 703 3699 quem
727 3628 925 3699 Aquila
963 3637 1259 3699 spectatam
1296 3629 1593 3684 transtulit;
1628 3627 1764 3699 Ope:

170 3732 310 3779 ratu
346 3720 588 3777 manibus
613 3723 748 3791 quod
773 3724 966 3776 bonum
1009 3730 1106 3778 est.
1136 3721 1255 3777 Non
1280 3722 1424 3792 quod
1449 3720 1671 3784 malum,
1703 3718 1767 3775 ut

170 3822 309 3873 sunt
338 3812 524 3885 mitte
550 3812 849 3868 inhonesta:
878 3811 967 3867 vel
992 3810 1147 3866 malae
1185 3818 1355 3878 artes,
1374 3818 1435 3864 ut
1459 3808 1723 3864 maleﬁcia
1744 3842 1762 3875 ,

172 3916 285 3964 etc.
315 3904 428 3962 Sed
451 3905 639 3976 siquis
670 3905 854 3959 bonus.
882 3902 1076 3960 Serius
1114 3902 1208 3973 qui
1236 3904 1394 3959 docet
1410 3905 1662 3959 virtutes.
1695 3901 1766 3957 Et

174 3998 344 4054 nolite
371 3997 684 4051 contristare
710 3981 975 4067 Spiritum
1004 4002 1245 4050 sanctum
1290 3993 1408 4049 Dei.
1464 3994 1584 4050 Non
1621 3994 1767 4065 quod

172 4091 297 4161 ipsa
344 4089 583 4161 Spiritus
625 4088 802 4145 sancti
851 4088 1157 4144 substantia
1202 4087 1514 4143 contristari
1556 4094 1766 4158 potest;

173 4196 303 4237 cum
336 4181 537 4236 habeat
572 4189 833 4237 aeternam
877 4186 1043 4251 atque
1075 4180 1570 4236 incommutabilem
1596 4181 1769 4236 beatis

172 4273 452 4338 tudinem,
479 4271 579 4326 sed
610 4271 740 4341 quia
769 4275 846 4325 ita
869 4273 925 4325 in
952 4274 1157 4328 sanctis
1195 4273 1428 4338 habitat,
1457 4281 1517 4328 ut
1541 4287 1635 4328 eos
1663 4274 1769 4328 imi|

172 4366 330 4439 plcat
352 4366 643 4430 cbaritate,
689 4371 798 4434 qua
827 4368 1051 4420 necesse
1076 4370 1161 4419 est
1186 4373 1247 4419 ut
1270 4364 1517 4419 homines
1541 4379 1608 4419 ex
1640 4371 1772 4420 tem-

169 4473 315 4529 pore
353 4457 653 4529 gaudeant,
681 4455 930 4527 profectu
967 4455 1205 4511 ﬁdelium
1236 4464 1293 4511 et
1317 4456 1474 4511 bonis
1493 4455 1768 4527 operibus.

1860 3439 2257 3511 stultiloquium
2286 3446 2342 3497 et
2365 3443 2753 3499 scurrilitatem
2781 3444 2885 3500 hoc
2906 3444 3129 3501 interest
3156 3447 3300 3518 quod
3318 3448 3455 3502 stul-

1861 3531 2151 3600 tiloquium
2178 3530 2313 3586 nihil
2335 3534 2388 3587 in
2403 3546 2461 3589 se
2476 3532 2694 3606 Sapiens
2715 3538 2770 3589 e’t
2787 3533 2950 3590 corde
2972 3530 3209 3594 hominis
3232 3537 3453 3606 dignum

1862 3614 2045 3677 habet.
2093 3610 2409 3679 Scurrilitas
2456 3626 2587 3680 vero
2614 3626 2681 3680 tle
2729 3624 2981 3696 prudenti
3017 3634 3199 3684 mente
3230 3628 3455 3685 descen-

1864 3714 1965 3781 dit,
1996 3720 2051 3770 et
2078 3714 2324 3771 consulto
2349 3712 2554 3788 appetit
2603 3714 2848 3788 quaedam
2874 3718 2957 3774 vel
2992 3720 3199 3775 urbana
3252 3722 3454 3791 verba,

1864 3806 1951 3862 vel
1978 3807 2203 3875 rustica,
2232 3807 2315 3862 vel
2340 3808 2539 3879 turpia,
2554 3799 2638 3865 vel
2670 3808 2866 3878 faceta,
2892 3826 3053 3882 quam
3076 3828 3175 3870 nos
3192 3813 3463 3886 ioculari;

1866 3906 2035 3956 tatem
2065 3899 2172 3956 alio
2199 3898 2367 3956 verbo
2409 3906 2697 3972 possumus
2721 3903 3009 3975 appellare,
3050 3913 3112 3961 ut
3139 3907 3307 3963 risum
3338 3923 3456 3965 mo-

1866 4001 1993 4048 veat
2018 3992 2383 4051 audientibus.
2408 3992 2609 4052 Verum
2651 3998 2706 4053 et
2732 3998 2848 4055 haec
2884 4014 2915 4053 a
2945 4001 3152 4058 sanctis
3176 4002 3309 4059 viris
3331 4006 3459 4077 p'ro-

1863 4082 2155 4157 pellenda,
2197 4084 2394 4158 quibus
2425 4089 2601 4162 magis
2642 4090 2897 4147 cunvenit
2940 4088 3072 4150 ﬂere
3120 4094 3283 4167 atque
3326 4098 3459 4168 gau-

1870 4174 2018 4238 dEre.
3416 4218 3423 4224 -

1941 4270 2047 4328 Sed
2096 4282 2264 4345 magis
2296 4276 2482 4347 gratia?
2517 4277 2676 4332 actio.
2706 4273 2825 4332 Non
2866 4283 2928 4332 ut
2956 4276 3070 4335 Deo
3099 4280 3304 4350 gratias
3333 4276 3468 4353 aga—'

1871 4378 2014 4428 mus,
2039 4364 2134 4418 sed
2168 4370 2230 4418 ut
2264 4366 2401 4436 grati
2429 4366 2542 4422 sive
2564 4368 2786 4438 gratiosi
2818 4368 2987 4423 simus
3016 4370 3159 4438 apud
3186 4370 3469 4437 homines,

1871 4456 1933 4508 ni
1960 4470 1974 4507 :
2006 4451 2085 4510 Sit
2110 4468 2281 4509 sermo
2308 4465 2471 4510 vester
2490 4454 2601 4512 sale
2645 4455 2904 4513 conditus.
2935 4457 3054 4514 Hoc
3082 4460 3222 4515 enim
3253 4461 3459 4519 scitote.

166 4550 245 4611 Et
274 4550 407 4606 ideo
424 4564 649 4606 necesse
669 4555 755 4605 est
788 4557 847 4604 ut
879 4549 1043 4605 etiam
1067 4549 1488 4604 constristentnr
1512 4547 1665 4617 lapsu
1684 4547 1773 4604 vei
1874 4544 1989 4606 Hoc
2015 4554 2205 4605 centra
2234 4548 2355 4606 illus
2382 4552 2493 4621 agit
2523 4552 2615 4623 qui
2631 4551 2799 4609 solam
2830 4552 2989 4609 fidem
3012 4568 3174 4626 posse
3209 4550 3460 4613 suiiicer'é

164 4641 431 4712 peccatis
453 4655 642 4696 eorum
667 4641 735 4696 de
754 4654 989 4711 quorum
1016 4639 1123 4695 fide
1149 4650 1213 4696 ac
1234 4640 1435 4710 pietate
1456 4639 1727 4711 gaudeant
1753 4653 1770 4694 :
1795 4680 1850 4741 Β
1877 4642 2080 4729 dicunt.
2104 4630 2211 4698 Aut
2234 4632 2445 4741 otiati-us.
2470 4636 2573 4712 Qui
2600 4632 2679 4701 sic
2706 4640 2937 4702 honorat
2962 4644 3179 4704 divitias
3205 4644 3265 4705 ut
3305 4650 3473 4707 debs.‘

162 4748 311 4804 qua
345 4732 572 4787 tristitia
601 4731 891 4789 laudabilis
920 4740 1005 4789 est
1030 4733 1161 4803 quia
1192 4733 1342 4788 venit
1386 4747 1455 4788 ex
1481 4733 1772 4789 dilectione
1795 4726 1846 4741 ν
1876 4726 2011 4790 Nam
2045 4734 2099 4790 in
2121 4748 2283 4791 avaro
2309 4726 2614 4792 idololatria
2642 4732 2749 4803 est,
2773 4737 2918 4808 quod
2943 4739 3272 4811 scripturam
3294 4735 3475 4810 ipsius“

165 4840 359 4896 quam
389 4822 617 4894 Spiritus
645 4833 869 4882 sanctus
888 4824 1106 4881 infudit.
1121 4824 1417 4895 Propterea
1433 4833 1490 4881 et
1512 4825 1630 4894 ipse
1660 4825 1771 4895 spi-t

162 4920 327 4975 ritus
349 4916 560 4972 dicitur
584 4917 897 4973 contristari
931 4918 1002 4973 ab
1042 4918 1123 4973 eis
1151 4919 1244 4988 qui
1278 4918 1359 4974 sic
1381 4927 1571 4987 agunt,
1593 4923 1656 4971 ut
1683 4931 1777 4972 eo-

164 5024 309 5066 mm
338 5009 507 5065 factis
527 5012 918 5066 contristentur
946 5011 1121 5066 sancti
1147 5049 1162 5077 ,
1219 5024 1338 5066 non
1376 5010 1449 5066 ob
1473 5010 1620 5066 aliud
1670 5009 1778 5065 nisi

158 5102 313 5172 quia
344 5102 613 5171 Spiritum
636 5110 885 5159 sanctum
915 5102 1137 5167 habent,
1169 5117 1278 5173 quo
1303 5103 1444 5159 dono
1486 5110 1599 5158 tam
1646 5103 1778 5160 boni

158 5200 332 5255 sunt,
362 5200 427 5247 ut
461 5204 557 5248 eos
583 5194 713 5248 mali
749 5192 1117 5258 mmstiﬁeen‘t,
1146 5193 1203 5249 hi
1241 5193 1479 5248 maxime
1522 5207 1659 5265 quos
1683 5194 1780 5249 boa-

158 5299 281 5339 nos
312 5280 493 5338 fuisse
514 5286 631 5342 sive
656 5293 946 5352 noverunt,
961 5286 1081 5342 sive
1097 5284 1443 5340 crediderunt
1469 5301 1485 5339 :
1520 5298 1782 5356 quasprot

158 5372 333 5431 {aeto
370 5374 598 5430 tristitia
627 5385 737 5430 non
764 5377 1071 5435 uolutando
1093 5376 1378 5447 culpanda,
1405 5380 1597 5432 verum
1614 5379 1781 5433 etiam

158 5467 469 5539 pracipue
488 5465 757 5522 laudanda
781 5474 951 5536 atque
966 5469 1308 5536 praedicanda
1335 5476 1439 5524 est.
1471 5467 1605 5525 item
1630 5486 1643 5523 :
1671 5468 1779 5523 Νοι

157 5560 270 5615 lite
302 5560 625 5617 contristare
648 5558 905 5631 Spiritum
932 5563 1189 5614 sanctam.
1216 5556 1533 5613 Hdntinibus
1554 5558 1782 5625 loquere:

157 5662 288 5718 tes,
326 5654 779 5723 comparationes
825 5651 1031 5707 iudu'cit
1076 5651 1374 5713 humanas,
1421 5649 1483 5702 ut
1517 5656 1584 5700 ex
1628 5645 1783 5702 nobis

154 5748 573 5819 intelligamus
590 5753 857 5819 (planum
881 5745 1105 5817 Spiritui
1149 5751 1339 5800 sancto
1366 5740 1618 5811 iniuriam
1645 5737 1782 5793 facii

157 5856 315 5899 mus
346 5857 483 5899 eum
501 5844 705 5900 donum
731 5844 850 5913 ejus
888 5842 947 5897 in
981 5841 1141 5897 nobis
1164 5841 1341 5910 aliqua
1382 5832 1593 5909 peccati
1620 5834 1786 5890 surde

153 5932 515 5998 minimus.
546 5933 618 5989 1n
640 5950 743 5996 quo
769 5933 959 6003 siqnati
984 5932 1124 5989 estis.
1152 5930 1362 6003 Signati
1390 5938 1571 5987 autem
1598 5941 1786 5983 sumus

1878 4824 2085 4881 nummi
2113 4818 2261 4894 coiit,
2296 4834 2356 4882 ut
2386 4828 2663 4884 voracium
2694 4828 2835 4884 Deus
2864 4836 3057 4886 venter
3098 4838 3201 4897 est,
3253 4831 3330 4884 ita
3370 4825 3474 4885 cu;

1878 4913 2129 4999 pidtirum
2144 4912 2287 4972 Deus
2309 4915 2510 4972 dicitur
2540 4917 2791 4987 pecunia.
2810 4902 2877 4973 tu
2898 4917 3036 4988 ﬁlias
3053 4916 3386 4991 dif/identiw.
3402 4906 3471 4999 in

1883 4996 2212 5073 Sodomitas,
2228 5009 2313 5064 vel
2330 5010 2383 5064 in
2405 5018 2500 5067 eos
2513 5011 2604 5081 qui
2619 5010 2822 5066 diluvio
2835 5010 3132 5081 perierunt.
3153 5002 3464 5070 Notanduni

1881 5110 1967 5157 est
1994 5098 2137 5173 quod
2170 5117 2265 5158 sex
2292 5102 2437 5159 vitiis
2466 5106 2628 5176 supra
2676 5100 2966 5175 prohibitis
2993 5145 3008 5172 ,
3062 5088 3422 5162 fornicatione
3447 5146 3467 5176 ,

1884 5190 2247 5260 immunditia,
2285 5178 2515 5249 avaritia
2536 5236 2550 5261 ,
2601 5194 2955 5267 turpitudine,
2989 5192 3236 5259 stultitia,
3264 5192 3474 5254 scorti-3

1882 5281 2055 5353 mitte;
2085 5288 2229 5342 nunc
2283 5277 2492 5371 anitum
2526 5278 2643 5371 tria
2682 5286 2962 5371 posuerit,
3011 5272 3427 5371 fornicationem
3448 5331 3466 5360 ,

1885 5370 2289 5436 immunditiam“
2303 5388 2358 5436 et
2381 5363 2704 5445 avaritiam,
2749 5366 2942 5461 quibus
2976 5363 3073 5459 qui
3106 5368 3271 5461 tuerit
3295 5366 3467 5440 obno-

1886 5463 2026 5536 xiité',
2055 5460 2427 5526 iixereditatelb
2457 5471 2511 5526 in
2534 5464 2701 5541 regno
2723 5459 2922 5526 Citiist'i
2950 5468 3005 5526 et
3034 5459 3129 5528 Dei
3155 5490 3261 5528 non
3288 5462 3467 5546 possit

1885 5560 2104 5619 tubere;
2131 5554 2202 5620 Si
2237 5558 2387 5620 enim
2410 5552 2490 5621 nit
2513 5550 2811 5634 sliiiiiidq'ui
2850 5550 2907 5621 é’i
2950 5552 3161 5620 scurris
3182 5558 3345 5620 alieni
3373 5580 3469 5623 es-

1883 5652 2005 5708 sent
2044 5648 2079 5708 ά
2106 5644 2273 5725 rbgiili
2296 5640 2389 5708 ua
2409 5666 2433 5720 ,-
2471 5638 2739 5725 (iussistis
2778 5635 2996 5725 timide
3040 5638 3353 5727 specialiter
3384 5676 3471 5715 se-

1885 5742 2116 5817 paravit,
2144 5746 2417 5800 videretnr
2442 5745 2710 5800 sententia
2750 5760 2870 5802 esse
2900 5744 3152 5815 crudelis,
3182 5746 3289 5804 non
3320 5744 3473 5819 igno;

1885 5844 2043 5891 scere
2078 5834 2434 5890 imbecillitati
2473 5832 2780 5906 fiagilitatis
2809 5834 3091 5905 humanm,
3145 5853 3269 5894 cum
3305 5824 3473 5895 etiam

1885 5942 1983 6000 per
2022 5927 2208 5999 iocum
2234 5914 2345 5984 nos
2375 5926 2520 5984 dicta
2552 5926 2892 5987 damnarent.
2924 5929 3028 6000 Qui
3050 5930 3197 5989 enim
3244 5930 3299 5988 in
3354 5944 3472 5989 scr-
