4046 6332
568 384 669 442 207

1976 371 2244 431 SEDULII
2281 370 2476 429 SCOTI

3763 371 3874 431 λιθὸ

567 513 733 558 mone
759 515 870 554 non
892 497 1110 561 labitur,
1140 495 1416 566 perfectus
1451 501 1552 552 est.
1575 494 1760 565 Neque
1785 505 1915 548 vero
1945 491 2050 546 ista
2071 489 2155 544 di-
2191 491 2244 551 Α
2270 495 2403 542 tum.
2434 486 2503 542 Et
2526 485 2672 558 quod
2715 483 3000 556 sequitur:
3038 481 3282 554 Exsurge
3315 500 3349 537 a
3393 484 3636 550 mortuis,
3667 485 3876 544 anima:

573 600 762 652 centes
791 592 969 647 locum
999 588 1331 658 stultiloquio
1369 595 1419 642 et
1443 586 1758 642 scurrilitati
1793 585 2003 645 damus,
2035 581 2164 635 dum

570 700 680 740 non
712 681 1068 738 excludamur
1101 693 1132 730 a
1164 693 1349 746 regno,
1377 677 1471 732 sed
1499 676 1753 746 quoniam
1776 673 1917 745 apud
1945 673 2167 726 Patrem

573 775 804 832 diversae
844 779 972 827 sunt
1001 769 1330 833 mansiones,
1368 775 1423 822 et
1455 767 1606 821 stella
1639 784 1672 820 a
1710 764 1861 820 stella
1903 763 2080 832 diﬂert
2112 761 2169 812 in

573 867 768 941 gloria,
795 867 871 922 sic
904 875 953 921 et
982 865 1291 919 resurrectio
1318 873 1669 926 mortuorum,
1695 859 1943 930 quamvis
1973 855 2169 926 aliquis

573 977 606 1016 a
631 961 1011 1024 fornicatione,
1030 957 1370 1013 immunditia
1399 965 1564 1026 atque
1594 954 1815 1010 lascivia
1843 952 2050 1006 alienus
2075 949 2166 1012 sit,

576 1059 766 1107 tamen
816 1051 862 1106 si
899 1049 1244 1119 stultiloquus
1271 1046 1436 1103 fuerit
1466 1055 1520 1102 et
1559 1061 1783 1110 scurra,
1824 1060 1930 1098 non
1967 1040 2172 1096 tenebit

579 1156 705 1198 eum
725 1139 902 1196 locum
926 1154 1084 1209 quem
1134 1152 1485 1208 possessurus
1519 1145 1636 1190 erat
1673 1136 1716 1189 si
1753 1135 1871 1188 haec
1903 1131 2033 1186 vitia
2064 1146 2172 1184 non

579 1229 808 1294 haberet
835 1247 846 1282 :
885 1229 1227 1299 respondeat,
1259 1227 1386 1297 quia
1419 1224 1810 1294 stultiloquium
1837 1231 1892 1277 et
1926 1219 2170 1276 scurrili-

579 1334 667 1379 tas
691 1339 797 1379 non
831 1323 1080 1378 eumdem
1113 1322 1348 1376 habeant
1385 1326 1596 1373 reatum
1637 1330 1799 1387 quem
1843 1312 2166 1377 fornicatio,

580 1416 922 1474 immunditia
947 1423 1002 1471 et
1031 1414 1280 1479 avaritia,
1299 1411 1541 1482 nunquid
1563 1421 1620 1465 et
1642 1409 2028 1479 turpitudinem
2048 1421 2172 1463 cum

582 1511 759 1566 tribus
793 1508 1164 1578 superioribus
1207 1505 1392 1561 debuit
1448 1503 1762 1560 nominare?
1794 1502 1877 1556 Ad
1908 1502 2051 1571 quod
2090 1500 2172 1554 di-

580 1601 813 1658 cendum
839 1601 928 1655 hic
949 1597 1339 1668 turpitudinem
1361 1597 1669 1668 signiﬁcem
1693 1596 2065 1650 absconditam
2089 1609 2176 1648 co-

583 1695 927 1766 gitationem,
955 1693 1040 1746 cui
1076 1692 1442 1746 inflammatur
1467 1705 1660 1744 sensus
1685 1696 1874 1744 noster
1901 1688 1969 1742 ad
1997 1685 2176 1742 libidi-

579 1804 730 1854 nem,
754 1796 809 1843 et
833 1786 1015 1842 carnis
1039 1784 1440 1839 titillationibus
1464 1783 1648 1838 anima
1680 1782 1848 1854 ignita
1894 1779 2176 1836 succendi-

2266 587 2588 649 coaptatur:
2621 577 2811 632 Anima
2833 579 2970 632 enim
3008 595 3126 649 qua:
3161 578 3467 648 peccaverit,
3498 579 3618 648 ipsa
3667 582 3876 635 morie-

2269 680 2398 725 tur:
2439 671 2672 741 Spiritus
2725 678 2954 724 mormm
2984 685 3262 740 nunquam
3312 669 3559 738 legimus.
3609 670 3878 729 Christus

2268 780 2398 820 vero
2426 765 2516 818 lux
2537 779 2666 819 vera
2694 764 2899 818 orietur
2928 763 2975 818 ei
2995 803 3010 829 ,
3065 762 3158 832 qui
3187 761 3426 816 surrexit
3457 777 3489 816 a
3517 763 3753 820 mortuis
3773 804 3794 831 ,
3822 771 3882 822 et

2271 867 2337 908 ex
2365 854 2594 907 mortuis
2626 851 2790 908 fuerit
2820 853 3135 908 suscitatus.

2344 944 2618 1010 Quomodo
2634 955 2792 998 caute
2821 944 3119 999 ambuletis.
3162 943 3279 1000 Non
3303 943 3370 999 ad
3411 935 3638 1002 insidias
3663 945 3883 1003 facien-

2273 1035 2392 1101 das,
2421 1037 2515 1092 sed
2543 1037 2610 1092 ad
2639 1036 2940 1092 cavendum
2981 1045 3284 1107 peccatum,
3313 1045 3474 1092 utest
3499 1038 3628 1094 illud
3655 1058 3668 1094 :
3703 1041 3878 1095 Astu-

2273 1139 2356 1184 tus
2382 1130 2560 1200 dirigit
2591 1147 2797 1200 gressus
2843 1148 2965 1185 suos
2999 1127 3182 1202 (Prov.
3235 1133 3372 1205 xrv).
3402 1131 3576 1188 Aliter
3605 1141 3797 1201 caute,
3826 1133 3884 1190 id

2276 1231 2378 1289 est,
2412 1222 2780 1278 discernentes
2817 1224 3019 1279 bonum
3050 1231 3107 1278 et
3145 1224 3368 1280 malum.
3553 1289 3564 1300 ν

2347 1312 2680 1368 Redimentes
2726 1324 2948 1385 tempus.
2989 1314 3102 1370 Hoc
3126 1321 3233 1380 est,
3281 1315 3608 1385 poenitentia
3650 1316 3886 1372 residuo

2275 1414 2519 1477 tempore
2556 1407 2610 1461 in
2654 1408 2812 1462 bonis
2855 1408 3114 1477 operibus
3164 1418 3606 1478 perseverantes,
3661 1417 3885 1480 tempus

2275 1503 2609 1572 praeteritum
2632 1502 2685 1555 in
2711 1503 2948 1571 peccatis
2970 1501 3481 1572 redimentes,quod
3508 1512 3724 1573 tempus
3755 1517 3884 1557 ma-

2277 1595 2391 1650 litia
2428 1595 2711 1650 hominum
2738 1594 3017 1650 venditum
3048 1604 3185 1651 erat.

2353 1689 2622 1770 Quoniam
2640 1688 2748 1742 dies
2771 1688 2900 1741 mali
2927 1698 3070 1742 sunt.
3097 1688 3203 1743 Per
3229 1688 3634 1752 metanomiam,
3661 1702 3764 1758 pro
3785 1687 3881 1743 his

2281 1780 2374 1850 qui
2400 1781 2456 1834 in
2486 1781 2678 1835 diebus
2705 1788 2852 1846 sunt,
2881 1781 3008 1850 quia
3037 1781 3155 1835 dies
3178 1780 3300 1834 mali
3328 1795 3449 1834 esse
3477 1795 3585 1836 non
3619 1787 3881 1851 possunt.

579 1889 693 1946 tur,
720 1889 775 1935 et
797 1878 1150 1933 nihilominus
1172 1876 1266 1931 Dei
1290 1877 1486 1932 timore
1517 1876 1571 1929 in
1597 1873 1802 1944 judicio
1832 1871 2172 1927 refrenatur:
2205 1855 2254 1916 Β
2284 1872 2386 1926 Sed
2415 1872 2779 1943 intelligentes.
2802 1871 2860 1926 id
2883 1881 2985 1937 est,
3013 1872 3332 1927 scrutamini
3355 1871 3550 1943 legem,
3574 1871 3628 1926 in
3657 1887 3766 1942 qua
3791 1886 3889 1926 voc

579 1981 636 2028 et
661 1971 932 2042 quomodo
963 1969 1356 2038 stultiloquium
1383 1977 1437 2021 et
1469 1966 1795 2029 scurrilitas,
1827 1963 1906 2018 sic
1937 1965 2040 2018 ista
2063 1971 2175 2016 tur.

579 2068 772 2138 pitndo
801 2082 909 2122 non
951 2064 1152 2134 perdit,
1198 2079 1298 2117 nec
1323 2062 1376 2115 in
1405 2068 1727 2129 perpetuum
1754 2055 1993 2111 excludit
2030 2069 2061 2108 a
2092 2067 2178 2107 re-

581 2177 706 2234 gno.
751 2159 1043 2230 Participes
1065 2173 1266 2212 eorum.
1315 2155 1642 2216 Fornicatio,
1677 2152 2182 2216 immunditia,ava—

579 2253 728 2310 ritia.
766 2250 895 2304 Filii
937 2250 1090 2304 lucis.
1129 2249 1186 2302 Id
1209 2255 1314 2311 est,
1347 2246 1574 2312 Christi,
1609 2245 1696 2300 vel
1721 2245 1867 2308 fidei,
1892 2243 1978 2298 vel
2002 2244 2180 2298 scicn-

581 2347 689 2402 tiae.
718 2345 785 2399 In
819 2343 1060 2398 omnibus
1097 2342 1344 2396 bonitate.
1376 2339 1434 2394 Id
1458 2348 1542 2394 est
1564 2380 1579 2405 ,
1626 2339 1682 2393 in
1728 2337 2064 2408 benignitate
2117 2336 2184 2390 ad

593 2453 810 2502 omnes,
825 2445 920 2490 ut:
951 2436 1104 2490 Deus"
1121 2433 1284 2488 solem
1304 2450 1459 2487 suum
1482 2433 1612 2485 oriri
1637 2432 1762 2501 facit
1786 2447 1942 2500 super
1964 2433 2122 2483 bonos
2137 2437 2186 2482 et

595 2527 763 2582 malos
783 2525 998 2599 (Matth.
1025 2524 1099 2595 v).
1125 2523 1364 2578 Iustitia.
1392 2521 1626 2593 Operum
1655 2528 1710 2575 et
1743 2519 2092 2588 iudiciorum.
2121 2516 2187 2570 Et

589 2621 830 2675 veritate.
858 2618 1179 2673 Verborum.
1216 2613 1507 2669 Probantes
1549 2611 1677 2683 quid
1703 2611 1770 2665 sit
1814 2609 2188 2679 beneplacitum

585 2712 719 2767 Deo.
748 2711 884 2780 Quia
910 2711 1122 2765 videtur
1173 2717 1282 2764 tota
1310 2716 1522 2763 scatere
1569 2704 1864 2770 sententia,
1894 2702 2082 2757 ordine
2111 2708 2190 2756 te-

587 2803 763 2859 nenda
800 2811 883 2857 est
917 2820 930 2856 :
966 2800 1143 2855 Nolite
1174 2798 1290 2854 ﬁeri
1312 2798 1609 2869 participes
1637 2811 1860 2860 eorum,
1899 2793 2190 2864 probantes

588 2895 718 2964 quid
745 2892 1228 2962 sitbeneplacitum
1253 2891 1392 2951 Deo;
1425 2890 1530 2944 etsi
1545 2889 1691 2944 enim
1715 2885 2010 2957 aliquando
2024 2883 2190 2938 cratis

584 2985 846 3050 tenebrae,
874 2999 1019 3037 nunc
1039 2982 1132 3036 lux
1158 2982 1210 3036 in
1236 2981 1486 3046 Domino,
1520 2987 1579 3033 ut
1608 2977 1703 3032 ﬁlii
1729 2977 1867 3032 lucis
1896 2972 2188 3030 ambulate.

583 3073 820 3130 Fructus
841 3074 975 3128 lucis
1004 3073 1294 3138 ostendite,
1327 3072 1381 3126 in
1407 3071 1650 3127 bonitate
1677 3111 1693 3136 ,
1749 3077 1806 3125 et
1834 3068 2084 3138 iustitia,
2137 3073 2193 3123 et

587 3170 836 3226 veritate.
856 3165 923 3220 Et
964 3166 1125 3222 nolite
1159 3167 1546 3220 communicare
1571 3163 1810 3235 operibus
1840 3161 2190 3232 infructuosis

589 3261 943 3316 tenebrarum.
975 3257 1034 3313 Id
1060 3257 1310 3340 est,quia
1337 3257 1429 3311 lux
1452 3272 1560 3312 non
1583 3263 1765 3328 potest
1782 3252 2190 3310 communicare

589 3366 714 3408 cum
776 3349 1032 3405 tenebris.
1094 3347 1469 3403 Tcnebrarum
1525 3362 1692 3418 opera
1738 3354 1905 3411 sunt,
1963 3359 2085 3414 qua:
2124 3343 2191 3398 ad

595 3441 852 3497 tenebras
880 3441 1100 3496 ducunt.
1131 3437 1474 3510 Redarguite.
1505 3438 1563 3492 ld
1593 3446 1695 3504 est,
1723 3444 2034 3507 peccantes,
2065 3435 2193 3491 dum

589 3531 684 3588 lux
711 3532 865 3588 estis.
900 3529 1032 3597 Qua:
1056 3530 1196 3585 enim
1228 3530 1285 3582 in
1311 3527 1514 3583 occulto
1543 3529 1700 3598 ﬁunt.
1725 3527 2060 3592 Fornicatio,
2093 3527 2195 3580 im-

591 3623 881 3689 munditia,
911 3621 1161 3677 avaritia.
1196 3619 1273 3674 Ab
1303 3621 1397 3675 eis.
1430 3619 1584 3676 Filiis
1624 3621 1836 3676 scilicet
1857 3618 2189 3675 difﬁdentiae.

591 3715 772 3769 Etiam
797 3715 986 3768 dicere.
1011 3713 1317 3783 Aliquando
1362 3713 1606 3768 nominat
1637 3713 1813 3782 turpia
1840 3720 2063 3781 propter
2088 3710 2195 3764 uti-

592 3805 824 3869 litatem,
851 3803 1144 3873 aliquando
1170 3817 1269 3872 pro
1293 3802 1621 3856 verecundia
1643 3816 1754 3854 non
1778 3803 2041 3855 nominat.
2073 3799 2195 3854 0m-

597 3899 687 3952 nia
714 3914 832 3968 qua:
859 3905 1173 3966 arguuntur.
1202 3893 1554 3960 Quaeocculta
1574 3895 1708 3946 fiunt
1738 3909 1769 3946 a
1796 3891 1920 3945 ﬁliis
1946 3891 2194 3946 difﬁden-

595 3991 708 4056 tiae,
733 4000 793 4043 ut
826 4002 892 4042 ex
923 4002 987 4041 eo
1008 3985 1151 4056 quod
1175 3986 1566 4055 corripiuntur,
1593 3991 1870 4037 mutentur
1900 3983 1953 4036 in
1977 3983 2193 4049 melius,

595 4093 650 4140 et
681 4089 886 4137 mutata
924 4077 1409 4132 manifestenturin
1436 4076 1741 4147 publico,et
1763 4074 2040 4144 publicata
2067 4074 2199 4128 ﬁant

594 4177 798 4246 lumen.
828 4172 994 4226 Omne
1032 4179 1205 4224 autem
1233 4169 1373 4240 quod
1419 4167 1831 4237 manifestatur,
1883 4164 2060 4219 lumen
2097 4173 2194 4217 est.

595 4267 792 4338 Incipit
836 4265 1019 4319 lumen
1055 4277 1175 4318 esse
1205 4277 1329 4316 cum
1374 4259 1688 4324 crediderit,
1711 4267 1768 4312 et
1814 4256 1969 4313 vobis
2007 4253 2200 4324 adjun-

598 4362 765 4434 gitur.

669 4457 894 4528 Propter
917 4452 1057 4526 quod
1081 4451 1206 4506 dicit
1236 4468 1255 4507 :
1291 4464 1511 4520 exsurge
1540 4465 1572 4502 a
1600 4447 1842 4501 mortuis.
1874 4445 1987 4517 Ego
2013 4459 2202 4500 secun-

597 4547 726 4603 dum
750 4544 1079 4616 ingeniolum
1103 4556 1280 4595 meum
1295 4553 1486 4595 omnes
1506 4537 1777 4592 editiones
1789 4542 2035 4590 veterum
2059 4532 2204 4589 Scri-

596 4645 918 4708 pturarum,
964 4634 1082 4702 ipsa
1117 4645 1335 4700 quoque
1386 4627 1734 4682 Hebraeorum
1765 4623 2044 4680 volumina
2077 4622 2200 4677 dili-

597 4735 790 4797 genter
819 4723 1138 4788 eventilans,
1165 4734 1430 4790 nusquam
1461 4721 1562 4773 hoc
1580 4718 1844 4786 scriptum
1865 4717 2066 4787 reperi,
2091 4715 2196 4770 nisi

599 4813 742 4871 forte
777 4815 882 4868 hoc
907 4813 1173 4876 dicamus,
1199 4808 1655 4880 quemadmodum
1681 4808 1808 4863 olim
1839 4810 2117 4878 prophetae
2141 4809 2198 4863 in

601 4910 862 4966 concione
908 4905 1091 4978 populi
1134 4904 1525 4973 loquebantur:
1562 4901 1692 4956 Han:
1730 4902 1857 4956 dicit
1911 4902 2194 4956 Dominus.

600 5000 704 5056 Et:
733 4997 995 5064 Quoniam
1022 4993 1276 5047 Dominus
1302 4989 1505 5044 locutus
1534 5000 1632 5057 est,
1683 4991 1755 5044 ita
1781 4999 1835 5046 et
1879 4991 2197 5060 Apostolum

604 5091 810 5162 Spiritu
835 5094 1024 5142 sancto
1055 5085 1293 5156 plenum,
1320 5094 1539 5152 repente
1594 5084 1646 5137 in
1695 5084 1859 5138 verba
1887 5100 2006 5155 qua).
2046 5085 2102 5138 in
2142 5098 2202 5138 se

605 5185 855 5240 Christus
881 5181 1227 5250 loquebatur,
1256 5177 1500 5247 erupisse
1526 5185 1689 5246 atque
1715 5179 1950 5232 dixisse:
1976 5176 2108 5232 Hice
2125 5177 2203 5230 di-

563 5264 591 5336 ";
612 5275 680 5328 cit
705 5273 986 5328 Dominus.
1011 5270 1122 5326 Nec
1159 5285 1264 5324 non
1291 5279 1347 5323 et
1377 5269 1505 5324 illud
1536 5277 1618 5324 est
1647 5268 2043 5332 disserendum,
2067 5283 2202 5336 quo-

612 5291 680 5328 σπι
705 5291 986 5328 υοηῑιηιιδ.
1011 5291 1122 5326 Πἓο
1159 5291 1264 5324 11011
1291 5291 1347 5323 ει
1377 5291 1505 5324 tuuu
1536 5291 1618 5324 85L
1647 5291 2043 5332 UISSCI'CUUUIU,
2067 5291 2197 5336 quo-

575 5291 770 5431 imodo
821 5363 912 5416 uni
956 5371 1120 5432 atque
1170 5361 1348 5416 eidem
1385 5360 1630 5423 dicatur,
1684 5359 1838 5427 quasi
1869 5359 2156 5414 dormienti
2182 5378 2197 5416 :

609 5451 780 5523 Surge
813 5452 900 5519 qui
937 5451 1156 5515 dormis,
1185 5451 1340 5521 quasi
1365 5459 1603 5513 mortuo,
1633 5463 1864 5518 exsurge
1886 5464 1914 5503 a
1944 5451 2196 5506 mortuis.

605 5543 775 5614 Igitur
812 5544 941 5614 quia
962 5553 1016 5600 et
1041 5546 1266 5616 spiritus
1302 5551 1385 5600 est
1406 5543 1665 5608 hominis,
1695 5559 1860 5614 quem
1887 5561 2104 5617 semper
2144 5547 2202 5604 in

608 5637 752 5692 bona
775 5645 934 5707 parte
981 5637 1244 5705 scriptum
1271 5636 1598 5700 invenimus,
1620 5644 1677 5689 et
1705 5638 1906 5701 anima,
1939 5641 2093 5707 cujus
2120 5640 2205 5694 in-

611 5727 898 5784 ﬁrmitates
917 5735 974 5782 et
1016 5734 1220 5782 mortes
1244 5727 1476 5799 legimus
1520 5734 1906 5799 peccatorum,
1955 5730 2010 5787 id
2060 5733 2205 5802 quod

613 5837 758 5879 nunc
785 5822 1013 5880 dicitur:
1048 5819 1218 5889 Surge
1250 5823 1342 5885 qui
1393 5823 1590 5880 dormis
1614 5865 1629 5891 ,
1683 5823 1919 5883 refertur
1947 5827 2016 5884 ad
2049 5831 2208 5901 spiri-

2283 1963 2466 2018 luntas
2501 1962 2619 2031 ejus
2648 1964 2978 2018 continetur.
3006 1962 3075 2017 Et
3099 1963 3261 2017 nolite
3284 1963 3541 2018 inebriari
3565 1963 3707 2016 vino.
3741 1961 3890 2030 Quo-

2282 2057 2444 2113 modo
2467 2073 2574 2112 non
2612 2072 2901 2128 possumus
2929 2057 3139 2111 duobus
3159 2056 3392 2111 dominis
3413 2055 3640 2121 servire,
3669 2054 3785 2110 Deo
3833 2063 3890 2111 et

2284 2169 2628 2219 mammonae,
2659 2154 2738 2208 sic
2766 2169 2873 2208 non
2894 2167 3184 2222 possumus
3209 2152 3401 2223 spiritu
3424 2150 3635 2220 impleri
3675 2148 3892 2220 pariter

2283 2256 2339 2304 et
2375 2249 2539 2302 vino:
2581 2247 2673 2318 qui
2702 2246 2847 2302 enim
2892 2246 3086 2316 spiritu
3128 2245 3404 2316 impletur,
3431 2243 3597 2298 habet
3646 2243 3891 2312 pruden—

2287 2342 2435 2404 tiam,
2471 2339 2945 2394 mansuetudinem
2974 2379 2990 2404 ,
3049 2337 3433 2392 verecundiam
3460 2373 3479 2402 ,
3540 2333 3887 2397 castitatem;

2287 2421 2379 2504 qui
2431 2433 2582 2496 vino,
2613 2432 2777 2488 habet
2821 2430 3217 2500 insipientiam,
3256 2427 3530 2491 furorem,
3588 2423 3892 2495 procacita-

2289 2534 2398 2581 tem
2419 2566 2434 2591 ,
2469 2523 2748 2579 libidinem
2780 2542 2792 2578 :
2821 2525 2924 2579 hoc
2979 2522 3176 2593 quippe
3225 2520 3436 2576 aestimo
3461 2533 3571 2574 uno
3619 2516 3789 2572 verbo
3819 2516 3892 2571 si-

2289 2621 2550 2690 gniﬁcare
2579 2618 2871 2673 luxuriam.
2992 2626 2995 2628 ’

2363 2710 2430 2766 1η
2458 2709 2697 2781 psalmis.
2726 2709 2923 2781 Hymni
2966 2715 3114 2773 sunt,
3143 2706 3237 2778 qui
3283 2705 3656 2762 fortitudinem
3685 2711 3744 2760 et
3769 2718 3891 2758 ma-

2285 2801 2540 2872 iestatem
2567 2801 2662 2857 Dei
2687 2801 3004 2871 praedicant,
3055 2807 3109 2854 et
3144 2799 3388 2870 ejusdem
3422 2811 3639 2868 semper
3682 2793 3773 2849 vel
3803 2794 3894 2848 be-

2293 2893 2613 2960 neﬁcia,ch
2638 2893 2782 2949 facta
2801 2893 3094 2956 mirantur,
3118 2890 3264 2962 quod
3305 2903 3491 2944 omnes
3540 2887 3744 2958 psalmi
3765 2901 3894 2941 con-

2293 2991 2488 3050 tinent,
2513 2988 2711 3059 quibus
2756 2985 2976 3042 alleluia
3005 2983 3090 3039 vel
3141 2981 3510 3054 propositum,
3554 2979 3642 3034 vel
3681 2975 3893 3046 subjec~

2292 3089 2412 3136 tum
2440 3089 2545 3135 est.
2579 3078 2782 3134 Psalmi
2837 3085 3016 3132 autem
3051 3073 3270 3146 proprie
3319 3073 3388 3127 ad
3429 3071 3670 3126 ethicum
3715 3069 3891 3124 locum

2290 3174 2589 3246 pertinent,
2621 3180 2681 3226 ut
2708 3185 2806 3240 per
2827 3182 3092 3240 organum
3121 3164 3391 3234 corporis,
3415 3162 3560 3233 quod
3584 3159 3892 3216 faciendum

2294 3275 2351 3322 et
2378 3264 2524 3336 quod
2552 3261 2830 3317 vitandum
2855 3259 2945 3324 sit,
2978 3255 3313 3313 noverimus.
3345 3253 3450 3321 Qui
3478 3267 3612 3308 vero
3631 3251 3702 3307 de
3738 3265 3895 3321 supe-

2295 3356 2531 3412 rioribus
2555 3353 2816 3424 disputat,
2846 3359 2903 3406 et
2935 3354 3262 3406 concentum
3316 3345 3505 3401 mundi
3545 3345 3896 3413 omniumque

2295 3456 2672 3504 creaturarum
2749 3443 3001 3501 ordinem
3060 3450 3228 3512 atque
3278 3439 3627 3495 concordiam
3683 3435 3896 3492 subtilis

2295 3539 2604 3609 disputator
2625 3534 2901 3601 edisserit,
2933 3534 3039 3590 iste
3079 3531 3364 3603 spirituale
3416 3529 3690 3585 canticum
3721 3528 3892 3591 canit,

2293 3631 2382 3686 vel
2412 3637 2562 3686 certe
2587 3636 2810 3700 propter
2839 3625 3202 3697 simpliciores
3229 3621 3592 3685 manifestius,
3621 3619 3773 3690 quod
3807 3633 3891 3674 vo-

2295 3721 2476 3777 lumus
2504 3761 2520 3787 ,
2571 3720 2914 3789 eloquamur.
2947 3716 3197 3772 Psalmus
3245 3715 3314 3768 ad
3349 3727 3582 3782 corpus,
3623 3712 3893 3765 canticum

2303 3813 2543 3869 refertur
2572 3811 2641 3866 ad
2667 3816 2925 3864 mentem.
2949 3806 3019 3861 Et
3045 3819 3244 3861 canere
3273 3805 3438 3875 igitur
3475 3811 3532 3858 et
3564 3803 3820 3873 psallere,
3846 3808 3898 3856 et

2297 3907 2520 3962 laudare
2555 3905 2748 3969 Deum,
2789 3902 2960 3974 magis
2989 3901 3173 3956 animo
3219 3914 3384 3971 quam
3414 3911 3550 3954 voce
3602 3897 3893 3960 debemus,

2296 4003 2403 4056 hoc
2425 4008 2510 4054 est
2545 3997 2746 4066 quippe
2789 3995 2933 4065 quod
2984 3993 3224 4049 dicitur:
3257 3989 3540 4047 Cantantes
3587 3999 3640 4043 et
3672 3986 3897 4059 psallen-

2298 4101 2374 4145 tes
2411 4091 2467 4144 in
2519 4088 2764 4149 cordibus
2811 4087 2994 4141 vestris
3035 4085 3280 4150 Domino,
3320 4084 3520 4154 gratias
3564 4091 3777 4153 agentes
3807 4096 3898 4150 pro

2301 4181 2563 4236 omnibus.
2597 4179 2656 4235 ld
2684 4186 2791 4244 est,
2825 4192 2944 4248 qua:
2969 4176 3222 4232 accidunt
3239 4174 3414 4240 vobis,
3439 4173 3556 4228 sive
3583 4169 3864 4240 prosperis
3882 4209 3896 4236 ,

2266 4336 2275 4346 ,
2303 4274 2418 4329 sive
2452 4273 2718 4328 adversis.

2374 4365 2607 4434 Subjecti
2641 4365 2856 4418 invicem
2887 4377 2944 4414 ιη
2977 4360 3164 4413 timore
3190 4356 3408 4411 Christi.
3457 4354 3690 4414 Prooter
3743 4356 3900 4411 timo-

2303 4474 2421 4514 rem
2444 4457 2651 4512 Christi
2698 4454 2794 4508 ﬁat
2847 4452 3142 4524 subjectio,
3199 4450 3326 4506 dum
3355 4449 3504 4505 illum
3534 4449 3816 4506 offendere
3837 4449 3899 4504 ti-

2304 4567 2536 4608 memus.
2570 4549 2809 4604 Audiam
2829 4548 2933 4604 hoc
2957 4545 3196 4617 episcopi
3221 4585 3237 4611 ,
3275 4544 3500 4600 audiant
3551 4543 3861 4615 presbyteri
3883 4582 3898 4608 ,

2305 4646 2493 4701 audiat
2520 4644 2697 4699 omnis
2717 4643 2851 4698 ordo
2873 4643 3178 4706 doctorum,
3203 4640 3462 4711 subjectis
3488 4638 3603 4694 suis
3629 4653 3756 4694 esse
3783 4638 3904 4694 sub-

2300 4741 2497 4811 jectos,
2522 4747 2576 4795 et
2607 4739 2886 4795 imitentur
2914 4736 3184 4792 dicentem
3215 4735 3530 4805 Apostolum
3559 4751 3572 4787 :
3603 4730 3744 4786 Cum
3765 4733 3901 4787 enim

2306 4833 2438 4888 liber
2452 4849 2616 4887 essem
2642 4847 2706 4884 ea:
2731 4828 2992 4891 omnibus,
3015 4828 3247 4882 omnium
3265 4828 3520 4896 meipsum
3543 4839 3758 4878 servum
3787 4823 3903 4892 feci,

2307 4933 2364 4977 ut
2385 4939 2561 4977 omnes
2575 4920 2958 4989 lucrifacerem.
2977 4918 3110 4972 Etin
3133 4917 3241 4971 alio
3255 4917 3372 4972 loco
3392 4930 3406 4968 :
3427 4914 3632 4970 Servite
3657 4914 3902 4968 invicem.

2308 5014 2558 5069 Salvator
2572 5025 2789 5080 quoque
2813 5007 3044 5063 formam
3067 5007 3210 5064 servi
3229 5007 3464 5076 accepit,
3481 5013 3542 5059 ut
3566 5004 3811 5060 serviret
3830 5003 3906 5059 di-

2309 5104 2530 5174 scipulis
2551 5103 2687 5163 suis,
2705 5109 2760 5156 et
2788 5102 2950 5170 pedes
2986 5115 3175 5156 eorum
3196 5100 3349 5154 lavit.
3369 5098 3483 5153 lloc
3502 5098 3742 5153 interest
3763 5098 3908 5151 inter

2309 5196 2552 5266 gentium
2581 5194 2857 5265 principes
2886 5201 2940 5248 et
2979 5191 3434 5256 Christianorum,
3465 5187 3608 5260 quod
3633 5189 3711 5243 illi
3735 5187 3908 5244 domi-

2309 5293 2509 5342 nantur
2529 5284 2781 5352 subditis,
2810 5300 2908 5340 nos
2938 5283 3365 5348 servimus,etin
3387 5280 3536 5354 [hoc]
3559 5278 3804 5346 majores
3823 5295 3909 5334 su—

2309 5391 2450 5441 mus,
2475 5376 2520 5430 si
2543 5375 2752 5430 minimi
2771 5375 3013 5429 omnium
3038 5371 3324 5427 fuerimus.
3347 5368 3598 5423 Mulieres
3620 5370 3754 5425 viris
3771 5373 3904 5426 suis.

2311 5469 2602 5540 [lucusque
2624 5469 2678 5523 in
2702 5482 3010 5527 commune,
3038 5477 3183 5518 nunc
3206 5462 3520 5533 singulatim
3543 5479 3907 5538 unumquem-

2310 5577 2416 5631 que
2443 5562 2620 5621 docet,
2647 5565 2707 5611 ut
2727 5556 2907 5611 debita
2933 5555 3110 5610 ofﬁcia
3139 5556 3366 5628 singulis
3389 5572 3499 5612 non
3521 5567 3765 5616 cessent.

2383 5646 2528 5704 Sicut
2557 5644 2796 5702 Christus
2822 5656 2978 5717 caput
3009 5656 3084 5702 est
3119 5646 3390 5703 Ecclesia.
3416 5648 3474 5705 id
3493 5656 3598 5715 est,
3629 5653 3910 5721 quomodo

2315 5743 2369 5798 in
2391 5739 2608 5796 Christo
2637 5747 2692 5793 et
2718 5737 2963 5794 Ecclesia
2999 5747 3193 5796 sancta
3225 5732 3553 5810 conjunCtio,
3593 5742 3676 5798 sic
3696 5743 3758 5799 in
3794 5745 3911 5799 viro

2315 5840 2374 5888 et
2405 5831 2636 5888 muliere
2664 5829 2823 5888 debet
2846 5844 2967 5888 esse
3013 5838 3205 5888 sancta
3233 5831 3445 5903 copula.
3498 5831 3622 5903 Ipse
3671 5835 3912 5889 salvator
