4046 6332
214 306 329 364 909

1324 291 1664 363 COLLECT'.
1708 299 1776 364 1N
1814 306 2034 366 EPIST.
2075 309 2169 366 Αι)
2206 307 2448 367 EPHES.

3384 309 3496 370 210

215 426 476 500 corporis.
500 423 564 494 _ld
584 423 1006 494 est,Ecclesiam
1033 423 1282 482 Christus
1316 427 1578 494 salvavit,
1616 428 1702 484 vel
1723 428 1807 481 vir
1833 435 1886 495 Α
1911 429 2172 496 cordiam,
2204 437 2310 485 etc.
2339 428 2544 484 Forsan
2586 445 2717 502 ergo
2746 431 2873 502 quia
2920 427 3208 503 decalogus
3245 437 3493 492 exeunti-

217 518 463 575 salvator
489 518 734 589 corporis
759 517 1002 573 mulieris
1047 517 1102 571 in
1139 518 1554 574 necessitatibus
1578 528 1634 575 et
1657 519 1802 574 dolo-

217 612 374 668 ribus
402 612 530 667 dum
565 611 878 667 inﬁrmioris
901 626 1062 667 sexus
1088 619 1189 667 est.
1223 609 1357 678 Viri,
1389 611 1587 683 diligite
1614 629 1804 667 uxores

217 721 437 766 vestras.
473 707 706 764 Sanctus
739 723 892 764 amor
914 707 1005 768 hic
1053 707 1448 778 intelligendus,
1478 716 1538 762 ut
1561 707 1804 776 volupta-

218 810 304 856 tes
333 808 670 867 resecentur,
693 809 754 856 ut
777 808 1116 873 praegnantes
1152 800 1219 855 ad
1250 809 1467 869 partum
1495 815 1666 870 usque
1696 813 1805 853 non

215 900 431 948 coeant.

289 982 442 1040 Sicut
467 993 513 1039 et
537 983 776 1039 Christus
801 981 986 1038 dilexit
1020 981 1333 1037 Ecclesium.
1375 981 1454 1036 Ita
1488 988 1544 1036 et
1569 995 1666 1036 vos
1705 994 1805 1050 pro

215 1077 508 1132 sanctitate
537 1089 786 1140 uxorum,
819 1090 920 1130 nec
950 1074 1111 1141 mori,
1141 1074 1188 1130 si
1223 1088 1445 1128 necesse
1485 1070 1671 1136 fuerit,
1713 1085 1805 1126 re-

216 1169 442 1225 cusetis.
480 1166 547 1223 Ut
581 1185 696 1223 eam
740 1167 1116 1237 sanctiﬁcaret.
1162 1167 1318 1236 Aqua
1346 1165 1490 1220 enim
1526 1163 1658 1218 lavit
1680 1177 1804 1217 cor-

211 1277 343 1333 pus,
371 1262 610 1316 animam
663 1259 911 1316 doctrina
936 1278 950 1313 :
980 1259 1056 1313 ita
1085 1265 1140 1314 et
1169 1273 1264 1313 vos
1293 1271 1522 1328 corpora
1572 1267 1805 1309 uxorum

212 1356 572 1421 continentia,
601 1362 656 1410 et
681 1354 918 1410 animam
966 1353 1221 1408 inundate
1253 1351 1524 1408 doctrina.
1553 1349 1622 1403 In
1647 1348 1803 1404 verba

213 1447 356 1502 uiue.
380 1447 439 1502 Id
461 1456 563 1510 est,
590 1447 646 1502 in
672 1445 914 1502 doctrina
944 1461 1042 1516 per
1073 1445 1429 1517 baptismum,
1460 1442 1547 1499 vel
1573 1442 1801 1497 verbum

212 1543 363 1612 quod
386 1550 640 1598 cantatur
665 1541 989 1596 asacerdote
1017 1539 1088 1594 ad
1112 1539 1460 1610 baptismum.
1497 1534 1566 1590 Ut
1594 1537 1661 1590 sit
1683 1552 1804 1590 san-

212 1641 322 1689 cta.
346 1633 403 1688 Id
425 1642 526 1700 est,
553 1634 753 1688 anima.
784 1633 854 1687 Et
901 1633 1263 1688 immaculata.
1312 1631 1370 1687 Id
1415 1640 1516 1696 est,
1551 1646 1796 1700 corpore.

212 1724 326 1780 Sed
359 1726 521 1780 nutrit
552 1734 599 1780 et
629 1725 782 1796 fovet.
816 1724 887 1781 Ut
939 1725 1199 1780 uxoribus
1232 1723 1612 1779 vestimentum
1642 1731 1697 1776 et
1720 1721 1801 1775 vi-

1904 520 2005 576 bus
2034 523 2099 576 de
2126 520 2453 594 Egypto,et
2480 523 2653 594 prima
2675 523 2761 578 lex
2790 523 2915 578 data
2936 533 3040 588 est,
3069 526 3492 595 unumquodque
3527 583 3530 586 ,

1905 614 2223 668 mandatum
2257 615 2499 686 decalogi
2531 615 2766 685 primum
2793 624 2897 682 est,
2925 615 2992 670 ad
3026 616 3493 685 comparationem

1905 722 2090 762 eorum
2115 717 2505 777 praeceptorum
2525 723 2644 777 quae
2680 717 2866 779 postea
2889 708 2945 762 in
2969 707 3086 778 lege
3111 699 3312 778 scripta
3340 715 3488 763 sunt.

1905 798 2007 866 Qui
2065 799 2304 871 priorem
2351 798 2760 854 excusationem
2805 797 3086 864 defendit,
3138 798 3195 853 in
3251 797 3494 852 secundo

1905 894 2161 948 mandato
2219 907 2328 947 non
2377 907 2623 947 seorsum
2677 892 2847 958 dicet,
2906 891 3001 947 sed
3045 892 3145 946 sub
3190 906 3300 946 uno
3341 897 3494 945 textu

1905 993 2072 1055 atque
2095 999 2344 1040 sermone
2386 999 2496 1039 non
2523 992 2634 1039 tam
2663 983 3077 1055 promissionem
3106 983 3494 1053 datam,quam

1906 1077 2226 1133 sententiam
2261 1082 2318 1130 et
2345 1073 2532 1130 laudes
2567 1075 2662 1130 Dei
2707 1091 2828 1130 esse
2858 1073 3057 1139 ﬁnitas,
3113 1073 3364 1129 facientis
3390 1073 3495 1128 mi-

1905 1167 2287 1231 sericordiam,
2321 1173 2429 1221 etc.
2489 1164 2558 1219 In
2585 1165 2921 1236 simplicitate
2953 1165 3144 1220 cordis.
3181 1165 3242 1220 Id
3265 1172 3370 1231 est,
3401 1164 3496 1220 de-

1903 1261 2080 1332 posita
2127 1260 2311 1330 priore
2339 1257 2592 1330 superbia
2638 1264 2694 1312 et
2732 1257 3094 1313 simulatione.
3152 1255 3254 1312 Hic
3308 1265 3495 1312 autem

1904 1352 2473 1426 providetApostolus,
2491 1366 2558 1406 ne
2581 1351 2826 1407 doctrina
2839 1351 3045 1407 Christi
3065 1352 3121 1406 in
3146 1351 3328 1420 aliquo
3348 1350 3496 1405 blas-

1902 1449 2210 1519 phemetur,
2248 1445 2294 1500 si
2324 1445 2608 1500 credentes
2653 1442 2797 1498 servi
2835 1442 3071 1498 dominis
3094 1442 3313 1497 inutiles
3339 1429 3494 1496 ﬁant.

1976 1539 2127 1596 Sicut
2178 1537 2407 1593 Christo.
2457 1535 2687 1592 Pulchre
2717 1534 2942 1600 addidit,
2972 1535 3106 1590 sicut
3135 1533 3377 1600 Christo,
3433 1541 3497 1588 ut

1903 1631 2112 1688 scilicet
2140 1645 2246 1684 non
2291 1628 2477 1684 audiat
2519 1641 2710 1683 servus
2766 1624 3042 1681 carnalem
3082 1625 3398 1692 dominum,
3443 1622 3494 1678 si

1904 1720 2177 1776 contraria
2198 1718 2485 1790 praeceptis
2512 1717 2607 1772 Dei
2633 1716 2865 1772 voluerit
2895 1715 3184 1787 imperare.

210 1822 364 1871 ctum
396 1826 450 1872 et
475 1833 596 1889 quae
610 1817 919 1872 necessaria
942 1825 1067 1872 sunt
1090 1818 1448 1887 przebeamus.
1481 1814 1628 1870 Sicut
1650 1815 1802 1870 Cll-ri-
1828 1806 1875 1865 B
1976 1811 2100 1866 Non
2128 1813 2196 1866 ad
2227 1809 2458 1865 oculum.
2487 1809 2852 1864 Prtesentibus
2880 1817 3089 1865 tantum
3109 1808 3363 1866 dominis.
3385 1806 3499 1862 Sic-

208 1917 327 1963 stus
357 1908 669 1964 Ecclesiam.
723 1907 834 1964 Ut:
867 1906 1081 1973 Quoties
1113 1907 1252 1960 volui
1310 1923 1624 1977 congregare
1662 1904 1801 1975 ﬁlios

208 2007 353 2068 tuos,
387 2009 496 2056 etc.
537 1999 688 2072 (Luc.
719 1997 863 2069 xm).
894 1997 1032 2063 Quia
1058 1997 1289 2051 membra
1317 2013 1518 2050 sumus.
1563 1994 1804 2050 Membra

205 2089 330 2158 ejus
362 2091 562 2147 debent
586 2092 641 2146 in
672 2090 923 2146 omnibus
953 2103 1075 2143 eum
1101 2087 1326 2150 imitari,
1354 2088 1418 2142 de
1447 2101 1611 2142 carne
1633 2085 1804 2156 ipsius

206 2182 334 2240 sive
376 2186 638 2253 hominis,
665 2200 825 2257 quem
855 2183 1145 2253 assumpsit
1197 2199 1264 2239 ex
1320 2181 1513 2249 Maria,
1541 2181 1654 2237 sive
1696 2180 1803 2236 Ec-

204 2277 417 2332 clesire.

281 2368 514 2440 Pr0pter
555 2370 652 2424 hoc
715 2369 968 2441 relinquet
1025 2370 1180 2423 homo
1227 2376 1429 2440 patrem
1489 2375 1537 2421 et
1579 2373 1802 2420 matrem

205 2476 382 2516 suam.
428 2453 795 2530 Spiritualiter
817 2461 1035 2531 reliquit
1055 2459 1304 2516 Christus
1334 2459 1505 2513 Deum
1534 2456 1754 2512 Patrem
1781 2497 1798 2523 ,

208 2561 266 2608 et
283 2561 516 2607 matrem
544 2553 883 2609 Hierusalem
915 2554 1210 2616 caelestem,
1239 2563 1295 2607 et
1316 2551 1465 2606 venit
1508 2550 1577 2604 ad
1625 2557 1800 2604 terras

211 2642 281 2697 ad
307 2643 623 2699 Ecclesiam.
649 2644 718 2699 Et
767 2646 1055 2700 adhaerebit
1082 2645 1237 2699 uxori
1270 2659 1402 2698 suae.
1437 2640 1802 2712 Spiritualiter

209 2733 468 2790 Ecclesiae
499 2735 750 2792 Christus
784 2752 851 2792 ex
894 2745 1126 2808 utroque
1174 2751 1368 2806 populo
1407 2734 1664 2791 collectae.
1698 2731 1802 2789 Sa-

210 2837 538 2884 cramentum
560 2830 658 2885 hoc
685 2847 932 2902 magnum
956 2840 1052 2885 est.
1093 2829 1232 2886 Sunt
1258 2831 1402 2884 enim
1433 2829 1540 2884 alia
1588 2828 1800 2883 minora

211 2932 572 2978 sacramenta.
612 2921 982 2978 Verumtamen
1019 2923 1234 2995 singuli.
1285 2923 1400 2978 Hoc
1431 2930 1536 2988 est,
1561 2922 1688 2977 licet
1743 2920 1800 2976 in

209 3010 429 3069 Christo
452 3023 509 3070 et
531 3014 770 3072 Ecclesia
808 3017 1060 3082 dixerim,
1106 3024 1287 3071 tamen
1333 3023 1546 3086 oportet
1592 3014 1798 3069 servari

210 3104 265 3159 in
297 3106 563 3177 conjugio.
597 3104 662 3160 Ut
693 3108 1046 3178 unusquisque
1071 3123 1286 3162 uxorem
1310 3108 1444 3160 sicut
1467 3105 1799 3175 semetipsum

1905 1914 1960 1959 ut
1999 1903 2247 1959 Domino.
2279 1904 2509 1959 Domino
2534 1904 2722 1968 servit,
2752 1903 2844 1972 qui
2888 1918 3010 1957 cum
3043 1903 3184 1958 bona
3215 1900 3498 1956 voluntate

1905 1994 2074 2049 animi
2103 1994 2384 2049 servitium
2417 1994 2653 2049 dominis
2685 1994 2832 2049 facit.
2868 1993 3000 2048 Cum
3026 1993 3160 2048 bona
3205 1993 3494 2047 voluntate.

1905 2087 2023 2143 Non
2047 2104 2170 2142 cum
2209 2088 2662 2151 murmuratione,
2714 2102 2782 2141 ne
2831 2088 2972 2158 apud
3001 2089 3251 2142 homines
3283 2086 3458 2157 gratia
3479 2126 3497 2153 ,

1905 2190 1960 2237 et
1979 2181 2118 2250 apud
2134 2181 2302 2235 Deum
2326 2181 2578 2236 mercede
2608 2180 2914 2250 privemini.
2943 2180 3280 2235 Remittentes
3303 2180 3496 2235 minas.

1903 2270 1982 2326 Ne
2003 2280 2197 2326 vestrae
2239 2271 2457 2325 malitite
2513 2272 2849 2342 imputetur,
2911 2272 2953 2326 si
2985 2271 3293 2342 effugerint.
3357 2271 3500 2337 Quia

1901 2361 2114 2416 illorum
2130 2371 2177 2416 et
2200 2361 2634 2416 vesterDominus
2660 2373 2732 2416 est
2752 2365 2808 2416 in
2838 2363 2998 2417 caelis.
3023 2364 3079 2418 Id
3108 2373 3211 2432 est,
3242 2365 3384 2420 sicut
3409 2379 3501 2418 su-

1901 2468 1999 2524 per
2040 2469 2225 2508 servos
2263 2453 2538 2509 vindicare
2601 2455 2832 2524 potestis
2867 2495 2882 2522 ,
2949 2457 3122 2526 magis
3176 2464 3359 2511 autem
3407 2470 3501 2510 su-
3590 2511 3593 2520 ,

1901 2556 1997 2612 per
2025 2558 2122 2597 vos
2156 2542 2433 2597 vindicare
2460 2552 2640 2614 potest
2678 2545 2840 2600 Deus.
2869 2543 3235 2603 Personarum
3271 2561 3376 2600 non
3422 2555 3500 2599 est

1902 2637 2132 2707 acceptio
2158 2636 2298 2706 apud
2320 2636 2510 2691 Deum.
2543 2636 2644 2705 Qui
2686 2637 2833 2693 solus
2864 2646 3076 2692 tantum
3103 2637 3348 2694 vindicat
3396 2652 3498 2692 vo-

1902 2723 2158 2792 luntates,
2184 2735 2240 2782 et
2263 2727 2419 2797 juxta
2457 2744 2550 2784 eas
2598 2729 2855 2785 deteriori
2901 2727 3122 2800 praefert
3183 2727 3495 2793 meliorem,

1902 2819 2108 2892 eligens
2136 2819 2301 2890 facta,
2334 2839 2442 2878 non
2471 2823 2738 2879 homines.
3121 2820 3126 2825 ’

1973 2911 2052 2966 De
2078 2923 2286 2969 ca’tero.
2336 2915 2467 2971 Post
2528 2915 2781 2986 specialia
2832 2915 3086 2971 mandata
3137 2915 3381 2969 virorum
3433 2928 3500 2968 ac

1903 3005 2211 3075 mulierum,
2242 3025 2385 3064 nunc
2425 3009 2747 3081 generaliter
2771 3025 2961 3066 omnes
2991 3011 3266 3065 admonet.
3313 3008 3500 3063 Recto-

1894 3115 1985 3152 -res
2007 3100 2167 3170 hujus
2191 3103 2396 3156 mundi.
2427 3102 2529 3169 Qui
2582 3111 2778 3175 regunt
2819 3103 2873 3158 in
2903 3118 3033 3158 aere
3073 3118 3202 3158 suos
3251 3101 3496 3172 angelos.

207 3171 414 3267 diligat.
442 3171 638 3269 Diliges
667 3171 969 3268 proximum
993 3209 1141 3253 tuum
1170 3201 1305 3253 sicut
1327 3199 1550 3269 teipsum
1573 3171 1792 3269 (Matth.
1823 3171 1869 3235 C
1901 3189 2158 3250 Diabolus
2186 3195 2332 3250 enim
2383 3196 2496 3251 suis
2523 3171 2729 3268 angelis
2757 3194 3136 3269 [Satellitibus]
3164 3171 3378 3251 diversa
3417 3191 3503 3249 of-

208 3291 372 3360 xxn),
396 3289 550 3360 juxta
594 3291 1098 3361 interpretationem
1145 3290 1464 3346 Salvatoris.
1513 3289 1800 3347 Proximus

209 3390 295 3436 est
323 3383 501 3438 omnis
545 3384 728 3439 homo.
762 3383 918 3438 Nulla
958 3399 1088 3455 ergo
1117 3383 1224 3439 erit
1279 3383 1420 3437 inter
1464 3397 1692 3438 uxorem
1746 3389 1802 3437 et

209 3475 578 3542 quorumlibet
600 3475 881 3531 hominum
909 3477 1253 3532 dilectionem
1288 3474 1591 3531 differentia
1619 3474 1801 3530 chari-

209 3563 380 3618 tatis?
410 3566 553 3634 quod
580 3567 760 3622 dicere
788 3567 1083 3622 absurdum
1104 3575 1188 3622 est
1213 3582 1228 3620 :
1268 3566 1322 3619 in
1348 3566 1599 3636 proximo
1650 3564 1800 3620 enim

208 3653 515 3710 similitudo
539 3657 848 3726 ponitur,nt
869 3659 952 3714 sic
973 3673 1099 3713 eum
1121 3657 1313 3729 diligas
1357 3658 1498 3712 sicut
1530 3665 1602 3722 te,
1629 3666 1684 3712 et
1705 3672 1802 3712 cu-

207 3744 331 3814 pias
360 3761 484 3801 esse
510 3746 776 3802 salvatum
804 3767 816 3803 :
851 3749 904 3802 in
939 3764 1110 3805 uxore
1140 3757 1320 3803 autem
1374 3747 1801 3817 comparationis

210 3837 528 3893 adverbium
580 3839 796 3895 dicitur.
829 3839 980 3896 Sicut
1029 3855 1136 3896 non
1188 3840 1596 3896 similitudinem
1626 3881 1641 3906 ,
1705 3840 1800 3896 sed

207 3926 585 3999 probationem
614 3942 670 3988 et
696 3934 1163 3990 conﬁrmationem
1195 3942 1375 3998 sonat,
1399 3933 1620 3989 sicutde
1643 3931 1800 3988 Chri-

209 4028 297 4074 st!)
318 4021 521 4077 dicitur
550 4042 565 4078 :
597 4024 766 4092 Quasi
796 4025 1059 4096 unigeniti
1084 4041 1116 4078 a
1143 4023 1324 4080 Patre.
1355 4022 1501 4078 Uxor
1528 4033 1585 4078 ut
1613 4025 1796 4078 timeat

209 4111 400 4166 virum.
431 4113 559 4169 Duae
582 4117 957 4188 signiﬁcantia:
981 4118 1033 4171 in
1062 4117 1228 4171 verbo
1254 4117 1465 4172 timoris
1486 4124 1613 4171 sunt
1641 4135 1653 4169 :
1679 4115 1799 4171 Una

210 4212 296 4258 est
315 4220 421 4275 qua
453 4207 595 4262 servi
627 4210 877 4278 spiritum
927 4209 1204 4264 servitutis
1237 4209 1440 4263 habent
1486 4209 1541 4261 in
1570 4209 1797 4273 timore;

209 4294 384 4352 altera
407 4312 508 4368 pro
539 4301 846 4356 reverentia
873 4299 979 4356 dici
1005 4307 1206 4370 potest,
1233 4308 1291 4354 ut
1319 4315 1459 4355 uxor
1487 4306 1801 4354 revereatur

209 4389 391 4446 virum
420 4407 597 4448 suum.

842 4484 1068 4542 CAPUT
1099 4486 1187 4542 VI.

283 4572 436 4642 Filii,
465 4576 666 4632 obedite
695 4578 1019 4649 parentibus.
1069 4577 1127 4633 Id
1149 4585 1234 4634 est
1258 4618 1273 4644 ,
1303 4578 1357 4633 in
1388 4577 1704 4648 parentibus
1732 4593 1798 4634 ea

209 4681 339 4738 quae
357 4683 464 4722 non
493 4679 619 4725 sunt
647 4671 858 4726 Domini
885 4672 1156 4727 contraria
1190 4671 1472 4727 voluntati.

289 4757 446 4825 Quod
463 4772 535 4815 est
555 4763 865 4819 mandatum
888 4766 1134 4835 primum.
1162 4764 1434 4832 Quaeritur
1458 4779 1627 4834 quare
1653 4777 1799 4819 nunc

207 4850 414 4908 dixerit
441 4867 456 4906 :
486 4855 623 4925 quod
649 4864 724 4911 est
760 4856 1067 4911 mandatum
1091 4857 1338 4928 primum,
1365 4872 1489 4913 cum
1523 4857 1594 4912 sit
1629 4872 1796 4926 quar-

207 4953 329 4999 tum
377 4945 466 5001 vel
509 4947 756 5016 quintum
788 4965 802 5003 :
831 4947 1071 5003 Primum
1127 4949 1274 5004 enim
1320 4949 1635 5005 mandatum
1664 4955 1794 5003 est:

212 5032 343 5089 Non
366 5045 517 5091 erunt
540 5038 635 5092 tibi
672 5038 748 5093 dii
774 5037 934 5094 alieni
967 5048 1159 5111 prieter
1189 5057 1269 5095 me
1308 5038 1506 5113 (Exod.
1532 5039 1650 5110 xx).
1671 5038 1797 5095 Ideo

207 5127 305 5181 alii
329 5129 691 5203 distinguunt,
723 5133 868 5204 quod
898 5141 981 5189 est
1005 5132 1319 5188 mandatum
1360 5133 1598 5202 primum
1627 5133 1684 5188 in
1711 5146 1798 5187 re-

208 5220 594 5290 promissione,
624 5225 781 5295 quasi
809 5233 1042 5296 quatuor
1064 5223 1168 5280 alia
1195 5224 1481 5291 mandata,
1518 5240 1637 5295 quae
1668 5233 1798 5280 ante

209 5311 332 5368 haec
355 5313 498 5369 dicta
536 5323 682 5380 sunt,
713 5332 821 5373 non
845 5316 1083 5373 habeant
1106 5314 1546 5388 promissionem.
1580 5315 1687 5371 Sed
1715 5316 1797 5370 vi-

208 5405 414 5462 dentur
441 5408 574 5464 mihi
607 5423 714 5464 non
768 5409 1086 5465 observasse
1117 5409 1389 5466 subtiliter
1411 5449 1427 5476 ,
1479 5408 1576 5464 sed
1622 5409 1680 5463 in
1711 5423 1796 5464 se-

207 5499 392 5555 eundo
417 5502 671 5557 mandato
696 5501 1171 5573 repromissionem
1220 5514 1340 5555 esse
1374 5502 1654 5556 sociatam.
1709 5499 1802 5555 Ait

105 5624 107 5626 -
207 5592 380 5657 enim,
406 5593 530 5650 Non
567 5595 728 5665 facies
765 5595 858 5649 tibi
890 5593 1054 5661 idola,
1080 5609 1242 5665 neque
1271 5591 1802 5647 omnem'similitudi-

207 5699 351 5748 nem,
374 5700 545 5756 usque
568 5727 584 5752 ,
630 5696 678 5741 et
714 5687 851 5756 facio
898 5683 1312 5740 misericordiam
1338 5683 1419 5737 his
1457 5682 1548 5753 qui
1577 5681 1801 5751 diligunt

207 5791 316 5845 me,
340 5784 446 5835 etc.
495 5777 736 5839 Observa
766 5779 934 5837 verba
962 5775 1269 5852 sponsionis
1295 5816 1310 5846 ,
1364 5772 1567 5832 faciens
1593 5773 1812 5854 miseri:

1905 3282 2028 3339 ﬁcia
2057 3284 2270 3352 divisit;
2299 3295 2394 3341 aut
2415 3296 2654 3342 rectores
2680 3287 2841 3358 hujus
2885 3287 3094 3353 mundi,
3125 3287 3179 3342 id
3207 3295 3314 3354 est,
3339 3301 3498 3340 ama-

1902 3383 2082 3432 torum
2110 3386 2164 3432 et
2185 3378 2487 3432 carnalium
2517 3378 2680 3449 hujus
2706 3378 2912 3435 mundi.

1975 3469 2329 3525 Tenebrarum
2355 3472 2564 3527 harum.
2596 3472 2730 3527 Tota
2752 3473 2854 3528 ista
2882 3481 3102 3528 terrena
3123 3470 3238 3526 vita
3261 3471 3505 3527 tenebras

1902 3561 2100 3617 dicitur
2129 3579 2143 3616 :
2178 3562 2268 3617 lux
2296 3564 2494 3634 quippe
2525 3563 2670 3618 lucet
2696 3565 2750 3618 in
2783 3564 3042 3618 tenebris.

1972 3652 2040 3707 In
2070 3653 2381 3708 ctelestibus.
2430 3655 2488 3709 Id
2529 3665 2636 3721 est,
2684 3655 2737 3709 in
2779 3669 2903 3710 aere
2939 3653 3390 3710 discurrentibus.
3429 3649 3501 3708 ιιι

1901 3743 1987 3797 die
2012 3743 2171 3798 malo.
2204 3744 2356 3799 Diem
2384 3753 2565 3800 autem
2591 3744 2791 3800 malum
2817 3761 3056 3815 praesens
3079 3753 3289 3815 tempus
3317 3752 3502 3800 osten-

1903 3837 2000 3902 dit,
2029 3837 2094 3892 de
2124 3852 2230 3907 quo
2259 3853 2421 3909 supra
2452 3838 2666 3893 dixerat
2692 3857 2704 3893 :
2742 3837 3076 3892 Redimentes
3123 3847 3326 3908 tempus
3360 3853 3498 3909 quo-

1903 3929 2043 3984 niam
2071 3929 2181 3984 dies
2205 3928 2332 3984 mali
2361 3939 2503 3996 sunt,
2531 3941 2753 4001 propter
2782 3928 3060 4001 angustias
3089 3936 3144 3982 et
3169 3928 3294 3983 vita’
3334 3927 3500 3997 hujus

1901 4020 2149 4088 labores,
2209 4030 2302 4076 aut
2351 4030 2499 4077 certe
2546 4022 3030 4077 consummationis
3075 4029 3239 4091 atque
3279 4018 3498 4088 judicii,

1902 4114 2118 4184 quando
2144 4113 2390 4168 diabolus
2425 4113 2676 4169 inimicus
2719 4123 2775 4169 et
2819 4113 3018 4170 vindex
3056 4128 3154 4170 sua
3188 4128 3288 4168 nos
3318 4113 3495 4182 cupiet

1903 4209 1957 4262 in
1989 4217 2142 4279 parte
2167 4209 2421 4263 retinere.

1975 4294 2120 4348 State
2161 4312 2303 4366 ergo.
2344 4294 2423 4350 Ne
2450 4294 2778 4350 moveamini
2819 4295 2886 4350 de
2933 4294 3072 4359 acie,
3122 4293 3220 4349 sed
3247 4291 3499 4348 stabilem

1904 4389 2051 4459 ﬁgite
2073 4388 2301 4458 gradum
2334 4403 2498 4458 super
2525 4396 2738 4458 petram
2776 4386 3078 4440 Christum.

1975 4480 2239 4534 Succincti
2271 4478 2494 4532 lumbos.
2533 4479 2682 4534 Zona
2732 4477 3085 4533 continentia:
3123 4490 3139 4531 :
3171 4475 3296 4547 quia
3333 4476 3498 4548 igitur

1824 4541 1877 4602 D
1903 4572 2071 4627 lumbi
2102 4572 2157 4626 in
2184 4571 2534 4642 generatione
2563 4584 2776 4639 semper
2809 4569 3147 4637 accipiuntur
3183 4577 3237 4623 ct
3266 4569 3495 4635 semine,

1900 4665 2114 4719 videtur
2153 4662 2309 4717 nobis
2353 4662 2657 4717 accinxisse
2696 4660 2908 4715 lumbos
2951 4676 3111 4728 suos,
3156 4661 3250 4732 qui
3292 4675 3498 4731 nequa-

1900 4771 2063 4826 quam
2084 4755 2239 4810 uxori
2265 4754 2502 4809 debitum
2529 4754 2724 4820 reddit,
2750 4768 2849 4808 nec
2873 4754 3040 4808 servit
3057 4753 3285 4808 libidini.
3315 4752 3383 4805 In
3413 4766 3498 4804 ve-

1900 4848 2074 4900 ritate.
2098 4845 2215 4902 Non
2244 4846 2299 4900 in
2319 4845 2612 4916 hypocrisi,
2640 4860 2800 4900 nemo
2821 4845 2966 4900 enim
2985 4844 3358 4909 coronabitur,
3382 4850 3493 4898 etc.

1898 4940 2145 4995 Loricam
2157 4940 2406 5010 justitiw.
2449 4939 2602 4995 Sicut
2630 4940 2798 4996 lorica
2845 4939 3030 4995 multis
3059 4937 3280 4994 circulis
3310 4945 3365 4991 et
3395 4937 3498 4992 ha-

1900 5034 2060 5089 mulis
2100 5034 2382 5099 intexitur,
2425 5033 2501 5087 ita
2537 5032 2751 5104 justitia
2795 5032 3026 5089 diversis
3069 5031 3331 5085 virtutum
3358 5043 3496 5086 con--

1898 5124 2138 5179 nectitur
2164 5123 2467 5194 speciebus.

1968 5215 2187 5273 Scutum
2211 5215 2356 5285 ﬁdei.
2387 5215 2516 5271 Sine
2561 5224 2718 5272 scuto
2762 5215 2942 5272 omnis
2982 5220 3226 5269 armatus
3268 5211 3495 5268 inermis

1897 5319 2014 5378 est;
2047 5313 2122 5367 ita
2151 5317 2208 5365 et
2228 5311 2312 5366 has
2339 5310 2570 5365 virtutes
2590 5310 2708 5365 sine
2738 5309 2843 5365 ﬁde
2869 5307 3080 5364 salvare
3108 5322 3216 5362 non
3240 5315 3492 5379 possunt,

1902 5403 1956 5458 in
1985 5401 2238 5457 omnibus
2267 5400 2659 5456 certaminibus
2698 5398 2803 5454 ﬁde
2828 5397 3156 5453 muniamur.
3182 5397 3252 5451 Et
3272 5395 3496 5451 calceati

1900 5493 2076 5565 pedes.
2121 5493 2290 5548 Docet
2330 5491 2584 5546 ﬁduciam
2625 5489 3026 5561 praedicationis
3080 5497 3395 5559 opportunae
3435 5496 3495 5542 et

1905 5585 2248 5655 importunae,
2291 5591 2350 5636 ut
2370 5582 2643 5637 calceatus
2681 5580 2943 5634 audenter
2975 5579 3234 5636 ambulet.

1977 5675 2198 5741 Sumite,
2224 5675 2416 5745 inquit,
2451 5683 2652 5726 scutum
2675 5670 2819 5739 ﬁdei,
2850 5671 2905 5725 in
2932 5689 3034 5742 quo
3065 5671 3275 5742 possitis
3313 5668 3494 5723 omnia

1907 5771 2010 5829 tela
2033 5768 2332 5844 nequissimi
2358 5767 2525 5839 ignita
2557 5765 2889 5838 restinguere.
2919 5765 3061 5839 Ergo
3088 5762 3221 5821 ﬁdes
3241 5771 3325 5819 est
3342 5774 3490 5832 qua.
