4046 6332
559 300 652 363 211

1940 291 2213 367 senum
2251 240 2447 367 soon

3710 288 3829 349 212

561 417 840 489 excipiens
868 413 1251 487 ardentissima
1279 411 1559 468 libidinum
1584 409 1715 484 tela,
1742 415 1946 465 metum
1974 408 2140 464 futuri
2167 413 2223 489 Α
2313 407 2396 462 Ad
2432 406 2746 478 apertionem
2777 404 2885 459 oris
2930 404 3053 459 mei.
3093 402 3202 461 Ut:
3241 402 3486 472 Domine,
3532 401 3675 460 labia
3702 420 3831 461 mea

560 510 748 584 iudicii
786 526 854 566 ex
892 508 1129 565 cmlestis
1171 506 1325 578 regni
1370 504 1688 562 credulitate
1720 502 2034 579 mortificat.
2071 501 2142 555 Et

545 603 803 675 loricam,
839 601 1043 670 inquit;
1080 599 1318 655 charitas
1347 598 1460 668 ipsa
1491 611 1681 666 nempe
1704 604 1931 665 estquae
1958 592 2145 648 vitalia

561 694 798 766 pectoris
840 690 1015 747 nostri
1044 682 1391 762 circumdans
1435 699 1596 760 atque
1636 687 2029 751 communiens,
2068 684 2145 740 le-

563 787 798 842 thalibus
831 782 1299 857 perturbationum
1329 780 1539 849 objecta
1568 780 1901 844 vulneribus,
1931 785 2145 832 contra-

562 868 673 933 rios
706 875 946 955 retundit
971 874 1134 937 ictus,
1170 887 1270 928 nec
1308 872 1374 943 ad
1402 871 1719 926 interiorem
1744 869 2017 924 hominem
2047 883 2147 923 no-

562 982 736 1051 strum
752 954 930 1042 jacula
952 968 1127 1051 sabuli
1141 977 1427 1039 penetrare
1439 966 1720 1051 permittit,
1734 965 1916 1021 omnia
1932 963 2145 1031 suﬂ'ert,

563 1044 745 1143 omnia
762 1065 1000 1149 patitur,
1024 1061 1207 1137 omnia
1231 1050 1479 1131 sustinet.

578 1144 591 1153 ’
637 1159 707 1233 Et
741 1144 946 1245 galeam
968 1158 1076 1245 spei
1090 1156 1295 1239 salutis.
1321 1154 1487 1237 Galea
1513 1153 1709 1227 capitis
1731 1158 1815 1208 est
1838 1152 2145 1225 munimen:

567 1230 694 1333 quia
747 1230 883 1331 ergo
931 1230 1397 1333 caputunostrum‘
1430 1247 1680 1302 Christus
1728 1254 1832 1310 est,
1890 1243 2151 1299 debemus

568 1336 784 1421 semper
819 1345 958 1417 istud
984 1359 1079 1415 Spe
1105 1342 1408 1421 futurorum
1444 1340 1728 1407 bonorum,
1756 1337 1906 1391 velut
1929 1336 2152 1403 inexpu-

569 1420 769 1509 gnabili
811 1436 985 1509 galea,
1027 1434 1081 1513 in
1119 1434 1329 1490 cunctis
1381 1428 1768 1485 tentationibus
1804 1442 1867 1483 ac
1901 1440 2155 1496 persecu-

572 1524 812 1601 tionibus
858 1526 1211 1607 communire,
1245 1533 1300 1585 et
1331 1522 1698 1607 principaliter
1738 1521 1896 1576 ﬁdem
1932 1520 2048 1590 ejus
2092 1517 2157 1572 il-

571 1600 756 1695 laesam
782 1630 943 1699 atque
967 1600 1231 1690 integram
1252 1600 1556 1681 custodire;
1588 1615 1709 1670 aliis
1728 1614 1870 1669 enim
1896 1610 2156 1666 membris

573 1719 882 1766 truncatum
913 1708 1219 1793 quempiam
1250 1706 1375 1760 licet
1405 1714 1459 1760 et
1486 1704 1739 1768 debilem,
1771 1700 2028 1772 possibile
2070 1707 2154 1753 ta-

572 1818 697 1877 men
738 1812 824 1860 est
851 1810 1122 1871 utcunque
1161 1812 1467 1868 superesse,
1508 1796 1623 1851 sine
1663 1794 1840 1865 capite
1883 1795 2033 1859 vero,
2061 1806 2156 1845 ne-

574 1880 707 1947 mini
731 1892 815 1947 vel
838 1890 1019 1947 brevis
1042 1890 1164 1944 vita:
1185 1889 1416 1958 spatium
1444 1893 1785 1957 prorogatur.

576 1962 585 1971 '
647 1983 718 2036 Et
738 1982 973 2052 gladium
1013 1981 1244 2050 spiritus,
1286 1978 1426 2050 quod
1468 1986 1542 2032 est
1584 1976 1791 2031 verbum
1828 1973 1947 2028 Dei.
1992 1970 2160 2027 Pene-

577 2072 817 2129 trabilius
847 2087 1075 2141 namque
1106 2079 1189 2125 est
1230 2069 1372 2123 omni
1397 2067 1573 2138 gladio
1615 2066 1852 2137 ancipiti,
1885 2073 1934 2119 et
1962 2065 2162 2135 pertin-

576 2181 698 2234 gens
724 2180 882 2233 usque
908 2164 978 2216 ad
1005 2161 1308 2215 divisionem
1352 2162 1543 2215 anima:
1583 2177 1645 2213 ac
1682 2160 1916 2229 spiritus,
1950 2174 2161 2228 compa-

575 2269 699 2323 gum
719 2270 920 2325 quoque
945 2262 993 2307 et
1021 2250 1388 2315 medullarum,
1416 2261 1463 2305 et
1488 2251 1741 2305 discretor
1761 2251 2156 2320 cogitationum,

575 2354 623 2398 et
651 2346 992 2417 intentionum
1018 2343 1190 2417 cordis
1218 2342 1402 2415 (Hebr.
1444 2342 1539 2414 tv),
1583 2342 1827 2397 dividens
1862 2341 2072 2396 scilicet
2107 2348 2163 2395 et

578 2434 904 2490 abscindens
930 2435 1193 2505 quidquid
1233 2434 1287 2488 in
1331 2433 1487 2489 nobis
1531 2433 1746 2488 carnale
1779 2443 2163 2505 terrenumque

578 2522 799 2591 reperit.
1090 2520 1095 2525 ⁷

653 2613 760 2668 Per
786 2631 991 2669 omnem
1016 2615 1323 2670 orationem.
1356 2611 1581 2691 Semper
1603 2615 1747 2695 hunc
1776 2615 2011 2688 gladium
2034 2629 2138 2686 por

570 2712 702 2758 tare
720 2703 806 2779 vel
831 2704 1126 2776 postulare.

2218 487 2447 571 'aperies
2477 495 2648 571 (Psal.
2672 495 2748 569 ι),
2774 505 2862 552 etc

2316 627 2445 686 Cum
2500 629 2719 699 ﬁducia.
2780 627 2910 701 Sine
2956 636 3102 687 metu
3154 627 3572 705 persecutionis.
3629 626 3836 685 Omnia

2244 731 2367 776 nota
2399 708 2555 792 faciet
2596 720 2868 791 Tychicus.
2907 720 3202 793 Dupliciter
3237 719 3643 793 intelligendum
3682 737 3696 773 :
3743 719 3837 775 vel

2245 809 2365 865 ideo
2394 809 2661 881 Tychicus
2692 810 2890 877 missus
2929 818 3013 865 est
3049 810 3118 865 ad
3163 810 3434 880 Ephesum
3466 818 3527 863 ut
3554 810 3841 864 nuntiaret

2246 902 2326 957 eis
2350 902 2560 957 vincula
2600 901 2841 972 Apostoli
2885 903 2952 957 ad
3001 903 3158 958 (idem
3198 902 3475 973 Evangelii
3506 900 3838 977 profecisse,

2246 1010 2315 1075 eo,
2355 1002 2593 1075 tempore
2645 1010 2751 1065 quo
2797 994 2864 1059 ad
2910 994 3257 1067 Colossenses
3309 992 3551 1073 scripsit,
3599 993 3839 1059 dicens:

2250 1086 2442 1161 ania
2474 1086 2612 1155 vobis
2643 1096 2766 1161 nota
2813 1086 2969 1156 faciet
3013 1085 3266 1159 Tychicus
3304 1084 3438 1165 (Col.
3473 1085 3581 1169 1v);
3608 1086 3845 1169 grandis

2249 1178 2392 1250 enim
2430 1175 2727 1247 consolatio
2756 1185 2873 1229 erat
2918 1176 3106 1241 audire
3146 1176 3400 1253 populum
3430 1173 3737 1249 Romanum
3786 1175 3844 1229 in

2252 1268 2466 1347 domina
2490 1267 2703 1336 urbium
2734 1267 3152 1341 triumphantem
3183 1268 3248 1323 de
3273 1266 3505 1335 vinculis
3532 1285 3545 1320 :
3573 1266 3657 1329 vel
3684 1275 3847 1323 certe

2253 1357 2325 1435 ob
2346 1358 2401 1437 id,
2423 1358 2692 1428 Tychicus
2720 1358 2917 1413 missus
2945 1366 3049 1421 est,
3080 1364 3139 1411 ut
3163 1359 3627 1422 conversationem
3653 1355 3844 1423 Pauli,

2255 1466 2419 1522 quam
2453 1436 2792 1533 ignorabant,
2830 1449 3175 1505 annuntiaret
3221 1449 3323 1515 eis,
3366 1448 3522 1519 quasi
3564 1449 3847 1518 quoddam

2252 1540 2468 1595 vivendi
2500 1539 2776 1613 exemplar
2821 1540 2975 1593 daret
3017 1540 3349 1603 discentibus
3389 1547 3536 1609 gesta
3589 1537 3849 1608 Apostoli

2256 1639 2418 1702 atque
2443 1631 2690 1695 virtutes,
2720 1638 2774 1687 et
2799 1645 2925 1697 eum
2953 1630 3154 1685 imitari
3178 1618 3503 1699 volentibus,
3534 1622 3637 1685 nec
3668 1644 3849 1703 parva

2258 1738 2379 1780 esse
2406 1731 2621 1795 poterat
2641 1723 2938 1803 consolatio
3674 1714 3677 1721 ’

2180 1811 2232 1879 Β
2333 1856 2455 1913 Pax
2489 1856 2742 1926 fratribus
2768 1864 2816 1910 et
2840 1853 3090 1911 charitas.
3120 1853 3251 1923 Pax,
3286 1861 3342 1921 et
3378 1839 3649 1925 Charitas,
3679 1861 3736 1910 et
3784 1853 3853 1925 ἰξε-

2265 1952 2381 2016 dcs,
2409 1949 2711 2019 perfectum
2740 1948 2947 2005 iaciunt
2977 1946 3342 2015 Christianum
3368 1964 3380 2000 :
3412 1955 3523 2017 tam
3549 1946 3697 2021 enim
3722 1946 3855 2017 sine

2266 2040 2372 2099 ﬁde
2401 2041 2737 2102 infructuosa
2775 2046 2860 2094 est
2883 2038 3142 2105 Charitas,
3170 2052 3335 2107 quam
3361 2036 3496 2107 fides
3518 2037 3636 2095 sine
3659 2036 3853 2113 chari—

2265 2142 2377 2193 tate
2401 2134 2486 2191 vel
2520 2148 2673 2203 pace.
2709 2132 2843 2189 Nam
2869 2132 3110 2193 charitas
3140 2129 3313 2199 major
3340 2139 3424 2201 est
3464 2144 3598 2203 pace
3623 2148 3637 2183 :
3666 2137 3861 2201 potest

2267 2230 2411 2289 enim
2443 2227 2566 2289 odio
2593 2243 2701 2287 non
2738 2226 2927 2291 haberi
2947 2225 3088 2296 quis,
3119 2239 3227 2295 non
3471 2231 3528 2283 et
3555 2222 3751 2283 antari,
3779 2220 3858 2287 Ir;

2263 2319 2674 2389 incorruptione.
2708 2316 2833 2372 Sive
2860 2302 3129 2382 castitate,
3179 2316 3292 2371 sive
3323 2314 3377 2369 in
3424 2328 3652 2383 quorum
3680 2311 3859 2379 corde,

2252 2412 2414 2495 .ttullo
2461 2409 2767 2467 adulterino
2802 2408 3063 2483 ιείλεεμιλκὶ
3106 2423 3295 2481 amore
3321 2405 3527 2481 Christi
3564 2404 3854 2479 delectatio

2262 2505 2512 2563 violetur.

600 2844 3809 2884 Μ

1321 3212 1425 3295 tN
1479 3207 2068 3296 EPISTOLAM
2124 3208 2256 3295 AD
2311 3172 3091 3301 PHILIPPENSES.

2051 3364 2373 3387 ﬂ

1097 3458 1325 3537 CAPUT
1360 3459 1649 3533 PRIMUM.

658 3548 864 3607 Paulus
906 3559 955 3605 et
1003 3549 1301 3617 Timotheus
1344 3553 1477 3621 servi
1520 3551 1650 3619 Iesu
1696 3551 1893 3608 Christi
1931 3550 2170 3607 omnibus

587 3640 781 3711 sanctis
811 3657 865 3697 tn
896 3637 1103 3697 Christo
1131 3642 1280 3710 Iesu,
1309 3642 1401 3714 qui
1427 3651 1549 3698 sunt
1575 3641 1855 3714 Philippis.
1891 3641 2169 3714 Metropoli

586 3735 932 3794 Macedoniae.
1334 3722 1339 3725 ’
1846 3722 1851 3729 ’

659 3828 792 3885 Cum
819 3829 1031 3909 gaudio.
1084 3830 1207 3907 Non
1248 3848 1373 3899 cum
1418 3832 1642 3888 tristitia
1688 3831 1914 3903 alicujus
1960 3829 2171 3903 peccati

586 3920 774 3977 vestri.
834 3910 1012 3992 Super
1056 3923 1522 3978 communicatione
1585 3935 1773 3979 vestra.
1834 3923 1968 3991 Quia
2035 3924 2170 3993 mihi

587 4011 1001 4087 communicatis
1019 4012 1074 4067 in
1103 4013 1392 4097 Evangelia
1420 4016 1778 4085 prmdicando.

661 4101 703 4153 A
735 4101 903 4173 primo
929 4102 1033 4156 die.
1061 4103 1177 4170 Quo
1208 4106 1493 4175 accepistis
1522 4106 1703 4161 (idem.
1736 4104 1909 4178 Usque
1932 4106 1987 4161 in
2031 4107 2171 4162 diem

590 4185 806 4247 Christi.
856 4192 1039 4264 Usque
1078 4194 1133 4249 in
1184 4195 1470 4250 adventum
1506 4197 1728 4252 Christi.
1774 4196 1923 4252 Sicut
1944 4197 2167 4267 justum.

590 4279 841 4338 Charitas
863 4284 1008 4339 enim
1029 4286 1211 4357 omnia
1235 4294 1435 4355 sperat.
1466 4286 1546 4341 Eo
1580 4288 1721 4359 quod
1747 4288 1964 4343 habeam
1992 4306 2082 4344 vos
2114 4290 2171 4344 in

586 4369 761 4424 corde.
784 4369 845 4426 ln
869 4380 1074 4428 tantum
1098 4389 1194 4441 vos
1218 4374 1401 4446 diligo,
1424 4360 1486 4431 ut
1506 4378 1637 4432 mihi
1664 4378 1981 4433 memoriam
2003 4381 2170 4435 vestri

552 4540 559 4547 _
588 4475 691 4516 nec
723 4463 804 4519 vis
827 4464 1211 4543 tribulationis,
1239 4456 1343 4522 nec
1367 4468 1671 4535 sollicitudo
1716 4469 2044 4527 defensionis
2075 4487 2170 4526 au-

584 4548 746 4607 ferat.
775 4553 846 4609 In
881 4556 1200 4639 defensione.
1233 4558 1367 4627 Quia
1404 4560 1632 4617 defendo
1679 4562 2031 4632 Evangelium
2076 4564 2170 4619 ad-

584 4656 776 4700 versus
804 4647 1104 4705 haereticos.
1151 4650 1219 4704 Et
1249 4653 1662 4725 conﬁrmatione.
1693 4655 1749 4710 Id
1778 4666 1882 4723 est,
1919 4657 2168 4727 exemplo

586 4742 642 4789 et
675 4736 941 4805 doctrina.
976 4738 1157 4795 Socios
1184 4742 1365 4812 gaudii
1397 4745 1518 4798 mei.
1550 4745 1664 4800 Hoc
1686 4746 1861 4800 sentio
1901 4746 1967 4801 de
2013 4747 2167 4801 vobis

2193 3461 2238 3525 ο
2269 3456 2387 3521 Dei,
2426 3462 2488 3510 ut
2516 3452 2818 3525 exemplum
2859 3453 3013 3508 iteret
3040 3448 3177 3515 aliis,
3219 3454 3283 3503 ut
3323 3443 3701 3504 ansulam
3726 3441 3860 3500 Phi.-

2272 3550 2564 3627 lippenses,
2592 3536 2819 3603 maestos
2847 3546 2915 3601 de
2941 3542 3170 3600 vinculis
3199 3550 3258 3599 et
3277 3538 3629 3596 tribulatione
3648 3534 3774 3607 eius
3796 3537 3858 3607 'm

2268 3641 2578 3786 Boiam:
2603 3730 2870 3801 prtetorio.
2892 3727 2953 3783 In
2977 3725 3226 3784 domibus
3243 3736 3453 3796 regem,
3476 3721 3577 3787 ubi?
3590 3726 3858 3792 Μ

2272 3826 2710 3971 δοξῗῖιὲςῗιῗιὶω
2762 3921 2821 3966 ut
2872 3910 3142 3966 auderent.
3199 3904 3555 3965 Villatith
3603 3918 3853 3961 meum

2272 4006 2520 4075 exemplo
2544 4013 2670 4060 sunt
2696 4003 2922 4067 incitati,
2952 4004 3079 4059 dum
3104 4016 3193 4057 me
3229 4015 3331 4072 pro
3360 3998 3581 4055 Christo
3604 3998 3857 4065 viderem

2270 4099 2630 4154 libentissime
2656 4097 2945 4153 sustinere.
2977 4095 3086 4151 Atii
3104 4094 3313 4168 quidem
3337 4100 3553 4164 prapter

2271 4193 2373 4251 llic
2407 4195 2684 4267 subiungit
2704 4204 2936 4271 quatuor
2961 4195 3179 4253 ordines
3195 4191 3611 4264 praedicantium
3631 4186 3860 4241 verbum

2270 4285 2390 4341 Dei.
2437 4286 2666 4358 Propter
2714 4287 3002 4352 invidiam,
3052 4287 3155 4340 hoc
3205 4292 3310 4347 est,
3359 4281 3489 4338 dum
3533 4277 3669 4333 mihi
3712 4273 3859 4347 apud

2272 4381 2557 4435 credentes
2583 4380 2811 4450 gloriam
2843 4378 3058 4433 auferre
3082 4392 3142 4432 se
3166 4382 3377 4445 putant,
3416 4387 3486 4428 ne
3531 4370 3683 4431 solus
3724 4366 3859 4424 mihi

2272 4472 2551 4527 vindicare
2578 4474 2763 4527 videar
2786 4472 3071 4527 scientiam
3108 4466 3460 4540 praedicandi.

2342 4564 2519 4643 Aliqui
2541 4575 2713 4620 autem
2741 4575 2789 4620 et
2809 4574 3017 4635 propter
3038 4563 3224 4617 bonam
3250 4561 3563 4617 voluntatem
3584 4556 3859 4613 Christum

2271 4651 2580 4720 prtedicant.
2608 4651 2745 4718 Quia
2772 4651 2905 4705 alios
2949 4650 3163 4705 salvare
3188 4646 3431 4707 volentes
3456 4644 3735 4703 Gbsistum
3761 4658 3858 4696 an-

2271 4742 2542 4795 nuntiant.
2569 4742 2675 4795 Alii
2701 4758 2766 4796 ezc
2791 4741 3063 4794 charitate.
3112 4739 3169 4793 Id
3204 4746 3307 4803 est,
3336 4744 3398 4792 ut
3422 4735 3555 4791 mihi
3580 4732 3860 4804 adiutum

587 4834 642 4881 et
664 4827 826 4882 credo
852 4830 977 4899 quia
1000 4831 1140 4886 sicut
1167 4848 1300 4888 mea:
1327 4835 1689 4901 tribulationis
1737 4837 1869 4892 socii
1913 4838 2063 4902 estis,
2092 4837 2169 4891 ita
2192 4842 2247 4902 D
2273 4830 2427 4897 ﬁant,
2455 4833 2580 4902 quia
2628 4833 2805 4887 sciunt
2834 4847 2923 4886 me
2958 4847 2989 4886 a
3021 4831 3133 4885 Deo
3160 4831 3231 4885 ad
3256 4828 3651 4884 (Ιεεεηὼηάυω
3680 4824 3861 4883 Evan-

586 4916 876 4990 Evangelio
929 4923 1253 4991 credidisse,
1302 4934 1363 4980 ut
1405 4929 1572 4999 etiam.
1624 4929 1677 4982 in
1730 4930 2169 4985 tribulationibus

584 5010 725 5065 meis
753 5026 851 5081 pro
875 5010 990 5081 ejus
1014 5013 1331 5085 defensione
1364 5034 1577 5075 mecum
1620 5021 1826 5091 pariter
1867 5020 2164 5094 gaudeatis.

556 5099 1040 5166 'Quemadmodum
1087 5106 1396 5164 desiderem.
1465 5112 1712 5184 Diligam.
1766 5113 1836 5168 In
1887 5114 2169 5169 visceribus

590 5194 785 5252 Christi
812 5196 963 5255 Iesu.
995 5202 1122 5258 Sive
1146 5201 1263 5272 ejus
1290 5206 1466 5262 inesse
1491 5208 1808 5275 visceribus,
1836 5208 1949 5263 sive
1978 5208 2051 5262 ita
2072 5223 2169 5263 vos

589 5284 858 5355 desidero,
911 5298 1167 5362 tanquam
1203 5286 1668 5351 visceraChristi.
1714 5297 1781 5350 In
1829 5298 2067 5350 scientia.
2107 5296 2167 5351 In

589 5379 865 5449 agnitione
902 5381 1017 5438 Dei.
1052 5384 1122 5457 Et
1145 5387 1286 5440 omni
1312 5404 1488 5442 sensu.
1531 5388 1930 5458 Mysteriornm.
1963 5387 2029 5442 Ut
2048 5405 2170 5461 pro-

589 5472 739 5527 betis.
762 5472 815 5530 ld
838 5484 942 5543 est,
965 5478 1168 5547 sciatis.
1198 5476 1436 5534 Potiora.
1464 5480 1519 5533 id
1543 5489 1646 5546 est,
1670 5481 1861 5535 altiora
1888 5482 2165 5553 mysteria.

589 5559 846 5620 Fructum
876 5568 1122 5639 justitiw.
1175 5570 1339 5637 Bonis
1387 5570 1657 5637 Operibus.
1706 5570 1772 5624 In
1816 5572 2057 5643 gloriam.
2098 5571 2173 5628 Ut

587 5655 918 5726 glorificetur
944 5659 1089 5717 Deus
1126 5661 1183 5716 in
1211 5662 1423 5717 actibus
1457 5661 1675 5715 vestris.
1729 5660 1874 5716 Scire
1908 5681 1994 5717 vos
2032 5662 2164 5718 volo.

550 5752 559 5757 “
588 5744 787 5827 Tribus
823 5751 1004 5812 causis
1027 5754 1134 5812 hoc
1178 5754 1327 5824 dicit,
1362 5761 1423 5811 ut
1455 5752 1828 5849 magniﬁcam
1870 5758 2168 5828 potentiam
2190 5755 2205 5770 ‘

2272 4925 2472 4996 gelinm
2511 4925 2837 4979 ordinatum.
2878 4923 3001 4984 Non
3031 4923 3231 4978 sincere
3258 4920 3611 4979 existimantes
3640 4932 3863 4989 pressu-

2272 5033 2361 5071 ras
2383 5033 2438 5071 se
2465 5020 2718 5070 suscitare
2742 5014 2958 5070 vinculis
2987 5016 3136 5070 meis.
3183 5012 3289 5069 Alii
3316 5028 3455 5069 vero
3492 5010 3679 5079 dolose
3711 5024 3858 5079 με·

2272 5107 2458 5161 dicant
2487 5108 2555 5160 ad
2602 5120 2690 5161 me
2739 5108 3093 5176 gravandum,
3146 5105 3299 5177 quasi
3338 5104 3520 5174 plures
3562 5100 3863 5171 (isoipuhs

2272 5197 2583 5267 facientem,
2630 5207 2687 5257 et
2724 5200 2966 5256 doctrina
3009 5212 3131 5255 mea
3168 5206 3343 5263 totum
3393 5198 3580 5263 urbem
3628 5194 3861 5263 inpleas

2273 5297 2599 5367 cupientem,
2631 5301 2691 5348 ut
2716 5308 2783 5349 ex
2819 5294 2924 5348 hoc
2946 5292 3137 5347 saltem
3166 5291 3309 5353 mihi
3331 5289 3511 5358 mpjov
3527 5286 3734 5343 invidia
3763 5301 3863 5356 οη-

2273 5368 2510 5444 muletur
2528 5386 2621 5443 vel
2654 5400 2928 5456 pressura.
2959 5384 3101 5450 Quid
3136 5383 3319 5437 enim?
3348 5381 3493 5439 Πιιηι
3530 5376 3857 5433 omnium.

2274 5478 2393 5535 Non
2424 5478 2557 5533 mihi
2583 5492 2714 5532 cura
2757 5485 2843 5531 est
2884 5489 2990 5541 qua
3020 5479 3200 5526 mente
3225 5470 3539 5540 praedicent,
3561 5466 3862 5527 dum

2274 5572 2417 5641 quod
2441 5569 2620 5637 cupio,
2641 5564 2841 5621 Christi
2871 5577 3066 5618 nomen
3088 5563 3341 5619 omnibus
3365 5562 3692 5627 innotescat,
3724 5576 3861 5632 qua-

2272 5668 2495 5731 propter
2525 5667 2581 5713 et
2604 5657 2767 5712 modo
2793 5654 3000 5727 gaudeo
3026 5661 3083 5710 et
3117 5655 3173 5709 in
3212 5653 3395 5711 intum
3436 5652 3700 5724 gaudebo.
3737 5650 3861 5709 Sine

2277 5751 2569 5809 occasione.
2623 5748 2745 5807 Odii
2784 5748 2872 5805 vel
2903 5747 3121 5809 invidias
3162 5756 3352 5805 omtra
3395 5760 3504 5807 me.
3545 5745 3615 5801 Et
3657 5747 3717 5809 iis
3757 5745 3859 5801 hoc
