4046 6332
234 313 328 372 215

1284 312 1617 370 COLLECT.
1661 310 1732 368 IN
1768 310 1989 370 EPIST.
2027 312 2122 370 AD
2158 310 2448 394 PHILIPP._

3378 314 3483 370 2M

228 427 475 502 gaudebo.
525 426 751 485 Vincula
795 426 883 484 vel
924 442 1089 499 opere
1138 427 1538 500 praedicationis
1584 432 1795 485 eorum.
1823 427 1956 490 Ain
1998 426 2204 483 Christo
2230 426 2377 481 Iesu.
2406 424 2534 479 Vult
2579 422 2866 478 ostendere
2915 422 3191 479 Christum
3220 439 3326 480 non
3356 438 3487 496 pm-

234 519 366 586 Nam
391 521 523 579 scio.
548 518 700 589 Quod
728 520 865 581 mihi
887 537 1082 579 nocere
1109 530 1300 593 putant
1326 522 1387 597 in
1410 522 1638 579 salutem
1671 537 1799 597 prop

228 613 421 679 veniet,
452 613 580 682 quia
619 628 728 668 non
773 614 947 669 solum
990 629 1090 685 per
1131 616 1356 673 verbum
1400 623 1453 675 et
1490 615 1801 687 passionem

229 720 421 771 meam.
462 705 558 767 sed
601 706 766 765 etiam
796 721 895 778 per
930 707 1117 767 odium
1154 704 1357 781 Christi
1385 705 1626 767 Ecclesia
1662 721 1795 781 aug-

228 803 514 852 meutatur.

240 952 247 957 θ
293 885 858 949 Subministrationem.
884 932 891 951 ,
916 888 1041 947 Ideo
1102 889 1532 953 subministratio.
1579 889 1797 955 dicitur,

213 979 345 1051 quia
374 995 486 1037 non
518 979 662 1049 quod
709 981 1009 1043 adversarii
1055 981 1264 1051 volunt,
1296 982 1390 1038 sed
1431 981 1581 1051 aliud
1622 983 1678 1057 in
1709 996 1809 1041 θος.

212 1074 363 1130 culto
398 1072 624 1153 spiritus
659 1074 1053 1143 subministrat.

291 1165 767 1236 Exspectationem.
800 1165 856 1220 Id
895 1174 997 1231 est,
1038 1165 1381 1236 patientiam.
1406 1166 1547 1241 Quid
1568 1167 1626 1229 in
1654 1166 1801 1235 nullo

224 1257 534 1327 confundor.
593 1256 923 1324 Tormenta,
980 1271 1156 1328 neque
1210 1258 1267 1316 in
1312 1258 1461 1324 vita,
1520 1272 1695 1329 neque
1746 1258 1801 1312 in

221 1356 417 1417 morte,
463 1361 640 1427 neque
685 1346 741 1405 in
782 1347 1143 1415 contumeliis,
1178 1363 1352 1427 neque
1392 1349 1448 1417 in
1495 1348 1809 1423 opprobriis

221 1455 320 1507 1,108
371 1439 622 1501 omnibus
676 1439 1061 1503 erubescimus.
1116 1439 1219 1497 Sed
1274 1441 1330 1495 in
1386 1442 1529 1497 omni
1564 1439 1798 1513 ﬁducia.

220 1527 377 1585 Nulla
400 1543 486 1585 res
506 1544 593 1584 me
617 1529 818 1599 poterit
839 1529 1139 1587 deterrere.

288 1619 357 1673 Et
390 1634 526 1675 nunc
564 1619 987 1690 magniﬁcabitur
1011 1620 1255 1679 Christus
1298 1621 1353 1679 in
1401 1637 1616 1693 corpore
1662 1636 1798 1687 meo.

219 1712 454 1770 Inimicis
477 1714 591 1769 suis
618 1714 862 1779 insultat,
897 1714 1041 1783 quod
1090 1715 1140 1770 ei
1179 1730 1375 1771 nocere
1415 1730 1524 1769 non
1561 1714 1797 1773 valeant.

1898 526 2021 588 nter
2048 533 2126 586 se.
2169 518 2264 581 sed
2289 525 2508 597 propter
2544 513 2685 577 alios
2706 529 2960 593 nassum;
2998 516 3137 583 sive.
3164 524 3276 595 tam
3304 518 3486 577 humi-

1897 610 1964 665 lis
1996 625 2188 665 sensus
2210 610 2265 663 in
2291 609 2441 664 vobis
2477 607 2568 673 sit,
2596 621 2759 676 quam
2793 605 2981 667 fuitin
3006 605 3243 687 Christo,

1970 704 2075 773 Qui
2111 721 2235 763 cum
2260 705 2315 759 in
2336 703 2511 779 [arma
2534 692 2635 759 Dei
2669 709 2819 759 esset.
2846 699 2906 755 In
2933 698 3108 759 forma
3144 700 3241 763 Diti
3264 707 3401 766 crat,
3432 708 3489 754 et

1896 797 2088 855 videns
2125 799 2287 859 unius
2334 796 2570 861 hominis
2619 794 2814 852 delicto
2856 803 3093 851 mortem
3119 808 3348 871 regnare
3388 806 3497 863 per

1896 890 2145 963 populos,
2170 897 2443 963 creatum
2464 904 2574 947 sum
2601 903 2712 947 non
2738 885 2936 947 oblitus
2973 893 3075 945 est.
3106 886 3218 953 Nec
3246 886 3493 955 rapinam

1898 982 2041 1051 derit
2086 999 2141 1041 se
2187 979 2444 1055 aqualem
2481 996 2591 1037 esse
2650 978 2784 1041 Deo.
2833 978 2972 1055 Quia
3018 993 3148 1037 vere
3192 978 3491 1036 secundum

1901 1073 2239 1141 divinitatem
2264 1070 2487 1147 aqualis
2516 1079 2635 1147 erat
2661 1070 2831 1126 Patri.
2868 1069 2971 1126 Sed
2998 1069 3280 1129 exinaniuit
3304 1077 3491 1123 sentet-

1899 1168 2092 1239 ipsuut.
2119 1165 2239 1229 Non
2267 1164 2625 1223 substantiam
2654 1178 2944 1230 evacuans,
2984 1162 3081 1227 sed
3107 1162 3366 1219 honorem
3410 1160 3493 1215 in-

1901 1259 2128 1321 clinans.
2156 1257 2413 1315 Formam
2436 1260 2570 1315 servi
2600 1259 2880 1331 accipiens,
2903 1259 2961 1316 in
2979 1257 3373 1333 similitudinem
3398 1255 3492 1311 ho-

1901 1353 2103 1417 minum
2142 1350 2335 1422 factus.
2364 1350 2626 1411 Naturam
2672 1352 2909 1407 hominis
2946 1350 3236 1407 induendo.
3268 1347 3494 1402 Mortem

1902 1452 2077 1513 andem
2121 1442 2310 1497 crucis.
2359 1440 2477 1510 Qua
2514 1448 2692 1501 morte
2725 1441 2870 1497 nulla
2906 1439 3304 1497 formidolosior
3351 1445 3492 1493 erat.

1902 1532 2129 1606 Propter
2151 1534 2291 1607 quod
2310 1543 2363 1590 et
2379 1534 2522 1591 Deus
2546 1533 2698 1588 illum
2719 1530 2990 1593 excitarit.
3094 1529 3497 1589 resurrectione

1901 1638 1959 1685 et
1982 1629 2319 1695 ascensione,
2347 1636 2402 1684 et
2428 1628 2640 1687 cmteris
2671 1646 2685 1682 :
2719 1628 2794 1682 ita
2822 1634 2878 1682 et
2902 1641 3004 1697 nos
3042 1626 3087 1681 si
3132 1624 3364 1681 exaltari
3400 1638 3496 1681 cu-

1902 1719 2100 1792 pimus,
2134 1718 2384 1790 exemplo
2409 1718 2613 1781 Christi
2646 1716 2909 1775 fratribus
2934 1717 3236 1777 serviamns

222 1804 281 1871 Si
312 1807 455 1865 enim
480 1822 605 1867 eum
647 1807 969 1874 occiderint,
1013 1810 1277 1883 martyrio
1327 1808 1675 1875 coronabitur
1706 1826 1721 1863 :
1754 1807 1800 1862 si
1828 1805 1877 1867 B
1975 1810 2045 1866 Et
2073 1810 2285 1867 donavit
2314 1810 2394 1866 illi
2436 1826 2642 1865 nomen.
2690 1808 2845 1877 Quod
2872 1815 2957 1867 est
2996 1807 3187 1875 Filius.
3234 1805 3395 1874 Quod.
3420 1811 3498 1861 est

220 1900 574 1975 servaverint,
601 1899 883 1963 Christum
916 1901 1287 1963 annuntiando
1319 1901 1612 1979 plurituum
1641 1899 1807 1963 faciet

220 1987 459 2049 fructum

289 2078 410 2137 Sive
439 2097 530 2154 per
559 2081 740 2139 vitam.
771 2080 854 2137 Ad
884 2080 1346 2155 praedicationem.

289 2169 411 2226 Sive
438 2189 532 2242 per
559 2182 801 2231 mortem.
836 2173 893 2235 Id
919 2180 1021 2236 est,
1048 2186 1149 2242 pro
1174 2172 1267 2227 illo
1297 2172 1355 2227 in
1377 2172 1662 2247 martyrio.

289 2262 427 2318 Mihi
455 2265 593 2319 enim
624 2265 787 2321 vivere
817 2264 1055 2321 Christus
1083 2272 1179 2321 est.
1214 2262 1331 2320 Non
1366 2263 1471 2319 alia
1513 2280 1679 2320 causa
1721 2266 1807 2321 vi-

205 2368 346 2409 vere
371 2354 513 2419 volo,
546 2355 647 2409 nisi
681 2355 899 2421 Christi,
931 2354 984 2409 id
1013 2361 1118 2421 est,
1158 2362 1219 2409 ut
1255 2353 1373 2424 ejus
1411 2370 1610 2425 corpus
1638 2354 1807 2412 aediﬁ-

208 2458 355 2505 cem.
388 2442 619 2499 Fructus
661 2446 847 2518 operis.
886 2445 945 2505 ln
982 2445 1394 2513 aediﬁcationem
1447 2444 1695 2501 aliorum.
1734 2446 1807 2505 Et

209 2537 310 2593 hoc
340 2536 608 2604 conﬁdens
653 2538 783 2593 scio.
825 2536 1029 2609 Spiritu
1071 2538 1388 2613 prophetico
1417 2538 1703 2609 promittit.
1735 2538 1806 2594 Et

210 2626 466 2705 gaudium
506 2627 651 2696 ﬁdei.
687 2627 755 2683 Ut
781 2643 878 2699 per
902 2628 1208 2700 profectum
1247 2630 1313 2685 de
1341 2628 1523 2684 fructu
1565 2628 1690 2684 ﬁdei
1716 2644 1809 2685 ve-

211 2725 343 2774 strm
363 2716 617 2787 gaudium
660 2718 925 2774 habeatis.
956 2716 1062 2774 Per
1088 2735 1260 2774 meum
1295 2720 1576 2776 adventum
1614 2722 1807 2775 iterum

213 2810 284 2866 ad
314 2827 423 2865 vos.
448 2809 564 2866 Hoc
587 2826 686 2889 pro
729 2811 1100 2868 consolatione
1136 2828 1325 2868 eorum
1370 2812 1521 2880 dicit,
1551 2813 1677 2884 quia
1706 2828 1806 2869 suo

212 2902 408 2975 spiritu
435 2903 685 2975 pervenit
715 2904 783 2960 ad
823 2920 940 2972 eos,
985 2902 1114 2967 licet
1160 2921 1272 2967 non
1318 2919 1566 2977 corpore.
1597 2905 1667 2963 In
1698 2922 1806 2977 uno

214 2998 423 3068 spiritu.
489 2998 558 3056 Ut
605 3016 619 3054 :
671 2997 805 3057 Erat
853 3000 930 3057 eis
983 3016 1074 3063 cor
1125 3015 1292 3063 unum
1344 3008 1394 3057 et
1458 3000 1639 3061 anima
1696 3016 1809 3062 una

219 3086 359 3165 (Act.
391 3087 490 3159 ιν).

289 3177 596 3236 Unanimes.
625 3180 765 3250 Quia
792 3183 969 3245 omnis
992 3200 1171 3259 pugna
1195 3185 1528 3247 unanimiter
1547 3199 1805 3259 aggressa
1830 3171 1877 3238 C

214 3272 499 3327 victoriam
543 3274 705 3351 parit.
740 3273 871 3347 Qua:
901 3287 976 3333 est
1017 3277 1125 3334 illis
1169 3296 1331 3339 causa
1372 3280 1698 3353 perditionis.
1745 3278 1813 3339 Id

213 3371 318 3433 est,
350 3364 576 3421 tentatio
603 3380 711 3439 qua
739 3375 943 3427 terrent
967 3385 1085 3429 vos.
1118 3369 1188 3426 Et
1216 3372 1313 3427 hoc
1341 3390 1374 3428 a
1396 3372 1530 3428 Deo.
1562 3371 1666 3441 Qui
1690 3372 1807 3437 vult

214 3468 345 3511 suos
383 3457 634 3525 coronari
675 3460 954 3537 probatos,
1000 3461 1143 3521 sicut
1183 3461 1285 3521 Job
1328 3464 1662 3539 permittitur
1686 3471 1806 3525 ten-

213 3545 343 3602 tari.
375 3547 500 3603 Non
544 3549 714 3611 solum
743 3561 803 3607 ut
841 3554 899 3609 in
944 3570 1064 3609 eum
1107 3556 1355 3635 credatis.
1386 3556 1504 3614 Non
1544 3558 1717 3619 solum
1743 3567 1808 3619 ut

212 3635 346 3692 ﬁdei
390 3640 679 3710 meritum,
728 3644 826 3709 sed
873 3644 1042 3702 etiam
1086 3648 1335 3719 martyrii
1378 3649 1635 3709 meritum
1668 3665 1807 3722 prae-

212 3728 391 3785 mium
420 3730 686 3804 habeatis,
723 3736 853 3799 dum
878 3752 977 3799 vos
1002 3740 1201 3797 tentari
1223 3739 1366 3801 Deus
1383 3742 1591 3821 patitur
1609 3750 1670 3803 ut
1692 3744 1808 3805 vin-

211 3821 374 3897 catis.
664 3866 675 3885 κ

283 3916 438 3974 Idem
474 3928 738 3983 certamen
779 3922 1025 3993 habentes
1064 3924 1219 3999 quale
1262 3934 1312 3987 et
1358 3926 1561 3989 vidistis
1602 3928 1662 3985 in
1698 3944 1804 3985 me.

210 4005 361 4067 Nihil
378 4026 580 4069 novum
610 4015 913 4089 patiemini.
944 4017 1041 4075 sed
1086 4018 1189 4083 hoc
1234 4020 1375 4090 quod
1417 4029 1473 4078 et
1509 4030 1806 4094 promotes

208 4102 426 4160 vidistis
463 4104 519 4160 in
550 4121 659 4174 me,
691 4118 748 4164 et
776 4125 919 4169 nunc
949 4112 1205 4171 absentes
1228 4112 1295 4170 de
1323 4127 1410 4173 me
1439 4114 1665 4171 audistis
1692 4130 1803 4172 me.

209 4190 330 4251 Non
378 4196 450 4250 sit
489 4212 620 4279 ergo
667 4200 822 4263 vobis
867 4203 1149 4281 indignum
1194 4204 1288 4265 illa
1331 4206 1467 4285 pati,
1499 4206 1560 4267 in
1608 4206 1807 4287 quibus

208 4289 531 4371 conspicitis
550 4307 652 4355 nos
673 4293 915 4365 gloriari.

848 4448 1077 4508 CAPUT
1110 4450 1178 4508 ll.

281 4575 343 4637 Si
370 4595 479 4651 qua
502 4596 627 4652 ergo
675 4582 961 4643 consolatio
987 4586 1045 4640 in
1085 4584 1317 4649 Christo.
1361 4585 1517 4658 Rogo
1557 4600 1657 4644 vos
1696 4537 1882 4655 bocD

200 4668 344 4733 mihi
366 4680 647 4740 praestate,
679 4682 741 4730 ut
769 4677 1023 4747 gaudium
1056 4694 1234 4745 meum
1261 4680 1488 4736 unitatis
1517 4678 1807 4737 dilectione

197 4758 505 4829 impleatis.
551 4762 611 4825 Si
647 4783 752 4840 qua
799 4774 883 4827 est
919 4769 1205 4826 consolatio
1245 4772 1302 4826 in
1331 4770 1561 4838 Christo,
1607 4771 1663 4826 id
1699 4778 1809 4839 est,

196 4852 565 4925 consulamini
593 4875 679 4933 me
714 4861 907 4923 umbra
943 4863 1168 4930 Christi,
1213 4880 1314 4936 pro
1352 4865 1508 4922 vobis
1540 4880 1811 4935 passum.

196 4943 249 5007 Si
276 4960 389 5005 vos
410 4950 725 5017 consolatus
746 4961 833 5015 est
856 4952 1124 5023 Christus.
1170 4954 1231 5013 Si
1267 4973 1377 5025 qua
1397 4955 1650 5015 allocutio
1680 4957 1809 5012 cha-

1907 1921 2063 1975 super
2091 1922 2241 1963 autne
2266 1922 2473 1961 nomen.
2502 1903 2603 1961 Cui
2627 1904 2766 1959 enim
2786 1903 3093 1975 angelorum
3113 1901 3249 1955 dixit
3273 1913 3289 1951 :
3321 1897 3501 1953 Filius

1824 2030 1827 2032 -
1906 2011 2056 2055 meus
2080 2012 2134 2052 es
2160 2006 2217 2051 tu
2240 1994 2413 2069 (Psat.
2444 1996 2545 2067 u)?
2581 1996 2765 2065 itaque
2794 1994 3013 2051 donavit
3042 1992 3119 2049 illi
3144 2006 3364 2056 nomen,
3388 2005 3503 2045 non

1910 2089 2057 2159 quod
2086 2097 2212 2144 ante
2232 2104 2339 2144 non
2368 2089 2578 2145 habuit.
2603 2087 2758 2145 Unde
2784 2086 2985 2142 rectius
3017 2086 3170 2145 locus
3195 2085 3286 2141 hic
3313 2098 3502 2140 secun-

1911 2179 2044 2237 dum
2067 2180 2362 2235 humanam
2385 2187 2637 2234 naturam
2665 2177 3046 2247 intelligendus
3068 2184 3171 2244 est,
3213 2191 3374 2247 quam
3413 2174 3500 2230 di-

1909 2271 2115 2327 vinam.
2141 2268 2308 2326 Omne
2333 2288 2470 2342 genu
2497 2272 2760 2341 ﬂectatur.
2788 2268 2904 2325 Non
2934 2269 3003 2323 ad
3028 2267 3273 2339 corporis
3298 2281 3500 2337 genua,

1910 2363 2009 2421 sed
2034 2363 2105 2418 ad
2123 2363 2384 2423 humilem
2403 2362 2793 2434 subjectionem
2821 2362 3331 2431 inclinationemque
3358 2373 3506 2419 men-

1913 2458 1983 2516 tis
2012 2460 2269 2529 pertinet.

1981 2549 2297 2609 Cwlestium.
2327 2551 2389 2609 Id
2417 2560 2517 2618 est,
2550 2552 2886 2625 angelorum.
2913 2550 3175 2611 Coelestes
3203 2560 3386 2607 autem
3409 2566 3505 2624 ge-

1908 2661 2019 2709 nua
2049 2644 2270 2707 “cetera
2304 2646 2559 2705 dicuntur
2603 2661 2756 2703 more
2787 2646 3059 2717 precario,
3091 2661 3200 2704 non
3227 2645 3372 2715 quod
3406 2644 3504 2699 ba-

1908 2738 2103 2799 berent
2122 2755 2318 2810 genua,
2342 2740 2434 2810 qui
2456 2739 2827 2810 ineorporales
2846 2746 2995 2805 sunt,
3015 2738 3134 2803 sed,
3160 2747 3220 2794 ut
3244 2736 3502 2802 diximus,

1907 2846 2008 2903 pro
2037 2833 2228 2896 humili
2257 2832 2596 2903 subiectione
2622 2840 2679 2888 et
2702 2832 3019 2889 adcretione
3039 2831 3256 2889 dicitur.

1983 2921 2353 2987 Terrestrium.
2402 2924 2725 2985 Hominum.
2765 2923 3125 2994 Infemorum.
3169 2922 3503 2992 Angelorum

1907 3014 2004 3086 qui
2034 3023 2274 3086 praesunt
2306 3013 2661 3081 infernalibus
2689 3015 2842 3079 locis.
2876 3015 2944 3071 In
2972 3015 3140 3088 gloria
3174 3014 3270 3068 Dei
3301 3015 3499 3069 Patris.

1909 3103 1971 3160 In
1992 3119 2185 3161 natura
2224 3118 2281 3161 et
2308 3106 2479 3177 gloria
2525 3107 2770 3161 Deitatis.
2805 3103 2938 3160 Cum
2970 3107 3174 3160 timore.
3215 3104 3331 3159 Non
3375 3120 3502 3160 cum

1909 3198 2263 3270 negligentia,
2291 3198 2387 3255 sed
2415 3198 2561 3255 sicut
2595 3198 2671 3259 ait
2694 3196 2833 3257 Job:
2880 3195 3105 3255 Verebar
3142 3197 3317 3255 omnia
3344 3212 3504 3267 opera

1907 3305 2050 3357 mea,
2071 3291 2239 3347 sciens
2265 3288 2410 3362 quod
2438 3306 2542 3347 non
2580 3306 2823 3362 parceres
2853 3288 3176 3363 delinquenti
3217 3286 3361 3360 (Job.
3397 3286 3504 3359 ιι).

1918 3378 2161 3441 Vestram
2183 3380 2410 3441 salutem
2455 3381 2765 3454 operamini.
2812 3379 2930 3439 Hoc
2961 3388 3066 3448 est,
3110 3379 3383 3440 custodite
3406 3393 3508 3449 per

1907 3475 2113 3533 bonum
2150 3491 2287 3547 opus
2332 3474 2564 3533 salutem
2612 3491 2645 3531 a
2695 3474 2811 3533 Deo
2858 3474 3012 3534 vobis
3058 3472 3335 3531 donatam.
3375 3470 3506 3527 Sine

1907 3568 2353 3627 murmuratione.
2392 3566 2470 3622 De
2508 3565 2777 3637 gravitate
2816 3572 3211 3633 praeceptorum
3254 3560 3372 3623 Dei,
3418 3558 3508 3617 vel

1908 3661 1977 3718 de
2006 3675 2260 3732 pressura
2290 3658 2720 3715 tribulationum.
2751 3655 2820 3711 Et
2844 3655 3193 3713 hirsitatione.
3231 3651 3340 3723 Qui
3364 3666 3508 3711 mur-

1907 3759 2094 3807 murat
2130 3751 2196 3804 de
2225 3748 2531 3819 praeceptis,
2561 3746 2785 3806 hzesitat
2807 3746 2875 3803 de
2902 3743 3160 3815 praemiis.

1983 3840 2052 3899 Ut
2092 3841 2209 3899 sitis
2252 3841 2366 3899 sine
2413 3837 2647 3912 querela.
2692 3838 2853 3910 Apud
2912 3836 3167 3895 homines
3211 3843 3267 3897 et
3308 3834 3503 3893 Deum.

1908 3933 2067 4004 Quod
2084 3933 2442 4005 conqueritur
2465 3933 2613 3991 Deus
2636 3945 2785 4002 saepe
2803 3932 2871 3991 de
2895 3929 3213 3993 hominibus
3227 3927 3285 3987 in
3312 3926 3503 3998 Scrip-

1908 4026 2070 4091 turis,
2100 4032 2334 4096 apparet
2378 4024 2525 4095 quod
2558 4024 2733 4083 nolint
2761 4024 2983 4083 credere
3026 4031 3087 4081 et
3112 4029 3261 4081 recte
3291 4020 3501 4077 vivere.

1910 4119 2066 4179 Unde
2098 4122 2284 4180 ﬁdeles
2325 4132 2382 4180 et
2413 4122 2676 4180 facientes
2698 4121 3034 4178 voluntatem
3062 4120 3159 4176 Dei
3188 4114 3507 4177 conversari

1910 4212 2167 4270 ditantur
2212 4215 2333 4272 sine
2380 4214 2622 4287 querela,
2664 4213 2812 4285 quod
2838 4212 2909 4269 de
2944 4211 3053 4267 illis
3081 4209 3364 4282 Scriptura
3392 4224 3505 4271 non

1909 4314 2194 4376 queratur.

1980 4396 2055 4452 Et
2083 4397 2365 4468 simplices.
2394 4397 2539 4455 Nihil
2579 4406 2780 4471 prater
2800 4398 3135 4453 voluntatem
3170 4394 3268 4450 Dei
3299 4392 3506 4453 facien-

1908 4494 1996 4546 tes
2017 4488 2106 4547 vel
2139 4490 2395 4557 scientes,
2438 4492 2579 4547 sicut
2616 4491 2714 4547 filii
2742 4491 2840 4546 Dei
2879 4487 3234 4554 immaculati,
3258 4486 3353 4558 qui
3377 4501 3506 4543 cum

1910 4583 1985 4640 sit
2004 4599 2175 4655 purus
2199 4592 2513 4650 etsenatus,
2545 4584 2688 4643 ﬁlios
2714 4599 2825 4639 non
2842 4589 3022 4655 potest
3042 4582 3247 4638 habere
3270 4581 3505 4653 degene-

1911 4692 2024 4733 res.
2057 4675 2129 4731 In
2156 4676 2328 4733 medio
2350 4680 2574 4750 generis.
2607 4676 2914 4734 Judmorum
2944 4687 2997 4733 et
3021 4677 3280 4750 gentium.

1940 4810 1943 4815 ι
1986 4770 2172 4826 Praei.
2223 4770 2417 4827 Mente.
2470 4769 2734 4827 Perveni.
2780 4771 3064 4843 Operibus.
3107 4770 3255 4828 Sicut
3281 4771 3506 4826 lumina-

1913 4863 2020 4929 ria,
2044 4870 2146 4923 ut:
2178 4861 2267 4919 Sic
2308 4863 2480 4918 luceat
2523 4863 2618 4919 tua:
2656 4872 2827 4920 vestra
2869 4880 3049 4920 coram
3087 4862 3403 4929 hominibus,
3444 4869 3507 4916 ut

1911 4956 2122 5012 uideant
2165 4974 2323 5029 opera
2361 4967 2533 5013 uestra
2576 4957 2731 5023 bona,
2778 4967 2827 5012 et
2864 4958 3156 5030 gloriﬁcent
3181 4956 3399 5011 Patrem
3420 4970 3507 5011 ce-

196 5038 406 5105 ritatis.
447 5040 506 5099 Si
546 5044 781 5118 aliquam
825 5048 1146 5109 charitatem
1186 5051 1241 5113 ei
1278 5051 1581 5121 rependere
1614 5050 1833 5115 vulti8..
1908 5047 2273 5119 strumquiin
2297 5047 2437 5103 caelis
2457 5056 2533 5103 est
2560 5048 2775 5120 (Matth.
2801 5047 2882 5123 ν).

195 5129 403 5205 Siqua
447 5137 670 5197 societas
715 5141 955 5212 spiritus.
1000 5141 1059 5199 Si
1105 5143 1358 5213 spiritum
1403 5145 1523 5216 ejus
1555 5145 1613 5209 in
1650 5144 1817 5209 vobis

191 5244 328 5284 esse
356 5232 577 5301 cupitis.
617 5231 678 5288 Si
715 5251 818 5304 qua
846 5234 1044 5290 viscera
1083 5235 1479 5297 misericordite.
1512 5236 1570 5293 Si
1595 5238 1651 5294 in
1677 5252 1835 5302 eum,

191 5321 594 5389 misericordes
610 5326 766 5385 estis.
788 5326 1008 5398 Implste
1026 5328 1281 5399 gaudium
1299 5346 1492 5393 multa.
1518 5328 1579 5393 in
1604 5330 1805 5395 talibus

192 5415 494 5488 discipulis
527 5418 718 5481 doctor
736 5422 988 5485 exsultat.

272 5507 541 5565 Eamdom
561 5511 871 5571 charith
892 5513 1156 5570 habentes.
1190 5514 1337 5587 Ergo
1359 5514 1527 5572 nolite
1551 5512 1804 5579 scindere

189 5597 536 5665 charitatem
585 5605 871 5661 sentiendo
917 5606 1149 5665 diversa.
1207 5606 1335 5669 Non
1382 5625 1500 5680 qua:
1534 5627 1635 5669 sua
1676 5619 1802 5669 sunt

184 5690 405 5762 singuli
426 5693 836 5759 considerantes.
860 5694 979 5760 Non
1007 5712 1130 5768 qua:
1147 5698 1304 5761 vobis
1327 5699 1457 5765 solis
1481 5702 1799 5772 expediunt,

1950 5137 2068 5194 -Ad
2097 5137 2319 5209 gloriam
2354 5139 2504 5195 mihi.
2537 5139 2721 5195 Gloria
2759 5139 2897 5195 enirn
2935 5139 3101 5212 patris
3128 5135 3231 5207 ﬁlii
3268 5132 3506 5206 ﬁliorum

1911 5236 1977 5285 ut
1997 5230 2073 5285 ait
2100 5229 2355 5286 Salomon
2378 5229 2561 5303 (Prov.
2590 5231 2750 5302 xvu).
2790 5232 2915 5287 Non
2939 5232 2996 5285 in
3020 5244 3243 5285 mouent
3270 5228 3502 5282 cucurri.

1912 5321 2019 5401 Qui
2054 5323 2217 5383 talem
2252 5322 2508 5397 populum
2537 5324 2650 5383 Deo
2673 5323 2959 5394 acquisivi.
2991 5320 3097 5378 Sed
3122 5326 3171 5376 et
3196 5320 3242 5387 si
3262 5316 3507 5389 irrumator

1911 5434 2071 5489 super
2098 5416 2417 5487 sacriﬁcium
2442 5427 2688 5473 oestrum.
2725 5416 2832 5475 Sed
2853 5416 3021 5483 etiam
3043 5414 3091 5471 si
3112 5412 3357 5483 occidar,
3376 5410 3508 5484 quia

1912 5511 2245 5583 sacriﬁcium
2285 5520 2340 5573 et
2387 5512 2704 5583 obsequium
2748 5511 2877 5573 ﬁdei
2924 5518 3119 5571 vestrm
3154 5510 3328 5569 obtuli
3368 5510 3505 5572 Deo.

1913 5604 2098 5665 Vincit
2126 5605 2403 5676 profectus
2434 5607 2602 5663 vestri
2628 5604 2893 5676 gaudium.
2912 5604 3190 5667 tristitiam
3217 5619 3396 5675 paena
3415 5603 3517 5663 vel

1914 5702 2130 5768 mortis,
2161 5701 2274 5758 sive
2295 5699 2412 5771 jam
2454 5715 2560 5756 non
2610 5700 2774 5755 timeo
2816 5698 2965 5757 mori
3004 5699 3274 5761 sacriﬁcio
3310 5705 3508 5760 vestrm

181 5782 306 5843 ⁸θά
327 5799 455 5858 qua:
476 5787 606 5857 alii}
626 5796 875 5862 nmsunt.
908 5786 1028 5851 Hoc
1066 5791 1255 5855 “utile
1285 5792 1346 5849 in
1383 5793 1549 5863 nobis,
1588 5796 1727 5868 quod
1752 5804 1812 5881 et
1854 5850 1892 5881 δ
1915 5794 2046 5863 ﬁdei
2067 5802 2462 5861 consummato.
2488 5791 2603 5851 δίνο
2638 5790 2771 5863 quia
2794 5798 2995 5855 Vm
3019 5790 3146 5855 ﬁdei
3172 5789 3502 5853 ministravi.

1819 5946 1864 5965 τ.

1822 5970 1835 5989 ἑ
