4046 6332
537 402 637 465 215

1922 391 2195 452 SEDULII
2231 393 2430 454 SCOTI

3707 387 3824 452 ω

539 520 688 577 Nam
729 537 910 577 omnes
931 535 1049 576 sua.
1080 515 1376 574 Commoda
1418 519 1688 588 quaerunt,
1739 512 1984 571 nolentes
2027 525 2125 584 pro
2151 511 2207 574 A
2228 519 2284 568 et
2306 521 2576 584 praecepta
2597 513 2902 579 hominum,
2938 519 2993 568 et
3021 510 3325 568 deuterosis
3343 505 3655 568 Iudaeorum
3680 517 3824 568 ster-

537 611 714 666 aliena
740 612 990 668 laborare
1017 610 1210 666 salute.

607 702 677 756 Et
720 702 1125 756 commilitonem
1172 717 1362 755 meum.
1409 698 1637 756 Pronter
1678 700 1964 761 honorem,
1997 697 2124 768 quia

537 791 651 863 ipse
677 801 961 863 acceperat
1002 793 1057 847 in
1098 792 1204 847 illis
1238 794 1568 862 apostolatus
1601 793 1854 847 ofﬁcium.
1903 789 1971 843 Ut
2001 805 2126 844 mox

537 884 711 940 videro
739 901 857 957 qua:
881 886 1019 940 circa
1047 902 1128 939 me
1155 896 1295 940 sunt.
1326 884 1440 939 Hoc
1463 892 1567 950 est,
1597 885 1643 939 si
1679 884 1878 938 liberer
1911 883 1979 938 ab
2021 883 2126 938 hac

537 984 747 1044 catena,
777 977 863 1050 vel
890 993 1019 1032 non.
1047 976 1116 1030 Et
1145 977 1441 1030 ministrum
1464 977 1653 1044 negotii
1676 975 1796 1029 mei.
1821 974 1878 1029 ld
1901 983 2004 1040 est,
2030 973 2125 1043 qui

537 1067 672 1121 mihi
702 1076 882 1123 vestra
910 1069 1028 1123 vice
1051 1067 1341 1122 ministrat.
1367 1067 1434 1120 Et
1456 1077 1667 1120 moestus
1695 1075 1827 1130 erat,
1850 1074 2124 1136 propterea

535 1161 676 1230 quod
725 1162 998 1216 audieritis
1038 1161 1187 1215 illum
1233 1149 1608 1229 inﬁrmatumf
1635 1158 1892 1213 Tristitia:
1931 1165 2124 1212 vestra!

537 1268 701 1309 causa
745 1263 972 1310 mmstus
1013 1253 1208 1308 fuerat.
1255 1252 1372 1307 Non
1417 1268 1536 1308 esse
1587 1251 2017 1306 contristandum
2055 1249 2124 1304 de

536 1347 766 1401 mortuis
790 1345 1077 1416 Apostolus
1111 1344 1402 1417 signiﬁcat,
1446 1359 1573 1398 nam
1614 1343 2016 1413 desperantium
2039 1351 2126 1398 est

535 1439 865 1494 contristari.
898 1439 964 1494 Et
992 1440 1105 1509 ipse
1130 1439 1303 1508 inquit
1329 1437 1395 1490 de
1427 1436 1795 1507 Epaphrodito
1823 1453 1834 1488 :
1868 1435 2122 1504 Inﬁrmus

534 1530 636 1602 fuit
663 1551 821 1604 prope
842 1543 1082 1597 mortem,
1107 1531 1196 1586 sed
1225 1530 1366 1584 Deus
1396 1530 1638 1583 misertus
1664 1538 1737 1582 est
1767 1527 1869 1592 illi,
1903 1544 2007 1582 non
2031 1544 2122 1581 so-

533 1622 643 1678 lum
668 1633 842 1678 autem
869 1623 968 1688 illi,
997 1622 1087 1677 sed
1119 1632 1166 1676 et
1192 1621 1342 1686 mihi,
1375 1635 1436 1674 ne
1463 1619 1734 1673 tristitiam
1771 1635 1928 1688 super
1960 1619 2124 1672 tristi-

533 1713 662 1767 tiam
706 1713 968 1768 haberem.
1007 1712 1287 1780 Quomodo
1330 1725 1459 1781 ergo
1485 1707 1915 1765 contristandum
1948 1716 2120 1774 vetat,

533 1817 657 1858 cum
697 1805 812 1876 ipse
843 1802 1273 1860 contristandum
1316 1817 1397 1866 se,
1435 1800 1479 1855 si
1511 1808 1759 1854 mortuus
1785 1797 1994 1863 fuisset,
2029 1800 2124 1854 de-

533 1893 738 1950 clarat?
783 1894 957 1949 Aliter
997 1895 1064 1950 de
1103 1904 1278 1950 morte
1325 1894 1676 1965 Epaphroditi
1709 1894 1753 1950 si
1784 1894 2124 1963 provenisset

533 1985 968 2041 contristandum
995 1986 1342 2057 signiﬁcavit,
1369 1996 1423 2042 et
1459 1987 1618 2040 aliter
1641 1986 1892 2056 prohibet
1921 1985 2124 2040 contri-

535 2077 807 2131 standum.
855 2076 990 2131 Nam
1028 2078 1116 2132 hic
1164 2085 1384 2147 propter
1427 2077 1678 2132 solatium
1727 2074 1975 2142 adjutorii
2004 2074 2124 2143 ejus

534 2179 643 2235 quo
672 2167 926 2222 utebatur
963 2169 1018 2223 in
1056 2167 1368 2238 Evangelio,
1402 2170 1445 2222 si
1479 2176 1724 2222 mortuus
1755 2167 1968 2231 fuisset,
1999 2183 2125 2222 con-

535 2257 860 2312 tristandum
892 2274 951 2313 se
982 2259 1130 2321 dicit,
1164 2273 1264 2313 nos
1294 2267 1478 2313 autem
1507 2258 1821 2313 contristari
1849 2259 2119 2328 prohibet,

532 2361 600 2402 ne
627 2348 776 2404 obitu
804 2350 959 2419 quasi
1008 2352 1309 2404 exstinctos
1335 2358 1391 2404 et
1437 2350 1676 2420 perditos
1703 2349 1999 2420 lugeamus,
2036 2350 2123 2404 de-

531 2453 814 2512 Sperantes
843 2443 910 2498 de
937 2444 1354 2498 resurrectione.
1379 2443 1536 2497 Aliud
1561 2452 1645 2498 est
1675 2443 1839 2513 igitur
1866 2442 2120 2497 solatium

531 2534 808 2601 requirere
845 2535 999 2603 quasi
1045 2536 1305 2600 absentis,
1356 2544 1412 2590 et
1443 2535 1585 2589 aliud
1628 2534 1811 2590 dolore
1848 2533 1962 2602 jam
2011 2549 2121 2589 non

528 2621 745 2678 futuri:
787 2626 878 2680 hic
924 2636 1102 2682 cessat
1149 2627 1466 2692 consolatio,
1518 2628 1626 2684 illic
1674 2629 1998 2684 excluditur.
2047 2628 2120 2682 Et

526 2730 621 2784 ego
643 2716 755 2770 sine
781 2717 996 2771 tristitia
1044 2718 1162 2773 sim.
1215 2718 1271 2773 ld
1314 2726 1415 2784 εει,
1457 2735 1556 2790 pro
1585 2720 1781 2789 gaudio
1827 2728 2011 2774 vestro
2062 2719 2119 2773 in

528 2809 764 2864 adventu
809 2809 944 2879 ejus.
974 2812 1204 2868 Accessit
1248 2815 1382 2869 sicut
1427 2832 1589 2886 usque
1635 2816 1704 2868 ad
1734 2824 1975 2871 mortem.
2015 2814 2120 2883 Qui

525 2901 708 2959 vincto
733 2904 866 2963 mihi
893 2905 949 2961 in
974 2922 1195 2963 carcere
1223 2923 1330 2962 non
1354 2907 1534 2962 timuit
1560 2907 1894 2964 ministrare.

1140 3040 1369 3099 CAPUT
1412 3042 1499 3096 lll.

597 3176 800 3232 Eadem
823 3178 963 3234 vobis
987 3179 1231 3233 scribere.
1256 3177 1312 3232 Id
1335 3187 1438 3243 est,
1463 3179 1650 3234 eadem
1673 3177 1998 3234 documenta
2029 3193 2117 3234 re-

523 3276 736 3339 petere,
765 3285 886 3340 qua:
910 3267 1025 3337 jam
1064 3285 1304 3340 praesens
1333 3269 1598 3324 dixeram.
1635 3268 1792 3325 Vobis
1823 3279 1998 3325 autem
2025 3288 2114 3326 ne-

522 3361 832 3414 cessarium.
865 3358 1017 3416 Sicut
1040 3360 1200 3416 horto
1221 3361 1468 3416 crebrius
1502 3361 1718 3433 irrigari
1743 3363 2116 3418 necessarium

520 3459 625 3506 est.
663 3451 844 3507 Videte
873 3469 1049 3508 canes.
1098 3453 1298 3510 Cavete
1326 3455 1827 3525 pseudoapostolos,
1869 3455 2118 3526 Evange-

520 3537 650 3596 lium
698 3542 898 3600 Christi
955 3545 1273 3602 lacerantes.
1327 3544 1500 3601 Videte
1558 3547 1927 3601 concisionem.
1977 3545 2114 3614 Quia

518 3634 758 3690 concisio
789 3637 968 3707 potius
1002 3654 1164 3707 quam
1193 3638 1536 3695 circumcisio
1566 3647 1690 3694 sunt
1724 3637 1956 3693 dicendi.

591 3722 707 3780 Nos
733 3743 856 3798 ergo
885 3729 1216 3785 circumcisio
1253 3747 1453 3785 sumus.
1499 3728 1610 3786 Nos
1640 3745 1827 3784 sumus
1870 3728 1984 3784 veri
2019 3727 2115 3783 Ju-

519 3815 642 3884 daei,
665 3819 757 3888 qui
797 3835 906 3876 non
932 3821 1092 3876 unius
1122 3823 1350 3879 membri
1381 3821 1594 3894 pellem,
1616 3823 1710 3878 sed
1737 3822 1904 3877 totius
1930 3823 2114 3878 carnis

513 3907 648 3965 vitia
673 3926 1009 3980 resecamus,
1053 3914 1131 3968 illi
1173 3931 1304 3970 vero
1345 3915 1605 3971 concisio.
1657 3913 1760 3979 Qui
1801 3915 2012 3984 spiritu.
2054 3913 2114 3970 Id

515 4007 621 4067 est,
655 4012 856 4069 mente,
914 4020 1023 4059 non
1067 4006 1248 4060 littera
1293 4005 1402 4060 Deo
1452 4006 1737 4060 servimus.
1784 4005 1844 4060 ln
1897 4004 2108 4072 Graeco,

518 4092 736 4159 melius,
782 4094 1012 4164 spiritui,
1064 4096 1116 4150 id
1160 4104 1242 4151 est
1289 4104 1498 4162 sancto,
1531 4096 1624 4165 qui
1662 4103 1745 4150 est
1769 4095 1930 4149 Deus.
1985 4095 2112 4152 Non

515 4182 834 4251 conﬁdentes
850 4185 904 4238 in
919 4203 1095 4240 carne.
1110 4187 1167 4242 In
1183 4187 1387 4243 carnali
1405 4187 1835 4252 circumcisione,
1853 4202 1952 4242 nos
1961 4187 2110 4244 enim

517 4275 879 4334 circumcisio.
924 4277 1037 4350 Ego
1075 4282 1244 4350 magis
1289 4281 1628 4334 circumcisus
1669 4290 1851 4334 octava
1893 4280 1997 4334 die.
2030 4279 2110 4336 Ne

517 4368 714 4439 aliquis
743 4380 959 4440 putaret
990 4372 1108 4427 ideo
1133 4387 1191 4426 se
1221 4388 1327 4426 non
1367 4371 1605 4442 gloriari,
1658 4373 1784 4443 quia
1814 4389 1919 4427 non
1944 4371 2109 4428 fuerit

517 4463 874 4521 circumcisus
903 4467 1316 4522 circumcisione
1353 4468 1529 4522 octavi
1551 4469 1680 4532 diei,
1721 4484 1828 4523 non
1855 4480 1978 4538 post
2005 4470 2107 4524 ali-

515 4561 650 4622 quot
679 4569 872 4621 annos,
901 4564 961 4610 ut
991 4556 1189 4625 aiiquis
1214 4559 1531 4628 peregrinus
1558 4559 1987 4614 circumciditur.

587 4645 665 4700 De
692 4646 830 4700 tribu
874 4646 1175 4718 Benjamin.
1217 4651 1346 4718 Qua:
1392 4667 1607 4722 semper
1651 4653 1750 4706 fuit
1799 4668 1922 4708 cum
1965 4653 2110 4708 tribu

515 4735 540 4790 J
549 4737 650 4790 uda
669 4737 976 4806 conjuncta.
996 4737 1250 4794 Hebraeus
1266 4758 1331 4794 ea:
1354 4741 1403 4794 11
1408 4743 1613 4796 ebrreis.
1633 4742 1751 4799 Non
1775 4759 1843 4798 ex
1860 4744 2112 4814 gentibus

513 4829 826 4900 proselytis.
855 4828 1184 4888 Phariaene.
1215 4833 1330 4888 Non
1360 4836 1517 4905 quasi
1543 4835 1808 4903 indoctus,
1844 4837 1937 4892 sed
1967 4837 2114 4906 peri:

515 4928 602 4975 tus
647 4920 802 4992 legis.
854 4921 961 4977 Sed
1001 4941 1118 4995 qua:
1159 4924 1307 4979 lucra
1337 4927 1466 4980 mihi
1497 4927 1731 4997 fuerunt.
1777 4927 1860 4983 Ad
1890 4944 2110 4998 compa-

516 5013 781 5069 rationem
832 5016 1035 5071 inventi
1107 5019 1226 5074 auri
1286 5021 1655 5076 contemnitur
1715 5031 2106 5089 aeramentum,

513 5107 760 5176 quamvis
782 5115 1071 5180 utrumque
1094 5113 1162 5167 ab
1193 5129 1302 5169 uno
1330 5115 1403 5170 sit
1427 5115 1724 5181 conditum,
1756 5123 1812 5170 et
1837 5131 1938 5185 pro
1964 5125 2104 5172 tem-

512 5199 661 5265 poris
687 5199 945 5269 qualitate
977 5205 1366 5260 necessarium.

589 5311 656 5365 Et
679 5314 905 5369 arbitror
927 5327 981 5370 ut
1012 5327 1263 5373 stercora.
1297 5317 1548 5374 Stercora
1575 5328 1703 5374 sunt
1733 5334 1853 5388 quae
1878 5318 2104 5387 ejiciunt

513 5405 760 5462 homines
785 5408 870 5463 vel
914 5421 1110 5466 caetera
1157 5412 1412 5466 animalia
1455 5426 1517 5464 ex
1564 5419 1742 5475 utero,
1788 5427 1908 5466 cum
1959 5414 2103 5484 quod

512 5494 652 5550 forte
678 5505 734 5552 et
757 5499 988 5555 solidum
1014 5511 1098 5557 est
1128 5502 1195 5554 ad
1241 5500 1669 5554 conﬁrmandum
1709 5509 1764 5555 et
1794 5503 2098 5559 satiandum

509 5600 709 5658 corpus
758 5599 999 5644 remanet
1047 5591 1212 5652 intus,
1261 5590 1340 5643 sic
1385 5587 1563 5644 littera
1604 5589 1734 5661 legis
1783 5592 2017 5661 ejieitur,
2043 5609 2098 5653 et

510 5693 704 5737 sensus
731 5682 1028 5751 spiritualis
1076 5680 1142 5733 ad
1181 5680 1361 5736 cibum
1393 5683 1586 5736 anima:
1634 5683 1686 5738 in
1727 5700 1953 5754 corpore
1996 5687 2098 5743 Ec-

509 5772 688 5828 clesia:
709 5782 974 5828 remanet.
999 5773 1352 5846 Hieronymus
1375 5776 1426 5832 in
1447 5759 1784 5847 expositione
1806 5777 2091 5837 llabacuc:

512 5861 632 5926 Non
664 5864 876 5930 Veteris
899 5863 1230 5925 Testamenti
1257 5865 1522 5940 doctrina,
1555 5868 1648 5929 sed
1675 5869 2094 5948 Pharisaeorum,

2149 1873 2199 1934 B

2143 3247 2189 3311 C

2136 4611 2192 4671 D

2227 620 2353 660 cora
2385 606 2638 661 dicuntur
2667 605 2734 660 ab
2761 604 3038 674 Apostolo.
3821 657 3828 664 ,

2296 700 2365 751 In
2389 697 2495 766 ﬁde
2520 697 2590 752 ad
2629 697 3042 767 cognoscendum
3081 696 3253 752 illum.
3284 696 3354 753 Ut
3385 715 3398 751 :
3435 696 3557 753 Nisi
3588 697 3828 755 credide-

2228 790 2344 843 ritis
2377 805 2479 842 non
2501 788 2819 858 intelligetis.

2296 881 2367 936 Et
2390 884 2631 937 virtutem
2656 884 3074 938 resurrectionis.
3107 881 3179 939 Ut
3229 883 3398 938 sciam
3443 884 3587 938 v-iam
3633 899 3825 940 resur-

2227 974 2483 1030 rectionis
2512 973 2649 1044 ejus,
2685 975 2812 1044 quia
2840 975 2960 1030 ideo
2990 976 3289 1030 resurrexit
3321 983 3382 1030 ut
3417 985 3472 1031 et
3507 991 3606 1030 nos
3638 976 3832 1031 simili-

2229 1077 2313 1124 ter
2361 1085 2706 1140 resurgamus
2747 1087 2760 1123 :
2803 1071 2894 1139 qui
2943 1079 3122 1125 autem
3166 1084 3296 1127 vere
3341 1072 3640 1143 cognoscit,
3692 1071 3830 1127 satis

2228 1162 2338 1232 agit
2359 1161 2581 1216 omnino
2604 1177 2670 1215 ne
2697 1170 2904 1232 peccet.

2298 1253 2368 1307 Et
2399 1253 2697 1308 societatem
2727 1255 3030 1324 passionum
3067 1255 3202 1324 ejus.
3252 1255 3310 1310 Si
3339 1255 3602 1327 quomodo
3635 1270 3829 1307 occur-

2227 1361 2343 1400 ram
2373 1346 2441 1399 ad
2475 1345 2935 1410 resurrectionem,
2968 1354 3075 1402 etc.
3128 1345 3186 1402 Si
3217 1350 3586 1418 compatimur
3609 1355 3668 1402 et
3691 1362 3828 1401 con-

2226 1436 2491 1491 vivemus.
2548 1435 2608 1490 Si
2650 1438 2922 1507 quomodo
2951 1439 3179 1493 habeam
3206 1438 3435 1509 gloriam
3481 1439 3534 1492 in
3577 1453 3830 1493 resurre-

2225 1527 2435 1583 ctione:
2453 1544 2561 1584 non
2584 1529 2729 1582 enim
2751 1529 3023 1600 particeps
3045 1530 3230 1600 gloria:
3253 1529 3673 1586 resurrectionis
3694 1530 3825 1595 erit,

2226 1621 2319 1690 qui
2362 1635 2508 1675 nunc
2548 1621 2616 1676 ad
2658 1619 3143 1693 conﬁgurationem
3184 1622 3378 1676 mortis
3418 1621 3534 1691 ejus
3567 1637 3679 1677 non
3707 1621 3830 1676 vult

2224 1713 2532 1782 pervenire.

2301 1806 2427 1862 Non
2475 1807 2616 1878 quod
2660 1807 2781 1878 jam
2832 1808 3140 1878 acceperim.
3179 1807 3600 1874 Perfectionem,
3654 1825 3828 1880 quam

2226 1899 2404 1954 omnis
2434 1897 2618 1968 homo}
2646 1907 2702 1954 et
2727 1899 2982 1954 universa
3022 1907 3275 1954 creatura
3341 1914 3440 1969 per
3476 1901 3710 1971 gratiam
3766 1910 3830 1958 et

2228 2008 2337 2048 non
2376 2007 2443 2047 ex
2481 1993 2677 2047 merito
2712 1993 2994 2062 possidere
3031 2000 3229 2062 potest.
3288 1991 3484 2057 Aliter,
3531 2008 3636 2046 non
3680 1993 3828 2063 quod

2227 2083 2534 2154 acceperim,
2564 2082 2692 2152 quia
2721 2081 2843 2136 ﬁnis
2871 2083 3059 2136 mundi
3090 2083 3330 2136 nondum
3364 2083 3611 2146 advenit,
3646 2083 3741 2137 sed
3771 2083 3828 2137 in

2226 2191 2320 2246 spe
2343 2177 2486 2246 quod
2508 2177 2798 2240 credimus,
2823 2192 2930 2230 non
2957 2176 3012 2230 in
3035 2191 3110 2230 re.
3147 2176 3250 2230 Aut
3269 2176 3389 2246 jam
3411 2177 3674 2247 perfectus
3697 2176 3824 2230 sim.

2223 2269 2418 2324 Adhuc
2449 2271 2515 2324 de
2545 2269 2647 2323 hac
2677 2268 3012 2338 perfectione
3033 2309 3046 2333 ,
3094 2277 3148 2324 et
3188 2271 3254 2323 de
3297 2269 3388 2324 tali
3424 2270 3830 2324 resurrectione

2225 2377 2522 2433 suspensus
2545 2378 2684 2416 sum.
2712 2360 2769 2416 Si
2792 2363 3248 2434 comprehendam.
3280 2361 3340 2417 Si
3365 2363 3828 2434 comprehendam

2225 2454 2481 2508 meritum
2527 2454 2861 2524 apostolatus
2888 2495 2902 2517 ,
2955 2453 3010 2507 in
3059 2468 3168 2524 quo
3200 2454 3502 2524 apostolatu
3540 2469 3571 2508 a
3601 2453 3828 2510 Christo

2225 2563 2344 2601 sum
2371 2547 2820 2616 comprehensus.
2849 2543 2970 2599 Non
3002 2545 3233 2598 arbitror
3255 2544 3730 2612 comprehendisse.
3752 2543 3831 2599 Se

2225 2640 2563 2695 humiliando
2593 2641 2845 2695 omnibus
2876 2639 3104 2710 gloriam
3134 2638 3256 2694 tulit
3285 2637 3492 2711 [tollit],
3523 2647 3580 2694 et
3609 2638 3831 2694 univer-

2223 2748 2313 2788 sos
2341 2741 2600 2802 provocat
2626 2733 2690 2786 ad
2720 2732 3044 2802 profectum.

2297 2822 2472 2878 Unum
2503 2836 2695 2878 autem.
2723 2824 3019 2891 Subaudis,
3053 2825 3295 2898 arbitror
3317 2825 3828 2896 comprehendisse,

2222 2917 2328 2972 hoc
2359 2916 2536 2972 solum
2579 2917 2714 2981 scio,
2762 2917 2890 2985 quia
2939 2917 3179 2985 quotidie
3226 2916 3473 2988 proﬁcio,
3527 2926 3584 2972 et
3623 2925 3826 2986 praete-

2224 3004 2390 3059 ritum
2434 3004 2676 3060 laborem
2730 3020 2836 3060 non
2883 3013 3204 3076 computans
3252 3007 3320 3061 ad
3368 3007 3553 3076 priora
3598 3005 3824 3060 festino.

2223 3097 2348 3154 Sive
2389 3097 2517 3168 legis
2557 3097 2883 3152 obliviscens.
2937 3098 3019 3153 Ad
3064 3097 3306 3168 perfecta
3357 3097 3637 3168 Evangelii
3688 3112 3829 3168 pra:-

2222 3196 2379 3258 cepta
2407 3205 2492 3244 me
2519 3199 2696 3244 teneo.
2734 3187 2985 3242 Bravium
3013 3205 3252 3259 supernae
3281 3190 3568 3242 vocationis
3611 3187 3712 3242 Dei
3758 3189 3818 3242 in

2223 3281 2432 3337 Christo
2459 3281 2609 3335 Iesu.
2657 3282 2885 3349 Quando
2913 3283 3117 3337 sanctis
3143 3281 3360 3338 dicetur
3384 3301 3396 3335 :
3444 3280 3641 3348 Venite,
3671 3283 3828 3336 bene-

2223 3375 2350 3430 dicti
2379 3375 2561 3429 Patris
2591 3377 2721 3442 mei,
2765 3376 3026 3445 possidete
3065 3387 3312 3446 paratum
3350 3375 3490 3429 vobis
3530 3392 3751 3446 regnum
3788 3394 3825 3432 α

2223 3469 2593 3522 constitutione
2621 3468 2826 3522 mundi.
2876 3467 3187 3539 Quicunque
3225 3485 3347 3538 ergo
3387 3467 3609 3538 perfecti
3635 3484 3824 3524 sumus

2221 3561 2319 3615 hoc
2349 3561 2658 3614 sentiamus.
2716 3560 2831 3615 Hoc
2879 3569 2999 3627 est,
3049 3561 3360 3630 quicunque
3402 3558 3654 3614 volumus
3699 3575 3824 3616 esse

2220 3652 2471 3724 perfecti.
2505 3653 2634 3718 Aut,
2663 3652 2894 3722 perfecti
2922 3667 3110 3708 sumus
3138 3667 3206 3706 ex
3234 3660 3411 3722 parte,
3440 3667 3549 3707 non
3580 3667 3645 3706 ex
3680 3660 3816 3707 toto.

2223 3745 2341 3800 Hoc
2371 3746 2682 3800 sentiamus.
2730 3744 2847 3800 Non
2882 3745 3361 3816 comprehendisse
3396 3743 3812 3815 perfectionem.

2219 3836 2329 3892 Aut
2347 3847 2533 3892 vetera
2559 3837 2947 3899 obliviscenda,
2977 3845 3034 3892 et
3056 3851 3195 3891 nova
3223 3837 3500 3898 sectanda,
3524 3836 3610 3890 vel
3633 3834 3816 3892 futura

2221 3929 2446 3998 prmmia
2489 3944 2707 3999 semper
2735 3928 3058 3999 cogitemus.
3101 3928 3191 3984 Vel
3231 3929 3310 3983 sic
3339 3944 3398 3983 se
3429 3929 3592 3989 habet
3621 3942 3816 3982 sensus

2221 4024 2382 4093 hujus
2412 4023 2551 4088 loci,
2590 4031 2651 4076 ut
2689 4023 2757 4077 ad
2794 4023 3253 4092 comparationem
3285 4021 3566 4076 hominum
3596 4031 3814 4076 caetero-

2220 4131 2368 4182 rum,
2395 4116 2487 4185 qui
2516 4131 2622 4169 non
2654 4115 2856 4169 habent
2883 4129 3072 4169 curam
3103 4113 3186 4168 vel
3217 4115 3469 4168 notitiam
3502 4112 3817 4184 Scriptura-

2220 4225 2364 4274 rum,
2406 4225 2507 4264 nec
2546 4209 2932 4279 mysteriorum
2963 4207 3081 4272 Dei,
3132 4221 3192 4262 se
3235 4214 3290 4260 et
3335 4205 3539 4261 similes
3571 4206 3656 4259 sui
3690 4220 3815 4274 per-

2219 4300 2395 4357 fectos
2425 4301 2590 4356 dicat.
2641 4301 2722 4354 Ad
2754 4299 3217 4369 comparationem
3250 4305 3430 4351 autem
3461 4296 3706 4351 scientiae
3732 4297 3815 4351 di-

2218 4395 2358 4448 vina:
2397 4391 2700 4464 majestatis
2728 4391 2860 4448 dicit
2889 4405 2948 4446 se
2978 4405 3085 4446 non
3113 4390 3388 4459 accepisse
3416 4387 3813 4461 perfectionem

2218 4485 2475 4547 scientize,
2506 4500 2605 4539 nec
2631 4483 2932 4554 perfectum
2959 4498 3079 4538 esse
3106 4483 3159 4536 in
3190 4482 3436 4536 scientia.

2292 4577 2360 4630 Et
2395 4577 2439 4632 si
2469 4576 2596 4648 quid
2625 4575 2779 4630 aliter
2805 4577 3030 4630 sentitis.
3092 4575 3206 4629 Hoc
3252 4585 3366 4641 est,
3415 4575 3462 4629 si
3507 4590 3609 4630 nec
3653 4575 3814 4644 plene

2217 4668 2399 4724 futura
2428 4668 2747 4739 intelligitis.
2785 4668 2898 4722 Hoc
2924 4669 3066 4724 vobis
3098 4665 3354 4721 Dominus
3385 4667 3651 4721 reuelabit.
3691 4667 3814 4722 Sci-

2215 4763 2343 4818 licet
2371 4763 2424 4817 in
2451 4763 2654 4827 futuro,
2686 4762 2818 4831 ipsis
2848 4762 3010 4815 rebus
3037 4761 3417 4830 przesentibus.
3449 4759 3578 4823 Aut,
3605 4761 3651 4814 si
3677 4761 3810 4829 quid

2215 4857 2375 4910 aliter
2400 4856 2612 4912 sentitis
2639 4862 2839 4924 praeter
2859 4853 3000 4921 quod
3028 4853 3170 4914 dico,
3193 4854 3298 4908 hoc
3319 4862 3420 4918 est,
3444 4854 3688 4922 putando
3711 4867 3809 4907 vos

2215 4946 2692 5018 comprehendisse
2721 4942 3135 5013 perfectionem,
3173 4945 3277 5000 hoc
3301 4943 3454 5000 vobis
3481 4942 3624 4998 Deus
3649 4957 3807 4997 reve-

2212 5037 2364 5103 iabit,
2389 5039 2441 5091 id
2463 5047 2568 5102 est,
2591 5052 2686 5091 vos
2707 5051 2868 5092 nosse
2892 5035 3237 5106 imperfectos
3259 5052 3400 5092 esse.
3425 5035 3806 5090 Verumtamen

2211 5131 2280 5184 ad
2309 5129 2448 5200 quod
2476 5130 2820 5200 pervenimus.
2873 5129 2955 5185 Ad
2993 5129 3358 5200 cognitionem
3389 5128 3515 5183 licet
3547 5126 3805 5198 imperfe-

2209 5229 2373 5286 ctam,
2405 5235 2501 5274 seu
2527 5222 2593 5275 ad
2621 5221 2800 5276 ﬁdem.

2281 5314 2350 5368 Et
2382 5315 2436 5367 in
2467 5313 2649 5368 eadem
2679 5313 3024 5368 ambulemus.
3077 5312 3197 5368 Non
3235 5313 3379 5366 enim
3421 5312 3563 5366 scire
3601 5310 3803 5366 suﬁicit

2209 5410 2414 5480 absque
2435 5407 2600 5464 facto.
2635 5408 2705 5461 Et
2726 5407 3038 5477 cognoscite.
3073 5405 3372 5470 Honorate,
3401 5413 3456 5459 et
3482 5405 3797 5461 imitamini.

2212 5501 2316 5568 Qui
2345 5504 2420 5557 sic
2450 5501 2739 5555 ambulant.
2791 5498 2944 5554 Sicut
2972 5506 3026 5550 et
3054 5513 3173 5553 nos.
3230 5497 3377 5552 Sicut
3404 5498 3652 5552 habentes
3679 5497 3800 5566 for-

2208 5613 2347 5650 mam
2379 5606 2630 5649 nostram.
2683 5591 2777 5645 His
2805 5591 3179 5644 tantummodo
3205 5591 3408 5645 credite
3437 5591 3529 5660 qui
3562 5591 3799 5644 formam

2207 5687 2439 5756 exempli
2458 5686 2628 5740 nostri
2647 5691 2881 5753 portant.
2907 5682 3062 5736 Multi
3077 5683 3214 5736 enim
3238 5682 3528 5737 ambulant.
3554 5681 3800 5737 Pseudo:

2208 5780 2458 5852 apostoli,
2491 5795 2522 5832 a
2548 5776 2745 5848 quibus
2770 5785 2960 5830 cavete
2985 5791 3175 5830 nevos
3201 5776 3480 5830 seducant.

2281 5873 2350 5929 Et
2389 5872 2557 5946 gloria
2589 5872 2643 5926 in
2673 5869 3002 5942 confusione.
3057 5867 3193 5937 Quia
3225 5865 3539 5942 gloriantur
3583 5865 3642 5927 in
3685 5866 3800 5928 cir-
