4046 6332
258 350 369 411 2ιῖ

1288 349 1622 412 COLLECT.
1661 351 1732 410 IN
1768 352 1987 412 EPIST.
2027 349 2050 413 Ι
2087 358 2179 415 AD
2218 355 2460 417 THESS.

3419 353 3530 418 2'18

253 468 596 530 cumcisione
644 467 917 538 vitiisque.
975 461 1359 536 Conformabit.
1413 466 1544 522 Post
1594 483 1844 524 resurre-
1871 472 1925 532 Α
1950 475 2127 544 fama.
2167 476 2238 532 Ut
2265 485 2349 532 est
2378 477 2543 534 illud:
2572 475 2805 535 Provide
2828 479 2969 536 bona
2994 493 3104 535 non
3132 473 3304 535 solum
3336 491 3529 536 coram

251 565 514 619 actionem.
549 561 769 634 Corpori
797 560 995 633 glorite’.
1049 560 1107 615 In
1144 568 1327 615 monte
1358 561 1565 616 scilicet
1596 561 1837 619 Thabor.

255 653 562 708 Secundum
595 653 968 725 operationem.
1007 650 1317 707 Secundum
1351 653 1491 709 hanc
1515 657 1839 724 potentiam,

251 747 384 816 quia
423 745 526 800 sibi
572 753 769 801 cuncta
812 741 1074 812 subjecit,
1123 745 1290 800 etiam
1324 745 1428 800 hoc
1465 745 1543 800 illi
1582 746 1841 817 possibile

251 849 358 896 est.

867 935 1094 994 CAPUT
1133 937 1224 996 IV.

324 1022 595 1082 Gaudium
621 1036 670 1083 et
696 1045 891 1083 corona
919 1046 1054 1083 mea.
1089 1029 1317 1100 Propter
1337 1047 1435 1087 vos
1457 1033 1601 1087 enim
1628 1033 1681 1086 in
1707 1047 1841 1103 prae-

251 1120 396 1175 senti
424 1119 694 1186 laetiﬁcor,
718 1129 773 1175 et
796 1137 851 1174 ιη
874 1119 1056 1176 futuro
1078 1123 1398 1177 coronabor.
1430 1122 1688 1177 Evodiam
1716 1138 1840 1191 rogo

248 1219 300 1264 et
331 1210 617 1280 Syntichen
643 1211 909 1282 deprecor.
967 1212 1060 1267 Hae
1105 1213 1357 1268 mulieres
1405 1215 1643 1268 scientes
1679 1221 1841 1268 erant

245 1303 408 1374 legis,
442 1318 577 1372 quas
606 1303 860 1359 similiter
885 1314 945 1359 ut
975 1305 1108 1360 istos
1137 1307 1326 1361 eadem
1360 1308 1564 1362 sentire
1594 1322 1839 1362 commo-

247 1403 345 1450 net
372 1403 428 1449 et
457 1396 725 1450 hortatur.
771 1396 1008 1462 Quorum
1040 1400 1252 1453 nomina
1279 1409 1403 1454 sunt
1439 1401 1494 1454 in
1535 1399 1666 1454 libro
1696 1401 1836 1455 vitm.

247 1484 330 1540 Ne
359 1486 584 1542 moleste
613 1490 789 1542 lerant
818 1505 915 1544 sua
949 1491 1165 1545 nomina
1204 1491 1257 1546 in
1303 1492 1403 1546 hac
1447 1492 1687 1562 Epistola
1728 1507 1839 1547 non

247 1577 672 1646 comprehensa,
697 1581 899 1651 scripta
925 1581 1058 1636 dicit
1085 1583 1138 1636 in
1165 1582 1338 1638 cmlis.
1380 1582 1616 1638 Gaudete
1644 1585 1698 1637 in
1728 1584 1838 1638 Do-

247 1668 414 1721 mino.
465 1668 582 1724 Non
627 1671 682 1725 in
725 1680 942 1728 terrena
985 1674 1262 1731 felicitate.
1315 1674 1548 1748 Semper.
1602 1677 1734 1731 Tam
1781 1678 1837 1733 in

245 1759 523 1828 prosperis
549 1777 712 1831 quam
741 1763 794 1816 in
821 1765 1087 1820 adversis.

1945 568 2078 632 Deo,
2106 571 2199 624 sed
2225 571 2390 624 etiam
2420 586 2603 626 coram
2629 572 2957 628 hominibus.

2016 657 2077 712 Si
2104 676 2210 729 qua
2239 661 2421 715 virtus.
2452 660 2791 716 Tolerantite.
2825 659 2883 716 Si
2910 679 3015 732 qua
3042 663 3180 717 laus.
3211 661 3374 716 Bona:
3398 674 3530 716 cou-

1941 749 2286 804 versationis.
2327 751 2622 806 Didicistis.
2657 753 2856 809 Verbo.
2899 753 3204 824 Accepistis.
3242 750 3524 820 Exemplo.

1943 842 2200 896 Audistis.
2233 843 2492 899 Auribus.
2531 843 2766 900 Vidistis.
2807 844 3008 901 Oculis.
3050 844 3181 900 Htec
3210 848 3365 916 agite.
3409 842 3528 898 Non

1942 935 2086 989 enim
2131 934 2244 988 sola
2289 935 2485 991 sullicit
2511 921 2786 1008 cogitatio.
2839 937 3101 1004 Quoniam
3129 926 3339 992 tandem
3367 937 3529 1006 reﬂo-

1943 1027 2144 1080 ruistis.
2203 1025 2316 1082 Hoc
2365 1037 2488 1094 est,
2537 1029 2734 1083 iterum
2766 1029 2900 1083 ﬂore
2937 1028 3064 1084 boni
3109 1028 3290 1100 operis
3333 1026 3530 1086 ﬂorere

1942 1119 2215 1188 coepisﬁs,
2255 1119 2433 1174 dando
2463 1120 2593 1175 mihi
2627 1123 2770 1192 quod
2805 1123 2958 1194 prius
2987 1122 3232 1189 dabatis,
3269 1122 3375 1178 hoc
3406 1129 3526 1187 est,

1941 1211 2340 1278 eleemosynam
2371 1214 2748 1271 ministrando.

2013 1300 2122 1356 Pro
2151 1321 2227 1358 me
2261 1305 2466 1359 sentite.
2525 1305 2581 1359 Id
2614 1318 2730 1373 est,
2779 1309 2910 1363 mihi
2949 1308 3350 1378 eleemosynam
3379 1307 3522 1363 date.

1940 1394 2087 1450 Sicut
2115 1406 2236 1451 ante
2261 1398 2579 1453 sentiebatis.
2623 1399 3035 1472 Eleemosynam
3063 1403 3195 1457 mihi
3225 1402 3528 1457 tribuentes

1940 1497 2230 1556 antequam
2280 1490 2722 1545 tribulationibus
2771 1493 3021 1562 occupati
3073 1491 3334 1547 fuissetis.
3391 1489 3517 1546 Non

1938 1580 2090 1649 quasi
2138 1588 2351 1650 propter
2395 1583 2670 1651 penuriam
2720 1581 2858 1635 dico.
2913 1581 3030 1636 Non
3077 1589 3302 1651 propter
3345 1594 3524 1635 meam

1938 1673 2174 1742 inopiam
2202 1715 2217 1740 ,
2268 1676 2363 1730 sed
2409 1684 2632 1746 propter
2660 1685 2901 1732 vestrum
2938 1676 3243 1746 profectum
3277 1676 3399 1732 dico
3438 1686 3526 1730 me

1938 1778 2058 1820 esse
2087 1765 2351 1835 gavisum.

321 1850 392 1905 Et
411 1853 600 1908 iterum
623 1856 738 1909 dico
761 1857 1000 1926 gaudete.
1028 1858 1266 1928 Repetit,
1292 1868 1352 1912 ut
1375 1861 1550 1930 magis
1576 1862 1836 1932 ac.magis
1863 1839 1913 1898 Β
2014 1854 2126 1925 Ego
2167 1857 2306 1910 enim
2344 1858 2528 1912 didici.
2584 1858 2630 1912 A
2660 1859 2880 1915 Christo
2926 1859 3108 1914 omnia
3148 1856 3528 1930 abqllanimitel'

246 1942 607 1998 confirmetur
636 1946 908 2015 gaudium.
948 1946 1208 2001 Dominus
1237 1965 1396 2019 pmpe
1423 1959 1518 2003 est.
1561 1949 1680 2004 Scit
1707 1951 1836 2020 quid

245 2047 388 2102 opus
417 2037 490 2091 sit
516 2039 671 2092 vobis
700 2048 994 2108 antequam
1024 2041 1226 2109 petatis
1253 2056 1396 2096 eum.
1446 2041 1596 2095 Nihil
1625 2042 1837 2096 solliciti

245 2127 386 2181 sitis.
431 2128 571 2195 Quid
598 2133 966 2197 manducetis,
1003 2142 1097 2188 aut
1125 2135 1253 2203 quid
1287 2133 1583 2188 induamini
1617 2134 1833 2206 (Matth.

239 2215 329 2286 v),
356 2218 474 2272 haec
502 2221 643 2274 enim
671 2232 856 2291 gentes
880 2225 1177 2293 inquirunt.
1213 2223 1316 2278 Sed
1340 2226 1393 2278 in
1413 2226 1555 2278 omni
1577 2227 1833 2280 oratione.

241 2306 396 2378 Lege
424 2311 706 2379 epistolam
735 2315 802 2367 ad
839 2313 1220 2369 Timotheum:
1259 2316 1664 2371 obsecrationes
1699 2316 1836 2371 fiunt

235 2415 346 2472 pro
366 2404 608 2472 peccatis
624 2407 912 2474 praeteritis
933 2408 1014 2463 vel
1039 2408 1418 2478 praesentibus,
1436 2409 1711 2465 orationes
1734 2425 1835 2480 pro

237 2493 608 2564 adipiscendis
634 2512 753 2566 quae
779 2513 1083 2568 speramus.

313 2585 727 2646 Postulationes.
770 2590 903 2647 Cum
934 2609 1034 2664 pro
1075 2594 1196 2650 aliis
1237 2594 1648 2651 intervenimus.
1692 2594 1831 2651 Gra-

239 2677 440 2731 tiarum
467 2682 720 2737 actiones.
769 2682 904 2738 Cum
954 2701 1053 2755 pro
1102 2685 1382 2740 immensis
1421 2686 1517 2740 Dei
1551 2687 1832 2744 beneficiis

235 2777 422 2838 grates
455 2769 750 2841 laudesque
779 2776 1146 2844 rependimus.
1201 2775 1331 2841 Qua:
1373 2787 1584 2847 superat
1627 2794 1832 2832 onmem

238 2872 481 2916 mentem.
512 2863 629 2919 Non
657 2866 830 2921 solum
855 2868 1156 2932 hominum,
1183 2870 1276 2924 sed
1297 2871 1462 2924 etiam
1490 2871 1826 2942 angelorum.

235 2950 318 3004 De
347 2964 554 3021 cetera,
589 2957 799 3025 fratres.
841 2960 897 3014 ld
922 2972 1028 3026 est,
1055 2962 1122 3016 ad
1148 2970 1451 3017 extremum
1479 2964 1742 3029 omnium,
1768 2972 1830 3019 ut

236 3048 422 3102 omnia
451 3050 693 3106 breviter
722 3055 1212 3124 comprehendam,
1243 3055 1330 3111 vel
1361 3057 1428 3111 de
1465 3055 1674 3127 reliquo
1702 3056 1830 3113 vitae

235 3146 460 3195 nostrae.

1939 1943 2084 1999 ferre
2112 1963 2230 2001 sum
2262 1949 2470 2003 doctus.
2507 1949 2628 2004 Scio
2655 1951 3024 2005 humilitatem.
3077 1950 3195 2013 Non
3226 1950 3526 2018 desperans

1939 2035 2102 2090 fame.
2154 2036 2275 2091 Scio
2305 2039 2594 2093 abundare.
2647 2040 2784 2107 Quia
2825 2058 2930 2095 non
2973 2041 3206 2096 extollor
3250 2041 3305 2095 in
3355 2039 3528 2094 abun-

1939 2126 2144 2182 dantia.
2177 2127 2247 2181 In
2273 2130 2532 2184 omnibus.
2567 2130 2624 2184 Id
2648 2141 2750 2197 est,
2776 2133 2954 2196 bonis,
2980 2134 3094 2188 sive
3117 2133 3416 2203 prosperis,
3441 2130 3528 2186 vel

1939 2221 2200 2287 adversis.
2248 2220 2408 2275 Scitis
2448 2231 2623 2276 autem
2669 2232 2717 2276 et
2756 2239 2845 2277 vos
2875 2222 3270 2294 Philippenses,
3315 2223 3526 2294 quando

1936 2313 2200 2384 profectus
2230 2331 2366 2368 sum.
2419 2313 2586 2370 Scitis
2613 2316 2738 2384 quia
2769 2333 2868 2373 vos
2896 2319 3060 2384 solos,
3096 2336 3127 2374 a
3154 2319 3351 2388 quibus
3379 2333 3530 2374 sum-

1935 2415 2063 2475 ptus
2092 2407 2469 2476 acceperimus
2503 2407 2800 2478 elegimus,
2843 2409 3116 2468 ﬁdeliores
3153 2412 3405 2468 omnibus
3429 2424 3529 2466 vos

1929 2497 2259 2568 judicantes.

2005 2589 2074 2644 In
2123 2591 2326 2646 ratione
2375 2592 2507 2646 dati.
2563 2592 2931 2666 Eleemosynte
2983 2595 3214 2650 donatae.
3265 2592 3526 2648 Fructum

1935 2685 2309 2740 abundantem.
2345 2687 2591 2743 Mercede
2619 2689 2830 2744 caelesti
2859 2689 3174 2760 pollentem.
3215 2689 3285 2744 In
3313 2689 3527 2744 odorem

1933 2777 2227 2831 suavitatis.
2268 2775 2416 2833 Odor
2443 2778 2726 2834 suavitatis
2755 2797 2864 2835 non
2896 2782 2950 2835 in
2983 2797 3042 2836 re
3067 2780 3281 2846 oblata,
3329 2779 3425 2834 sed
3471 2778 3528 2834 in

1933 2871 2131 2924 mentis
2183 2870 2457 2926 oblatione
2506 2873 2773 2937 consist—it.
2837 2871 3085 2927 Hostiam
3132 2869 3526 2942 acceptobilem.

1935 2965 2082 3020 More
2108 2973 2352 3020 veterum
2380 2967 2738 3023 oblationum.
2771 2966 2801 3020 1
2807 2967 2998 3037 περιείη
3027 2983 3178 3021 omne
3207 2965 3528 3020 desiderium

1932 3067 2182 3113 vestrum.
2235 3057 2372 3125 Quia
2400 3066 2460 3111 ut
2487 3058 2714 3128 perfecti
2743 3057 2848 3112 alia
2881 3057 3192 3113 desiderare
3223 3072 3332 3112 non
3367 3061 3524 3125 pote—

1934 3157 2091 3214 rant,
2143 3149 2250 3203 nisi
2297 3165 2416 3218 quae
2454 3157 2581 3204 sunt
2615 3151 2910 3205 secundum
2964 3149 3184 3204 divitias
3235 3146 3366 3212 Dei,
3414 3159 3525 3200 non

311 3230 650 3307 Qua’cunque
678 3248 799 3292 sunt
826 3257 966 3294 vera.
1019 3239 1401 3296 Permanentia
1420 3281 1434 3306 ,
1465 3241 1550 3296 vel
1581 3243 1827 3298 carentia
1857 3208 1901 3272 Ο
1936 3208 2150 3305 saeculi,
2181 3248 2236 3295 et
2264 3208 2386 3311 quae
2416 3242 2483 3296 ad
2513 3242 2739 3314 gloriam
2767 3242 3043 3313 pertinent
3069 3240 3295 3296 Christi.
3328 3237 3433 3305 Qui
3461 3236 3527 3291 de

234 3326 541 3383 mendacio.
573 3327 798 3385 Pudica.
834 3331 1091 3387 Moribus.
1125 3333 1348 3388 Sancta.
1379 3331 1510 3390 Sine
1536 3335 1828 3390 immundi-

233 3413 336 3470 tia.
367 3415 542 3473 Justa.
578 3418 788 3477 Debita.
825 3423 1110 3479 Amabilia.
1144 3425 1275 3480 Deo.
1311 3424 1648 3498 Qutecunque
1675 3427 1826 3482 bona:

1935 3333 2164 3388 Cwsaris
2193 3345 2314 3388 sunt
2346 3335 2524 3390 domo.
2573 3335 2676 3404 Qui
2715 3352 2890 3407 nuper
2928 3353 2998 3392 ex
3036 3335 3268 3392 Caesaris
3295 3329 3529 3388 Nemnis

1933 3425 2139 3480 familia
2165 3425 2384 3482 Christo
2412 3429 2784 3484 crediderunt.

245 3565 3517 3596 W

1679 3688 2033 3800 VII.

759 3920 871 4003 IN
931 3918 1523 4000 EPISTOLAM
1584 3919 1638 3996 Ι*
1689 3919 1822 3994 ΑΙ)
1904 3914 2972 3999 THESSALONICENSES.

749 4167 974 4226 CAPUT
1008 4168 1303 4226 PRIMUM.

313 4295 543 4370 Paulus,
591 4310 640 4358 et
687 4300 982 4372 Sylvanus,
1029 4311 1078 4357 et
1124 4302 1446 4358 Timotheus.
1507 4301 1661 4370 Quod
1711 4318 1824 4359 non

227 4395 364 4451 dicit
388 4393 678 4466 apostolus,
708 4394 979 4465 signiﬁcat
1011 4395 1317 4449 auditorum
1344 4394 1758 4465 perfectionem.
1804 4451 1808 4454 ,

301 4486 372 4541 Et
405 4485 689 4558 Sylvanus,
735 4495 783 4540 et
827 4485 1147 4540 Timotheus.
1203 4486 1268 4541 Hi
1311 4487 1621 4557 specialiter
1650 4486 1902 4551 nomi-D

227 4587 452 4641 nantur,
493 4579 636 4649 quod
685 4594 876 4633 eorum
923 4580 1174 4635 doctores
1217 4589 1394 4634 erant.
1444 4580 1734 4634 Charitatis
1776 4589 1824 4634 et

224 4671 498 4743 patientia:
537 4673 665 4741 spei.
717 4671 817 4738 Qui
849 4671 1105 4742 perfecta:
1131 4672 1414 4726 charitatis
1441 4681 1552 4736 est,
1597 4673 1829 4730 sustinet

223 4761 418 4815 omnia
449 4761 733 4828 patienter,
780 4773 1004 4832 propter
1031 4779 1180 4832 spem
1209 4761 1466 4817 futuram.
1501 4761 1604 4817 Sed
1634 4763 1690 4817 in
1718 4764 1824 4817 vir-

225 4861 362 4905 tute.
398 4851 456 4906 Id
485 4862 587 4920 est,
616 4853 919 4925 signorum,
952 4855 1359 4909 miraculorum.

298 4967 371 5021 Et
399 4965 604 5041 Spiritu
633 4980 838 5026 sancto.
881 4969 1048 5039 Cujus
1074 4973 1334 5026 virtutem
1365 4987 1463 5041 per
1491 4971 1645 5041 signa
1673 4986 1828 5027 mon-

224 5060 542 5116 stravimus.
574 5061 641 5116 In
664 5061 990 5133 plenitudine
1011 5062 1198 5118 multa.
1233 5064 1291 5119 In
1316 5062 1651 5135 perfectione
1670 5062 1830 5134 justi-

223 5152 341 5219 tite,
369 5154 798 5210 conversationis
827 5163 882 5210 et
905 5156 1052 5210 vitae.

300 5270 434 5326 Cum
475 5273 671 5344 gaudio
703 5273 936 5345 Spiritus
978 5274 1168 5329 sancti.
1227 5272 1382 5329 Sicut
1428 5273 1702 5344 apostolos
1746 5269 1827 5326 le-

227 5363 411 5435 gimus
441 5363 656 5420 fecisse.
689 5365 730 5417 A
763 5365 907 5419 uobis
934 5367 1074 5420 enim
1103 5365 1440 5435 (li/[amatum
1469 5374 1564 5418 est.
1616 5364 1674 5419 ld
1710 5371 1827 5429 est,

228 5464 418 5511 vestro
466 5457 718 5528 exemplo
766 5467 979 5512 cteteraa
1038 5457 1333 5527 provincia:
1381 5457 1448 5510 ad
1495 5454 1830 5511 credendum

234 5556 368 5602 sunt
393 5559 722 5620 provocatte.
764 5548 899 5604 Nam
931 5559 1124 5603 natura
1155 5550 1311 5603 fama:
1339 5557 1454 5613 est,
1483 5547 1598 5601 sive
1627 5547 1861 5623 bonuml‘

229 5641 320 5694 vel
361 5641 564 5696 malum
604 5642 940 5708 nuntiantis,
989 5643 1189 5712 ubique
1217 5641 1366 5696 omni
1401 5638 1682 5695 celeritate
1713 5637 1828 5693 dis-

228 5749 481 5790 currere.

300 5827 521 5902 Aliquid
567 5829 730 5904 loqui.
786 5829 864 5888 De
909 5837 1088 5888 vestra
1116 5829 1326 5888 scilicet
1354 5827 1534 5885 laude.
1581 5825 1688 5896 Qui
1713 5826 1823 5885 eri-

1928 4169 2043 4240 puit
2072 4183 2188 4221 nos.
2237 4161 2570 4220 Dimittendo
2595 4165 2857 4233 peccata,
2900 4165 2956 4213 et
3000 4153 3246 4212 doctrina
3289 4167 3422 4221 sua,
3469 4155 3528 4208 et

1928 4259 2198 4330 exemplo.

2558 4342 2787 4401 CAPUT
2826 4341 2893 4395 Il«

2002 4441 2128 4495 Non
2158 4440 2334 4494 inanis
2363 4439 2484 4509 fuit.
2533 4436 2650 4490 Non
2681 4443 2767 4489 est
2803 4431 2979 4486 inanis
3007 4443 3188 4485 sermo
3215 4441 3378 4496 quem
3422 4426 3523 4480 im-

1928 4535 2040 4607 plet
2067 4532 2381 4589 constantia
2411 4528 2700 4600 passionis.
2747 4526 2882 4578 Ante
2924 4522 3113 4576 vexati.
3167 4518 3333 4574 Multa
3374 4516 3523 4572 enim

1928 4626 2072 4696 passi
2102 4639 2310 4689 sumus,
2341 4630 2634 4689 antequam
2663 4617 2731 4670 ad
2754 4630 2852 4669 vos
2879 4613 3238 4668 venissemus.

1999 4716 2148 4771 Sicut
2179 4717 2325 4771 scitis
2354 4714 2410 4768 in
2439 4709 2722 4780 Philippis.
2773 4705 2910 4773 Quia
2952 4704 3217 4774 aliquanti
3246 4701 3412 4757 vestri
3443 4698 3526 4754 vi-

1928 4809 2126 4864 derunt
2154 4823 2254 4861 nos
2285 4802 2552 4873 Philippis
2579 4786 2793 4870 passos,
2824 4811 2932 4851 non
2961 4795 3242 4865 expavisse
3270 4803 3524 4862 persecu-

1931 4901 2138 4964 tiones,
2166 4913 2267 4953 nec
2292 4895 2594 4967 prtedicare
2623 4904 2888 4946 cessasse.

2000 4991 2069 5046 In
2095 4990 2261 5045 multa
2287 4985 2664 5044 sollicitudine.
2699 4983 2757 5038 Id
2780 4992 2884 5049 est,
2907 4997 3016 5037 non
3040 4979 3398 5050 negligenter,
3421 4987 3524 5030 nec

1873 5143 1879 5149 .
1929 5085 2268 5150 transitorie,
2293 5083 2387 5139 sed
2412 5082 2468 5136 in
2491 5079 2661 5135 multa
2683 5074 3065 5133 sollicitudine.
3093 5071 3217 5126 Non
3236 5083 3300 5123 ea:
3319 5082 3519 5121 errore.

1928 5179 1987 5236 Id
2017 5186 2135 5244 est,
2183 5189 2456 5246 perversae
2492 5171 2774 5226 doctrinm.
2829 5167 3014 5239 Neque
3055 5179 3120 5218 ea:
3160 5157 3517 5215 immunditia.

1928 5272 1987 5328 Id
2015 5279 2132 5335 est,
2163 5267 2406 5322 avaritiae
2437 5279 2534 5320 seu
2564 5262 2807 5335 perversi
2836 5257 3036 5330 operis.
3081 5251 3267 5324 Neque
3294 5253 3349 5306 in
3368 5250 3518 5306 dolo.

1933 5362 2200 5419 Sermone
2237 5356 2596 5421 adulationis,
2641 5362 2736 5408 aut
2763 5366 2872 5407 non
2902 5355 3094 5403 contra
3129 5343 3523 5400 conscientiam

1931 5463 2178 5509 nostram
2204 5451 2464 5506 docentes
2488 5463 2551 5503 ac
2575 5445 2883 5502 suadentes.
2917 5439 3021 5494 Sed
3045 5439 3178 5496 sicut
3203 5436 3410 5509 probati
3435 5451 3523 5489 su-

1931 5563 2067 5600 mus.
2107 5543 2261 5599 Sicut
2286 5542 2538 5613 probavit
2568 5554 2667 5595 nos
2692 5538 2837 5592 Deus
2865 5533 3060 5606 dignos
3085 5546 3206 5588 esse
3233 5530 3302 5587 ad
3329 5527 3524 5602 praedi-

1932 5636 2166 5694 candum
2195 5634 2569 5705 Evangelium.

2005 5730 2189 5802 Neque
2216 5730 2272 5782 in
2297 5727 2572 5781 occasione
2599 5722 2856 5778 avaritiae.
2907 5720 3097 5778 Omnis
3126 5719 3219 5789 qui
3246 5715 3521 5782 adulatur,

1933 5833 2030 5883 aut
2055 5831 2280 5899 propter
2309 5817 2596 5876 avaritiam
2618 5856 2634 5886 ,
2683 5822 2777 5872 aut
2818 5821 3039 5890 propter
3067 5823 3264 5872 vanam
3292 5805 3523 5884 gloriam
