4046 6332
559 286 660 346 219

1940 290 2212 349 SEDULII
2252 290 2451 349 SCOTI

3710 293 3829 351 220

556 406 831 473 adulatur.
874 407 972 464 Ille
1005 423 1137 481 ergo
1172 410 1437 481 probatur
1462 396 1688 484 propter
1716 410 1888 466 Deum
1921 412 2139 477 docere,
2170 420 2222 482 Α
2244 408 2505 464 Dominus
2541 422 2828 479 passurum
2865 422 2924 465 se
2960 415 3087 464 ante
3118 407 3389 479 praedixit.
3421 407 3598 465 Labor
3624 420 3825 472 noster.

556 499 652 568 qui
680 499 843 555 istan
870 515 981 556 non
1007 503 1224 571 quierit.
1272 501 1377 558 Sed
1406 504 1605 575 fuimus
1632 503 1838 576 parvuli
1865 504 2002 558 inter
2027 520 2135 558 vos.

558 589 616 645 Id
646 599 730 646 cst
748 632 764 658 ,
803 591 1153 649 humiliantes
1182 609 1313 662 nos,
1351 604 1407 650 et
1433 612 1535 651 nec
1563 596 1801 651 debitum
1832 602 2141 665 quterentes

559 681 844 739 honorem.
878 684 1151 757 Tanquam
1186 687 1232 741 si
1269 688 1448 742 nutrix
1473 688 1644 756 foveat
1668 686 1809 757 ﬁlios
1834 703 1975 742 suos.
2028 685 2140 740 Hu-

558 774 780 831 milians
805 790 870 830 se
896 776 953 831 in
980 777 1231 833 omnibus
1264 778 1492 849 parvulo
1521 786 1796 847 eomquat,
1831 785 1893 832 ut
1921 778 2041 833 illos
2070 777 2140 832 ad

559 863 770 935 maiora
795 881 895 925 sua
919 868 1222 924 imitatione
1246 870 1524 939 perducat.
1557 868 1694 925 Nam
1720 877 1775 924 et
1799 870 2031 925 balbutit
2057 870 2139 924 in-

550 961 774 1016 terdum
801 977 1012 1035 .mgua,
1042 970 1099 1019 et
1125 964 1450 1019 manducare
1477 963 1647 1034 lingit,
1676 971 1731 1018 et
1762 978 1884 1018 cum
1915 979 1982 1018 eo
2010 962 2134 1035 [eis]

555 1049 1004 1110 Ieuteambulare
1022 1055 1346 1112 consuescit.
1373 1056 1451 1111 [ta
1474 1072 1575 1112 nos
1592 1058 1774 1112 omnia
1793 1056 2019 1112 fecimus
2037 1070 2137 1127 per

558 1160 681 1216 quae
707 1146 975 1217 proiicere
1008 1149 1290 1218 poteratis.
1338 1148 1444 1205 Sed
1481 1149 1641 1204 etiam
1668 1150 1875 1204 animos
1905 1160 2133 1205 nostras.

562 1236 636 1293 Ut
660 1256 673 1292 :
706 1236 821 1310 Ego
846 1256 960 1293 sum
983 1250 1165 1311 pastor
1189 1241 1374 1306 bonus,
1402 1240 1566 1296 bonus
1591 1250 1764 1295 autem
1788 1250 1969 1312 pastor
1990 1244 2136 1314 ponit

559 1332 794 1385 animum
817 1349 971 1388 suam
1004 1350 1100 1405 pro
1127 1332 1303 1388 ovibus
1339 1335 1450 1389 suis
1475 1331 1659 1405 (Joan.
1687 1333 1764 1405 χ).
1801 1334 2130 1389 Charissimi.

554 1423 787 1496 Propter
811 1426 972 1483 ﬁdem
999 1436 1057 1485 et
1081 1430 1549 1484 conversationem
1578 1435 1842 1483 nostram.
1878 1427 2135 1483 Laborem

552 1528 810 1574 nostrum.
861 1521 918 1575 Id
947 1529 1064 1588 est,
1100 1537 1377 1576 manuum.
1430 1519 1836 1593 Fatigationem.
1886 1521 1944 1575 In
1975 1522 2136 1576 itine-

552 1609 708 1665 ribus
745 1612 815 1667 ad
850 1613 1252 1681 praedicandum
1282 1612 1649 1684 Evangelium.
1700 1610 1767 1665 Ut
1805 1611 2006 1666 nullum
2045 1630 2133 1667 ve-

2244 502 2501 556 Doctrina
2539 510 2745 557 nostra.
2798 500 2866 556 In
2910 502 3053 556 omni
3099 503 3422 557 necessitate.
3465 502 3694 560 Omnem
3728 523 3832 564 ne-

2242 594 2552 647 cessitatem
2589 601 2644 648 et
2678 593 3083 647 tribulationem
3111 594 3525 660 non'sentimus,
3554 611 3657 666 pro
3686 596 3831 652 mul—

2241 688 2473 742 titudine
2500 688 2676 760 gaudii
2707 696 2878 744 status
2904 690 3092 743 vestri.
3125 688 3389 755 Quoniam
3419 707 3556 744 nunc
3583 692 3826 747 vivimus.

2241 777 2468 833 Etiamsi
2497 780 2828 845 occidamur,
2851 780 3121 845 'vivimus,
3151 796 3382 849 quorum
3418 782 3523 836 vita
3557 782 3611 836 in
3641 794 3828 840 vestra

2241 865 2499 922 ﬁrmitate
2520 869 2790 924 consistit.
2825 868 2999 941 Super
3018 887 3168 924 omne
3192 872 3469 942 gaudium.
3502 873 3824 943 Triplicem,

2240 960 2516 1028 ostendit,
2567 977 2788 1016 causam
2833 961 3035 1017 laetitiae
3067 962 3226 1019 nobis
3256 973 3439 1020 vestra
3478 968 3829 1023 conversatio

2238 1058 2481 1121 prmstat,
2510 1052 2639 1123 quia
2666 1060 2722 1108 et
2744 1068 2842 1109 vos
2868 1055 3197 1124 proiecistis,
3224 1064 3281 1112 et
3310 1056 3570 1113 Dominus
3596 1073 3698 1127 per
3728 1075 3827 1116 vos

2239 1142 2597 1207 benedicitur,
2621 1152 2676 1197 et
2697 1143 2817 1199 aliis
2842 1146 3096 1214 praebetis
3119 1147 3444 1216 exemplum.
3476 1145 3610 1213 Quae
3635 1149 3829 1205 desunt

2239 1232 2366 1302 ﬁdei
2391 1243 2593 1289 vestris.
2643 1234 2761 1290 Non
2804 1237 2922 1307 ipsa
2951 1237 3086 1293 ﬁdes
3115 1239 3295 1305 deest,
3339 1241 3435 1296 sed
3469 1239 3826 1311 confortatio,

2239 1334 2302 1379 ut
2338 1326 2393 1380 in
2422 1326 2528 1381 ﬁde
2560 1338 2915 1397 permaneant
2943 1345 3115 1399 usque
3142 1330 3198 1384 in
3228 1330 3412 1385 ﬁnem.
3450 1330 3655 1401 Dirigat
3682 1334 3827 1388 viam

2236 1428 2495 1474 nostram.
2531 1420 2587 1474 Id
2617 1429 2719 1485 est,
2748 1423 2973 1477 remotis
3001 1422 3283 1479 diabolicis
3309 1423 3599 1488 scandulis,
3622 1424 3828 1494 quibus

2236 1520 2426 1566 noster
2474 1512 2801 1584 impediatur
2846 1516 3128 1570 adventus.
3185 1514 3289 1570 Vos
3340 1525 3514 1571 autem
3560 1515 3825 1571 Dominus

2239 1602 2567 1672 multiplicet.
2614 1604 2769 1660 Sicut
2803 1614 2862 1661 et
2895 1622 2995 1661 nos
3031 1607 3410 1677 multiplicavit
3440 1609 3495 1662 in
3525 1609 3822 1665 charitate.

551 1712 722 1757 stram
752 1716 1107 1775 grauarentus.
1158 1705 1275 1760 Non
1316 1714 1508 1776 gravat
1528 1704 1868 1770 Corinthios,
1909 1713 2121 1775 propter

2240 1688 2365 1746 Sine
2390 1693 2622 1763 querela.
2664 1696 2721 1750 Id
2746 1705 2861 1761 est,
2898 1700 3105 1768 peccati
3133 1699 3446 1771 principalis
3476 1701 3619 1769 apud
3648 1700 3825 1757 Deum

554 1796 1039 1867 pseudoaposmlos
1063 1812 1288 1852 munera
1314 1808 1649 1868 qummmes;
1692 1797 1793 1851 bos
1818 1804 1999 1851 autem
2026 1813 2133 1851 ηοη
2162 1783 2211 1843 Β
2238 1789 2292 1835 ct
2321 1783 2585 1841 homines.
2620 1784 2752 1841 Cum
2782 1790 3020 1844 omnibus
3044 1791 3260 1845 sanctis.
3295 1789 3423 1847 Sive
3451 1791 3679 1863 angelis,
3700 1793 3827 1849 sive

554 1896 775 1955 gravat,
817 1898 878 1945 ut
904 1889 1174 1961 inquietos
1201 1890 1292 1962 qui
1321 1901 1477 1947 erant
1516 1907 1585 1950 ex
1621 1890 1725 1947 illis
1751 1892 1999 1963 exemplo
2033 1908 2132 1950 suo

551 1988 853 2036 coemerat.
1228 1970 1233 1975 ’

629 2072 802 2139 Quam
829 2084 1025 2130 sancte.
1070 2074 1376 2132 Secundum
1405 2084 1661 2131 mentem.
1705 2077 1874 2132 Juste.
1925 2076 2132 2132 Secun-

553 2164 682 2219 dum
724 2167 865 2223 bona
905 2184 1088 2239 Opera.
1132 2168 1201 2223 Et
1235 2171 1345 2224 sine
1391 2168 1621 2241 querela.
1672 2168 1789 2224 Non
1830 2169 1967 2225 alios
2007 2186 2131 2242 gra-

555 2258 735 2311 vanda
758 2258 814 2312 in
838 2259 1312 2315 sollicitudinibus.
1341 2259 1396 2314 Si
1418 2260 1538 2329 quis
1559 2261 1702 2315 enim
1724 2269 1943 2316 sanctus
1965 2260 2131 2315 fuerit

554 2345 766 2412 doctor,
807 2364 915 2405 non
946 2360 1125 2405 tamen
1153 2351 1270 2405 sine
1297 2352 1519 2421 querela
1550 2359 1660 2415 est,
1695 2352 1739 2406 si
1769 2352 1902 2408 alios
1931 2352 2131 2409 sollici-

544 2438 834 2495 tudiuibus
874 2456 1036 2511 supra
1077 2443 1295 2497 modum
1340 2453 1614 2515 aggravet.
1651 2442 1875 2499 Verbum
1916 2445 2129 2501 auditus

545 2528 664 2584 Dei.
713 2529 769 2584 Id
798 2540 912 2597 est,
943 2532 1085 2600 quod
1112 2534 1345 2604 primum
1373 2536 1438 2589 de
1465 2536 1575 2591 Deo
1600 2536 1826 2591 audistis
1846 2577 1861 2602 ,
1910 2536 2027 2591 sive
2068 2546 2131 2592 ut

544 2620 807 2677 audiretis
834 2623 1023 2679 Deum.
1078 2626 1200 2681 Non
1239 2637 1294 2685 ut
1330 2628 1540 2682 uerbum
1569 2628 1858 2683 hominum.
1907 2629 1979 2684 Ut
2007 2644 2127 2684 ver-

542 2712 674 2770 bum
710 2715 990 2772 hominum
1029 2720 1265 2791 accipit,
1316 2722 1407 2791 qui
1438 2723 1756 2777 contemnit.
1795 2721 1906 2777 Vos
1944 2733 2126 2777 autem

545 2804 621 2859 ita
659 2807 984 2874 credidistis,
1017 2820 1077 2866 ut
1108 2812 1176 2867 ab
1204 2814 1320 2883 ipso
1355 2815 1462 2871 Deo
1490 2831 1585 2870 vos
1614 2815 1803 2871 audire
1837 2818 2121 2886 putaretis.

547 2894 911 2954 Ecclesiarum
938 2901 1034 2956 Dei
1059 2920 1175 2974 quis
1202 2915 1322 2959 sunt
1350 2907 1406 2960 in
1432 2905 1643 2961 )udwa.
1687 2907 1746 2962 Id
1778 2916 1893 2973 est,
1930 2910 2125 2978 quibus

542 2986 782 3043 dicitur:
812 2988 950 3045 Nam
978 3000 1032 3047 et
1063 2994 1259 3050 vinctis
1290 2998 1557 3067 cempassi
1584 2998 1751 3065 estis,
1789 3007 1845 3053 et
1876 3000 2124 3069 rapinam

2235 1874 2566 1933 hominibus.

2839 1971 3065 2029 CAPUT
3103 1973 3193 2030 IV.

2302 2057 2383 2114 De
2410 2068 2598 2119 cratera
2623 2079 2745 2133 ergo
2775 2079 2919 2134 rogo,
2952 2065 3164 2134 fratres.
3200 2065 3331 2141 Post
3356 2068 3569 2124 laudem
3597 2077 3655 2125 et
3680 2084 3820 2126 con-

2232 2148 2597 2208 tinuationem
2651 2155 2842 2225 incipit
2894 2156 3218 2214 exhortatio.
3285 2158 3573 2215 Abundetis
3623 2162 3819 2232 magis.

2233 2244 2370 2311 Quia
2411 2261 2534 2300 cum
2569 2256 2730 2304 :etate
2771 2248 2896 2303 iidei
2938 2250 3134 2306 debent
3177 2267 3375 2322 augere
3415 2254 3716 2323 profectum
3763 2262 3824 2310 et

2230 2348 2436 2399 mores,
2470 2336 2611 2391 sicut
2640 2353 2864 2393 accessu
2891 2341 3129 2397 carnalis
3157 2344 3331 2398 aetatis
3372 2352 3429 2398 et
3467 2359 3666 2414 corpus
3694 2359 3821 2401 cre-

2230 2425 2335 2482 scit
2361 2435 2418 2481 et
2445 2427 2705 2489 studium.
2736 2431 2779 2485 Α
2801 2431 3168 2501 fornicatione.
3203 2433 3333 2490 'I‘am
3361 2437 3622 2507 spirituali
3649 2453 3823 2508 quam

2230 2521 2519 2590 corporali.
2554 2521 2722 2578 Suum
2752 2543 2839 2580 vas
2867 2528 3151 2597 possidere.
3189 2530 3472 2599 Proprium
3502 2546 3658 2585 suum
3689 2545 3821 2585 cor-

2227 2629 2329 2685 pus
2363 2617 2477 2671 sive
2507 2618 2793 2690 coniugem
2823 2629 2971 2676 caste
2998 2622 3217 2679 habere.
3259 2621 3389 2687 Qua!
3418 2640 3521 2677 non
3559 2632 3821 2678 noverunt

2228 2706 2418 2763 Deum.
2456 2709 2751 2766 Auctorem
2783 2715 3070 2769 castitatis.
3114 2714 3181 2769 Ut
3211 2733 3273 2769 ne
3297 2716 3412 2787 quis
3440 2717 3817 2789 supergredia-

2228 2806 2335 2852 tur.
2374 2799 2452 2855 Ne
2480 2803 2604 2872 quis
2630 2819 2784 2858 suam
2818 2806 3100 2876 coniugem
3136 2807 3545 2877 derelinquens,
3589 2808 3820 2866 alterius

2225 2892 2470 2963 polluere
2500 2904 2708 2965 quaerat
2735 2913 2980 2965 uxorem,
3011 2900 3125 2955 sive
3153 2900 3207 2954 in
3234 2900 3473 2970 quolibet
3498 2902 3715 2972 negotio
3739 2917 3816 2959 ne

2226 2983 2351 3053 quis
2382 2983 2615 3042 alterum
2644 2985 2896 3055 fraudet,
2946 2996 3007 3043 ut
3055 2991 3145 3059 qui
3187 2991 3476 3060 pecuniam
3513 3006 3666 3046 suam
3700 3007 3815 3048 non
3860 2993 3873 3001 ’

544 3077 812 3135 honorum
836 3091 1139 3140 νεειιιοιιυιη
1175 3102 1297 3141 cum
1332 3088 1529 3159 gaudio
1555 3090 1891 3159 suscepistis.
1938 3090 2042 3157 Qui
2072 3099 2125 3146 ει
2161 3154 2193 3159 _
2227 3076 2296 3130 ad
2315 3092 2536 3141 usuram
2560 3079 2803 3135 dederat.
2832 3080 2957 3135 Non
2981 3080 3241 3139 hominem
3266 3083 3483 3152 spernit,
3505 3082 3595 3136 sed
3614 3081 3811 3136 Deum.

539 3169 825 3228 Dominum
850 3176 1167 3232 occiderunt.
1203 3154 1357 3247 Quid.
1370 3180 1567 3236 mirum
1595 3154 1765 3251 sinos
1793 3154 2121 3255 persequun-

2228 3165 2343 3221 Non
2372 3184 2490 3223 mea
2518 3170 2683 3224 verba
2714 3170 2962 3240 despicit,
2992 3172 3086 3227 sed
3112 3170 3230 3240 ejus
3256 3171 3349 3241 qui
3378 3173 3432 3226 in
3461 3188 3546 3228 me
3572 3171 3817 3242 loquitur

542 3270 653 3329 tur,
683 3266 777 3335 qui
816 3281 916 3323 nec
958 3267 1185 3326 Domino
1226 3282 1606 3343 pepercerunt.
1656 3272 1998 3330 Prohibentes
2025 3295 2118 3332 nos

539 3354 774 3423 gentiam
802 3357 962 3431 loqui.
1013 3359 1129 3416 Non
1170 3362 1343 3421 solum
1380 3361 1596 3420 Judeees
1635 3365 1972 3436 impediunt,
2023 3368 2121 3422 sed

540 3444 704 3500 etiam
733 3450 983 3517 gentibus
1012 3451 1254 3507 invident
1280 3455 1346 3508 ad
1373 3470 1597 3510 suorum
1624 3458 1899 3512 cumulum
1927 3475 2120 3530 pecca-

540 3544 747 3603 torum.
778 3538 1045 3607 Peruenit
1070 3544 1205 3607 enim
1229 3562 1386 3616 super
1411 3546 1533 3606 illos
1556 3548 1643 3605 ira.
1665 3549 1785 3606 Dei.
1835 3549 1965 3606 Sive
1990 3553 2120 3621 quia

538 3630 777 3698 praedico
807 3648 913 3702 qua
943 3649 1103 3704 paena
1132 3639 1277 3707 capti
1303 3647 1449 3705 sunt,
1476 3640 1589 3695 sive
1613 3642 1739 3712 quia
1770 3642 1983 3700 ablatus
2009 3660 2117 3699 non

541 3722 886 3779 credentibus
913 3735 998 3781 est
1024 3727 1352 3796 intellectus,
1381 3734 1495 3789 sive
1525 3734 1613 3790 hic
1643 3736 1979 3806 prophetizat
2001 3738 2118 3793 viu-

536 3812 740 3870 dictam
762 3819 939 3875 crucis
958 3822 1109 3889 quasi
1140 3823 1289 3892 prius
1312 3824 1453 3880 facta
1477 3837 1640 3881 esset.
1666 3827 1840 3900 Usque
1860 3830 1914 3883 in
1932 3830 2111 3898 ﬁnem.

541 3903 727 3975 Usque
753 3907 880 3961 dum
904 3912 1152 3983 credunt,
1178 3914 1265 3971 vel
1293 3932 1463 3987 usque
1488 3919 1557 3972 ad
1585 3919 1727 3981 diem
1752 3919 1941 3989 iudicii
1959 3961 1975 3986 ,
2012 3930 2111 3977 ut:

500 4028 509 4031 —
541 3996 893 4089 Dpprobrium
941 4007 1307 4077 sempiternum
1351 4012 1493 4066 dedit
1539 4013 1644 4067 illis
1682 4012 1855 4085 (Psal.
1883 4015 2109 4089 Lxxvu).

537 4088 654 4161 Ego
680 4092 908 4163 quidem.
948 4096 1241 4155 Festinavi.
1285 4100 1511 4157 Paulus.
1552 4104 1670 4159 Non
1707 4105 1917 4176 aliquos
1956 4123 1987 4161 a
2026 4125 2114 4166 me

533 4184 755 4241 nuntios
783 4188 1066 4245 destinavi.
1115 4191 1397 4265 Impedivit
1431 4213 1525 4251 nos
1556 4196 1808 4252 Satanas.
1856 4199 2108 4255 Tribulu-

532 4273 772 4333 tionihus
808 4284 1280 4353 persequentium,
1330 4287 1442 4341 sive
1486 4289 1664 4343 omnis
1704 4288 1858 4343 lairor
1888 4300 2109 4346 contra-

530 4367 646 4424 rius
685 4368 917 4429 Satanas
958 4375 1062 4430 dici
1105 4384 1303 4447 potest.
1363 4378 1497 4434 Nam
1542 4379 1774 4437 Satanas
1819 4382 2111 4453 aliquando

529 4472 638 4513 non
666 4469 841 4530 potest
870 4465 1131 4535 impedire
1160 4468 1415 4525 virtutem
1448 4472 1645 4538 animi;
1683 4489 1804 4544 qua:
1833 4485 2011 4530 autem
2042 4477 2111 4531 ad

528 4548 745 4609 labores
776 4558 1020 4626 corporis
1054 4560 1371 4630 pertinent,
1422 4578 1565 4635 saepe
1606 4573 1785 4635 potest
1824 4566 2107 4637 impedire.

531 4640 664 4707 Qua:
684 4646 821 4700 enim
839 4664 955 4718 spes
978 4654 1196 4708 nostra?
1216 4655 1333 4712 Non
1357 4658 1628 4713 immerito
1650 4674 1747 4714 vos
1768 4659 2108 4729 deseramus,

527 4745 628 4802 per
653 4748 788 4804 quos
814 4744 869 4791 et
895 4739 1095 4796 laetitia
1122 4747 1376 4815 gaudium
1405 4762 1707 4817 speramus,
1734 4761 1788 4805 et
1813 4752 1998 4822 gloria:
2023 4769 2111 4808 co-

531 4837 722 4880 ronam
749 4843 855 4883 non
883 4833 1217 4892 sustinentes
1237 4877 1252 4903 ,
1297 4853 1406 4894 non
1440 4840 1712 4909 patiemur
1750 4851 1812 4898 ut
1848 4860 2011 4901 nemo
2040 4845 2111 4901 ad

525 4928 622 4971 vos
648 4918 881 4975 veniret.

1129 5014 1357 5073 CAPUT
1390 5016 1474 5074 III.

2135 4517 2193 4578 Β

2222 3259 2455 3325 Christi,
2491 3261 2646 3331 cuius
2672 3262 2885 3331 spiritui
2917 3260 3169 3331 iniuriam
3202 3263 3334 3318 facit
3359 3263 3537 3321 omnis
3568 3262 3662 3332 qui
3697 3276 3811 3317 non

2223 3362 2410 3407 sancte
2440 3362 2813 3408 conversatur.
2849 3354 2891 3407 Α
2916 3354 3030 3409 Deo
3058 3355 3333 3410 didicistis.
3370 3356 3414 3409 Α
3438 3355 3679 3421 Christo,
3712 3354 3810 3424 qui

2221 3443 2390 3499 dixit:
2420 3442 2734 3501 Mandatum
2756 3462 2942 3500 novum
2963 3446 3032 3499 do
3056 3446 3214 3511 vobis,
3238 3457 3293 3501 ut
3311 3446 3544 3518 diligatis
3562 3447 3804 3513 inuicem,

2219 3537 2353 3590 sicut
2381 3536 2546 3590 dilexi
2576 3554 2661 3591 vos
2689 3537 2904 3609 (Matt/1.
2934 3538 3083 3610 xxv).
3128 3539 3195 3605 Et
3228 3541 3349 3603 ideo
3376 3556 3581 3606 novum
3600 3549 3720 3607 εει.
3743 3549 3815 3605 ιιι

2218 3642 2319 3697 pro
2342 3628 2605 3683 alterutro
2633 3630 2944 3693 moriamur,
2973 3631 3098 3699 quia
3125 3631 3229 3685 hoc
3249 3630 3416 3688 Vetus
3438 3649 3545 3688 non
3564 3633 3807 3701 iusserat

2220 3716 2651 3776 Testamentum.
2687 3721 2755 3776 In
2780 3723 3017 3777 universa
3040 3722 3374 3780 Macedonia.
3408 3726 3465 3780 Id
3487 3736 3592 3792 est,
3615 3743 3723 3783 non
3749 3728 3805 3784 in

2221 3812 2609 3869 Thessalonica
2640 3822 2874 3869 tantum.
2912 3814 2977 3868 Ut
3009 3816 3284 3873 abundetis
3311 3821 3497 3890 magis.
3544 3820 3661 3879 Hoc
3687 3831 3799 3888 est,

2217 3909 2384 3969 etiam
2415 3912 2629 3982 ignotos
2657 3927 2902 3987 quosque
2926 3911 3184 3982 diligatis.
3222 3911 3291 3973 Ut
3315 3916 3474 3986 quieti
3499 3916 3637 3969 sitis.
3675 3915 3803 3982 Qui-

2216 4001 2340 4056 dam
2388 4019 2576 4059 eorum
2621 4005 2859 4075 inquictc
2902 4022 3000 4077 per
3039 4006 3375 4061 diversorum
3419 4007 3799 4062 discurrebant

2218 4095 2432 4161 domus,
2456 4096 2633 4166 aliqua
2658 4098 2820 4153 etiam
2845 4099 2913 4154 ad
2936 4097 3212 4168 religicnis
3231 4099 3578 4169 opprobrium
3601 4100 3669 4154 ab
3688 4100 3803 4154 inﬁ-

2217 4186 2427 4243 delibus
2451 4190 2807 4259 postulantes,
2837 4207 2999 4263 quam
3023 4207 3243 4248 causam
3264 4191 3475 4263 plenius
3494 4193 3562 4248 ad
3582 4195 3801 4250 eosdem

2216 4280 2555 4349 exsequitur.

2290 4368 2355 4421 Et
2389 4379 2443 4423 ut
2473 4380 2695 4427 vestrum
2733 4374 2995 4443 negotium
3028 4375 3217 4445 agatis.
3269 4374 3503 4439 Necesse
3537 4384 3622 4437 est
3653 4375 3801 4451 enim

2216 4461 2451 4518 otiosum
2494 4464 2838 4527 inhonestum
2882 4482 3039 4535 esse,
3092 4468 3224 4529 dum
3273 4471 3580 4533 necessaria
3625 4471 3802 4533 victus

2215 4557 2476 4625 requirit,
2517 4558 2813 4615 adulationi
2842 4577 3055 4632 quoque
3083 4578 3305 4632 operam
3334 4565 3498 4630 dare,
3528 4563 3798 4643 novitates

2212 4649 2377 4702 etiam
2425 4664 2703 4703 rumorum
2755 4654 2993 4718 sectari,
3042 4668 3330 4711 causarum
3384 4652 3795 4725 fabularumqtn

2211 4740 2597 4809 occupationes
2625 4743 2974 4813 conquirere,
3017 4758 3117 4815 per
3144 4758 3280 4812 quas
3318 4744 3639 4815 sibimetipsi
3678 4746 3789 4801 adi«

2210 4835 2327 4883 tum
2377 4840 2532 4901 paret
2581 4832 2648 4887 ad
2697 4832 3047 4898 facultatem,
3103 4848 3208 4902 qua
3256 4832 3591 4901 diversorum
3621 4834 3791 4899 valezt

2210 4920 2403 4977 domus
2433 4932 2741 4992 penetrare.
2791 4923 2893 4989 Qui
2936 4924 3051 4979 haec
3090 4926 3271 4981 omnia
3314 4924 3473 4991 facit,
3512 4925 3799 4982 inhoneste

2208 5013 2471 5068 ambulat.
2508 5012 2746 5068 Honeste
2776 5014 2865 5069 hic
2900 5015 3140 5070 ambulat
3164 5016 3552 5091 processionis,
3585 5026 3637 5071 et
3667 5016 3798 5072 visi-

597 5098 859 5158 Solitarii.
896 5103 1181 5164 Maluimus
1208 5111 1351 5167 enim
1382 5112 1480 5168 soli
1512 5129 1796 5175 remanere
1820 5133 1985 5190 quam
2012 5134 2106 5177 ne-

2228 5104 2431 5159 ationis
2455 5113 2509 5158 et
2537 5104 2634 5159 Dei
2662 5105 2815 5159 verbi
2844 5122 3007 5163 causa
3035 5104 3336 5164 ambulans.

523 5190 664 5245 scire
692 5195 823 5262 quid
848 5199 1042 5269 agatis.
1077 5200 1149 5257 Et
1174 5204 1411 5260 misimus
1440 5204 1787 5265 Timotheum.
1828 5209 2103 5277 Quaeritur

2278 5194 2344 5249 Ut
2370 5197 2583 5251 honeste
2609 5195 2885 5252 ambuletis
2915 5198 2983 5252 ad
3013 5216 3099 5253 eos
3125 5199 3214 5269 qui
3239 5198 3370 5269 foris
3396 5205 3535 5253 sunt.
3581 5195 3643 5251 Id
3677 5204 3793 5264 est,

522 5284 790 5349 quomodo
817 5286 1132 5349 Timotheus
1160 5294 1356 5353 missus
1385 5298 1474 5363 sit,
1507 5300 1600 5369 qui
1629 5301 1836 5369 pariter
1861 5302 2100 5370 scriptus
2201 5303 2274 5344 ηθ
2303 5303 2401 5342 '09
2447 5287 2550 5358 ίβεί
2595 5289 2855 5345 demum
2875 5331 2889 5357 ν
2941 5291 3035 5361 (ιιιὶ
3080 5297 3339 5362 Dm”
3377 5290 3647 5346 Videam"-

520 5381 623 5461 est.
655 5373 771 5432 Non
797 5392 931 5452 ergo
951 5382 1051 5440 bac
1075 5385 1191 5443 vice
1221 5390 1420 5445 missus
1446 5391 1534 5454 sit,
1562 5391 1659 5445 sed
1680 5392 1849 5461 prius.
1884 5390 1952 5445 In
1978 5391 2094 5445 hoc.

519 5460 761 5534 Labore,
802 5476 898 5526 ut:
934 5471 1073 5530 Ecce
1092 5494 1189 5549 ego
1212 5480 1363 5532 mitto
1395 5495 1487 5532 vos
1515 5479 1651 5531 sicut
1681 5460 1803 5533 oues
1838 5480 1895 5533 in
1930 5481 2100 5533 medio

521 5550 782 5626 Ιυροηισι,
809 5568 916 5617 etc.
947 5564 1162 5635 (Matth.
1194 5568 1270 5635 ι).
1297 5566 1466 5620 Pssiti
1490 5584 1691 5622 sumus.
1724 5570 1771 5625 A
1794 5570 1923 5624 Deo.
1951 5568 2103 5625 PM:-

523 5644 825 5707 dicabamus
849 5654 1011 5710 vobis.
1050 5656 1121 5712 Ut
1146 5672 1252 5711 non
1273 5672 1369 5710 vos
1394 5656 1509 5727 ipsa
1540 5659 1750 5715 novitas
1774 5660 2100 5729 deterreret,

514 5740 620 5799 sed
659 5745 834 5820 magis
871 5748 1221 5825 prophetiam
1255 5757 1500 5807 nostram
1539 5751 1819 5825 timaret,
1870 5753 2012 5815 sicut
2051 5762 2108 5813 et

2272 5378 2350 5434 De
2383 5379 2779 5437 dormientibus.
2828 5382 2887 5440 Id
2934 5391 3038 5449 est,
3093 5382 3160 5438 de
3213 5380 3444 5443 mortuis
3486 5377 3793 5446 dormiunt,

2204 5490 2340 5547 quas
2365 5484 2574 5532 eertum
2596 5485 2684 5531 est
2721 5492 3023 5546 resurgere.

2284 5568 2453 5624 Verbo
2487 5569 2723 5633 Domini,
2756 5568 2829 5627 Ut
2856 5586 2869 5620 :
2900 5566 3004 5631 Qui
3043 5566 3205 5622 credit
3227 5567 3285 5622 in
3324 5581 3407 5621 me
3426 5563 3526 5621 etsi
3547 5572 3794 5635 mortuus

2208 5663 2392 5733 fuerit,
2419 5664 2568 5716 uiuet.
2608 5660 2774 5715 Verbo
2798 5659 3035 5727 Domini,
3066 5661 3159 5731 qui
3190 5660 3246 5715 in
3273 5658 3443 5715 Paulo
3468 5657 3798 5728 loquebatur

2209 5753 2344 5811 illud
2380 5753 2523 5827 quod
2551 5752 2816 5823 sequitur.
2849 5749 2990 5819 Quia
3017 5769 3111 5808 nos
3138 5752 3230 5827 qui
3256 5751 3496 5821 vivimus,
3540 5752 3633 5823 qui
3661 5747 3797 5809 resi-
