4046 6332
556 333 660 444 εειέ

1943 381 2218 448 SEDULII
2256 382 2451 441 SCOTI

3727 378 3841 438 294

557 518 676 556 nem
704 497 795 559 hic
827 498 992 566 dicit,
1019 493 1148 555 alibi
1169 511 1295 555 eum
1321 498 1558 570 refugam
1592 497 1879 568 appellavit
1905 498 1958 554 in
1990 499 2140 554 Lati—
2166 503 2214 561 Α
2242 499 2528 566 Arianum,
2547 500 2641 570 qui
2668 500 2787 556 ideo
2809 498 3028 554 Patrem
3049 496 3308 567 majorem
3327 503 3506 568 putat,
3529 496 3656 567 quia
3681 497 3843 568 prior

558 591 646 648 nis
666 591 1080 662 exemplaribus.
1107 588 1409 660 Utrumque
1431 597 1612 644 autem
1639 590 1714 644 ita
1737 589 2142 660 intelligendum

559 691 674 748 est,
700 684 844 754 quod
867 683 971 738 nisi
992 682 1204 738 venerit
1232 681 1417 753 refuga
1443 681 1690 736 veritatis
1705 722 1720 744 ,
1743 682 1860 736 sive
1883 682 1966 736 sui
1996 682 2146 751 prin-

2247 592 2300 646 in
2344 592 2639 662 Scripturis
2681 593 2853 649 soleat
2895 591 3184 648 nominari.
3231 591 3300 646 Et
3341 592 3482 646 dedit
3523 591 3845 647 consolatio-

2247 705 2382 742 nem.
2410 687 2826 744 Promissionem
2848 730 2863 754 ,
2897 691 3010 744 sive
3041 687 3435 743 consolatorem
3460 687 3738 758 spiritum.
3769 686 3844 744 Et

561 775 770 846 cipatus
815 776 1078 841 désertor,
1118 775 1232 830 sive
1277 773 1536 828 discessio
1582 773 1860 843 gentilium
1907 789 1937 827 a
1978 788 2146 843 regno
2245 795 2386 836 spem
2409 779 2617 835 bonam.
2645 781 2782 849 Quia
2806 789 2987 851 potest
3013 789 3066 834 et
3091 795 3214 849 spes
3240 778 3382 834 mala
3406 793 3542 834 esse.

561 867 839 933 Romano,
868 868 1008 924 sicut
1036 868 1088 922 in
1119 865 1338 922 Daniele
1367 882 1464 936 per
1488 866 1674 920 bestia:
1697 865 1984 935 imaginem
2014 865 2143 919 dici-

562 965 669 1011 tur.
719 957 913 1012 Homo.
951 956 1334 1012 Antichristus.
1377 955 1610 1010 Peccati.
1659 955 1869 1011 Diaboli
1915 956 2143 1011 scilicet.

565 1045 737 1118 Super
761 1065 912 1102 omne
939 1049 1077 1118 quod
1101 1048 1293 1102 dicitur
1321 1047 1480 1102 Deus.
1514 1045 1689 1117 Super
1717 1063 1934 1102 omnem
1959 1047 2148 1103 videli-

563 1146 650 1201 cet
685 1139 981 1210 potentiam
1012 1147 1067 1194 et
1103 1141 1462 1196 aeternitatem
1503 1155 1560 1194 se
1589 1138 1835 1207 jactabit.
1865 1139 1933 1194 Et
1967 1156 2148 1195 sacra-

563 1241 746 1288 menta
768 1234 992 1289 cultura:
1019 1234 1210 1288 divinae
1232 1234 1525 1303 corrigere,
1551 1232 1634 1287 vel
1668 1247 1866 1305 augere
1899 1249 1958 1289 se
1981 1235 2144 1290 dicat.

562 1324 630 1378 Et
659 1327 916 1397 templum
953 1326 1340 1398 Hierosolyma:
1379 1327 1605 1383 reﬁcere
1637 1329 1890 1392 tentabit,
1931 1344 2150 1385 omnes-

562 1433 668 1488 que
693 1418 828 1490 legis
850 1421 1203 1476 caeremonias
1227 1428 1556 1487 restaurare,
1583 1430 1792 1476 tantum
1815 1430 1876 1476 ut
1902 1423 2148 1478 veritatis

561 1507 764 1563 Christi
795 1508 1148 1579 Evangelium
1180 1510 1372 1576 solvat,
1401 1526 1518 1580 quae
1550 1528 1637 1568 res
1662 1510 1875 1568 Iudaeos
1899 1529 2021 1568 eum
2049 1529 2149 1584 pro

559 1597 776 1656 Christo
802 1603 1078 1673 suscipere
1106 1603 1474 1672 persuadebit,
1507 1605 1562 1659 in
1588 1620 1685 1660 suo
1708 1622 1817 1660 non
1851 1607 1904 1662 in
1932 1606 2028 1661 Dei
2053 1623 2150 1661 no-

557 1691 704 1749 mine
732 1696 1060 1750 venientem.
1096 1695 1237 1761 Quid
1272 1697 1519 1752 detineat.
1557 1697 1670 1754 lloc
1703 1709 1814 1764 est,
1849 1715 1968 1770 quae
1996 1716 2148 1756 mora

557 1797 642 1845 est
667 1797 727 1843 ut
754 1790 955 1844 veniat.
991 1787 1058 1842 Ut
1095 1789 1365 1844 reveletur.
1398 1791 1455 1845 Id
1485 1801 1589 1856 est,
1618 1792 2007 1849 Antichristus.
2037 1793 2148 1849 Suo

2866 913 3094 971 CAPUT
3127 913 3194 968 III

2317 1048 2396 1103 De
2425 1058 2632 1115 ca'tero,
2658 1050 2868 1120 fratres,
2895 1059 3038 1104 orate
3069 1065 3163 1119 pro
3188 1047 3355 1104 nobis.
3386 1047 3488 1104 Dat
3515 1047 3849 1103 humilitatis

2249 1138 2650 1208 exemplum,et
2673 1140 3012 1194 occasionem
3037 1139 3342 1205 charitatis,
3373 1147 3429 1193 ut
3455 1154 3555 1209 pro
3573 1137 3848 1194 alterutro

2248 1231 2506 1286 audacius
2530 1246 2769 1286 oremus.
2805 1229 2875 1284 Et
2907 1230 3249 1301 gloriﬁcetur.
3289 1231 3609 1286 Auditorum
3651 1229 3848 1301 profe-

2249 1330 2361 1376 ctu.
2391 1319 2593 1375 Fidelis
2631 1331 2704 1375 est
2740 1321 2902 1375 Deus.
2931 1320 2988 1376 Id
3017 1327 3134 1386 est,
3173 1320 3266 1390 qui
3296 1335 3404 1377 non
3443 1320 3705 1390 relinquit
3737 1319 3848 1378 nisi

2249 1411 2618 1481 relinquentes
2647 1427 2724 1467 se.
2758 1411 2828 1466 Et
2865 1413 3119 1482 patientia
3154 1411 3372 1482 Christi.
3405 1410 3560 1468 Sicut
3583 1410 3849 1469 Christus

2249 1504 2568 1573 patientiam
2601 1505 2810 1562 habuit.

2321 1597 2705 1652 Denuntiamus
2745 1607 2921 1653 autem
2962 1599 3136 1664 vobis,
3187 1607 3245 1652 ut
3281 1598 3596 1654 abstrahatis
3637 1615 3728 1653 eos
3784 1598 3850 1652 ab

2251 1690 2395 1742 omni
2423 1689 2592 1758 fratre
2620 1689 2924 1744 ambulante
2950 1690 3266 1744 inordinate.
3294 1691 3433 1757 Quia
3460 1689 3741 1770 inprimis
3774 1689 3855 1745 le-

2252 1779 2375 1836 nius
2411 1782 2882 1848 commonuimus,
2921 1790 2976 1837 et
3013 1791 3194 1837 tamen
3231 1785 3524 1838 emendare
3563 1798 3624 1838 se
3657 1783 3855 1840 nolue-

560 1890 807 1952 tempore.
841 1882 898 1936 Id
927 1888 1039 1948 est,
1069 1890 1194 1952 apto
1221 1890 1483 1952 tempore.
1513 1884 1638 1937 Jam
1675 1887 1812 1939 enim
1844 1887 2149 1956 mysterium
2178 1881 2226 1940 B
2254 1884 2400 1940 ιύηιν
2430 1883 2491 1930 ut
2513 1876 2600 1930 νει
2625 1876 2728 1930 hoc
2755 1877 2916 1932 m0d0
2941 1891 3049 1947 (Ιιιο
3077 1876 3253 1932 sane“
3282 1889 3341 1932 se
3366 1877 3434 1931 ab
3460 1877 3541 1932 eis
3564 1889 3852 1946 separant.

557 1972 852 2042 iniquitatis
898 1984 1165 2043 operatur.
1210 1973 1577 2030 Antichristus
1624 1993 1723 2046 per
1759 1994 1857 2033 sua
1906 1980 2150 2034 membra

559 2063 701 2132 agit,
732 2071 792 2118 ιιι
815 2062 1054 2121 Joannes
1085 2066 1256 2120 dicit:
1312 2067 1471 2122 Multi
1508 2070 1820 2124 Antichristi
1855 2071 1981 2140 facti
2025 2081 2152 2126 sunt

556 2153 749 2224 (Joan.
793 2156 886 2227 ιι).
920 2156 974 2210 In
1007 2156 1091 2212 his
1124 2172 1254 2226 ergo
1284 2160 1598 2229 mysterium
1628 2161 1929 2230 iniquitatis
1956 2178 2152 2233 opera-

555 2253 665 2311 tur,
710 2247 802 2315 qui
843 2246 994 2304 falsis
1038 2249 1302 2304 doctrinis
1336 2249 1451 2318 ejus
1496 2253 1741 2322 pervium
1780 2252 1988 2308 faciunt
2026 2256 2148 2322 iter,

553 2349 689 2405 quos
716 2336 908 2393 beatus
943 2337 1180 2395 Joannes
1215 2341 1268 2394 in
1307 2341 1564 2396 mundum
1593 2343 1724 2397 dicit
1759 2343 1956 2398 exisse.
1999 2344 2152 2399 Sicut

553 2430 699 2482 enim
739 2427 992 2484 Christus
1033 2447 1177 2487 nunc
1213 2446 1310 2500 per
1347 2434 1590 2486 membra
1629 2449 1726 2487 sua
1755 2446 2033 2504 Operatur,
2073 2438 2153 2492 sic

556 2519 944 2575 Antichristus.
974 2520 1076 2586 Qui
1101 2539 1259 2575 nunc.
1287 2521 1401 2576 Rex
1427 2522 1813 2580 Romanorum.
1847 2525 2022 2580 Tenet.
2048 2527 2153 2581 Re-

555 2624 742 2680 gnum.
777 2609 988 2664 Teneat.
1015 2611 1261 2683 Regnum
1291 2629 1469 2669 suum.
1504 2615 1682 2671 Donec
1719 2617 1784 2671 de
1825 2619 1993 2672 medio
2032 2619 2148 2687 ﬁat.

557 2698 673 2754 Hoc
704 2707 788 2754 est
807 2741 820 2765 ,
850 2701 1021 2756 donec
1045 2718 1269 2774 regnum
1290 2744 1306 2770 ,
1335 2705 1476 2775 quod
1503 2723 1646 2761 nunc
1670 2715 1849 2774 tenet,
1877 2708 1944 2764 de
1973 2711 2152 2766 medio

559 2789 858 2856 auferatur,
882 2794 1199 2864 priusquam
1225 2796 1594 2854 Antichristus
1621 2801 1911 2857 reveletur.
1935 2803 2110 2858 Aliter
2134 2821 2147 2858 :

561 2878 631 2934 Ut
661 2883 750 2952 qui
775 2899 919 2938 nunc
945 2893 1112 2951 tenet,
1138 2886 1190 2941 id
1218 2895 1320 2953 est,
1352 2888 1514 2956 Nero,
1544 2900 1724 2948 teneat
1745 2902 1876 2949 tunc
1907 2896 2151 2966 ejusdem

555 2972 793 3028 nominis
819 2973 956 3030 alter
993 2976 1156 3032 Nero.
1188 2978 1362 3034 Donec
1385 2982 1449 3036 de
1478 2983 1680 3051 medio,
1714 2985 1817 3042 hoc
1849 2996 1953 3053 est,
1983 3004 2151 3060 regno
2193 3035 2208 3045 ,

554 3065 828 3121 mediante
863 3067 1007 3123 illius
1045 3077 1173 3126 tunc
1204 3070 1434 3129 Neronis
1453 3115 1468 3140 ,
1495 3085 1754 3132 nascatur
1782 3078 2152 3145 Antichristus

555 3152 610 3206 in
638 3155 814 3210 medio
849 3174 1014 3228 regno
1051 3160 1274 3217 alterius
1302 3172 1430 3220 tunc
1465 3165 1714 3224 Neronis.
1744 3168 1859 3226 Hoc
1891 3169 1959 3226 de
1983 3172 2150 3242 impe-

2255 1969 2602 2023 ert‘tbescant.
2633 1967 2805 2039 IIuju‘s
2843 1969 3003 2039 plane
3031 1969 3134 2024 loci
3163 1969 3490 2025 auctoritate
3517 1969 3855 2024 subtrahen-

2254 2059 2356 2114 dus
2421 2067 2505 2115 est
2565 2061 2632 2116 ab
2681 2061 2830 2117 omni
2883 2061 3195 2117 Christiano
3242 2062 3334 2132 qui
3383 2077 3490 2120 non
3545 2062 3852 2117 secundum

2255 2151 2550 2220 apostolica
2599 2162 2869 2221 praecepta
2922 2152 3142 2208 incedit.
3187 2153 3245 2207 In
3290 2153 3467 2222 prima
3515 2161 3703 2225 rogat,
3764 2155 3855 2210 hic

2255 2241 2567 2307 denuntiat;
2596 2243 2652 2297 in
2683 2242 2773 2296 illa
2803 2242 3130 2298 blandientis
3159 2241 3382 2298 allectus
3409 2252 3511 2309 est,
3538 2243 3592 2298 in
3620 2245 3726 2298 hac
3755 2245 3855 2301 ob-

2255 2337 2504 2391 testantis
2543 2337 2806 2391 severitas
2850 2345 2907 2391 et
2949 2336 3225 2392 minantis.
3272 2335 3660 2391 Denuntiamus
3703 2339 3853 2391 vobis

2255 2427 2466 2496 fratres.
2512 2427 2649 2494 Quia
2695 2429 2846 2498 prius
2888 2438 3139 2499 rogantes
3177 2429 3583 2500 contempsistis
3617 2431 3850 2498 audire,

2256 2518 2448 2573 saltem
2493 2534 2639 2573 nunc
2681 2519 3064 2574 denuntiamus
3105 2520 3225 2576 voci
3271 2519 3514 2576 obedire.
3559 2519 3854 2591 lpsamque

2254 2609 2723 2666 denuntiationem
2767 2627 2874 2667 non
2915 2613 3062 2667 nudo
3091 2612 3289 2677 verbo,
3329 2613 3422 2668 sed
3451 2628 3578 2667 cum
3604 2612 3854 2668 obtesta-

2253 2701 2402 2756 tione
2433 2702 2671 2757 nominis
2708 2702 2920 2756 Domini
2953 2703 3123 2757 nostri
3158 2702 3284 2757 Jesu
3314 2702 3516 2758 Christi
3546 2703 3854 2758 terribilem

2255 2791 2450 2859 infert,
2483 2808 2550 2847 ne
2579 2791 2721 2848 forte
2750 2794 3053 2862 simplicem
3073 2835 3088 2860 ,
3117 2794 3265 2850 velut
3292 2795 3530 2850 humana
3561 2810 3696 2850 voce
3723 2811 3857 2864 pro-

2253 2881 2448 2948 latam,
2482 2899 2698 2938 rursum
2739 2895 3169 2942 contemnerent.
3216 2887 3428 2942 Imitari
3459 2905 3575 2942 nos.
3621 2887 3724 2955 Qui
3762 2904 3856 2943 sv.-

2252 2986 2373 3026 mus
2414 2971 2586 3028 forma
2625 2975 2984 3030 credentium.
3023 2976 3140 3031 Non
3180 2977 3306 3047 quia
3336 2993 3444 3033 non
3489 2977 3852 3035 habuerimus

2252 3071 2602 3133 potestatem,
2626 3082 2734 3121 non
2761 3067 2888 3135 quia
2911 3066 3164 3139 indignus
3185 3078 3269 3124 est
3288 3069 3572 3140 operarius
3598 3071 3854 3125 mercede

2252 3172 2384 3223 sua,
2415 3157 2510 3212 sed
2542 3167 2603 3212 ut
2637 3174 2737 3214 nos
2768 3158 3000 3214 formam
3037 3161 3298 3216 daremus
3340 3161 3492 3216 vobis
3523 3160 3593 3214 ad
3625 3161 3852 3216 imitan-

557 3245 638 3300 rio
664 3246 909 3306 Romano
938 3251 1142 3308 dictum
1173 3263 1278 3322 εει,
1307 3266 1362 3311 ει
1385 3269 1672 3330 propterea
1703 3261 1930 3318 paulum
1959 3280 2066 3319 ηοη
2094 3265 2149 3320 id
2178 3251 2222 3314 C
2255 3245 2384 3301 dum
2413 3261 2533 3314 nos,
2566 3263 2635 3302 ne
2660 3249 2747 3302 cui
2774 3250 3117 3305 occasionem
3149 3251 3410 3317 avaritiae,
3438 3250 3522 3306 vel
3551 3251 3671 3316 otii,
3707 3254 3855 3323 quod

555 3348 742 3410 aperte
767 3344 1008 3400 scribere
1041 3347 1274 3404 voluisse
1294 3351 1500 3417 dicunt,
1521 3369 1588 3408 ne
1615 3355 1944 3410 calumniam
1969 3357 2152 3412 incur-

555 3442 732 3500 reret,
775 3439 918 3506 quod
952 3437 1198 3497 Romano
1238 3443 1468 3513 imperio
1505 3445 1648 3500 male
1680 3449 1980 3517 Optaverit,
2027 3465 2152 3505 cum

554 3536 872 3594 speraretur
892 3539 1175 3586 aeternum.
1203 3532 1407 3605 Spiritu
1429 3538 1535 3590 oris
1557 3537 1658 3592 sui.
1692 3538 1763 3594 Ut
1787 3538 1953 3596 Isaias
1975 3541 2106 3596 dicit
2134 3559 2148 3596 :

554 3613 624 3669 Et
645 3617 832 3687 spiritu
853 3619 1113 3676 labiorum
1127 3641 1341 3678 suorum
1363 3627 1637 3696 interﬁciet
1659 3628 1877 3699 impium
1894 3628 2027 3701 (Isa.
2047 3630 2147 3705 ιι).

554 3706 820 3778 Prodigiis
844 3707 1204 3770 me‘ndacibas.
1230 3716 1618 3790 Prasstigiosis,
1644 3720 1784 3776 sicut
1807 3731 1931 3778 ante
1957 3725 2153 3794 praedi-

554 3811 703 3859 ctum
733 3815 854 3873 est,
887 3809 1094 3865 dabunt
1130 3812 1316 3882 signa,
1351 3813 1424 3868 ita
1463 3823 1524 3868 ut
1562 3817 1911 3882 seducantur,
1949 3818 1994 3872 si
2032 3817 2150 3874 ﬁeri

554 3905 756 3966 potest,
787 3899 955 3953 etiam
979 3901 1156 3965 electi,
1183 3918 1281 3972 per
1310 3905 1708 3974 phantasticam
1735 3907 2013 3975 virtutem,
2047 3911 2153 3965 sic-

555 3996 614 4040 ut
651 3986 873 4042 Jamnes
912 4001 964 4044 et
1001 3991 1271 4048 Mambres
1316 4010 1501 4050 coram
1558 3997 1840 4052 Pharaone
1884 3999 2148 4055 fecerunt.

555 4076 684 4132 Ideo
718 4079 884 4133 mittet
907 4079 1014 4137 illis
1043 4081 1184 4138 Deus
1208 4089 1562 4155 operationem
1583 4089 1797 4143 erroris.
1826 4089 1882 4143 Id
1905 4100 2007 4155 est,
2031 4107 2152 4161 per-

556 4171 736 4225 mittet
770 4172 986 4241 venire;
1029 4189 1154 4230 nam
1183 4176 1228 4232 si
1255 4177 1398 4232 Deus
1426 4178 1624 4244 mittit,
1657 4194 1764 4234 non
1797 4188 1880 4235 est
1907 4183 2152 4251 operatio

557 4261 790 4319 Satanae.

629 4353 698 4410 Ut
711 4356 1040 4426 judicentur.
1065 4361 1290 4418 Pmnam
1317 4365 1613 4434 patiantur.
1642 4367 2028 4427 Consenserunt
2051 4373 2152 4428 ini-

556 4447 765 4517 quitati.
799 4450 1016 4508 Ilomini
1044 4456 1308 4513 diabolica
1340 4467 1456 4512 arte
1487 4459 1710 4516 fallenti.
1739 4462 1807 4516 In
1830 4467 2152 4520 constitutio-

558 4556 675 4593 nem
709 4523 890 4611 gloria:
922 4546 1138 4602 Domini
1171 4553 1336 4604 nostri
1361 4551 1490 4606 Jesu
1527 4551 1742 4610 Christi.
1769 4556 1849 4611 Ad
1878 4559 1979 4613 hoc
2005 4560 2149 4614 enim

2253 3335 2377 3392 fons
2405 3345 2489 3392 est
2515 3338 2926 3409 inquietudinis,
2955 3343 3342 3412 praeberemus.
3369 3343 3633 3409 Quoniam
3661 3345 3706 3398 si
3733 3345 3853 3414 quis

2253 3447 2360 3486 non
2389 3431 2498 3486 vult
2529 3434 2738 3504 operari
2759 3475 2772 3500 ,
2806 3452 2898 3489 nec
2929 3437 3229 3492 manducet.
3256 3436 3365 3492 Aut
3391 3437 3616 3493 sedeant
3651 3439 3851 3508 quieti,

2253 3532 2349 3578 aut
2376 3525 2422 3580 si
2452 3525 2567 3580 veri
2599 3535 2728 3582 sunt
2755 3528 3002 3597 apostoli,
3030 3545 3131 3585 nos
3157 3539 3476 3602 sequantur,
3508 3531 3552 3586 si
3580 3545 3691 3585 non
3721 3547 3855 3586 ava-

2253 3617 2413 3684 ritiae,
2445 3619 2537 3672 sed
2569 3617 2665 3674 Dei
2695 3635 2860 3675 causa
2888 3621 3168 3677 ambulare
3195 3637 3256 3678 se
3284 3623 3506 3678 ducunt.
3537 3620 3604 3676 Ut
3631 3639 3753 3676 cum
3779 3625 3854 3678 si-

2253 3708 2412 3765 lentio
2461 3721 2733 3782 operanles
2781 3729 2936 3768 suum
2983 3731 3173 3785 panem
3223 3714 3557 3768 manducent.
3609 3713 3854 3770 Comita-

2253 3811 2343 3858 tur
2371 3804 2514 3859 enim
2542 3805 2844 3875 loquacitas
2874 3806 3305 3878 inquietudinem
3333 3814 3388 3861 et
3415 3807 3851 3864 instabilitatem.

2255 3893 2420 3950 Suum
2446 3913 2654 3967 panem.
2686 3897 2804 3953 Non
2845 3899 3101 3955 alituum.
3135 3898 3316 3954 Nolite
3352 3900 3573 3970 deficere
3608 3901 3736 3957 bene
3767 3901 3855 3972 fa-

2253 3989 2462 4043 cientes.
2490 3989 2626 4044 Aliis
2665 3991 2756 4060 qui
2797 4007 2904 4046 non
2943 4000 3070 4048 sunt
3098 3991 3436 4061 hujusmodi;
3469 3993 3646 4058 aliter,
3681 3994 3850 4049 etiam

2254 4077 2561 4146 hujusmodi
2589 4081 2894 4136 benefacite
2913 4123 2928 4148 ,
2963 4083 3084 4138 licet
3121 4084 3201 4138 eis
3229 4101 3336 4139 non
3362 4083 3850 4140 commisceamini.

2257 4167 2324 4224 Ut
2352 4170 2637 4226 erubescat.
2674 4172 2744 4228 Ut
2774 4190 2880 4227 non
2909 4176 3126 4244 penitus
3151 4177 3524 4232 abscindatur.

2327 4261 2585 4334 Corripite
2611 4274 2664 4318 ut
2689 4265 2928 4334 fratrem.
2951 4267 3121 4339 [Eger
3145 4270 3289 4325 enim
3312 4271 3582 4326 curandus
3611 4279 3718 4336 est,
3743 4285 3854 4328 non

2253 4351 2530 4423 negandus
2559 4395 2573 4418 ,
2623 4371 2692 4409 ne
2746 4357 2801 4411 in
2849 4359 3176 4428 apostasiam
3225 4359 3536 4431 inquietudo
3579 4371 3849 4418 vertatur.

2255 4441 2377 4513 Ipse
2408 4453 2582 4496 autem
2612 4444 2868 4500 Dominus
2898 4449 3061 4516 pacis.
3098 4449 3167 4505 Ut
3187 4451 3408 4520 possitis
3432 4468 3624 4508 omnes
3653 4468 3853 4509 curare

2254 4535 2501 4604 pacifice.
2533 4534 2686 4600 Quod
2717 4549 2793 4594 est
2818 4541 3042 4611 signum.
3074 4543 3400 4614 Agnitionis.
3436 4546 3504 4601 In
3535 4550 3678 4601 omni
3721 4548 3853 4619 Epi-

557 4630 734 4683 vocati
755 4648 963 4698 sumus,
989 4645 1051 4690 ut
1071 4636 1270 4692 Christi
1294 4640 1519 4710 gloriam
1544 4645 1914 4714 acquiramus.
1943 4646 2149 4702 Scimus
2175 4622 2228 4681 D
2253 4627 2386 4681 δίοία
2416 4627 2489 4682 ίία
2518 4631 2706 4686 scrib“
2754 4632 2844 4689 Sic
2872 4637 3020 4690 enim
3045 4638 3419 4696 ευδδοτίδεδίη
3437 4681 3451 4705 θ
3485 4651 3712 4712 ϐιοθριει
3745 4641 3853 4697 ῧ²⁶

559 4723 699 4776 enim
721 4728 969 4794 quoniam
996 4746 1115 4783 cum
1137 4737 1462 4803 apparuerit,
1514 4738 1711 4793 similes
1739 4742 1786 4792 ei
1809 4741 2025 4796 erimus.
2054 4742 2154 4797 Do-

559 4814 741 4870 minus
765 4826 952 4874 noster
987 4819 1145 4879 Iesus
1178 4825 1460 4895 Christus,
1499 4838 1554 4884 et
1585 4831 1730 4886 Deus
1755 4830 1936 4901 Pater,
1963 4844 2152 4890 contra

2255 4725 2505 4790 latarum,
2533 4742 2695 4796 quam
2721 4745 2790 4782 ex
2821 4730 3032 4801 integro
3057 4735 3278 4803 propria
3306 4750 3470 4790 manu
3499 4737 3849 4808 subscripsit,

2255 4825 2315 4905 ut
2340 4827 2464 4887 post
2491 4834 2615 4875 eam
2648 4835 2746 4876 nec
2776 4820 2902 4888 sibi,
2934 4839 3036 4880 nec
3065 4825 3258 4896 angelo
3287 4829 3594 4884 crederent.

556 4990 3836 5054 .______._______________________,

1329 5344 1441 5428 IN
1498 5346 2088 5426 EPISTOLAM
2143 5350 2279 5427 AD
2347 5353 3079 5445 COLOSSENSES.

2026 5507 2378 5525 —_

1074 5589 1304 5648 CAPUT
1337 5589 1630 5647 PRIMUM.

634 5673 838 5734 Paulus
867 5683 1154 5752 apostolus.
1183 5683 1296 5737 Hac
1315 5683 1434 5737 vice
1462 5685 1792 5754 apostolatus
1818 5689 2144 5745 auctoritate

559 5767 729 5822 utitur
755 5788 768 5824 :
805 5771 857 5826 in
883 5772 1156 5841 aliquibus
1177 5773 1322 5828 enim
1345 5775 1622 5831 auditores
1644 5779 2009 5848 reprehendit.
2034 5771 2163 5835 Au?

556 5853 670 5912 dita
691 5857 796 5928 fide
821 5870 1009 5918 vestra.
1036 5861 1155 5919 Non
1182 5864 1331 5937 visa,
1372 5866 1460 5926 vel
1486 5868 1700 5945 cognita
1719 5911 1736 5943 ,
1767 5872 1894 5949 quia
1931 5873 2002 5932 ad
2039 5874 2141 5936 bos

2250 5615 2356 5656 non
2389 5607 2655 5674 pervenit.
2701 5605 2923 5680 Propter
2955 5595 3119 5682 spem.
3157 5613 3273 5670 Non
3307 5624 3531 5688 propter
3556 5617 3843 5677 hominum

2247 5689 2499 5761 laudem,
2541 5698 2634 5752 sed
2675 5708 2897 5769 propter
2932 5703 3098 5759 vitam
3141 5715 3434 5775 aeternam,
3485 5725 3606 5780 quae
3648 5720 3735 5766 est
3783 5709 3842 5766 in

2247 5782 2486 5842 Christo.
2520 5787 2586 5842 In
2615 5789 2776 5844 caelis.
2814 5791 2883 5848 Ut
2911 5804 2995 5850 est
3031 5819 3044 5850 :
3081 5796 3354 5854 Exsultatc
3378 5802 3503 5872 quia
3532 5818 3730 5858 merces
3758 5819 3841 5858 ve-

2194 5960 2201 5964 .
2245 5885 2358 5932 stra
2395 5881 2607 5956 copiosa
2646 5893 2722 5941 est
2763 5884 2819 5940 in
2836 5886 3000 5978 stilis
3044 5887 3265 5967 (Matth.
3297 5891 3383 5970 v).
3419 5892 3569 5952 Sicut
3600 5896 3656 5954 in
3695 5894 3842 5978 omni
