4046 6332
219 356 329 416 225

1271 346 1606 406 COLLECT.
1647 346 1717 402 IN
1755 346 1980 406 EPIST.
2021 345 2116 404 AD
2149 345 2436 405 COLOSS.

3386 351 3497 409 2‘26

219 467 441 527 mundo.
477 461 953 539 SynecdochiCus,
995 475 1094 534 pro
1125 469 1280 532 parte
1312 459 1552 515 maxima
1592 457 1800 513 mundi.
1833 460 1888 521 Α
1911 458 2100 513 desunt
2143 460 2473 530 passionibus
2509 457 2724 516 Christi.
2754 458 2970 514 Patitur
3008 460 3152 516 enim
3202 427 3404 518 Paulus
3449 479 3508 520 ιιι

222 563 580 632 Fructiﬁcans
603 569 649 615 et
675 575 926 613 crescens.
956 556 1115 611 Aliud
1142 573 1272 620 xxx,
1300 554 1443 610 aliud
1467 570 1558 618 ως,
1581 552 1728 606 aliud
1751 568 1809 618 c,

219 656 522 721 secundum
553 653 863 724 parabolam
891 649 1436 721 seminantis(Matth.
1457 645 1600 720 xm).
1633 645 1703 699 Et
1728 661 1818 699 co-

219 748 472 823 qnovistis
503 748 730 817 gratiam
761 745 858 800 Dei
883 746 937 799 in
966 745 1198 799 ueritate.
1226 743 1319 797 llle
1357 742 1586 813 gratiam
1625 740 1680 794 in
1717 755 1814 794 ve-

218 842 389 901 ritate
415 838 684 911 cognovit,
715 839 807 908 qui
836 836 956 908 ejus
984 836 1248 892 beneﬁcia
1279 834 1438 890 malis
1465 833 1676 888 actibus
1706 846 1814 886 non

220 932 529 989 evacuavit.
563 929 668 997 Qui
703 940 777 984 est
804 947 898 1000 pro
928 929 1067 984 vobis
1105 927 1278 999 ﬁdelis
1317 928 1557 981 minister
1597 923 1812 980 Christi.

220 1025 488 1082 Fideliter
514 1040 613 1096 pro
645 1025 800 1079 vobis
830 1023 885 1077 in
915 1023 1158 1078 oratione
1185 1022 1532 1086 incumbens,
1570 1020 1816 1075 ministe-

220 1119 367 1174 rium
398 1118 599 1172 Christi
631 1117 850 1173 exhibet
877 1117 1179 1174 voluntate.
1213 1115 1283 1170 In
1311 1116 1519 1187 spiritu.
1544 1115 1600 1170 Id
1624 1122 1726 1180 est,
1759 1114 1814 1168 in

222 1213 491 1284 spirituali
523 1210 827 1266 dilectione.
869 1208 939 1262 Et
969 1207 1311 1279 postulantes.
1345 1207 1452 1262 Pro
1481 1207 1566 1262 his
1601 1205 1815 1260 virtuti-

221 1304 328 1360 bus
353 1320 473 1374 qua
496 1309 818 1374 sequuntur.
849 1298 916 1354 Ut
939 1299 1260 1370 impleamini
1285 1299 1551 1370 agnitione
1576 1296 1816 1352 volunta-

222 1401 312 1454 tis.
341 1398 477 1466 Quia
505 1397 665 1452 aliter
688 1396 1023 1450 voluntatem
1053 1392 1170 1462 ejus
1204 1409 1311 1448 non
1348 1392 1576 1462 potestis
1609 1391 1811 1456 facere,

223 1491 369 1564 quod
416 1488 684 1559 Pr0pheta
733 1486 1039 1558 intelligens
1081 1486 1296 1541 dicebat
1343 1486 1410 1539 ad
1460 1484 1749 1539 Dominum
1795 1500 1809 1538 :

223 1581 366 1638 Doce
390 1597 472 1633 me
501 1579 673 1649 facere
700 1577 1013 1633 uoluntatem
1046 1586 1191 1631 tuam
1215 1618 1229 1642 ,
1256 1577 1380 1647 quia
1411 1575 1552 1630 Deus
1586 1593 1732 1630 meus
1759 1592 1814 1629 es

223 1682 282 1728 tu
315 1670 497 1744 (Psal.
521 1671 718 1741 cun).
750 1669 819 1724 In
847 1671 988 1724 omni
1021 1671 1227 1724 virtute.
1263 1669 1656 1739 Exsuperando
1682 1669 1815 1724 vitia

223 1765 450 1835 spiritus
475 1772 530 1818 et
557 1764 760 1818 carnis.
796 1761 1097 1818 Secundum
1139 1763 1491 1833 majestatem.
1524 1761 1630 1818 Per
1663 1763 1816 1816 auxi-

1916 553 2031 607 suis
2071 553 2331 608 membris
2366 570 2428 608 ea
2471 569 2590 623 qua
2633 555 2830 609 desunt
2877 553 3192 624 passionum
3230 553 3436 610 Christi
3488 573 3503 611 :

1915 650 2096 704 omnia
2132 651 2276 706 enim
2309 666 2429 722 qua
2454 652 2626 723 potuit
2653 650 2950 721 adimplere
2980 651 3032 704 in
3057 641 3166 704 vita
3192 650 3509 720 passionum

1913 740 2118 796 Christi
2148 751 2430 798 assecutus
2456 751 2572 809 est,
2604 744 2778 798 adhuc
2815 751 2996 797 tamen
3031 741 3170 797 mori
3205 747 3403 806 restat,
3438 739 3509 798 ad

1914 833 2057 904 quod
2105 844 2329 903 paratus
2374 842 2511 889 erat.
2562 833 2859 890 Secundum
2907 833 3347 904 dispensationem
3387 831 3506 890 Dei.

1914 922 2187 979 Doctrina
2211 925 2559 996 evangelica,
2585 942 2748 996 quam
2769 926 2923 981 vobis
2945 926 3196 1002 gentibus
3215 926 3364 981 visus
3389 939 3511 980 sum

1913 1030 2162 1087 erogare.
2201 1015 2426 1070 Divitias
2477 1017 2790 1087 majestatis.
2829 1017 2966 1086 Quia
3011 1017 3156 1072 idem
3197 1017 3508 1072 Deus‘om-

1913 1108 2097 1173 nium,
2133 1107 2286 1163 dives
2322 1107 2378 1162 in
2407 1124 2598 1165 omnes
2637 1110 2731 1180 qui
2762 1109 3019 1164 invocant
3054 1107 3224 1163 illum.
3259 1106 3413 1172 Quod
3437 1113 3514 1178 est

1915 1197 2175 1254 Christus.
2229 1199 2347 1269 Ipse
2397 1207 2485 1255 est
2539 1201 2682 1256 enim
2739 1201 3080 1272 mysterium.
3137 1197 3510 1269 Corripientes.

1914 1287 2147 1360 Propter
2175 1289 2318 1345 mala
2348 1306 2512 1362 opera
2533 1331 2550 1357 ,
2580 1300 2641 1346 ut
2671 1309 2684 1345 :
2715 1291 2936 1346 Declina
2963 1311 2996 1346 a
3025 1290 3165 1344 malo
3185 1331 3200 1356 ,
3229 1299 3280 1344 et
3312 1290 3398 1360 fac
3427 1289 3515 1344 bo-

1917 1397 2043 1434 num
2074 1380 2248 1452 (Psal.
2274 1383 2485 1451 xxxvi).
2512 1381 2734 1436 Omnem
2763 1383 3046 1438 hominem.
3080 1381 3279 1437 Servos
3301 1390 3356 1436 et
3381 1379 3513 1436 libe-

1915 1488 2026 1539 ros,
2062 1461 2272 1528 nobiles
2303 1483 2358 1530 et
2386 1475 2670 1544 ignobiles.
2704 1475 2774 1528 Et
2801 1476 3064 1530 docentes.
3093 1475 3150 1530 Id
3179 1483 3284 1540 est,
3315 1475 3382 1530 ad
3412 1476 3514 1532 bo-

1915 1579 2046 1618 num
2078 1563 2417 1631 faciendum,
2461 1573 2521 1618 ut
2560 1565 2646 1634 fac
2682 1565 2893 1619 bonum.
2939 1563 3005 1619 In
3043 1566 3184 1619 omni
3222 1565 3505 1636 sapientia.

1917 1653 2133 1708 Veteris
2163 1663 2220 1709 et
2245 1654 2378 1709 Novi
2408 1655 2762 1711 Testamenti.
2795 1652 3146 1711 Contendens.
3177 1655 3376 1712 Contra
3401 1667 3513 1711 na-

1920 1745 2122 1799 reticos
2161 1753 2217 1800 et
2251 1746 2544 1802 damones.
2593 1746 2662 1801 In
2707 1745 2915 1801 virtute.
2957 1745 3218 1802 Potentia
3266 1745 3414 1816 ejus,
3460 1745 3517 1801 in

225 1856 375 1910 lium.
405 1855 471 1910 In
503 1857 644 1910 omni
670 1856 924 1926 patientia
951 1865 1000 1909 et
1029 1855 1425 1926 longanimitate
1447 1872 1565 1908 cum
1595 1855 1810 1925 gaudio.
1845 1839 1893 1899 Β
1922 1837 2092 1908 Signis
2121 1847 2176 1892 θῐ
2203 1839 2504 1895 miraculis.

223 1948 302 2004 lbi
334 1964 463 2003 vera
504 1957 589 2004 est
619 1947 1004 2018 longanimitas
1045 1955 1100 2001 et
1143 1947 1434 2016 patientia,
1483 1948 1571 2001 ubi
1621 1945 1815 2016 aliquis

223 2040 389 2094 etiam
414 2039 610 2108 gaudet
638 2053 700 2092 se
725 2037 993 2091 sustinere
1023 2036 1165 2106 quod
1192 2036 1416 2106 patitur.
1449 2034 1592 2091 Sorti
1615 2046 1820 2090 sancto-

219 2143 364 2182 rum.
393 2127 608 2183 Sortem
629 2126 964 2181 bareditatis
991 2123 1271 2193 Scriptura
1297 2125 1666 2196 cognominat,
1691 2124 1818 2194 quia

215 2215 385 2272 Jesus
408 2226 610 2272 terram
637 2216 819 2271 divisit
849 2216 902 2269 in
935 2224 1098 2270 sorte.
1131 2213 1198 2268 In
1226 2214 1442 2269 lumine.
1468 2214 1620 2269 Fidei
1649 2224 1704 2270 et
1731 2230 1820 2270 sa-

211 2309 468 2379 pientia.
502 2306 570 2361 Et
606 2305 872 2360 transtulit
900 2305 954 2358 in
985 2321 1221 2374 regnum.
1266 2304 1323 2358 ln
1355 2305 1654 2359 Ecclesiam
1683 2319 1820 2373 pra-

216 2407 468 2462 sentem,
500 2410 836 2467 regnumque
863 2395 1144 2450 calorum.
1180 2393 1311 2448 Filii
1349 2394 1645 2448 dilectionis
1683 2411 1815 2450 sua).

218 2490 340 2546 Hoc
369 2500 467 2550 est,
498 2488 592 2542 ﬁlii
618 2489 800 2543 dilecti
828 2488 930 2553 sui,
962 2495 1019 2541 ut
1052 2503 1066 2541 :
1102 2487 1204 2541 llic
1243 2497 1318 2542 est
1349 2487 1523 2542 Filius
1554 2506 1699 2543 meus
1730 2489 1815 2542 di-

219 2582 386 2638 lectus
405 2623 420 2645 ,
450 2581 505 2634 in
534 2597 636 2650 quo
661 2581 789 2634 mihi
823 2579 1132 2650 complacui.
1175 2579 1280 2646 Qui
1307 2588 1384 2634 est
1409 2581 1584 2650 imago
1610 2579 1708 2634 Dei
1731 2581 1818 2634 in-

219 2668 461 2725 visibilis.
504 2666 813 2722 Similitudo
850 2675 934 2722 est
975 2667 1028 2720 in
1065 2666 1250 2720 habitu
1290 2666 1507 2730 forma,
1537 2667 1819 2736 aqUalitas

221 2760 279 2816 in
309 2773 565 2814 mensura
595 2757 985 2828 magnitudinis
1017 2766 1074 2812 et
1102 2758 1406 2828 parvitatis,
1435 2758 1614 2829 imago
1641 2758 1695 2812 in
1723 2772 1820 2813 ex-

220 2864 414 2921 pressa
438 2864 499 2904 re
525 2849 591 2904 de
619 2848 792 2904 altera
816 2865 831 2915 ;
861 2863 989 2903 nam
1019 2849 1125 2904 duo
1151 2865 1252 2903 ova
1283 2849 1480 2904 similia
1511 2857 1568 2904 ει
1591 2849 1818 2920 aequalia

220 2952 452 3016 possunt
489 2959 643 3010 esse,
692 2959 800 2999 non
835 2952 920 3000 est
965 2953 1148 3000 tamen
1191 2945 1402 3017 imago,
1432 2947 1561 3016 quia
1589 2946 1820 3001 alterum

226 3051 338 3092 non
367 3044 450 3092 est
475 3051 792 3106 expressum
819 3035 888 3091 de
918 3035 1109 3101 altero,
1135 3037 1191 3092 in
1214 3036 1340 3092 ﬁliis
1361 3052 1492 3094 vero
1520 3038 1698 3110 imago
1724 3054 1821 3109 po-

223 3135 337 3184 test
360 3143 501 3184 esse.
532 3127 780 3183 Christus
810 3136 992 3183 autem
1034 3142 1143 3182 non
1183 3127 1358 3184 solum
1394 3128 1573 3200 imago
1604 3137 1690 3184 est
1720 3129 1819 3185 Dei

2551 1928 2778 1986 CAPUT
2815 1929 2879 1984 II.

2000 2018 2130 2074 Volo
2161 2029 2334 2075 autem
2365 2038 2451 2076 vos
2478 2023 2611 2075 scire
2629 2022 2837 2092 qualem
2859 2021 3265 2078 sollicitudinem
3293 2022 3517 2077 habeam

1920 2128 2016 2183 pro
2039 2111 2181 2165 vobis
2205 2120 2251 2164 et
2277 2129 2370 2182 pro
2395 2113 2475 2165 his
2492 2113 2578 2182 qui
2601 2123 2720 2166 sunt
2742 2114 2797 2166 in
2820 2111 3105 2166 Laodicea.
3133 2115 3264 2180 Quae
3286 2122 3369 2169 est
3389 2113 3523 2170 civi-

1920 2211 2006 2257 tas
2031 2203 2084 2256 in
2105 2202 2232 2257 Asia
2255 2201 2479 2257 Minore.
2507 2201 2623 2255 Hoc
2649 2204 2722 2255 ita
2746 2203 2882 2255 dico.
2902 2201 3053 2268 Quod
3076 2203 3131 2256 in
3152 2201 3371 2257 Christo
3391 2211 3522 2259 sunt

1919 2309 2110 2348 omnes
2140 2293 2379 2348 thesauri
2409 2294 2691 2362 sapientia
2729 2301 2786 2349 et
2822 2295 3063 2349 scientia
3091 2295 3424 2360 absconditi,
3461 2302 3522 2350 ut

1919 2386 2250 2450 sermonem,
2273 2384 2357 2438 vel
2379 2400 2596 2440 sensum
2622 2385 3000 2454 philosophiae,
3027 2387 3121 2457 qui
3148 2396 3339 2442 contra
3368 2387 3519 2442 illum

1917 2484 2021 2542 est,
2051 2492 2157 2531 non
2187 2476 2360 2532 solum
2386 2491 2494 2532 non
2523 2477 2815 2540 miremini,
2846 2477 2940 2532 sed
2964 2478 3128 2533 etiam
3159 2480 3402 2535 stultitia
3426 2480 3520 2535 de—

1918 2569 2138 2639 putetis.
2183 2567 2290 2624 Sed
2329 2569 2520 2638 spiritu
2557 2568 2821 2622 vobiscum
2862 2586 2999 2624 sum.
3044 2569 3330 2625 Hahebant
3378 2571 3522 2627 hanc

1919 2661 2150 2732 gratiam
2179 2659 2421 2730 Apostoli
2441 2701 2456 2726 ,
2492 2668 2548 2715 ut
2577 2660 2703 2715 alibi
2739 2661 2920 2731 positi,
2951 2661 3081 2731 quid
3107 2660 3236 2716 alibi
3267 2672 3522 2734 ageretur

1920 2759 2315 2821 agnoscerent,
2347 2752 2486 2807 sicut
2518 2751 2693 2806 Elisai
2733 2752 2956 2824 spiritus
2985 2769 3109 2808 cum
3142 2751 3294 2809 Giezi
3328 2753 3433 2810 fuit
3462 2755 3521 2811 in

1918 2843 2005 2898 via
2029 2843 2079 2915 (1
2098 2842 2136 2895 V
2158 2842 2286 2914 Reg.
2317 2843 2414 2913 ιν).
2449 2843 2516 2898 Et
2542 2844 2808 2915 supplens.
2839 2845 2895 2900 Id
2921 2855 3023 2912 est,
3055 2845 3254 2902 litteris
3284 2846 3515 2918 implens

1921 2935 2065 3004 quod
2099 2935 2366 3005 corporali
2390 2936 2676 3005 prasentia
2701 2951 2808 2990 non
2837 2951 3058 3006 possum
3085 2937 3328 3007 implere.
3361 2935 3526 2991 Radi-

1920 3025 2047 3078 cati.
2079 3024 2231 3080 Fide.
2265 3025 2334 3079 Et
2371 3027 2800 3097 supertediﬁcati.
2839 3027 3146 3083 Virtutibus
3189 3027 3312 3083 aliis
3342 3047 3355 3082 :
3395 3044 3554 3108 nam‘

1921 3116 2219 3172 secundum
2250 3119 2417 3172 robur
2444 3117 2778 3174 fundamenti
2809 3118 2971 3174 validi
3003 3120 3522 3204 supercrescitadl-

225 3219 410 3277 Patris
439 3220 566 3291 quia
597 3222 664 3276 de
692 3219 784 3275 illo
809 3227 913 3285 est,
940 3227 997 3276 et
1019 3218 1317 3276 similitudo
1347 3219 1474 3290 quia
1504 3193 1682 3291 imago
1709 3228 1817 3287 est,

1925 3211 2128 3268 ﬁcium.
2162 3211 2231 3266 Et
2258 3213 2558 3282 conﬁrmati
2591 3213 2717 3282 ﬁde.
2746 3213 3022 3270 Bonorum
3061 3215 3275 3272 scilicet
3308 3195 3522 3272 futuro-

224 3312 324 3367 sed
351 3318 408 3367 et
431 3311 712 3382 aqualitas
744 3317 922 3374 tanta,
956 3319 1016 3364 ut
1049 3325 1150 3366 nec
1179 3311 1440 3382 temporis
1470 3309 1820 3368 intervallum

226 3405 613 3477 impedimento
657 3407 748 3462 sit.
797 3403 1188 3475 Primogenitus
1233 3406 1494 3459 universa
1539 3414 1818 3461 creatura.

226 3496 630 3567 Primogenitus
659 3497 954 3552 secundum
984 3495 1248 3567 assumpti
1290 3496 1528 3551 hominis
1562 3495 1820 3563 formam,

226 3603 344 3644 non
377 3595 616 3658 tempore
637 3628 652 3648 ,
681 3587 776 3642 sed
816 3586 1014 3641 dicitur
1044 3585 1204 3655 juxta
1252 3586 1382 3642 illud
1416 3605 1429 3640 ε
1462 3584 1638 3640 Filius
1676 3604 1821 3642 meus

227 3678 614 3751 primogenitus
637 3677 806 3733 Israel
833 3678 1031 3751 (Exod.
1064 3679 1163 3748 tv).
1190 3678 1299 3732 Aut
1320 3679 1715 3749 primogenitus
1743 3679 1824 3734 di-

227 3773 395 3837 citur,
425 3771 550 3840 quia
590 3780 716 3827 ante
745 3787 961 3827 omnem
998 3779 1307 3827 creaturam
1339 3771 1624 3826 divinitate
1665 3779 1826 3826 natus

225 3871 346 3928 est,
378 3861 462 3916 vel
491 3863 881 3935 primogenitus
906 3863 1221 3917 nominatur
1247 3863 1517 3917 universa
1545 3862 1823 3918 Ecclesia.

229 3954 622 4025 Primogenitus
657 3971 722 4010 ex
767 3956 1008 4009 mortuis.
1053 3954 1584 4026 Incorruptibilitatis
1630 3955 1822 4026 gloria.

232 4042 301 4098 Ut
331 4044 425 4113 [iat
454 4045 507 4099 in
537 4045 799 4100 omnibus.
833 4045 966 4100 'I‘am
992 4046 1317 4111 visibilibus,
1348 4062 1511 4116 quam
1539 4046 1828 4101 invisibili-

227 4136 365 4202 bus;
397 4138 513 4192 sive
539 4139 794 4205 mortuis,
823 4138 936 4193 sive
961 4139 1118 4194 vivis.
1145 4138 1444 4193 Primatum
1467 4148 1666 4193 tenens.
1701 4137 1828 4194 Sive

229 4230 529 4284 secundum
553 4245 797 4295 carnem,
825 4230 940 4286 sive
962 4231 1260 4286 secundum
1287 4230 1646 4284 divinitatem.
1673 4227 1829 4283 Com-

228 4319 452 4390 placuit.
486 4319 656 4374 Patri.
691 4318 913 4374 Omnem
940 4318 1337 4390 plenitudinem.
1375 4317 1550 4373 liabet
1577 4318 1828 4373 divinita-

229 4410 306 4466 tis
336 4429 350 4464 :
379 4411 434 4465 in
463 4411 604 4477 aliis,
635 4412 741 4467 hoc
769 4420 877 4476 est,
909 4411 1184 4481 apostolis,
1214 4410 1562 4482 patriarchis,
1597 4410 1830 4480 prophe-

230 4502 328 4568 tis,
359 4502 536 4573 gratia
564 4501 666 4556 fuit
691 4517 756 4558 ex
784 4511 968 4572 parte;
1001 4503 1055 4557 in
1086 4501 1304 4558 Christo
1330 4511 1510 4557 autem
1545 4509 1656 4557 tota
1692 4501 1829 4557 divi-

1923 3322 2045 3363 rum
2072 3321 2186 3377 spe.
2219 3306 2561 3361 Abundantes
2594 3308 2651 3361 in
2683 3307 2774 3363 illo
2800 3309 2856 3362 in
2885 3309 3180 3379 gratiarum
3209 3310 3436 3364 actione.
3464 3308 3523 3365 Id

1924 3404 2029 3463 est,
2058 3412 2272 3466 semper
2296 3406 2608 3454 crescentes
2637 3398 2691 3453 in
2720 3399 2835 3466 illo,
2864 3407 2920 3454 et
2953 3415 3053 3470 pro
3075 3401 3330 3457 omnibus
3357 3401 3524 3457 bene-

1924 3489 2066 3544 ﬁciis
2097 3490 2216 3559 ejus
2241 3489 2446 3560 gratias
2481 3487 2802 3545 referentes.
2847 3487 3029 3544 Videte
3059 3507 3122 3545 ne
3157 3492 3274 3561 quis
3312 3507 3399 3546 vos
3433 3491 3524 3545 de-

1925 3580 2085 3648 cipiat
2111 3595 2204 3648 per
2241 3579 2626 3650 philosophiam
2672 3590 2720 3634 et
2756 3581 2964 3634 inanem
2997 3580 3291 3650 fallaciam.
3323 3581 3525 3637 Contra

1924 3669 2277 3740 philosophos
2308 3671 2452 3742 agit,
2480 3687 2714 3740 quorum
2746 3672 2926 3727 omnis
2962 3687 3103 3742 pene
3130 3672 3425 3742 disputatio
3455 3673 3524 3729 de

1928 3759 2212 3816 elementis
2241 3769 2361 3826 est,
2390 3776 2456 3816 ex
2484 3761 2788 3818 visibilibus
2814 3763 3101 3829 creaturis,
3133 3772 3189 3818 et
3215 3765 3308 3834 qui
3347 3779 3411 3820 ex
3440 3781 3528 3822 re-

1926 3849 2028 3904 bus
2055 3851 2392 3910 naturalibus
2421 3853 2676 3908 virtutem
2707 3855 2982 3910 astimant
3009 3855 3130 3924 Dei,
3157 3855 3422 3935 dicentes,
3455 3873 3524 3913 ex

1928 3940 2098 3996 nihilo
2125 3940 2242 3996 ﬁeri
2264 3943 2400 3998 nihil
2427 3959 2617 4014 posse;
2640 3954 2695 4000 ει
2726 3965 2738 4001 :
2770 3947 3029 4014 animam,
3058 3957 3154 4003 aut
3181 3949 3394 4004 initium
3419 3965 3528 4006 non

1928 4036 2148 4099 habere,
2175 4045 2271 4090 aut
2291 4052 2410 4093 esse
2433 4039 2750 4106 mortalem;
2776 4048 2833 4096 et
2861 4059 2872 4094 :
2907 4041 3171 4112 virginem
3197 4056 3391 4113 parere
3414 4057 3530 4097 om-

1928 4129 2058 4183 nino
2089 4144 2198 4184 non
2226 4145 2404 4201 posse,
2432 4131 2527 4187 sed
2553 4140 2610 4188 et
2635 4131 2806 4187 Deum
2835 4149 2902 4188 ex
2929 4133 3149 4190 homine
3179 4133 3361 4202 nasci,
3390 4134 3531 4191 mori

1929 4230 2092 4291 atque
2128 4237 2446 4294 resurgere,
2487 4225 2710 4280 credere
2745 4225 2968 4281 stultum
2997 4241 3138 4282 esse.
3177 4228 3372 4293 Aliter,
3405 4229 3526 4284 ina-

1929 4324 2053 4364 nem
2075 4311 2300 4367 seducat
2323 4312 2618 4380 fallaciam,
2636 4314 2691 4368 id
2712 4322 2817 4381 est,
2838 4313 3198 4371 Judaismum.
3225 4316 3530 4372 Secundum

1929 4402 2268 4457 traditionem
2294 4405 2587 4459 hominum.
2624 4405 2925 4460 Saculares
2963 4405 3190 4460 litteras.
3231 4404 3530 4460 Elementa.

1934 4479 2188 4550 Mandata
2214 4496 2476 4552 carnalia.
2508 4497 2632 4552 Non
2657 4498 2946 4552 secundum
2977 4494 3267 4553 Christum.
3301 4496 3420 4552 Non
3447 4513 3535 4554 se-

231 4565 387 4647 nitas
403 4593 662 4649 abundat.
693 4565 1043 4647 Reconciliari
1067 4595 1264 4648 omnia.
1295 4594 1552 4650 leestia
1583 4602 1637 4649 et
1661 4603 1831 4650 terre-
1855 4565 1910 4625 D
1934 4586 2172 4642 cundum
2202 4587 2363 4642 ﬁdem
2390 4588 2667 4660 Evangelii
2695 4587 2918 4643 Christi.
2945 4587 3129 4642 Omnis
3153 4587 3423 4660 plenitudo
3451 4589 3536 4644 di-

233 4682 406 4747 stria,
447 4699 565 4752 qua
604 4683 731 4738 vita
771 4683 1107 4738 dissonantia
1153 4684 1280 4740 olim
1325 4685 1678 4740 dissidebant.
1727 4684 1834 4740 Per

233 4774 548 4842 sanguinem
587 4775 757 4828 crucis
797 4775 932 4843 ejus.
968 4775 1081 4828 Hoc
1109 4784 1192 4830 est
1211 4817 1225 4840 ,
1255 4790 1354 4845 per
1384 4777 1698 4845 sanguinem
1727 4777 1832 4847 qui

233 4865 443 4922 effusus
469 4874 550 4920 est
587 4867 641 4920 in
681 4882 862 4921 cruce.
897 4865 1202 4922 Notandum
1233 4884 1404 4938 quare
1436 4885 1544 4924 non
1577 4871 1708 4924 dicit
1735 4886 1834 4941 per

232 4974 480 5022 crucem,
511 4959 606 5013 sed
633 4975 726 5030 per
745 4960 1052 5028 sanguinem
1079 4961 1249 5013 crucis
1277 4977 1296 5014 :
1323 4961 1467 5015 aliud
1487 4977 1723 5032 namque
1750 4969 1836 5017 est

234 5066 374 5104 crux
406 5050 462 5104 in
491 5051 603 5104 alto
632 5059 804 5116 stans,
842 5050 983 5104 aliud
1019 5051 1242 5121 sanguis
1272 5053 1596 5120 decurrens;
1639 5070 1833 5109 ascen-

237 5143 374 5197 dens
397 5157 528 5213 ergo
555 5144 610 5198 in
639 5159 880 5209 crucem,
912 5143 1069 5214 quasi
1098 5143 1340 5199 caelestia
1367 5147 1562 5201 obtulit
1591 5158 1647 5203 et
1671 5165 1834 5203 sana-

235 5234 350 5300 vit,
389 5235 610 5303 sanguis
650 5244 833 5289 autem
863 5235 980 5304 ejus
1020 5234 1087 5288 de
1125 5249 1338 5290 summo
1377 5237 1585 5293 stillans
1626 5239 1838 5293 sanavit

241 5329 524 5382 terrestria
545 5369 560 5393 ,
589 5336 644 5382 et
670 5330 775 5382 hoc
812 5329 866 5382 in
897 5328 1161 5398 sanguine
1194 5329 1494 5382 hostiarum
1525 5331 1840 5403 praﬁgura-

239 5417 424 5481 batur,
455 5417 521 5470 de
548 5433 655 5486 quo
685 5416 826 5471 aliud
857 5432 1020 5487 super
1042 5416 1212 5470 altare
1239 5414 1590 5483 offerebatur,
1611 5428 1667 5473 et
1693 5419 1839 5474 aliud

242 5510 310 5562 ad
339 5509 516 5563 basim
545 5509 735 5564 altaris
775 5507 1116 5564 fundebatur.
1143 5506 1486 5562 Reconciliati
1509 5509 1563 5562 in
1602 5527 1858 5580 corpore..

244 5601 524 5658 Ecclesia.
551 5601 797 5658 Stabiles.
821 5603 878 5657 In
900 5604 1186 5659 charitate.
1215 5601 1282 5657 In
1310 5604 1549 5658 universa
1571 5615 1835 5661 creatura.

245 5692 474 5751 Scilicet
508 5695 793 5762 rationali,
829 5703 891 5751 ut
925 5715 936 5749 :
979 5694 1277 5751 Prcedicate
1315 5695 1659 5767 Evangelium
1697 5701 1840 5754 omni

243 5792 531 5845 Mrta.
563 5785 825 5843 linister.
847 5786 1194 5845 Pradicator.
1229 5787 1301 5844 Et
1333 5787 1596 5862 adimpleo
1627 5806 1690 5845 ea
1720 5807 1840 5862 qua:

1934 4682 2167 4737 vinitatis
2191 4680 2555 4752 corporaliter.
2584 4661 2875 4736 Sciendum
2907 4683 3190 4753 corporale
3219 4682 3422 4753 aliquid
3446 4679 3536 4736 vel

1935 4775 2154 4846 proprie
2195 4775 2336 4839 dici,
2380 4791 2504 4830 cum
2550 4775 2617 4830 de
2648 4777 2968 4848 corporibus
3007 4778 3207 4846 agitur,
3247 4776 3333 4832 vel
3365 4775 3530 4830 etiam

1937 4853 2197 4922 translato
2223 4867 2512 4932 vocabulo,
2557 4867 2695 4922 sicut
2732 4868 2934 4924 dictum
2974 4878 3058 4924 est
3098 4886 3113 4922 :
3155 4867 3290 4935 Quia
3325 4867 3378 4920 in
3419 4865 3537 4935 ipso

1937 4958 2204 5014 inhabitat
2241 4959 2418 5013 omnis
2456 4958 2736 5029 plenitudo
2777 4960 3079 5016 divinitatis
3113 4956 3472 5028 corporaliter
3494 4974 3531 5018 ,:

1939 5064 2117 5117 neque
2153 5048 2297 5102 enim
2339 5048 2594 5102 divinitas
2631 5064 2828 5119 corpus
2870 5057 2984 5114 est,
3034 5049 3127 5103 sed
3171 5047 3298 5116 quia
3347 5061 3534 5101 sacra-

1941 5147 2127 5194 menta
2157 5138 2376 5192 Veteris
2410 5138 2452 5192 Τ
2458 5142 2747 5194 estamenti
2792 5140 3029 5211 appellat
3073 5136 3296 5192 umbras
3334 5137 3534 5206 futuri,

1940 5242 2162 5305 pr0pter
2196 5234 2511 5288 umbrarum
2543 5251 2772 5306 corpus,
2810 5235 3168 5305 corporaliter
3202 5234 3341 5290 dixit
3377 5235 3536 5291 babio

1943 5336 2063 5383 tare
2091 5327 2143 5381 in
2167 5325 2384 5382 Christo
2410 5329 2798 5396 plenitudinem
2827 5327 3127 5383 divinitatis
3145 5367 3160 5394 ,
3189 5329 3333 5398 quod
3361 5330 3416 5384 in
3445 5328 3538 5385 illo

1945 5420 2272 5491 impleantur
2297 5422 2478 5475 omnia
2507 5438 2627 5492 qua
2657 5422 2864 5476 umbris
2894 5420 2998 5474 illis
3025 5420 3252 5492 ﬁgurata
3283 5430 3442 5487 sunt,
3470 5436 3537 5477 ac

1947 5517 1991 5571 si
2019 5515 2253 5585 quodam
2283 5516 2441 5570 modo
2467 5517 2682 5571 illarum
2722 5515 3038 5578 umbrarum
3069 5515 3184 5587 ipse
3210 5515 3280 5570 sit
3313 5530 3532 5587 corpus.

1946 5607 2051 5663 hoc
2092 5613 2207 5670 est,
2257 5604 2553 5677 ﬁgurarum
2582 5614 2636 5660 et
2677 5603 3130 5675 signiﬁcationum
3171 5605 3383 5661 illarum
3421 5605 3538 5676 ipse

1946 5703 2017 5758 sit
2043 5701 2262 5756 veritas.
2296 5700 2450 5756 Sicut
2487 5715 2617 5772 ergo
2656 5700 2786 5772 ipsa
2822 5699 3005 5771 figura
3044 5697 3537 5771 signiﬁcationesve

1944 5795 2212 5853 translato
2228 5792 2491 5851 vocabulo
2513 5794 2698 5864 utique
2719 5808 2828 5852 non
2846 5791 3068 5866 proprie
3084 5791 3242 5850 dicta
3265 5793 3394 5864 sunt
3410 5803 3536 5860 um:
