4046 6332
595 366 704 443 Μ

594 597 678 654 ter
713 597 1046 682 inhabitare,
1077 603 1343 661 translato
1379 609 1544 662 verbo
1582 623 1712 662 usus
1751 615 1854 662 est.
1890 605 1955 663 In
1995 627 2176 682 exspo-

589 675 826 744 lialio‘i‘ze.
865 677 923 746 in
965 693 1380 752 circumcisione
1414 696 1614 752 Christi
1635 739 1648 760 ,
1680 712 1779 770 per
1807 695 1966 770 quam'
2001 709 2173 758 totum

587 785 826 865 veterem
869 783 1214 853 exspoliastis
1253 789 1545 844 hominem.
1591 787 1894 861 Consepulti
1925 793 1978 846 in
2006 793 2173 865 bapti-

585 875 716 926 smo.
741 859 876 940 Quia
901 879 1119 944 peccata
1151 877 1482 948 sepeliuntur
1513 880 1564 934 in
1595 859 1882 950 baptismo.
1909 881 1978 936 Et
1999 859 2172 939 surre-

582 963 678 1016 xit.
707 963 766 1018 In
797 965 1093 1022 ueritatem
1114 969 1254 1024 vine.
1283 955 1614 1040 Operationis
1635 964 1750 1027 Dei.
1775 973 1830 1028 id
1856 981 1960 1040 est,
1988 988 2170 1032 resur-

582 1056 840 1112 rectionis
889 1057 1111 1116 Christi.
1163 1050 1570 1133 Convieiﬁcavit.
1623 1065 1932 1123 Auferendo
1975 1080 2168 1126 causas

581 1149 805 1214 mortis,
848 1145 902 1204 id
941 1156 1055 1218 est,
1091 1159 1333 1223 peccata.
1365 1143 1552 1210 Delens
1585 1157 1984 1230 chirographum
2024 1161 2168 1232 quod

581 1238 856 1295 adversum
897 1259 990 1298 nos
1021 1253 1154 1298 erat.
1191 1242 1623 1318 Chimgraphum
1659 1247 1788 1303 dicit
1816 1251 2163 1307 maledictum

576 1323 731 1400 legis,
759 1328 901 1387 unde
931 1333 1058 1389 alibi
1089 1335 1202 1390 ait:
1231 1335 1479 1392 Christus
1507 1345 1606 1393 nes
1644 1341 1874 1395 redemit
1901 1341 1966 1396 de
1999 1342 2162 1399 male-

579 1407 726 1474 dicti)
763 1419 926 1492 legis,
970 1438 1078 1494 quo
1111 1425 1420 1481 continetur
1460 1445 1472 1480 :
1513 1427 1824 1484 maledictus
1866 1432 2033 1485 omnis
2071 1434 2162 1503 qui

576 1524 681 1566 non
704 1519 1048 1584 permanserit
1084 1513 1139 1574 in
1167 1509 1405 1574 omnibus
1429 1532 1546 1590 quia
1575 1513 1768 1593 scripta
1795 1531 1916 1578 sunt
1947 1525 2003 1578 in
2025 1524 2159 1579 libro

509 1662 515 1668 ,
569 1599 718 1674 tegis,
741 1613 800 1658 ut
829 1604 994 1676 faciat
1017 1622 1100 1662 ea.
1127 1606 1356 1676 Quidam
1378 1616 1506 1666 tero
1530 1611 1717 1668 dicunt
1737 1613 2156 1686 chirographum

565 1701 721 1767 esse,
751 1699 908 1770 q’uasi
941 1703 1201 1772 scriptam
1236 1705 1526 1774 quamdam
1555 1707 1696 1776 apud
1723 1702 1892 1761 Deum
1911 1749 1926 1772 ,
1957 1725 2158 1764 memo-

1979 371 2257 455 scutati
2289 379 2492 458 Scott

595 487 728 566 litat,
760 487 836 558 tu
863 487 1008 575 quod
1036 487 1112 560 ait
1133 503 1525 577 plenitudinem
1558 491 1854 567 divinitatis
1883 514 2172 586 corporali-
2201 520 2257 587 Α

2885 511 3117 586 CAPUT
3161 514 3252 587 nt.

2349 609 2414 665 Si
2449 621 2571 684 ergo
2617 618 3016 674 consurrexistis
3047 633 3165 678 cum
3197 619 3424 682 Christo.
3460 617 3874 704 Consequenter‘

2272 701 2447 769 primo
2475 713 2863 775 commortuos,
2895 711 3086 768 deinde
3115 721 3528 778 consurrexisse
3567 701 3671 782 nos
3691 727 3830 785 dicit
3851 773 3870 799 ,

2271 808 2372 852 nec
2400 799 2572 854 solum
2621 807 2778 858 terrae
2821 807 2978 868 niori,
3021 809 3115 864 sed
3162 812 3326 868 etiam
3357 815 3494 872 c0210
3533 819 3722 877 vivere
3772 837 3870 883 nos

2269 889 2559 948 hortatur:
2590 893 2757 962 Nihil,
2787 892 2983 969 inquit,
3020 906 3292 962 terrenum
3323 911 3419 964 vos
3449 912 3731 983 ambiatis,
3771 935 3867 974 ne-

2267 984 2371 1052 que
2397 985 2623 1040 mortale
2651 987 2928 1058 quaeratis.
2961 991 3094 1058 Qua:
3122 1005 3332 1052 sursum
3376 1003 3499 1057 sunt
3526 1008 3721 1077 sapite.
3756 1007 3868 1069 Hoc

2267 1086 2370 1143 est,
2406 1070 2682 1136 ccelestem
2723 1084 3008 1142 sectamini
3043 1091 3397 1162 sapientiam,
3441 1099 3536 1154 scd
3566 1070 3665 1157 nos
3715 1121 3864 1168 nunc

2265 1171 2497 1227 celerius
2562 1173 2812 1233 humana:
2859 1181 3139 1249 sapientia:
3197 1183 3433 1242 studium
3472 1188 3858 1262 impendimus.

2265 1255 2582 1330 Mortiﬁcate
2617 1266 2780 1335 igitur
2821 1271 3052 1326 membra
3077 1285 3248 1332 vestra
3284 1285 3403 1348 aute
3427 1255 3741 1357 sunt-super
3759 1298 3844 1344 ter

2265 1363 2398 1404 ram.
2433 1349 2590 1408 Prius
2628 1369 2758 1428 ergo
2791 1370 2953 1428 quam
3004 1364 3200 1420 Caetera
3243 1349 3680 1444 perscrutemur,
3737 1397 3863 1450 qua:

2261 1441 2366 1497 ista
2394 1443 2504 1499 sint
2539 1447 2780 1504 membra
2813 1461 2935 1536 quae
2958 1455 3286 1516 mortiﬁcare
3309 1441 3852 1536 pneccperit,rinda-

2258 1545 2466 1607 genius.
2505 1539 2690 1610 Neque
2715 1545 2860 1599 enim
2887 1535 3080 1604 beatus
3130 1552 3423 1622 Apostolus
3455 1535 3858 1624 absussio'nem

2258 1634 2514 1685 manuum
2541 1634 2634 1687 aut
2661 1635 2856 1704 pedum
2901 1643 3260 1712 praeceptione
3294 1649 3698 1720 compellit,sed
3732 1674 3857 1715 cor-

2255 1731 2358 1790 pus
2399 1725 2630 1792 peccati,
2654 1727 2798 1819 quod
2834 1730 3022 1802 inique
3052 1740 3266 1792 constat
3285 1753 3350 1794 ex
3376 1744 3654 1812 membris,
3675 1765 3859 1819 quan-

565 1788 706 1844 i'iam
733 1798 1112 1860 peccatorum;
1144 1795 1284 1850 unde
1306 1796 1420 1867 ipse
1445 1797 1498 1852 in
1526 1797 1748 1854 Cantico
1768 1799 1933 1855 dicit:
1962 1799 2154 1856 Nonne
2255 1788 2430 1868 iactu—3
2462 1788 2688 1872 ἀρειιιίιί
2719 1788 3020 1890 desidet-5;;
3057 1825 3122 1880 de
3178 1841 3286 1898 quo
3313 1841 3540 1902 carpo",
3567 1788 3740 1894 alii);
3781 1839 3858 1900 ω

572 1877 678 1902 1...-
715 1894 983 1902 ----Lh_,,,.
1062 1901 1067 1902 ,
1158 1895 1170 1902 .
1330 1888 1342 1902 ι
1539 1899 1546 1902 .
1609 1889 1622 1902 ι
1734 1900 1744 1902 _
1816 1891 1829 1902 .
1919 1889 1932 1902 ι
2113 1895 2126 1902 -
2179 1893 2222 1902 .-

3006 1877 3020 1890 ι
3065 1877 3117 1880 "'
3184 1877 3281 1898 «ι’-ν
3316 1877 3539 1902 ’νυ-νων
3567 1877 3691 1894 unm
3721 1881 3740 1894 ο
3781 1877 3852 1900 νο

565 1877 679 1934 luet:
705 1894 1020 1954 congregata
1049 1895 1171 1940 sunt
1202 1888 1342 1958 apud
1369 1905 1469 1954 me,
1500 1899 1548 1943 et
1575 1889 1782 1960 signata
1810 1891 1864 1945 in
1890 1889 2151 1947 thesauris
2179 1893 2230 1957 B
2255 1905 2576 1976 destruatur,
2609 1907 2787 1982 inquit
2815 1955 2831 1979 ,
2887 1925 3074 1990 corpus
3112 1925 3329 1990 peccati.
3370 1921 3438 1981 Et
3467 1944 3586 1998 quae
3629 1927 3700 1988 sit
3730 1933 3855 2006 ejus

565 1968 732 2006 "1951’
755 1969 816 2006 pl
849 1969 1024 2006 lor-orn
1081 1974 1148 2006 nil
1186 1993 1198 2004 ο
1241 1973 1512 2006 Danaae“...
1552 1979 1696 2006 I..,l...
1719 1981 1962 2006 --...'..a-...-
1999 1992 2064 2006 --ι
2097 1983 2147 2006 2..
2269 1984 2286 2006 .’
2356 2005 2360 2006 ,
2497 2001 2508 2006 -
3314 2003 3319 2006 λ

563 1968 732 2022 meis?
755 1969 823 2024 Et
845 1969 1047 2026 Jerem.
1078 1974 1156 2028 ait
1185 1993 1198 2028 :
1232 1973 1514 2031 Peccatum
1537 1979 1696 2034 Judw
1716 1981 1963 2052 scriptum
1990 1992 2064 2036 est
2095 1983 2149 2038 in

560 2055 696 2126 styto
721 2047 920 2128 ferreo,
955 2061 1011 2117 in
1036 2075 1208 2136 ungue
1232 2052 1574 2122 adamantina
1599 2069 1742 2142 (Jer.
1771 2047 1939 2144 xvii).
1970 2068 2149 2130 Etiam

556 2144 674 2204 haec
698 2163 830 2224 ergo
855 2140 1028 2210 deleta
1053 2163 1136 2211 est
1158 2157 1211 2211 in
1236 2173 1428 2225 cruce,
1458 2160 1585 2216 dum
1611 2140 1860 2220 dimissis
1886 2169 2144 2236 peccatis,

555 2239 719 2298 etiam
756 2247 1014 2303 memoria
1049 2257 1134 2305 est
1171 2251 1368 2308 abolita
1400 2263 1770 2324 peccatorum.
1811 2257 1984 2313 Aliter
2025 2261 2144 2314 chi-

555 2334 886 2418 ragraphum
925 2331 1084 2406 dicit,
1121 2345 1265 2412 quod
1309 2346 1597 2402 adversum
1638 2360 1807 2418 genus
1850 2349 2158 2409 humanum

551 2411 800 2485 diabolus
827 2428 936 2486 alta
961 2411 1224 2491 memoria
1261 2437 1598 2495 reconditum
1629 2411 1882 2498 habebat.
1922 2443 2143 2517 A/ﬁgens

547 2512 686 2574 illud
709 2521 871 2576 cruci.
899 2522 1032 2591 Quia
1062 2529 1162 2582 nos
1186 2522 1252 2583 de
1281 2527 1429 2600 ligno
1457 2525 1680 2590 tulimus
1710 2534 1837 2590 illud
1865 2512 2144 2610 chirogra-

547 2605 718 2681 pliulh
737 2652 752 2678 ,
783 2613 904 2701 ideo
930 2633 1038 2671 non
1063 2617 1240 2688 potuit
1267 2620 1468 2690 deleri,
1499 2625 1604 2679 nisi
1642 2623 1948 2698 adigeretur
1972 2605 2138 2701 ligno,

545 2699 609 2758 tit
637 2694 769 2760 dicit
802 2724 815 2761 :
862 2691 1002 2764 Tulit
1031 2719 1244 2782 peccata
1269 2723 1449 2772 uestra
1486 2733 1644 2790 super
1682 2691 1883 2792 lignum
1912 2717 1965 2796 (1
1990 2691 2136 2779 Detr;

543 2793 644 2872 tv).
670 2789 806 2854 Nam
831 2801 1020 2860 titulus
1041 2807 1133 2876 qui
1159 2809 1393 2879 scriptus
1413 2821 1499 2868 est
1523 2789 1688 2884 super
1707 2789 1950 2884 crucem,
1975 2815 2138 2872 istum

545 2889 766 2947 titulum
796 2893 1141 2968 chirographi
1167 2899 1388 2958 delevit.
1419 2897 1740 2975 Exspolians
1787 2904 2132 2978 principatus.

543 2971 861 3053 Daemones,
901 2991 1029 3060 quia
1067 2978 1306 3064 praedam
1345 2997 1562 3068 generis
1600 2992 1821 3054 humani
1849 3000 1916 3055 ab
1947 3000 2026 3056 eis
2053 3017 2138 3056 ra-

540 3075 753 3160 puerat.
797 3065 1076 3136 Traduxit.
1116 3065 1388 3156 Alligavtt.
1429 3082 1500 3140 Et
1543 3089 1842 3160 captivavit.
1885 3089 2131 3148 Mortem.

539 3154 792 3222 Fiducia.
827 3161 959 3226 Sine
991 3171 1209 3228 timore.
1230 3154 1465 3231 fPalam.
1493 3154 1617 3233 Non
1642 3179 1891 3236 latenter.
1923 3180 2134 3236 Trium-

539 3253 708 3342 phans
731 3257 850 3314 illos
878 3259 934 3316 in
959 3263 1253 3335 semetipso.
1283 3262 1493 3324 Devicit
1521 3267 1722 3342 palam,
1747 3280 1804 3328 et
1835 3273 2126 3332 cruciﬁxus
2153 3257 2198 3322 ο

535 3333 844 3434 ednfttsione
883 3333 1180 3426 contempta
1223 3333 1603 3430 triumphavit;
1651 3333 1761 3418 non
1809 3365 2120 3434 occidendo,

535 3425 634 3528 sed
657 3443 966 3514 moriendo;
999 3464 1106 3504 nee
1121 3447 1232 3505 vim
1257 3449 1563 3524 inferendo,
1587 3457 1682 3513 sed
1703 3454 2042 3528 sustinendo,
2066 3467 2126 3517 ut

534 3517 726 3602 nobis,
797 3539 1077 3597 confracta
1129 3536 1277 3600 omni
1325 3549 1612 3620 superbia,
1665 3547 1919 3612 vincendi
1967 3556 2124 3613 daret

530 3624 856 3698 exemplum.
893 3631 1066 3688 Nemo
1105 3633 1195 3691 vos
1223 3637 1450 3708 judicet.
1505 3636 1721 3699 Nullum
1747 3646 1894 3701 enim
1932 3645 1988 3702 in
2013 3643 2119 3704 hoc

529 3715 688 3776 debet
710 3737 829 3778 esse
847 3721 1135 3796 judicium,
1163 3723 1312 3801 quod
1335 3749 1456 3789 cum
1483 3735 1676 3792 umbra
1699 3745 1863 3806 esset,
1886 3740 2119 3798 Cessavit

525 3811 754 3880 corpore
777 3815 1061 3886 veniente,
1091 3822 1220 3892 quia
1257 3824 1493 3898 imagine
1522 3844 1629 3884 non
1659 3839 1745 3886 est
1779 3847 1944 3903 opus,
1977 3836 2117 3890 veri-

527 3902 639 3954 tate
663 3913 948 3972 praasente.
979 3905 1182 3982 Corpus
1207 3926 1384 3970 autem
1410 3908 1624 3974 Christi.
1654 3921 1712 3977 ld
1735 3902 1840 3990 est,
1870 3926 1952 3980 rei
1979 3929 2116 3983 veri-

529 3995 636 4046 tas.
677 3991 848 4050 Nemo
873 4013 960 4053 vos
986 4001 1201 4059 seducat
1233 4007 1288 4061 in
1315 4003 1630 4068 humilitate.
1663 4013 1833 4070 Nemo
1861 4015 1985 4072 ﬁcta
2009 4018 2112 4073 hu-

522 4083 755 4176 militate
789 4091 1086 4160 superbus,
1126 4104 1181 4152 et
1217 4095 1439 4170 angelos
1476 4103 1662 4159 videre
1706 4121 1766 4160 se
1813 4110 2108 4176 mentiens,

519 4158 722 4230 frustra
763 4193 925 4248 super
963 4181 1211 4241 homines
1241 4187 1442 4258 jactet,
1491 4191 1618 4262 quia
1662 4195 1900 4252 visiones
1937 4212 1968 4252 a
2013 4215 2110 4254 suo

517 4263 760 4336 loquitur
787 4273 968 4329 corde.
1011 4263 1136 4334 Sive
1166 4295 1326 4337 nemo
1357 4290 1465 4338 tam
1505 4285 1724 4343 humilis
1757 4288 1859 4344 sibi
1891 4298 1945 4346 et
1984 4291 2108 4347 reli—

517 4349 700 4430 giosus
727 4361 994 4435 videatur,
1018 4361 1078 4424 ut
1101 4363 1336 4444 Angelos
1365 4371 1457 4444 qui
1483 4363 1651 4432 Deum
1688 4374 1902 4448 vident,
1943 4397 2000 4437 se
2032 4383 2108 4438 vi-

516 4447 646 4510 dere
673 4453 986 4516 mentiatur.
1017 4454 1397 4526 Sensucarnis
1435 4485 1565 4524 suae.
1597 4451 1714 4526 Non
1753 4467 2107 4543 spiritualiter

514 4543 840 4631 intelligens.
865 4546 988 4608 Non
1013 4565 1192 4612 tenens
1215 4568 1390 4629 caput.
1418 4557 1693 4618 Christum
1718 4579 1824 4618 non
1852 4565 2099 4634 credens,

513 4622 604 4709 qui
631 4639 872 4697 omnium
902 4656 1208 4703 sanctorum
1239 4661 1400 4722 caput
1424 4659 1524 4708 est.
1557 4651 1642 4710 Ex
1665 4673 1768 4728 quo
1795 4668 1959 4714 totum
1987 4678 2104 4714 cor-

507 4746 608 4800 pus
629 4747 724 4801 per
747 4749 908 4790 nexus
931 4746 977 4790 et
1004 4739 1397 4810 c'onjunctiones
1421 4739 1873 4805 subministratum
1899 4763 1945 4807 et
1977 4771 2102 4808 con-

509 4827 788 4878 structum.
833 4824 1155 4899 Quicunque
1195 4831 1360 4901 igitur
1400 4847 1554 4891 extra
1603 4830 1706 4896 hoc
1749 4856 1948 4913 corpus
1992 4853 2098 4913 est,

508 4911 908 5005 quantumlibet
935 4934 994 4973 se
1015 4918 1208 4988 jactet,
1233 4911 1323 4979 ille
1347 4941 1453 4981 non
1475 4929 1638 4996 vivet,
1662 4933 1784 5002 quia
1806 4911 1966 5005 caput
1988 4911 2094 4992 non

509 5001 675 5088 habet
703 4993 1011 5080 Christum,
1041 5015 1132 5084 qui
1162 5026 1247 5072 est
1275 5019 1406 5075 vita.
1438 5014 1632 5078 Crescit
1662 4993 1718 5080 in
1757 4993 2095 5099 augmentum

506 5083 625 5188 Dei.
663 5095 721 5156 In
752 5107 1107 5188 augmentum
1136 5111 1380 5180 corporis
1416 5113 1590 5182 illius,
1626 5114 1771 5188 quod
1801 5083 1884 5176 est
1913 5121 2102 5179 Eccle-

505 5175 608 5243 sia.
645 5184 729 5246 Ne
765 5189 1054 5282 tetigeritis.
1091 5175 1292 5258 Iudicis
1333 5203 1480 5260 dicit.
1525 5175 1709 5280 Neque
1746 5215 2094 5282 gustaveritis.

504 5269 818 5376 lt'nm‘iind'os
857 5273 1005 5345 cibos
1031 5289 1339 5376 swundu'm
1374 5291 1568 5370 legem.
1612 5269 1680 5357 ln
1723 5269 1936 5360 interitu
1984 5301 2099 5376 ipsa

505 5375 628 5428 usu.
657 5357 784 5430 ideo
813 5377 918 5432 non
947 5371 1144 5438 debent
1174 5385 1273 5455 pro
1308 5357 1504 5458 magno
1528 5382 1745 5456 haberi,
1775 5357 1902 5462 quia

500 5467 635 5518 eunt
662 5471 718 5519 et
761 5469 965 5524 vadum
1002 5471 1056 5526 in
1093 5479 1366 5532 secessum
1404 5481 1628 5536 ventris.
1676 5481 1809 5548 Qua:
1845 5497 1964 5540 sunt
2003 5503 2090 5544 ra-

499 5551 692 5610 tionem
727 5557 936 5633 quidem
983 5562 1248 5621 habentia.
1293 5567 1406 5624 Hoc
1443 5580 1555 5636 est,
1595 5573 1848 5630 videntur
1886 5577 2088 5637 habere

499 5645 734 5720 aliquam
764 5653 1062 5725 rationem,
1103 5659 1147 5713 si
1173 5662 1403 5731 mystice
1439 5671 1494 5718 et
1529 5679 1636 5720 non
1663 5669 1959 5726 secundum
2005 5688 2088 5728 so-

497 5737 603 5794 lam
640 5743 875 5800 litteram
909 5756 1268 5817 exponentur,
1307 5759 1363 5806 et
1390 5760 1446 5806 ut
1480 5769 1585 5810 non
1624 5759 1690 5813 ad
1715 5759 1974 5818 honorem
2000 5765 2087 5821 vel

497 5827 568 5888 ad
592 5833 931 5895 saturitatem
954 5843 1162 5900 ventris
1188 5843 1544 5907 historialiter
1573 5843 1724 5910 ﬁant.

2251 1984 2546 2056 destructio
2595 1984 2994 2076 consequenter
3021 1984 3276 2080 exponit:
3305 2003 3375 2069 Ut
3421 1984 3570 2088 jam,
3622 1984 3852 2096 inquit,

2250 2105 2352 2146 non
2393 2095 2682 2151 serviamus
2729 2111 2972 2169 peccato;
3023 2115 3054 2156 a
3096 2108 3204 2174 quo‘
3253 2099 3475 2166 liberari
3511 2112 3677 2171 etiam
3702 2095 3851 2176 cum

2251 2185 2456 2287 ejulatu
2504 2191 2761 2260 postulat,
2805 2191 2990 2252 dicens
3019 2215 3033 2252 :
3066 2189 3266 2270 Infelix
3293 2221 3384 2287 ego
3419 2205 3594 2278 homo,
3619 2213 3736 2287 quis
3764 2233 3852 2274 me

2203 2321 2210 2328 .
2245 2269 2486 2334 liberabit
2509 2279 2574 2336 de
2599 2299 2814 2354 corpore
2853 2287 3014 2357 hujus
3041 2269 3222 2346 mortis
3253 2269 3426 2364 (Rom.
3452 2269 3708 2369 Vl)?'n'00
3740 2269 3846 2362 ita;

2245 2361 2349 2437 que
2375 2385 2576 2443 corpus
2601 2377 2808 2444 peccati
2837 2379 3022 2437 multis
3049 2379 3303 2440 vitiorum
3331 2392 3591 2449 membris
3637 2399 3844 2466 proha-

2245 2462 2335 2516 t'ur
2367 2471 2728 2536 exstructum,
2753 2477 2808 2525 et
2838 2471 2905 2526 ad
2930 2475 3047 2546 ejus
3062 2477 3300 2546 pertinet
3326 2462 3650 2552 portionem
3671 2491 3843 2559 quid-

2242 2547 2370 2622 quid
2419 2557 2502 2612 vel
2545 2555 2706 2628 facto,
2732 2561 2816 2617 v'el
2855 2563 3022 2632 dicto,
3050 2568 3134 2622 vel
3176 2547 3500 2642 cogitatione
3550 2547 3844 2651 peccatur,

2241 2635 2394 2714 Cujus
2429 2651 2673 2706 membra
2713 2651 3020 2712 rectissime
3069 2674 3231 2730 super
3257 2669 3457 2719 terram
3491 2682 3610 2724 esse
3639 2668 3839 2730 dicun-

2241 2743 2369 2802 tur;
2429 2755 2536 2793 non
2575 2741 2718 2796 enim
2755 2754 2984 2814 possunt
3040 2747 3096 2802 iii
3145 2750 3236 2819 qui
3285 2768 3475 2809 eorum
3522 2757 3840 2820 ministerio

2237 2816 2467 2885 Utuntur
2497 2832 2735 2888 veridice
2764 2831 3028 2905 proﬁteri,
3063 2837 3262 2896 Nostra
3307 2855 3480 2900 autem
3509 2855 3836 2908 conversatio

2235 2917 2292 2972 in
2322 2916 2460 2976 caelis
2489 2932 2584 2976 est.
2618 2913 2803 2981 Primo
2828 2925 3007 2998 itaque
3037 2927 3454 2992 fornicationem
3487 2935 3714 2998 credidit
3753 2941 3816 3000 in

2235 3009 2533 3080 ferendam,
2568 3029 2688 3086 quae
2724 3019 2928 3074 carnali
2977 3017 3340 3090 permixtione
3361 3025 3666 3098 perﬁcitur.
3698 3024 3820 3090 Ter-

2235 3095 2369 3157 tium
2400 3105 2609 3174 peccati
2637 3107 2940 3166 membrum
2987 3110 3262 3172 libidinem
3291 3095 3466 3189 ponit,
3491 3135 3611 3190 qua:
3647 3123 3704 3178 in
3743 3139 3814 3180 se

2234 3195 2478 3252 c'essibus
2497 3199 2692 3256 animae
2721 3197 3031 3263 coalescens
3051 3249 3066 3273 ,
3119 3212 3380 3268 accedere
3409 3213 3560 3286 cupit
3611 3215 3780 3274 etiam

2229 3289 2324 3346 sed
2371 3291 2487 3348 sine
2535 3297 2791 3380 passione
2835 3301 3078 3374 corporis
3131 3322 3240 3362 non
3295 3319 3510 3380 potest:
3542 3310 3826 3374 libidinem

2227 3383 2374 3439 enim
2405 3386 2473 3442 ab
2497 3402 2564 3443 eo
2589 3389 2731 3461 quod
2752 3379 2910 3450 libeat
2943 3395 3144 3452 dictam
3170 3415 3289 3456 esse
3319 3418 3426 3458 non
3461 3403 3686 3461 dubium
3716 3417 3822 3464 est.

2298 3467 2787 3551 Concupiscentiam
2825 3485 3040 3544 malam.
3078 3489 3208 3559 Quae
3247 3510 3356 3551 non
3383 3497 3558 3553 solum
3589 3499 3657 3556 ad
3679 3517 3802 3574 pra

2221 3561 2421 3625 dictam
2443 3569 2793 3644 impudicitia:
2817 3579 3142 3649 passionem,
3175 3601 3366 3642 verum
3406 3589 3574 3645 etiam
3605 3591 3676 3648 ad
3700 3610 3811 3650 om-

2218 3673 2316 3714 nes
2337 3661 2526 3718 noxias
2553 3663 2872 3734 cupiditates
2893 3666 3222 3742 generaliter
3242 3677 3434 3735 referri
3454 3691 3656 3751 potest,
3690 3701 3814 3757 quas

2218 3759 2488 3823 corruptae
2525 3755 2900 3815 tantummodo
2923 3759 3222 3822 voluntatis
3252 3775 3336 3824 est
3383 3771 3649 3842 aegritudo
3675 3816 3693 3844 ,
3711 3755 3725 3757 ⁷
3747 3777 3815 3834 de

2215 3855 2322 3910 qua
2348 3839 2607 3902 Dominus
2653 3841 2708 3902 in
2729 3843 3018 3925 Evangelio
3049 3873 3064 3910 :
3096 3845 3201 3922 Qui
3226 3839 3811 3936 viderit,_inquit,vmu-

2213 3927 2394 3987 lierem
2453 3935 2524 3990 ad
2593 3934 3061 4012 concupiscendum
3090 3986 3107 4012 ,
3163 3927 3449 4008 masc/tatus
3523 3927 3601 4011 est
3656 3958 3811 4014 illam

2213 4014 2428 4106 (ilattlt.
2455 4023 2535 4098 v).
2587 4017 2986 4093 Fornicationis
3023 4047 3208 4096 autem
3255 4058 3456 4114 genera
3494 4057 3625 4106 sunt
3675 4049 3805 4108 tria.

2209 4103 2472 4184 Primum,
2503 4132 2601 4188 per
2628 4121 2772 4192 quod
2801 4127 3114 4186 commixtio
3142 4133 3426 4207 utriusque
3471 4153 3638 4198 sexus
3681 4159 3805 4213 per-

2208 4203 2407 4289 ﬁcitur.
2451 4207 2761 4270 Secundum
2811 4217 3016 4290 absque
3038 4217 3274 4282 femineo
3312 4203 3492 4298 tactu,
3529 4248 3640 4303 quo
3669 4203 3800 4303 Der,

2207 4285 2351 4352 ﬁlius
2414 4295 2564 4356 Iudae
2589 4305 2913 4375 patriarcha:
2937 4327 2966 4366 a
2991 4310 3216 4372 Domino
3257 4335 3548 4390 percussus
3585 4326 3804 4400 legitur,

2205 4387 2348 4474 quod
2382 4390 2438 4446 in
2472 4391 2768 4466 Scripturis
2805 4403 3005 4460 sanctis
3053 4387 3396 4468 immunditia
3431 4387 3796 4490 nuncupatur:

2205 4475 2471 4572 Tertium,
2499 4488 2640 4554 quod
2661 4489 2852 4584 animo
2871 4509 2938 4552 ac
2968 4505 3148 4556 mente
3204 4507 3539 4578 concipitur,
3589 4475 3658 4569 αὶ
3689 4529 3800 4585 quo

2229 4558 2245 4565 -
2774 4567 2781 4575 -
3299 4558 3496 4578 rv'rn‘"
3523 4558 3539 4578 ’
3591 4558 3658 4569 *ν
3691 4558 3799 4585 ‘1‘“,

2208 4563 2468 4631 Dominus
2499 4573 2716 4648 inquit:
2754 4568 2857 4650 Qui
2900 4579 3083 4645 viderit
3120 4595 3391 4653 mulierem
3431 4601 3502 4656 ad
3551 4607 3800 4676 concupi-

2206 4663 2475 4734 scendum,
2501 4671 2784 4730 mace/tatus
2819 4688 2894 4732 est
2923 4679 3091 4740 illam.
3141 4686 3272 4754 Quae
3315 4691 3418 4744 tria
3445 4707 3648 4764 genera
3672 4696 3800 4752 bea-

2208 4764 2293 4810 tus
2318 4757 2608 4828 Apostolus
2633 4767 2751 4835 pari
2772 4770 2934 4826 modo
2958 4775 3353 4846 exstinguenda
3381 4757 3748 4852 pronuntians
3777 4805 3792 4842 :

2205 4841 2560 4920 Mortiﬁcate,
2592 4855 2787 4928 inquit,
2819 4863 3049 4920 membra
3095 4841 3262 4926 vestra
3307 4841 3426 4944 qua:
3477 4886 3598 4932 sunt
3637 4896 3798 4951 super

2201 4949 2418 5010 terram,
2450 4945 2868 5016 fornicationem,
2897 4953 3309 5030 immunditiam,
3335 4965 3602 5024 libidinem
3625 5011 3643 5037 ,
3681 4979 3789 5028 etc.

2203 5029 2335 5095 Qua:
2367 5045 2441 5088 est
2465 5031 2730 5092 idolorum
2755 5033 2996 5099 servitus.
3020 5047 3211 5106 Cernis
3235 5053 3416 5126 itaque
3430 5055 3498 5111 ad
3529 5070 3793 5130 quantam

2195 5121 2370 5178 labem
2399 5124 2577 5184 rabies
2626 5127 2740 5186 inec
2781 5151 2880 5206 per
2915 5142 3115 5210 gradus
3141 5145 3383 5218 singulos
3433 5163 3677 5216 crescat,
3729 5163 3792 5212 ut

2195 5215 2360 5272 etiam
2386 5215 2651 5280 idolorum
2689 5222 2775 5282 vel
2807 5215 3500 5299 simulacrorum'servitus
3536 5241 3786 5315 A'postoli

2193 5324 2326 5364 voce
2360 5317 2758 5387 pronuntietur,
2783 5340 2850 5379 eo
2871 5328 3013 5398 quod
3043 5329 3216 5402 ﬁgura
3247 5334 3342 5389 Dei
3383 5334 3618 5409 imagine
3645 5355 3786 5410 prte-

2193 5401 2464 5473 termissa,
2498 5409 2659 5478 Quam
2691 5407 2880 5472 devote
2905 5401 3147 5478 serviens
3167 5423 3278 5480 Deo
3302 5425 3706 5486 immaculatam
3725 5431 3784 5487 in

2191 5496 2484 5592 semetipso
2510 5499 2697 5558 debuit
2747 5509 3052 5577 custodire,
3104 5511 3384 5573 hominum
3429 5519 3632 5592 ﬁguras
3679 5523 3782 5578 im-

2179 5575 2406 5677 'pre-rsas
2434 5606 2589 5660 auro,
2616 5604 2672 5651 et
2706 5597 2929 5672 diligere
2959 5620 3058 5675 pro
3089 5606 3200 5663 Deo
3233 5610 3445 5677 maluit,
3469 5623 3526 5669 et
3552 5615 3780 5672 intueri.

2187 5669 2634 5750 Indignationem.
2675 5669 2903 5760 Ipsa‘est
2949 5669 3071 5764 quae
3105 5698 3336 5756 inebriat
3371 5715 3630 5762 mentem.
3659 5707 3782 5762 No-

2186 5767 2276 5823 lite
2325 5775 2553 5829 mentiri.
2589 5777 2750 5836 Filios
2785 5785 2928 5840 enim
2958 5791 3206 5847 veritatis
3231 5811 3336 5851 non
3359 5795 3486 5853 licet
3529 5801 3774 5857 mentiri.

2194 5855 2231 5874 Α
2283 5863 2294 5874 ι
2635 5873 2641 5874 ί
3303 5871 3306 5874 ’
3432 5871 3438 5874 ⁵

2188 5855 2294 5926 Qui
2319 5879 2601 5925 renovatur
2626 5873 2682 5927 in
2709 5877 2972 5946 agnitione
2999 5882 3116 5942 Dei.
3159 5871 3445 5960 Cumlquis
3468 5893 3771 5966 cognoveri
