4046 6332
209 347 317 414 £29

1230 349 1555 413 COLLECT.
1583 306 1664 407 ΤΝ
1703 305 1930 408 ιειτιςΐζ
1961 344 1985 407 ι
2020 347 2112 409 AD
2151 352 2426 416 rmore.

3349 361 3460 418 230

209 470 363 540 cujus
394 469 570 542 imago
598 469 703 534 est,
725 467 858 524 etin
885 475 1145 540 quantum
1181 477 1359 540 potest
1401 467 1590 522 nititur
1612 467 1781 520 simu-
1887 461 2028 520 sent.
2065 446 2319 520 Timentes
2352 467 2651 522 Dominum.
2692 458 2793 535 Qui
2830 450 3029 538 ubique
3065 483 3278 541 semper
3299 473 3475 544 videt,

210 571 344 617 lare.
379 553 477 614 Ubi
530 576 630 613 non
659 569 732 612 est
781 559 1062 612 masculus.
1117 554 1251 626 Quia
1281 559 1420 628 apud
1460 557 1626 612 Deum
1677 561 1786 612 non‘

209 653 536 726 prtczlicatur
557 669 736 719 sexus,
758 651 841 706 vel
876 669 1063 726 genus,
1090 655 1170 708 vel
1196 654 1392 724 patria,
1421 653 1505 707 vel
1527 652 1786 713 conditio,

209 744 311 800 sed
341 743 454 798 sola
477 740 853 798 converSatio:
887 759 1009 798 nam
1035 743 1270 798 carnalis
1312 752 1396 798 est
1434 743 1535 798 ista
1567 741 1790 797 diversi-

209 843 316 891 tas.
366 827 470 890 Sed
523 837 696 890 omnia
727 822 780 890 in
820 837 1058 892 omnibus
1093 825 1328 892 Christus
1382 846 1476 892 est.
1509 837 1660 904 Quo]
1717 836 1790 891 ita

208 925 326 994 lict,
367 943 490 984 cum
518 921 694 983 omnis
723 945 895 995 amor,
925 946 1084 985 omne
1113 930 1457 992 desiderium,
1491 944 1651 984 omne
1681 937 1794 984 stu-

209 1017 384 1087 dium,
413 1019 590 1076 omnis
618 1029 864 1087 conatus,
901 1023 1076 1077 omnis
1107 1022 1362 1090 cogitatio
1391 1030 1593 1086 nostra,
1632 1035 1794 1076 omne

209 1110 358 1183 quod
380 1111 646 1178 videmus,
675 1113 816 1182 quod
846 1112 1138 1183 loquimur,
1159 1114 1304 1182 quod
1333 1112 1794 1184 speramus,Deus

211 1197 340 1271 erit,
371 1201 569 1275 illaque
607 1205 800 1268 unitas,
827 1221 944 1275 qua:
971 1221 1114 1261 nunc
1155 1215 1242 1260 est
1276 1206 1452 1262 Patris
1478 1223 1600 1261 cum
1633 1205 1792 1272 Filio,

210 1303 267 1350 at
295 1287 418 1350 Filii
460 1312 582 1351 cum
609 1285 770 1352 Patre
799 1296 851 1350 in
892 1306 1133 1352 nostrum
1171 1295 1336 1351 fuerit
1378 1311 1598 1352 sensum
1645 1311 1798 1350 men-

211 1395 432 1456 temque
468 1385 758 1452 transfusa,
784 1385 838 1442 id
865 1396 968 1453 est,
1003 1395 1064 1442 ut
1100 1388 1552 1457 quemadmodum
1579 1404 1677 1444 nos
1707 1388 1797 1444 ille

213 1473 431 1534 sincera
455 1485 511 1532 et
533 1493 666 1549 pura
705 1489 868 1548 atque
897 1479 1251 1534 indissolubili
1281 1479 1456 1550 diligit
1485 1479 1752 1535 charitate
1780 1515 1794 1546 ,

211 1585 315 1626 nos
369 1584 581 1640 quoque
638 1570 687 1625 ei
731 1579 988 1642 perpetua
1021 1579 1076 1625 et
1117 1571 1461 1640 inseparabili
1513 1570 1800 1626 dilectione

205 1646 518 1730 iungantur.
546 1648 758 1714 induite
785 1679 906 1732 ergo
937 1678 1021 1716 vos
1065 1662 1200 1716 sicut
1247 1661 1395 1716 electi
1431 1662 1544 1716 Dei.
1569 1661 1663 1716 llla
1705 1661 1799 1716 de-
1879 1651 1886 1656 ’

211 1761 496 1826 ponentes,
525 1753 640 1809 hac
685 1742 888 1808 induite
913 1769 1036 1809 cum
1077 1753 1210 1810 estis
1259 1753 1436 1809 electi.
1475 1751 1798 1823 Sit/ferentes

1893 565 1949 611 et
1975 555 2086 610 odit
2111 571 2268 610 omne
2303 554 2444 627 quod
2487 557 2666 612 ﬁctum
2716 565 2817 613 est.
2852 549 3084 616 Scientes
3113 563 3253 632 quod
3281 581 3315 618 a
3365 564 3478 619 Do-

1891 646 2032 699 mino
2086 641 2349 718 accipietis
2401 647 2787 704 retributionem
2848 652 3188 709 hwreditatis.
3250 653 3480 716 Etiamsi

1893 730 2136 804 ingratos
2162 723 2409 792 dominos
2448 739 2712 806 habeatis,
2743 731 2908 796 nolite
2937 751 3126 812 putare
3175 745 3478 803 infructuo-

1893 844 2012 884 sum
2043 843 2162 882 esse
2188 827 2491 896 servitium,
2523 831 2667 901 quod
2699 821 2919 902 propter
2947 824 3116 889 Deum
3151 836 3474 903 exhibitum,

1893 919 2100 980 caalesti
2132 927 2570 982 remuneratione
2610 927 2941 998 pensabitur.
2967 929 3072 996 Qui
3095 930 3233 984 enim
3281 941 3428 986 nocet
3451 971 3470 998 ,

1893 1019 2103 1090 recipiet
2128 1018 2182 1072 id
2205 1019 2344 1092 quod
2371 1021 2544 1094 inique
2578 1023 2752 1092 gessit.
2781 1023 2908 1080 Sive
2939 1039 3126 1080 servus
3151 1026 3243 1098 qui
3284 1027 3471 1082 Domis

1894 1119 2022 1166 num
2053 1115 2460 1184 contempserit,
2491 1117 2604 1171 sive
2640 1117 2900 1173 Dominus
2925 1119 3018 1188 qui
3047 1127 3237 1176 contra
3263 1135 3479 1177 servum

1895 1194 2080 1276 inique
2100 1207 2290 1276 egerit.
2319 1205 2385 1260 Et
2411 1225 2515 1262 non
2553 1220 2627 1263 est
2680 1227 3021 1280 personarum
3075 1215 3301 1284 acceptio
3339 1214 3482 1284 apud

1895 1299 2064 1354 Deum
2101 1300 2151 1369 (I
2179 1299 2324 1355 Petr.
2353 1301 2434 1372 ιι).
2475 1301 2588 1357 Hoc
2612 1303 2762 1368 dicit,
2786 1312 2847 1358 ut
2869 1305 3288 1361 consolationem
3309 1307 3473 1362 habe-

1897 1396 2042 1455 rent,
2089 1391 2324 1447 scientes
2355 1407 2509 1448 suam
2553 1393 2807 1464 iniuriam
2843 1411 2952 1452 non
2981 1412 3102 1452 esse
3138 1398 3282 1470 apud
3309 1398 3482 1456 Deum

1900 1479 2150 1536 inultam.

2537 1554 2764 1632 CAPUT
2802 1572 2892 1633 IV.

1969 1658 2204 1730 Domini,
2219 1666 2358 1737 quod
2374 1667 2579 1738 justum
2594 1679 2668 1723 est
2703 1677 2754 1723 et
2775 1687 3002 1740 (equum,
3025 1671 3186 1726 semis
3201 1680 3470 1742 praestate,

1898 1755 2118 1809 scientes
2146 1759 2394 1828 quoniam
2441 1767 2490 1814 et
2521 1777 2606 1814 vos
2649 1759 2933 1815 Dominum
2976 1761 3174 1818 habetis
3221 1764 3278 1818 in
3331 1765 3482 1820 caelo.

210 1825 450 1900 invicem.
495 1843 756 1916 Exemplo
797 1844 1020 1908 Christi,
1053 1846 1144 1914 qui
1193 1844 1535 1900 inﬁrmitates
1580 1853 1797 1900 nostras
1825 1825 1873 1906 Β
1903 1825 2382 1904 Οναιίοηῖἱηεεαιε.
2421 1839 2576 1906 Nunc
2629 1851 2895 1923 generalis
2953 1854 3260 1909 exhortatio
3289 1857 3480 1914 subse-

209 1937 469 2009 portavit.
525 1935 682 2002 Quod
715 1945 791 1992 est
846 1935 1113 1990 vinculum
1152 1935 1500 2006 perfectionis.
1547 1934 1800 1992 Charitas
1902 1937 2104 2005 quitur.
2136 1939 2322 1996 Sermo
2345 1952 2510 1996 vester
2541 1959 2742 2013 semper
2771 1944 2828 1998 in
2871 1942 2982 1998 sale
3021 1946 3088 2000 sit
3119 1946 3383 2002 conditus.
3424 1947 3484 2004 Id

211 2030 359 2084 enim
387 2028 556 2085 multa
585 2030 828 2084 membra
857 2027 913 2083 in
937 2041 1102 2080 unum
1125 2026 1324 2096 colligit
1348 2041 1562 2095 corpus.
1595 2024 1662 2078 Et
1696 2040 1803 2095 pas:
1902 2034 2010 2090 est,
2033 2041 2245 2100 gratum
2282 2032 2519 2100 proferte
2561 2049 2905 2100 sermonem,
2951 2035 3066 2092 sale
3103 2037 3384 2106 sapientiai
3427 2046 3483 2094 et

211 2105 430 2174 Christi.
455 2119 557 2186 Qui
581 2133 679 2188 pro
720 2111 972 2192 omnibus
1001 2124 1244 2171 mortuus
1292 2124 1394 2177 est,
1427 2125 1482 2170 et
1510 2129 1638 2170 suos
1669 2115 1802 2170 dile—

205 2209 295 2263 xit
325 2210 595 2266 inimicos.
623 2209 693 2262 In
716 2209 960 2264 cordibus
1008 2207 1208 2261 vestris.
1241 2205 1360 2260 Non
1387 2207 1441 2260 in
1478 2205 1619 2264 facie
1649 2205 1802 2260 falla-

204 2299 358 2356 citer
385 2299 673 2362 arridente,
691 2299 774 2353 vel
796 2313 1046 2353 sermone
1071 2297 1274 2352 doloso.
1315 2294 1466 2351 Grati
1491 2307 1670 2352 estote.
1699 2297 1802 2353 Be-

205 2383 427 2457 neliciis
447 2378 666 2445 Christi.
696 2379 753 2442 ln
797 2387 1066 2443 nonnullis
1092 2387 1491 2457 exemplaribus
1519 2389 1752 2444 habetur
1781 2405 1796 2444 :

209 2455 286 2534 Et
319 2473 491 2550 gratia
524 2487 714 2544 estote;
742 2477 845 2534 ho’c
883 2487 986 2543 est,
1020 2477 1184 2533 nolite
1209 2455 1313 2550 legi
1340 2478 1653 2544 assimilari,
1681 2493 1802 2549 quae

207 2565 390 2628 vicem
419 2571 612 2635 reddit,
636 2561 728 2626 sed
759 2571 972 2642 gratiae,
999 2586 1119 2641 qum
1149 2559 1378 2640 ignoscit
1422 2570 1584 2625 etiam
1616 2569 1796 2624 inimi«

210 2667 318 2724 cis.
350 2653 419 2720 in
441 2665 647 2720 nomine
677 2649 909 2720 Domini.
937 2665 994 2719 Id
1019 2672 1133 2730 est,
1185 2665 1252 2718 ad
1295 2663 1522 2735 gloriam
1564 2665 1801 2720 nominis

219 2746 436 2816 Domini
481 2758 653 2813 nostri
701 2756 828 2814 Jesu
879 2756 1083 2813 Christi
1119 2756 1284 2812 facite
1330 2757 1532 2811 omnia.
1586 2753 1800 2811 Gratias

212 2863 422 2925 agentes
452 2852 582 2908 Deo.
609 2851 713 2920 Qui
754 2851 949 2906 Filium
977 2867 1134 2906 suum
1169 2851 1237 2906 ad
1281 2852 1397 2906 haec
1442 2851 1682 2906 docenda
1708 2850 1803 2906 des

213 2946 422 3024 stinare
446 2943 694 3014 dignatus
721 2950 822 2999 est.
863 2943 953 2998 Sic
991 2943 1218 3014 oportuit
1267 2942 1324 2996 in
1354 2941 1599 2996 Domino.
1628 2940 1688 2995 ln
1714 2941 1802 2997 his

1902 2122 2128 2178 rationis
2150 2122 2447 2188 conditum,
2477 2139 2544 2178 ne
2570 2124 2734 2178 stulta
2763 2133 2948 2180 nostra
2978 2127 3166 2197 religio
3187 2143 3218 2182 a
3246 2129 3485 2199 philoso-

1899 2215 2023 2284 phis
2057 2222 2111 2268 et
2138 2217 2388 2286 gentibus
2409 2216 2726 2277 aestimetur.
2765 2214 2833 2272 Ut
2855 2219 3034 2272 sciatis
3057 2223 3316 2290 quomodo
3338 2235 3486 2291 opor-

1901 2315 2006 2362 teat
2045 2323 2133 2360 vos
2159 2307 2440 2379 unicuique
2471 2308 2796 2376 respondere.
2845 2309 3018 2364 Aliter
3039 2311 3185 2366 enim
3212 2312 3439 2382 paganis
3462 2341 3483 2378 ,~

1901 2395 2059 2450 aliter
2093 2393 2313 2462 Iudicis,
2341 2397 2499 2452 aliter
2522 2398 2824 2466 ltmreticis,
2869 2407 2928 2455 et
2949 2401 3164 2456 castoris
3195 2403 3474 2458 contradi-

1901 2487 2148 2542 centibus
2175 2488 2412 2542 veritati.

1977 2577 2107 2644 Qua:
2129 2578 2269 2633 circa
2300 2595 2382 2633 me
2409 2589 2549 2634 sunt.
2580 2580 2810 2637 Securos
2837 2580 2958 2641 illos
2986 2581 3102 2636 vult
3120 2595 3244 2638 esse
3287 2582 3354 2638 de
3384 2598 3485 2640 sua

1901 2669 2292 2737 incolumitate,
2316 2687 2385 2725 ne
2409 2671 2512 2726 hac
2537 2679 2720 2727 essent
2747 2672 2968 2728 tristitia
2989 2673 3258 2742 occupati.
3285 2671 3486 2729 Conca-

1903 2749 2076 2830 ptivus
2101 2777 2267 2816 meus.
2295 2760 2468 2842 Simul
2503 2758 2716 2818 vinctus
2741 2772 2882 2828 erat,
2909 2763 3022 2818 sive
3053 2764 3485 2834 compatiebatur

1905 2852 2188 2908 charitatis
2210 2853 2423 2910 affectu.
2447 2851 2798 2910 Consobrinus
2826 2855 3103 2910 Barnabaz.
3128 2855 3298 2912 Filius
3327 2871 3480 2912 soro-

1904 2943 1981 2999 ris
2005 2943 2285 3000 Bamabzc.
2315 2929 2419 3010 Qui
2449 2962 2514 3000 ex
2556 2947 2716 3002 vobis.
2744 2947 2820 3002 De
2839 2957 3018 3004 vestro
3039 2963 3258 3020 genere.
3296 2947 3486 3004 Hiero-

214 3038 338 3110 tjute
357 3038 467 3093 Deo
512 3038 752 3108 placent.
785 3037 967 3092 Nolite
1009 3037 1180 3091 amari
1231 3053 1340 3092 esse
1368 3036 1437 3092 ad
1479 3035 1620 3092 illas.
1675 3036 1805 3094 Vult
1903 3036 2032 3110 poli.
2058 3038 2308 3104 Civitate,
2343 3037 2398 3092 in
2425 3053 2529 3108 qua
2583 3038 2823 3110 sepultus
2853 3047 2936 3094 est
2958 3038 3199 3096 Joannes
3220 3039 3482 3108 Baptista.

212 3129 461 3186 cessante
483 3128 758 3198 voluptate
806 3144 912 3182 non
941 3127 1296 3183 contumelias
1328 3137 1380 3182 et
1421 3127 1604 3182 odium
1628 3166 1644 3194 ,
1700 3129 1796 3184 sed

1914 3127 2045 3183 Vide
2070 3129 2437 3184 ministerium;
2492 3129 2592 3186 llic
2634 3131 2892 3186 diaconus
2936 3129 3102 3187 fuisse
3149 3131 3485 3202 perhibetur.

214 3203 557 3276 dilectionem
577 3234 844 3275 crescere.
879 3217 1090 3284 Patres,
1123 3219 1282 3274 nolite
1307 3236 1590 3290 provocare
1617 3221 1686 3274 ad
1712 3222 1800 3275 in-
1830 3191 1876 3267 C
1908 3209 2167 3274 Hemores
2188 3229 2346 3298 estote
2375 3221 2700 3278 vinculorum
2731 3239 2984 3279 meorum;
3035 3223 3162 3281 Sive
3191 3232 3378 3290 orate,
3425 3232 3490 3280 ut

213 3300 570 3382 dignationem
619 3309 758 3380 ﬁlios
803 3317 1015 3364 vestros.
1068 3308 1146 3364 Ne
1193 3309 1498 3380 exasperati
1549 3309 1795 3366 iracundi

212 3402 372 3468 ﬁant,
399 3403 491 3473 qui
513 3401 758 3475 exemplo
785 3409 966 3460 vestro
993 3402 1313 3476 patientiam
1343 3401 1551 3459 discere
1571 3401 1790 3459 debuisv

1903 3311 2099 3366 reddar
2137 3308 2323 3373 vobis:
2367 3315 2481 3370 sive
2529 3315 2819 3372 imitamini
2871 3317 3215 3379 tolerantiam
3240 3327 3488 3374 mearum

1898 3403 2236 3474 passionum.

373 3528 382 3538 .
517 3529 526 3536 .
679 3528 690 3534 -
947 3528 954 3532 .
1059 3546 1062 3548 ν
1259 3544 1263 3546 _
1555 3537 1562 3564 ,
2267 3528 2276 3564 ι
2367 3541 2372 3566 ,
2508 3531 2708 3568 mm.
2757 3532 3412 3568 η,,,,,,,,,,ι,,,,,.,,,,,,,ι

1776 3635 1961 3762 x.

972 3846 1080 3954 n‘v
1140 3871 1716 3952 EPISTULAM
1773 3871 1810 3948 ι
1865 3872 2000 3952 ΑΒ
2055 3847 2721 3953 TtMOTnnUM.

1487 4019 1587 4042 ,,,,
1646 4015 1819 4040 ..-μί
2017 4030 2020 4032 ν
2189 4023 2194 4030 .

252 4183 264 4195 .
315 4197 335 4199 ,μ
683 4097 948 4199 jecur
984 4095 1275 4199 rursm

291 4197 494 4298 pdultis
513 4195 777 4282 apostolus
805 4195 933 4264 Iesu
963 4195 1180 4273 Christi,
1207 4209 1488 4264 secundum
1518 4209 1794 4280 imperium

209 4299 332 4357 Det.
359 4296 476 4357 Non
515 4300 807 4356 secundum
838 4299 1312 4372 prtesunrptionem
1354 4317 1550 4356 meam.
1579 4297 1648 4354 Et
1677 4297 1792 4355 Sal-

1895 4115 2021 4186 quia
2045 4113 2099 4170 in
2121 4124 2387 4188 praecepto
2415 4114 2756 4173 mendacium
2787 4133 2894 4175 non
2923 4121 3217 4192 .nvenitur,
3240 4127 3472 4186 etﬁnem

1893 4207 2061 4264 habet
2099 4210 2154 4265 in
2186 4209 2474 4277 charitate,
2500 4227 2610 4268 non
2636 4220 2695 4266 ut
2718 4211 3066 4286 genealogite.
3093 4214 3351 4290 Prtecepti
3372 4238 3474 4278 auo

1897 4307 2003 4354 tem
2029 4299 2160 4356 dicit
2198 4301 2438 4357 omnium
2469 4300 2880 4372 mandatorum,
2926 4312 2986 4361 ut
3011 4316 3132 4363 est:
3171 4309 3328 4366 Omni
3355 4330 3477 4370 con-

208 4394 430 4479 oatoris.
463 4381 641 4450 Untim
675 4391 960 4462 imperiunm
987 4389 1135 4474 Patri
1162 4386 1217 4448 et
1262 4391 1398 4448 Filio
1421 4407 1540 4448 esse
1566 4392 1793 4448 demon-
1817 4429 1870 4490 Β
1897 4395 2235 4448 summationi
2257 4395 2361 4449 vidi
2379 4389 2540 4490 tinem
2561 4395 2748 4452 latum.
2776 4387 3020 4454 Charitas
3045 4400 3226 4471 igitur.
3249 4401 3478 4462 Dilectio

207 4471 372 4540 sitat.
400 4481 507 4552 Qui
531 4489 606 4540 est
635 4489 747 4556 ipes
771 4490 967 4539 nostra.
1007 4467 1064 4539 id
1093 4485 1195 4549 e'st,
1219 4483 1272 4538 in
1299 4499 1457 4555 quem
1487 4499 1788 4555 speramus.

209 4575 502 4637 Tintotheo.
560 4572 668 4658 lst'e
695 4565 1008 4634 Timotheus
1037 4577 1320 4658 episcopus
1350 4571 1452 4632 fuit
1499 4577 1554 4632 in
1581 4571 1794 4646 Epheso

204 4669 274 4726 ut
334 4671 388 4724 ill
421 4659 559 4726 llhr‘o
615 4652 972 4726 liistbriarum
1008 4667 1226 4724 dicitur.
1275 4652 1461 4723 Cratia
1503 4679 1551 4723 et
1597 4669 1797 4723 miseri-

206 4756 420 4817 cordia.
449 4747 871 4818 Mi‘s‘eiiedrdiam
916 4759 1065 4818 addit
1100 4771 1324 4833 propter
1365 4761 1482 4832 ejus
1531 4749 1796 4816 honorem

203 4853 544 4936 nimiamque
591 4856 710 4928 ejus
761 4851 1124 4912 dilectionem.
1168 4849 1277 4911 Aut
1315 4855 1444 4927 quia
1479 4841 1796 4911 Timotheus

205 4944 477 5006 stomachi
505 4944 690 5006 dolore
736 4941 1040 5016 laborabat,
1073 4949 1195 5006 ideo
1240 4947 1615 5006 misericordia
1653 4947 1796 5003 indi-

205 5047 424 5111 guerat.
463 5037 616 5098 Sicut
645 5042 824 5116 l'ogavi
849 5051 919 5098 te.
949 5042 1112 5097 Addit
1131 5029 1273 5097 infra
1299 5026 1404 5098 hoc
1422 5049 1748 5113 prmeeptum
1775 5061 1786 5096 :

206 5132 530 5190 Commendo
556 5128 667 5201 tibi,
697 5135 776 5206 ﬁli
799 5127 1083 5203 Timothee,
1111 5137 1217 5192 hoc
1235 5137 1498 5204 est,sicut
1526 5137 1708 5208 rogavi
1740 5145 1793 5193 te

205 5229 270 5278 ut
295 5239 612 5282 remaneres
651 5217 870 5297 Ephesi,
903 5228 982 5283 sic
1023 5235 1079 5282 et
1119 5228 1216 5282 hoc
1258 5239 1572 5300 prtcceptum
1595 5230 1794 5285 iterum

205 5311 538 5370 commendo.
557 5312 737 5388 Neque
749 5316 1070 5372 intenderent
1083 5316 1453 5388 fabulis.Quas
1478 5319 1792 5376 deuteroses

205 5404 510 5474 appellant.
552 5402 708 5463 Unde
757 5404 815 5462 in
856 5401 1147 5480 Evangelio
1209 5408 1467 5465 docentes
1513 5410 1790 5467 doctrinas

207 5494 515 5564 hominum,
544 5497 994 5554 condemnamur.
1027 5499 1096 5554 Et
1131 5498 1462 5572 genealogiis.
1488 5501 1544 5556 ld
1567 5509 1667 5565 est,
1699 5517 1791 5572 ge-

205 5587 584 5646 nerationibus
609 5590 956 5661 antiquorum
983 5631 998 5656 ,
1045 5589 1099 5646 in
1140 5591 1334 5661 quibus
1377 5593 1479 5648 sibi
1523 5609 1788 5648 summam

206 5677 498 5734 scientiam
548 5680 849 5748 vindicant,
871 5682 915 5738 si
956 5697 1142 5737 omnes
1168 5684 1544 5753 generationes
1571 5699 1788 5739 enume-

207 5773 362 5824 rant.
388 5755 548 5826 Finis
599 5773 773 5829 autem
810 5776 1072 5846 prtecepti.
1130 5774 1244 5831 Hoc
1287 5783 1396 5843 eat,
1447 5775 1784 5848 adimpletio,

1897 4485 1993 4540 Dei
2018 4492 2072 4540 et
2098 4485 2350 4554 proximi.
2379 4476 2532 4542 Finis
2568 4490 2812 4558 prwcepti
2860 4498 2956 4544 est.
3002 4489 3076 4545 ‘in
3113 4506 3218 4561 qua
3246 4499 3361 4550 tota
3386 4495 3477 4555 lex-

1894 4573 2166 4662 pendetet
2189 4580 2483 4650 prophetae.
2517 4580 2642 4636 Haec
2675 4581 2722 4637 si
2744 4582 2810 4638 de
2839 4585 3002 4640 corde
3049 4601 3188 4656 puro
3211 4587 3303 4656 sit,
3331 4590 3472 4646 ditiis

1897 4665 1998 4726 cile
2024 4671 2334 4742 delinQuere
2360 4674 2678 4745 poterimus.
2712 4674 2791 4730 De
2841 4677 2998 4734 corde
3046 4697 3200 4751 puro.
3236 4681 3366 4740 Sine
3393 4685 3474 4740 vi-

1896 4763 2008 4818 tiis.
2045 4763 2114 4818 Et
2140 4765 2455 4820 conscientia
2479 4766 2632 4821 bona.
2658 4766 2729 4824 Ut
2753 4769 3087 4826 conscientia
3121 4780 3210 4828 tua
3231 4775 3474 4830 testimo-

1895 4853 2047 4910 nium
2074 4847 2358 4927 perhibeat
2380 4858 2650 4914 charitati.
2682 4859 2751 4914 Et
2771 4861 2878 4930 ﬁde
2904 4879 3008 4917 non
3053 4863 3200 4933 ﬁcta.
3226 4863 3305 4921 Ne
3328 4865 3474 4924 aliud

1895 4947 2080 5015 corde,
2111 4946 2252 5002 aliud
2275 4963 2368 5004 ore
2390 4949 2749 5020 proferamus.
2775 4952 2926 5008 Bona
2951 4964 3026 5010 est
3049 4955 3152 5011 lex.
3178 4955 3292 5013 Hoc
3319 4959 3468 5028 dicit,

1893 5057 1966 5097 ne
1991 5041 2111 5110 quis
2132 5050 2346 5113 putaret
2381 5059 2504 5099 eum
2545 5060 2800 5115 spernere
2827 5047 3019 5118 legem.
3058 5048 3196 5115 Quia
3219 5060 3365 5120 Justo
3387 5062 3474 5108 (ex

1897 5123 2002 5186 non
2031 5141 2107 5186 est
2125 5132 2317 5202 posita.
2348 5131 2549 5188 Novam
2577 5135 2748 5208 legem
2774 5137 3143 5208 implentibus,
3173 5138 3261 5194 lex
3290 5140 3466 5198 vindi-

1896 5229 1997 5278 ctae
2017 5238 2124 5278 non
2145 5231 2228 5279 est
2254 5225 2448 5294 posita.
2477 5211 2784 5299 Plagiariis.
2813 5227 2919 5298 Qui
2947 5230 3324 5306 innocentibus
3349 5235 3470 5306 pla-

1893 5330 1992 5386 gas
2018 5313 2273 5402 inferunt.
2303 5316 2647 5390 Evangelium
2682 5320 2865 5392 σιω-ξω
2887 5321 3006 5376 Dei.
3039 5320 3145 5402 Per
3169 5326 3313 5395 quod
3353 5327 3468 5400 εἰο-
3568 5374 3577 5382 .

1891 5405 2135 5464 rilicatur
2166 5397 2326 5476 Deus,
2373 5409 2488 5465 sive
2525 5411 2578 5466 in
2611 5427 2718 5482 quo
2747 5418 3001 5467 narratur
3026 5397 3093 5470 de
3133 5414 3306 5488 gloria
3346 5397 3468 5476 Dei.

1893 5497 2047 5565 Quod
2084 5498 2330 5570 ignorans
2351 5500 2468 5570 feci.
2492 5501 2688 5556 Levius
2712 5517 2840 5572 ergo
2868 5517 2987 5559 esse
3007 5515 3288 5576 peccatum
3316 5509 3468 5583 igno-

1889 5589 2083 5644 rantia:
2110 5590 2463 5646 demonstrat.
2491 5591 2946 5661 Superabundavit
2976 5597 3169 5666 gratia.
3207 5597 3324 5655 Non
3372 5616 3466 5658 so-

1889 5680 2000 5736 lum
2032 5693 2251 5752 peccata
2283 5683 2508 5748 dimisit,
2530 5682 2620 5737 sed
2669 5681 2811 5738 bona
2850 5684 3016 5742 dedit.
3045 5686 3248 5746 Fidelis
3271 5707 3465 5748 sermo.

1890 5774 2064 5844 Quem
2092 5779 2282 5835 omnes
2306 5777 2622 5843 credunt,et
2644 5776 2883 5834 omnium
2905 5781 3253 5839 conscientiae
3279 5797 3468 5845 verum
