4012 6336
583 313 678 370 231
1983 316 2132 373 SEDI

2233 315 2252 372 l
2289 313 2483 373 SCOTI
3757 333 3862 392 252

581 439 702 480 esse
723 433 1070 496 cognoscunt.
1117 426 1188 482 Et
1215 429 1357 483 omni
1386 433 1679 500 acceptione
1713 434 1920 504 dignus.
1951 431 2008 487 Id
2038 441 2122 488 est
2143 473 2158 499 ,
2189 434 2238 494 A
2263 431 2648 502 prmparaverit
2675 431 2817 490 Deus
2842 433 2930 490 his
2955 435 3047 506 qui
3090 436 3324 512 diligunt
3366 437 3518 496 illum
3562 447 3854 517 prospicit,

583 515 803 570 auribus
851 524 906 570 et
948 518 1110 572 corde
1149 521 1515 588 acceptabilis.
1563 519 1630 574 Ut
1663 533 1955 592 peccatores
1991 524 2162 580 salvos

581 606 794 677 faceret.
823 606 893 660 Ut
925 621 940 660 :
979 607 1099 661 Non
1128 611 1242 662 veni
1277 628 1459 665 vocare
1489 614 1694 682 justas,
1723 615 1812 669 sed
1843 627 2160 686 peccatores.

584 697 818 762 Quorum
841 699 1042 766 primus
1065 716 1156 770 ego
1202 716 1338 754 sum.
1383 702 1522 758 Ante
1568 704 1793 760 Paulum
1842 723 1948 762 non
2008 718 2164 764 erant

578 789 925 858 peccatores?
953 787 1110 844 Certe
1133 789 1218 845 vel
1268 793 1383 862 ipse
1425 793 1599 848 Adam
1652 806 1777 852 ante
1823 812 2013 853 omnes
2039 840 2054 866 ,
2109 808 2164 855 et

577 879 736 950 plena
759 881 1135 950 peccatoribus
1172 883 1345 939 deleta
1378 885 1578 942 diluvio
1611 896 1774 954 terra,
1812 897 1867 944 et
1907 892 2162 962 deinceps

579 983 742 1036 quam
771 969 1129 1028 multi?Unde
1151 987 1280 1044 ergo
1302 990 1489 1030 verum
1517 983 1618 1043 est,
1643 977 1754 1049 Ego
1777 980 1982 1050 primus
2005 983 2161 1037 sum?

584 1057 826 1116 Primum
870 1077 930 1118 se
958 1062 1097 1118 dixit
1149 1081 1255 1122 non
1281 1077 1626 1136 peccatorum
1667 1072 1876 1137 ordine,
1900 1075 1994 1128 sed
2031 1090 2158 1145 pec-

578 1151 684 1204 cati
707 1154 1094 1224 magnitudine,
1117 1158 1538 1228 magnitudinem
1561 1161 1642 1214 sui
1673 1163 1878 1230 peccati
1909 1167 2155 1229 attendit,

575 1243 716 1296 unde
733 1243 965 1312 primum
992 1261 1050 1300 se
1070 1246 1208 1303 dixit
1226 1258 1595 1318 peccatorum,
1611 1253 1880 1319 quomodo
1907 1253 2160 1310 dicuntur

575 1331 719 1387 inter
740 1334 1048 1403 advocatos,
1079 1340 1226 1394 verbi
1253 1340 1443 1411 gratia,
1466 1342 1626 1410 primi
1657 1342 1897 1398 :Primus
1920 1352 2003 1399 est
2032 1345 2154 1412 iste,

573 1435 681 1477 non
705 1425 832 1494 quia
851 1427 1035 1497 plures
1062 1445 1229 1485 annos
1251 1430 1414 1485 habet
1438 1447 1504 1486 ex
1550 1449 1656 1502 quo
1677 1448 1871 1489 causas
1901 1437 2029 1506 agit,
2063 1437 2157 1492 sed

570 1529 677 1584 quo
707 1520 870 1587 erepit
906 1529 1133 1577 caeteros
1155 1538 1429 1593 superare.
1467 1525 1708 1580 Primqu
1743 1543 1873 1598 ergo
1898 1544 1956 1583 se
1993 1531 2152 1598 dixit,

568 1605 694 1674 quia
729 1623 888 1665 nemo
917 1612 1163 1667 acerbior
1199 1614 1340 1667 inter
1364 1624 1736 1683 persecutores
1769 1621 2017 1688 erat,qui
2044 1621 2154 1689 pri-

565 1698 810 1754 mitivam
833 1702 1128 1757 Ecclesium
1174 1713 1298 1774 post
1337 1721 1624 1762 ascensum
1646 1707 1858 1763 Domini
1881 1713 2152 1778 persecuti

2265 537 2364 591 per
2386 520 2681 577 ineffabiles
2711 539 2967 581 excessus
2992 527 3220 584 Domino
3263 529 3449 586 refert.
3481 533 3548 587 In
3581 539 3726 590 omni
3751 541 3859 608 pie-

2265 619 2372 664 tate
2401 619 2447 664 et
2476 613 2733 665 castitate.
2767 615 2848 667 Ad
2879 615 2982 670 hoc
3028 616 3141 670 vult
3179 634 3278 672 nos
3330 635 3451 675 esse
3495 624 3709 693 quietos
3733 667 3748 692 ,
3801 637 3858 682 ut

2263 700 2448 768 pietati
2467 709 2521 754 et
2537 703 2797 768 castitati,
2817 721 2922 759 non
2938 706 3262 762 dissensioni
3277 719 3441 781 atque
3461 711 3689 770 luxuria:
3712 726 3858 774 tran-

2263 791 2504 860 quillitas
2529 805 2712 848 nostra
2747 795 3016 864 proﬁciat.
3047 796 3164 852 Hoc
3190 801 3327 854 enim
3353 814 3622 874 acceptum
3665 822 3765 862 est.
3799 811 3856 866 ld

2262 889 2365 947 est,
2394 891 2453 936 ut
2479 884 2644 938 etiam
2669 901 2767 955 pro
2793 887 2990 943 talibus
3015 898 3218 945 oretur.
3268 892 3373 958 Qui
3394 911 3572 950 omnes
3613 899 3854 957 [lancina

2261 972 2369 1028 uult
2395 974 2565 1030 salvos
2591 977 2732 1045 ﬁeri,
2757 990 2806 1033 et
2837 981 2908 1034 ad
2946 983 3266 1052 agnitionem
3298 987 3529 1042 veritatis
3556 992 3754 1046 venire.
3797 993 3854 1050 Si

2261 1061 2364 1131 ipsi
2391 1063 2505 1134 jam
2532 1069 2748 1122 vocanti
2785 1068 2895 1125 Deo
2925 1074 3233 1128 consentire
3256 1076 3555 1145 voluerint,
3605 1091 3702 1136 aut
3743 1100 3855 1137 om-

2261 1170 2350 1207 nes
2373 1155 2626 1224 homines,
2655 1160 2863 1216 scilicet
2913 1166 3360 1234 prazdestinatos;
3403 1171 3517 1226 sive
3547 1190 3732 1231 omnes
3760 1179 3854 1233 ho-

2259 1244 2443 1311 mines,
2464 1247 2565 1302 hoc
2593 1258 2694 1316 est,
2724 1266 2938 1308 omnem
2961 1271 3170 1325 sexum,
3199 1269 3432 1329 gentem,
3457 1265 3848 1338 conditionem,

2258 1340 2365 1386 etc.
2394 1333 2539 1391 Unus
2563 1341 2702 1393 enim
2731 1341 2889 1407 Deus,
2917 1361 3052 1400 unus
3082 1358 3128 1401 et
3166 1351 3425 1405 mediator
3454 1353 3551 1407 Dei
3579 1366 3629 1410 et
3679 1333 3852 1415 hami;

2259 1438 2404 1477 num.
2431 1424 2510 1480 Ac
2537 1428 2582 1482 si
2629 1429 2855 1498 diceret,
2883 1433 3006 1490 ideo
3035 1453 3223 1494 omnes
3253 1441 3368 1496 vult
3405 1444 3616 1502 salvare
3642 1489 3660 1514 ,
3721 1453 3851 1522 quia

2257 1528 2398 1570 unus
2425 1516 2567 1574 Deus
2608 1535 2796 1577 omnes
2835 1527 3057 1591 creavit,
3087 1537 3143 1583 et
3171 1546 3309 1587 unus
3341 1535 3606 1593 mediator
3630 1555 3850 1598 recrea-

2256 1603 2354 1658 vit.
2380 1605 2554 1662 Homo
2587 1609 2824 1667 Christus
2851 1614 3028 1670 Jesus.
3055 1617 3190 1684 Quia
3213 1621 3279 1676 de
3303 1625 3593 1683 traditione
3611 1641 3738 1687 erat
3766 1633 3850 1690 di-

2256 1704 2460 1762 cturus,
2492 1698 2612 1754 ideo
2636 1701 2910 1758 hominem
2939 1706 3277 1764 solummodo
3318 1715 3639 1771 nominavit.
3673 1719 3848 1791 Cujus

567 1798 712 1844 sum.
742 1791 824 1846 Ad
852 1794 1294 1863 informationem.
1341 1798 1423 1854 Ad
1443 1801 1770 1870 exemplum,
1796 1811 1856 1857 ul
1879 1820 2037 1859 nemo
2061 1806 2153 1860 σε,
2178 1805 2226 1865 Β
2255 1788 2626 1844 testimonium.
2663 1791 2731 1848 Ut
2757 1803 2840 1848 est
2863 1815 2874 1848 :
2901 1795 2968 1849 In
2993 1798 3089 1852 hoc
3111 1801 3249 1854 enim
3274 1805 3386 1856 veni
3412 1816 3468 1858 ut
3489 1788 3846 1869 testimonium

566 1890 764 1949 speret.
805 1883 937 1954 Regi
966 1895 1142 1940 autem
1189 1888 1502 1943 swculorum
1533 1891 1722 1948 honor.
1751 1889 1853 1960 Qui
1880 1894 2012 1948 mihi
2051 1895 2152 1948 tri-

565 1969 683 2024 buit
707 1973 923 2028 veniam
951 1992 1056 2031 non
1081 1979 1331 2032 merenti.

636 2060 752 2117 Hoc
770 2076 1083 2136 praeceptum
1107 2069 1410 2123 commendo
1448 2071 1561 2126 tibi.
1590 2071 1879 2143 Hucusque
1909 2073 1976 2130 de
2003 2083 2147 2131 statu

562 2169 662 2209 suo
694 2158 963 2226 quomodo
1013 2160 1206 2215 debeat
1237 2163 1562 2220 adversariis
1604 2169 1965 2237 respondere;
2019 2171 2147 2226 hinc

560 2244 653 2298 dat
699 2249 1075 2304 auctoritatem
1103 2252 1392 2307 ordinandi
1434 2255 1787 2327 docendique.
1844 2259 2147 2314 Secundum

556 2337 907 2404 praecedentes
952 2342 1271 2410 prophetias.
1308 2343 1616 2400 Secundum
1667 2349 1810 2418 quod
1839 2351 2002 2404 etiam
2043 2352 2148 2407 hoc

556 2423 789 2480 ollicium
823 2429 1058 2484 habebat
1081 2432 1308 2501 gratiam
1338 2435 1711 2503 prophetandi.
1742 2437 1868 2493 Sive
1916 2441 2146 2511 prophe-

555 2521 647 2576 tite
671 2532 954 2590 vocantur,
985 2541 1104 2593 qua:
1133 2528 1186 2581 in
1238 2529 1539 2599 baptismo,
1575 2534 1660 2588 vel
1696 2536 1749 2590 in
1803 2539 2144 2598 ordinatione

562 2608 631 2666 de
658 2626 723 2666 eo
769 2615 1081 2684 prophetiae
1110 2627 1324 2673 cantata
1369 2631 1522 2688 sunt,
1567 2624 1620 2678 id
1652 2634 1754 2691 est,
1784 2629 1910 2697 quia
1950 2631 2005 2684 in
2051 2632 2141 2687 illo

557 2703 820 2774 completa
848 2715 1004 2772 sunt;
1041 2709 1154 2764 sive
1174 2713 1469 2781 prophetia:
1496 2717 1895 2784 praedicationis
1938 2722 2140 2777 intelli-

553 2804 774 2864 guntur.
819 2795 1032 2853 Habens
1060 2799 1236 2869 ﬁdem.
1273 2803 1378 2859 Pro
1404 2807 1593 2862 armis.
1654 2806 1722 2862 Et
1776 2810 1965 2865 bonam
2023 2830 2140 2867 can-

459 2917 512 2970 -_
553 2888 846 2944 scientiam.
896 2891 1127 2963 lmplens
1175 2897 1318 2966 quod
1357 2899 1534 2956 docet.
1591 2901 1762 2968 Quam
1792 2907 2006 2976 quidam
2057 2926 2136 2963 re-

497 2966 512 2970 ”
550 2976 816 3048 pallentes.
846 2980 981 3037 Male
1002 2983 1248 3041 vivendo.
1287 2985 1442 3042 Circa
1483 2966 1660 3059 ﬁdem.
1705 2966 1836 3061 Quae
1873 3008 1959 3050 est
1981 2999 2137 3066 quasi

551 3071 798 3141 quaedam
826 3073 996 3129 navis.
1047 3073 1190 3140 Quos
1237 3079 1432 3134 tradidi
1479 3080 1716 3138 Satanae.
1749 3085 1820 3141 Ut
1875 3102 1942 3142 ex
1992 3104 2134 3158 prae-

2250 1877 2549 1945 perhibeam
2579 1885 2804 1937 veritati.
2851 1884 3127 1942 Veritatem
3162 1891 3302 1945 dico.
3333 1893 3487 1960 Quod
3523 1898 3577 1952 in
3609 1900 3716 1956 hoc
3744 1920 3844 1972 po.

2250 1967 2387 2023 situs
2413 1985 2554 2036 sum,
2581 1981 2640 2026 ut
2663 1974 2854 2030 doctor
2866 1975 3118 2033 Gentium
3139 1981 3263 2037 sim.
3284 1982 3445 2040 Orate
3459 1986 3513 2042 in
3530 1993 3676 2044 omni
3700 1992 3843 2049 loco.

2249 2056 2366 2114 Non
2397 2068 2456 2114 ut
2477 2060 2679 2129 Judtei,
2746 2067 2838 2136 qui
2883 2068 2938 2122 in
2987 2070 3186 2140 templo
3237 2080 3444 2129 tantum
3498 2077 3846 2138 Hierusalem

2250 2149 2583 2208 adorandum
2613 2154 2884 2212 dicebant.
2923 2158 3048 2213 Non
3082 2161 3137 2215 in
3173 2165 3320 2218 tortis
3350 2166 3600 2222 crinibus.
3641 2169 3724 2228 Nc
3751 2189 3849 2228 oo-

2248 2249 2523 2307 casionem
2555 2253 2684 2309 dent
2702 2258 3172 2328 concupiscentiae.
3201 2260 3401 2317 Mulier
3426 2267 3616 2322 discat.
3642 2269 3693 2323 Α
3715 2272 3844 2328 viro

2247 2355 2364 2395 suo.
2397 2341 2666 2398 Honorem
2695 2347 2804 2401 Deo
2833 2349 3120 2406 tribuimus
3143 2391 3158 2418 ,
3206 2356 3422 2422 quando
3474 2372 3575 2428 pro
3622 2361 3843 2420 collatis

2245 2432 2403 2487 bonis
2427 2433 2614 2504 dignas
2639 2447 2842 2506 gratias
2870 2438 3191 2509 referimus;
3220 2445 3445 2515 gloriam
3480 2464 3611 2506 vero
3637 2492 3653 2518 ,
3706 2469 3838 2510 cum

2246 2525 2450 2580 nostris
2479 2525 2635 2583 bonis
2657 2531 2909 2600 operibus
2946 2533 3059 2602 ipse
3099 2534 3452 2604 gloriﬁcatur.
3499 2541 3704 2597 Docere
3737 2563 3839 2599 au-

2245 2622 2346 2667 tem
2374 2617 2582 2670 mulieri
2605 2635 2707 2673 non
2726 2622 2986 2691 permitto.
3018 2625 3076 2678 ld
3099 2637 3200 2693 est,
3231 2630 3442 2698 publice
3466 2647 3574 2687 non
3601 2637 3838 2704 permit-

2243 2705 2407 2760 titur:
2437 2723 2561 2762 nam
2584 2709 2753 2766 ﬁlium
2778 2713 2864 2768 vel
2891 2715 3117 2771 fratrem
3139 2719 3299 2775 debet
3323 2722 3517 2780 docere
3542 2727 3832 2797 privatim.

2243 2794 2352 2850 Sed
2389 2815 2498 2854 esse
2522 2802 2576 2854 in
2599 2802 2824 2858 silentio.
2873 2805 2953 2861 Ne
3015 2810 3329 2880 mysterium
3379 2814 3484 2869 sibi
3514 2794 3834 2890 usurpando

2241 2889 2539 2958 superbiat,
2565 2901 2738 2948 taceat
2762 2895 2817 2948 in
2835 2895 3096 2952 Ecclesia.
3117 2901 3286 2955 Adam
3306 2905 3442 2956 enim
3479 2889 3687 2976 primus
3711 2910 3833 2979 for-

2239 2990 2410 3035 matus
2440 2993 2533 3037 est.
2561 2983 2757 3040 Reddit
2778 3002 2970 3044 causas
3000 3007 3098 3046 cur
3116 3007 3209 3049 eas
3230 2995 3359 3050 velit
3384 3011 3506 3054 esse
3526 3000 3830 3073 subiectas,

2240 3073 2447 3129 scilicet
2482 3077 2607 3146 quia
2627 3081 2956 3147 posteriores
2979 3084 3034 3138 in
3060 3083 3268 3142 factura
3295 3100 3420 3144 sunt
3443 3130 3458 3156 ,
3509 3101 3566 3147 et
3608 3096 3831 3163 priores

550 3160 691 3215 senti
712 3163 1048 3232 correptione
1077 3165 1288 3222 discant
1335 3168 1575 3226 futurum
1609 3173 1872 3243 judicium
1901 3193 2007 3232 non
2033 3196 2128 3236 ne-

2233 3161 2284 3216 in
2316 3165 2492 3236 culpa.
2537 3167 2606 3220 Et
2627 3169 2798 3223 Adam
2827 3187 2930 3226 non
2969 3183 3042 3227 est
3100 3176 3363 3241 seductus,
3397 3160 3827 3241 mulier'autem

550 3262 698 3319 gare.
725 3248 929 3306 Traditi
957 3262 1082 3308 sunt
1102 3263 1283 3311 autem
1313 3259 1381 3313 ad
1421 3261 1848 3332 emendandum,
1911 3283 2020 3323 non
2060 3271 2128 3326 ad

550 3341 905 3410 perdendum.

1163 3439 1392 3498 CAPUT
1426 3443 1491 3500 II.

627 3522 860 3580 Primum
900 3544 1021 3600 ergo
1061 3533 1294 3588 omnium
1331 3535 1542 3592 obsecro
1583 3539 1700 3608 ﬁeri
1727 3541 2124 3602 obsecrationes.

546 3612 644 3669 His
672 3617 852 3673 verbis
883 3617 1172 3690 Apostolus
1218 3627 1668 3698 quadripartitam
1705 3634 1966 3691 orationis
2013 3652 2127 3707 spe-

546 3705 680 3761 ciem
719 3707 1000 3764 evidenter
1029 3712 1302 3781 distinxit;
1342 3719 1436 3774 sed
1460 3728 1640 3776 tamen
1671 3725 1824 3780 vobis
1868 3705 2127 3800 indagan-

546 3797 673 3852 dum
695 3807 799 3863 est,
829 3802 957 3870 quid
985 3803 1382 3874 obsecratione,
1417 3812 1546 3880 quid
1573 3815 1839 3881 oratione,
1864 3797 2126 3891 quidvpo-

543 3890 853 3957 stulatione,
885 3895 1016 3962 quid
1055 3899 1356 3964 gratiarum
1408 3904 1622 3960 actione
1669 3907 1927 3978 signetur.
1964 3890 2125 3968 Obse-

543 3982 801 4037 crationes
833 3982 1016 4053 itaque
1043 3996 1187 4052 sunt,
1221 3989 1528 4058 imploratio
1549 4010 1642 4049 seu
1669 3998 1860 4066 petitio
1882 4016 1981 4070 pro
1997 4017 2123 4071 pec-

539 4074 700 4139 catis,
729 4089 833 4142 qua
860 4075 944 4129 vel
971 4091 1071 4146 pro
1091 4082 1463 4149 praesentibus,
1489 4087 1572 4141 vel
1612 4090 1900 4158 praeteritis
1928 4094 2122 4151 admis-

541 4165 616 4219 sis
673 4167 1040 4238 unusquisque
1101 4184 1452 4244 compunctus
1512 4179 1725 4234 veniam
1777 4183 2116 4254 deprecatur.

542 4252 817 4310 Orationes
863 4265 1008 4323 sunt,
1039 4261 1235 4330 quibus
1270 4263 1468 4334 aliquid
1513 4266 1807 4336 oﬂ‘erimus,
1841 4252 1934 4328 seu
1960 4291 2119 4332 vove-

537 4360 659 4402 mus
694 4347 803 4404 Deo
839 4365 853 4403 :
888 4348 1074 4407 Grtece
1102 4353 1246 4409 enim
1300 4359 1474 4413 oratio
1515 4359 1838 4437 [προσευχὴ]
1863 4407 1878 4432 ,
1933 4376 2116 4426 votum

537 4438 725 4494 Latine
745 4449 920 4496 sonat.
970 4443 1201 4500 Oramus
1223 4449 1366 4502 enim
1397 4465 1520 4504 cum
1578 4456 1947 4513 renuntiantes
1987 4461 2116 4517 huic

535 4530 736 4584 mundo
759 4533 1082 4599 spondemus
1118 4551 1217 4592 nos
1265 4539 1618 4596 mortiﬁcatos
1663 4547 1874 4600 cunctis
1903 4549 2112 4606 actibus

535 4627 593 4674 et
612 4623 1326 4683 conversationimundanaa.
1381 4629 1642 4698 Oramus,
1690 4651 1811 4688 cum
1842 4640 2112 4706 promitti-

535 4727 657 4767 mus
684 4728 784 4767 nos
813 4715 1174 4773 ﬁrmissimam
1206 4725 1448 4792 corporis
1497 4727 1826 4793 castitatem,
1860 4745 1956 4784 seu
2009 4732 2109 4786 im-

533 4806 786 4862 mobilem
816 4809 1129 4877 patientiam
1157 4814 1490 4870 exhibituros
1518 4833 1638 4872 esse
1675 4831 1936 4889 perpetuo
1956 4863 1970 4888 ,
2023 4827 2109 4880 vel

529 4915 654 4955 cum
688 4915 719 4954 e
741 4900 903 4955 corde
927 4908 1114 4956 nostro
1144 4903 1354 4958 radices
1399 4906 1512 4969 irae,
1548 4907 1660 4962 sive
1692 4910 1923 4967 tristitiae
1948 4928 2111 4972 vove-

527 5008 649 5048 mus
673 4992 916 5048 funditus
952 4993 1237 5048 eruendas.
1272 4992 1676 5052 Postulationes.
1701 4999 1843 5066 Quas
1867 5019 1965 5072 pro
1987 5004 2109 5061 aliis

527 5103 762 5157 quoque,
789 5087 914 5141 dum
954 5101 1139 5141 sumus
1172 5086 1225 5140 in
1259 5086 1471 5143 fervore
1513 5091 1736 5160 spiritus
1781 5096 2103 5162 constituti,

524 5179 758 5234 solemus
781 5179 1047 5244 emittere,
1081 5177 1164 5232 vel
1191 5194 1290 5248 pro
1316 5181 1496 5236 charis
1523 5183 1730 5238 scilicet
1769 5187 1988 5249 nostris,
2018 5187 2104 5242 vel

522 5286 622 5341 pro
656 5272 816 5325 totius
846 5271 1027 5326 mundi
1059 5279 1214 5340 parte
1237 5282 1521 5341 poscentes
1547 5294 1558 5328 :
1591 5284 1645 5330 et
1681 5285 1740 5330 ut
1763 5277 1932 5347 ipsius
1959 5277 2102 5347 Apo-

465 5375 470 5380 ‘
522 5362 644 5416 stoli
673 5363 850 5416 verbis
873 5363 1213 5432 eloquamur,
1237 5377 1358 5417 cum
1380 5381 1475 5434 pro
1511 5367 1750 5420 omnibus
1779 5365 2094 5436 hominibus,

519 5471 614 5525 pro
643 5454 864 5524 regibus,
907 5465 954 5508 et
992 5474 1085 5526 pro
1126 5457 1364 5511 omnibus
1401 5459 1490 5528 qui
1523 5460 1579 5512 in
1623 5459 1940 5516 sublimitate
1977 5471 2099 5516 sunt

519 5545 900 5614 supplicamus.
933 5545 1238 5603 Gratiarum
1265 5548 1511 5614 actiones,
1537 5565 1672 5619 quas
1701 5566 1854 5606 mens
1874 5552 1957 5606 vel
1973 5568 2096 5608 cum

518 5635 793 5706 praeterita
814 5636 925 5692 Deo
961 5639 1152 5693 recolit
1190 5639 1488 5705 beneﬁcia,
1528 5639 1614 5694 vel
1643 5657 1766 5695 cum
1809 5644 2096 5726 praesentia

519 5728 933 5799 contemplatur,
958 5744 1054 5786 seu
1092 5747 1214 5788 cum
1255 5734 1310 5791 in
1353 5731 1596 5789 futurum
1645 5748 1765 5808 qua:
1805 5742 1862 5790 et
1892 5742 2093 5808 quanta

2232 3254 2448 3310 seducta
2470 3258 2525 3311 in
2547 3262 2980 3328 prtevaricatione
3003 3266 3123 3336 fuit.
3149 3267 3228 3323 Ex
3249 3270 3389 3327 libro
3418 3274 3486 3329 de
3513 3273 3714 3334 Genesi
3755 3280 3830 3336 ad

2229 3346 2465 3404 litteram
2494 3351 2798 3409 undecimo.
2841 3354 2934 3409 Vir
2959 3360 3166 3428 quidem
3196 3379 3302 3416 non
3333 3364 3482 3420 debet
3529 3367 3702 3425 velare
3728 3387 3828 3427 ca-

2227 3448 2342 3510 μω,
2373 3459 2491 3496 cum
2519 3445 2587 3498 sit
2617 3445 2789 3518 imago
2811 3457 2858 3502 et
2887 3448 3057 3520 gloria
3079 3451 3193 3506 Dei.
3223 3452 3420 3511 Mulier
3447 3469 3620 3514 autem
3644 3461 3827 3532 gloria

2226 3535 2327 3586 uiri
2354 3543 2448 3600 est,
2479 3552 2585 3592 non
2608 3539 2752 3607 quod
2777 3554 2930 3596 mens
2976 3541 3462 3603 feminaeamdem
3518 3551 3823 3623 imaginem

2227 3641 2420 3695 capere
2444 3645 2551 3684 non
2587 3631 2776 3700 possit,
2802 3648 2926 3688 cum
2965 3635 3020 3689 in
3048 3635 3136 3689 illa
3162 3639 3338 3708 gratia
3374 3641 3520 3696 dicat
3551 3658 3655 3700 nec
3698 3662 3822 3702 ma-

2225 3722 2435 3777 sculum
2468 3738 2621 3790 esse,
2668 3741 2768 3782 nec
2797 3727 3075 3798 feminam,
3109 3733 3202 3787 sed
3229 3734 3356 3803 quia
3417 3735 3668 3793 fortassis
3724 3741 3820 3797 illa

2224 3813 2328 3868 hoc
2353 3817 2588 3871 nondum
2614 3830 2952 3890 perceperat,
2985 3826 3127 3894 quod
3163 3827 3234 3882 sit
3269 3828 3324 3882 in
3355 3831 3628 3901 agnitione
3676 3833 3820 3902 Dei,

2223 3912 2279 3960 et
2303 3906 2418 3961 viro
2438 3918 2658 3977 regente
2679 3927 2741 3966 ac
2787 3913 3130 3984 dispensante
3170 3920 3444 3989 paululum
3477 3923 3650 3978 fuerat
3679 3941 3822 3995 per-

2222 4005 2464 4065 ceptura.
2495 3999 2682 4069 Neque
2708 4002 2854 4057 enim
2879 4003 3081 4062 frustra
3118 4019 3171 4064 et
3213 4010 3344 4066 illud
3363 4012 3650 4084 Apostolus
3678 4019 3762 4071 ait
3797 4036 3815 4074 :

2221 4087 2390 4141 Adam
2413 4091 2551 4144 enim
2572 4093 2773 4162 primus
2800 4095 3058 4165 formatus
3081 4111 3175 4168 est,
3206 4104 3394 4160 deinde
3419 4105 3552 4172 Eva,
3567 4116 3616 4162 et
3630 4110 3819 4168 Adam

2219 4192 2322 4230 non
2351 4188 2426 4232 est
2453 4181 2696 4240 seductus
2716 4226 2731 4250 ,
2769 4186 2962 4242 mulier
2992 4200 3168 4246 autem
3211 4194 3422 4250 seducta
3444 4208 3540 4252 est.
3576 4198 3645 4254 In
3665 4218 3818 4272 prte-

2215 4266 2536 4326 varicatione
2569 4272 2711 4342 facta
2739 4286 2835 4330 est.
2869 4277 2940 4334 Ut
2966 4295 3066 4350 per
3095 4282 3240 4338 illam
3267 4286 3431 4340 etiam
3461 4289 3548 4342 vir
3592 4266 3816 4360 praeva-

2215 4356 2501 4416 ricaretur.
2527 4362 2660 4418 Nam
2694 4375 2748 4421 et
2787 4369 2965 4438 ipsum
3012 4371 3144 4428 dicit
3173 4379 3674 4448 praevaricatorem,
3709 4385 3814 4445 ubi

2217 4449 2327 4503 ait:
2362 4450 2429 4505 In
2451 4454 2845 4514 similitudinem
2899 4465 3348 4532 prwvaricationis
3381 4469 3512 4526 Adte
3533 4514 3548 4539 ,
3586 4476 3679 4544 qui
3727 4485 3816 4533 ess

2217 4539 2387 4608 forma
2441 4542 2642 4611 futuri;
2690 4548 2966 4604 seductum
3006 4559 3182 4610 tamen
3212 4567 3410 4630 negat:
3450 4539 3664 4620 nam-et
3719 4568 3814 4624 in-

2215 4636 2520 4702 terrogatus
2567 4652 2673 4692 non
2710 4639 2824 4694 ait:
2852 4641 3042 4698 Mulier
3063 4662 3223 4716 quam
3273 4652 3467 4708 dedisti
3509 4657 3644 4712 mihi
3669 4697 3688 4725 ,
3720 4675 3813 4717 se-

2215 4722 2369 4778 duxit
2401 4741 2508 4792 me,
2531 4735 2586 4781 et
2613 4731 2956 4800 manducavi,
2997 4737 3089 4791 sed
3115 4757 3126 4790 :
3157 4743 3285 4810 Ipsa
3310 4745 3457 4810 mihi,
3483 4722 3688 4818 inquit,
3711 4752 3812 4809 de-

2215 4813 2289 4866 dit
2319 4831 2351 4867 a
2385 4815 2545 4886 ligno,
2569 4829 2618 4872 et
2647 4824 2958 4878 manducavi
3003 4824 3155 4898 (Gen.
3200 4833 3304 4906 ιιι).
3346 4835 3441 4891 Illa
3464 4813 3634 4896 verb:
3670 4813 3811 4900 Ser-

2204 4923 2349 4974 pens,
2383 4908 2577 4978 inquit,
2609 4913 2816 4968 seduxit
2853 4932 2953 4971 me.
2977 4917 3058 4972 Ita
3089 4919 3365 4992 Salomon,
3394 4929 3479 4983 vir
3508 4939 3673 4989 tantm
3707 4952 3806 4992 sa-

2203 4997 2435 5064 pientiae,
2468 5002 2831 5069 nunquidnam
2862 5008 3189 5065 credendum
3229 5023 3333 5079 est,
3361 5021 3506 5087 quod
3529 5020 3583 5075 in
3613 5024 3802 5080 simu-

2203 5085 2474 5142 lacrorum
2502 5091 2647 5146 cultu
2685 5096 2916 5151 credidit
2960 5114 3081 5156 esse
3127 5103 3333 5173 aliquid
3366 5085 3648 5167 utilitatis?
3680 5114 3804 5174 Sed

2202 5177 2489 5232 mulierum
2539 5184 2709 5238 amori
2755 5185 2822 5240 ad
2867 5187 2968 5243 hoc
3009 5192 3207 5247 malum
3243 5198 3479 5254 trahenti
3532 5204 3804 5264 resistere

2201 5285 2312 5325 non
2337 5271 2522 5336 valuit,
2557 5273 2761 5333 faciens
2790 5283 2930 5348 quod
2955 5284 3158 5340 sciebat
3179 5304 3284 5344 non
3311 5306 3429 5347 esse
3449 5293 3790 5368 faciendum,

2202 5376 2271 5414 ne
2299 5376 2425 5418 suas
2463 5365 2656 5433 quibus
2678 5370 2978 5439 deperierat
3006 5384 3169 5446 atque
3210 5379 3438 5438 deﬂebat
3469 5365 3794 5451 mortiferas

2203 5452 2425 5510 delicias
2449 5459 2812 5514 contristaret.
2851 5464 2926 5518 lta
2961 5474 3014 5518 et
3039 5466 3206 5523 Adam
3232 5511 3246 5534 ,
3309 5486 3662 5547 posteaquam
3717 5486 3792 5542 de

2199 5545 2346 5616 ligno
2392 5549 2664 5619 prohibito
2712 5554 2931 5610 seducta
2982 5558 3176 5614 mulier
3220 5545 3583 5637 manducavit,
3617 5572 3792 5644 eique

2201 5638 2364 5708 dedit,
2384 5651 2447 5698 ut
2467 5645 2625 5699 simul
2649 5646 2884 5714 ederent,
2910 5650 3083 5704 noluit
3109 5668 3230 5709 eam
3247 5661 3592 5730 contristare,
3609 5638 3786 5734 quam

2197 5735 2452 5792 credebat
2484 5751 2643 5808 posse
2667 5738 2783 5794 sine
2824 5755 2921 5799 suo
2951 5743 3146 5802 solatio
3183 5751 3590 5816 contabescere.
3619 5755 3667 5813 si
3712 5759 3787 5817 ab
