4046 6332
205 445 318 502 255

1207 442 1538 500 COLLECT.
1581 442 1651 497 IN
1687 441 1911 498 EPIST.
1951 441 1974 496 Ι
2012 441 2104 497 ΑΙ)
2143 439 2424 500 ΤΙΜΟΤΗ.

3347 450 3454 509 254

203 561 327 632 ejus
350 559 677 614 alienaretur
697 559 896 624 animo,
920 567 976 614 et
1005 559 1224 615 omnino
1251 560 1358 615 illis
1402 560 1631 616 interest
1669 561 1779 615 dis—
1807 563 1860 622 Α
1883 565 1978 612 aut
1997 573 2198 626 paucos
2219 558 2503 628 recipiens,
2528 561 2768 633 implevit
2787 562 3168 633 hospitalitatis
3185 565 3453 626 oﬁicium:

205 653 412 710 cordia.
444 650 560 704 Non
597 651 811 721 quidem
850 652 1028 706 carnis
1082 651 1256 707 victus
1301 653 1730 722 concupiscentia
1761 693 1777 718 ,

205 761 371 817 quam
401 744 641 798 nondum
670 751 914 799 senserat
953 745 1006 798 in
1042 744 1326 800 resistente
1353 745 1470 816 lege
1513 746 1782 800 membro-

205 849 330 887 rum
355 833 456 904 legi
482 834 677 888 mentis
703 849 834 898 suae,
864 833 958 888 sed
1005 834 1215 888 amicali
1263 836 1495 904 quadam
1548 836 1781 891 benevo-

205 923 393 990 lentia,
425 940 530 994 qua
551 924 864 994 plerumque
887 924 946 979 ﬁt
983 933 1043 979 ut
1065 915 1367 979 oﬁ‘endatur
1388 925 1552 991 Deus,
1586 941 1654 980 ne
1681 926 1780 981 ho-

202 1033 296 1072 mo
331 1032 400 1072 ex
435 1016 611 1071 amico
635 1017 886 1071 inimicus
930 1015 1063 1070 ﬁat:
1092 1017 1235 1084 quod
1284 1032 1405 1071 eum
1451 1017 1626 1071 facere
1670 1032 1781 1071 non

203 1107 455 1163 debuisse
492 1107 686 1162 divinae
737 1109 1016 1163 sententiae
1058 1107 1237 1176 justus
1265 1107 1441 1163 exitus
1498 1108 1776 1165 indicavit.

201 1201 348 1268 Ergo
371 1200 475 1255 alio
499 1201 657 1255 modo
679 1200 912 1270 quodam
934 1201 1095 1255 etiam
1118 1201 1232 1270 ipse
1243 1200 1501 1269 deceptus
1525 1207 1608 1255 est
1630 1241 1646 1266 ,
1681 1202 1779 1256 sed

201 1290 329 1345 dolo
357 1290 446 1345 illo
469 1291 778 1360 serpentino
832 1306 938 1360 quo
994 1291 1186 1346 mulier
1213 1291 1433 1347 seducta
1462 1299 1585 1358 est,
1631 1292 1778 1347 nullo

201 1386 366 1440 modo
405 1385 554 1439 illum
596 1385 832 1439 arbitror
858 1385 1100 1454 potuisse
1125 1385 1330 1441 seduci.
1394 1385 1546 1439 Hanc
1596 1394 1778 1440 autem

200 1475 424 1544 proprie
465 1474 829 1529 seductionem
855 1475 1142 1545 appellavit
1173 1475 1479 1545 Apostolus,
1503 1492 1608 1546 qua
1634 1477 1778 1532 idem

201 1566 346 1634 quod
387 1566 715 1620 suadebatur
746 1581 868 1620 cum
898 1565 1092 1622 falsum
1123 1576 1287 1633 esset,
1316 1583 1502 1624 verum
1533 1577 1777 1638 putatum

199 1662 308 1719 est,
333 1655 388 1709 id
435 1663 538 1720 est,
581 1657 722 1725 quod
774 1656 916 1712 Deus
959 1657 1081 1713 ideo
1127 1659 1332 1730 lignum
1386 1659 1516 1714 illud
1559 1669 1778 1730 tangere

200 1746 574 1816 prohibuerat,
596 1746 736 1816 quod
762 1747 928 1802 sciret
956 1763 1051 1805 eos
1075 1789 1090 1815 ,
1147 1749 1194 1805 si
1242 1750 1577 1821 tetigissent,
1633 1751 1778 1806 velut

202 1836 333 1890 deos
359 1835 588 1902 futuros,
631 1843 886 1906 tanquam
906 1839 986 1893 eis
1013 1839 1349 1894 divinitatem
1378 1840 1661 1906 invideret,
1684 1840 1777 1912 qui

1883 651 2166 718 episcopus
2191 652 2297 705 nisi
2319 668 2508 708 omnes
2536 657 2824 726 receperit,
2864 656 3184 714 inhumanus
3209 668 3313 714 est.
3347 660 3456 717 Do-

1883 737 2105 793 cibilem.
2135 739 2191 794 Id
2214 748 2320 806 est,
2353 743 2668 811 sapientem.
2701 745 2823 798 Non
2846 746 3182 822 vinolentum.
3226 749 3296 805 Ut
3322 751 3460 806 ﬁdu-

1881 829 2093 885 cialiter
2124 834 2294 900 possit
2322 835 2600 905 corripere
2627 836 2888 893 ebriosos.
2922 837 3047 894 Non
3081 830 3453 910 percussorem.

1880 919 1959 976 Ne
1990 922 2061 976 sit
2090 921 2337 991 petulans
2362 926 2430 981 ad
2471 927 2802 983 caedendum.
2853 927 2955 984 Sed
3002 930 3305 987 modestum.
3356 934 3459 1002 Qui

1880 1011 2064 1067 omnia
2090 1012 2220 1068 facit
2257 1029 2380 1069 cum
2423 1032 2698 1074 mensura.
2746 1020 2871 1075 Non
2900 1023 3229 1094 neophytum.
3269 1026 3326 1080 Id
3354 1035 3457 1093 est,

1879 1119 2050 1174 nuper
2072 1104 2413 1162 instructum.
2455 1109 2540 1164 Ne
2560 1111 2616 1165 in
2640 1112 2931 1183 superbiam
2957 1114 3144 1170 elatus.
3167 1118 3224 1171 Id
3259 1126 3363 1184 est,
3392 1136 3460 1176 ne

1879 1215 2050 1271 nuper
2074 1213 2298 1260 renatus
2323 1206 2431 1261 cito
2458 1208 2632 1276 possit
2657 1224 2755 1278 per
2781 1209 3138 1280 ignorantiam
3174 1214 3378 1281 extolli,
3405 1221 3460 1271 et

1877 1301 2029 1362 putet
2051 1309 2112 1349 se
2140 1310 2247 1350 non
2295 1304 2406 1352 tam
2431 1293 2790 1354 ministerium
2836 1302 3154 1358 humilitatis
3178 1321 3338 1374 quam
3367 1307 3460 1360 ad-

1878 1383 2335 1441 ministrationem
2393 1388 2670 1444 saecularis
2726 1393 3009 1460 potestatis
3072 1394 3345 1464 adeptum,
3405 1403 3460 1449 et

1878 1474 2381 1532 condemnationem
2421 1478 2684 1548 superbiae
2730 1489 3006 1534 mereatur
3032 1482 3172 1536 sicut
3197 1482 3460 1547 diabolus,

1877 1565 1968 1634 qui
1993 1581 2092 1636 per
2119 1566 2447 1637 iactantiam
2466 1569 2737 1639 judicatus
2772 1578 2934 1639 atque
2957 1571 3196 1640 dejectus
3239 1579 3338 1626 est.
3393 1571 3461 1626 Ut
3557 1639 3572 1651 .

1878 1675 1982 1713 non
2006 1661 2061 1714 in
2085 1662 2419 1732 opprobrium
2446 1663 2664 1728 incidat,
2700 1671 2747 1716 et
2777 1664 2833 1716 in
2868 1665 3110 1734 laqueum
3140 1664 3354 1718 diaboli.
3393 1664 3463 1719 Ut

1879 1764 1988 1803 non
2013 1750 2350 1821 vituperetur
2393 1753 2754 1807 ministerium
2802 1760 3064 1807 nostrum.
3120 1754 3197 1806 Ab
3247 1755 3328 1807 his
3373 1754 3462 1826 qui

1881 1837 2010 1906 foris
2041 1849 2179 1894 sunt.
2209 1840 2408 1897 Iudaeis
2441 1842 2767 1907 inﬁdelibus,
2798 1851 2854 1896 et
2878 1842 3101 1909 Graecis,
3133 1852 3189 1897 et
3212 1843 3460 1914 paganis.

198 1940 296 1981 eos
325 1927 571 1982 homines
597 1925 820 1981 fecerat.
837 1928 898 1982 In
924 1931 1371 1998 praevaricatione
1399 1931 1594 1985 mulier
1621 1909 1780 1986 sedu-
1806 1909 1854 1967 Β
1882 1928 2081 1986 Omnes
2103 1933 2246 1987 enim
2268 1934 2589 1989 naturaliter
2610 1942 2807 1989 norunt
2834 1934 3051 2004 culpare
3089 1934 3241 1998 vitia,
3271 1942 3324 1986 et
3350 1934 3466 1988 lau-

196 2028 285 2072 cta
310 2018 432 2086 fuit,
469 2020 564 2075 sed
591 2035 698 2074 non
724 2020 847 2075 ideo
875 2020 1126 2089 desperet
1153 2021 1368 2086 mulier,
1399 2023 1524 2090 quia
1546 2038 1641 2091 per
1684 2024 1780 2076 ba-

194 2109 457 2177 ptismum
481 2150 496 2176 ,
523 2110 665 2180 quod
707 2118 791 2165 est
823 2109 1062 2164 ﬁliorum
1091 2109 1187 2164 Dei
1218 2108 1526 2176 veneratio,
1556 2119 1611 2166 et
1665 2111 1780 2180 ipsa

191 2199 517 2268 salvabitur,
545 2217 652 2256 non
678 2202 787 2256 Eva
809 2242 824 2268 ,
872 2202 966 2256 sed
1013 2202 1238 2256 credens
1266 2202 1490 2256 mulier:
1517 2203 1642 2272 quia
1671 2203 1778 2258 Eva

187 2291 265 2346 ad
300 2293 604 2362 exemplum
631 2292 858 2347 adducta
900 2299 984 2347 est
1005 2291 1313 2355 creationis,
1335 2307 1436 2346 nec
1486 2292 1551 2346 de
1603 2293 1779 2362 ipsius

186 2379 371 2435 salute
395 2384 612 2451 proprie
662 2383 1009 2436 tractabatur.
1038 2379 1097 2436 Si
1132 2382 1513 2452 permanserint
1566 2383 1622 2436 in
1648 2383 1774 2451 ﬁde.

187 2469 352 2525 Sicut
380 2471 626 2539 superius
653 2471 719 2525 de
748 2470 942 2540 plurali
971 2486 1198 2526 numero
1225 2470 1512 2525 mulierum
1538 2471 1606 2525 ad
1661 2472 1800 2526 sin--

191 2563 438 2634 gularem
469 2565 948 2630 transivit,.dicens
973 2582 986 2618 :
1013 2563 1209 2621 Mulier
1236 2565 1294 2620 in
1329 2563 1536 2620 silentio
1563 2563 1731 2621 discat
1759 2606 1774 2634 ,

191 2655 268 2710 ita
301 2663 356 2710 et
384 2656 472 2711 hic
497 2657 640 2713 redit
669 2657 738 2712 ad
763 2657 1046 2727 pluralem.

797 2768 1027 2825 CAPUT
1063 2769 1148 2824 Ill.

268 2837 549 2894 Humanus
592 2853 799 2894 sermo:
845 2838 903 2894 Si
939 2842 1058 2910 quis
1100 2841 1450 2911 episcopatum
1491 2842 1772 2900 desiderat.

192 2925 356 2981 Prius
393 2928 560 2983 laicos
607 2928 864 2994 instituit,
908 2929 973 2984 de
1021 2929 1216 2998 quibus
1245 2931 1432 3000 optimi
1479 2932 1678 3002 quique
1719 2934 1776 2988 in

193 3019 560 3072 sacerdotium
586 3019 878 3089 eliguntur,
928 3028 986 3075 et
1031 3020 1110 3075 sic
1149 3020 1281 3075 dicit
1324 3021 1508 3091 quales
1545 3022 1778 3077 debeant

133 3129 152 3145 ο
191 3107 456 3164 ordinari.
485 3109 692 3164 Bonum
723 3128 850 3182 opus
873 3110 1151 3166 desiderat.
1197 3113 1279 3167 Ad
1317 3112 1443 3167 boni
1479 3115 1656 3182 operis
1685 3115 1777 3169 de-

190 3200 454 3256 siderium
509 3210 855 3272 provocatur,
908 3219 1014 3257 non
1070 3203 1311 3257 honoris.
1375 3201 1586 3274 Oportet
1637 3206 1774 3260 enim

191 3293 501 3362 hujusmodi
555 3294 1054 3365 irrcprehensibilem
1095 3311 1226 3360 esse,
1263 3296 1417 3349 unius
1472 3298 1652 3351 uxoris
1699 3299 1776 3351 vi-

195 3400 340 3437 rum.
391 3383 633 3440 Primum
667 3385 849 3454 itaque
896 3386 1013 3441 sine
1050 3387 1279 3441 crimine
1327 3387 1419 3451 sit,
1468 3388 1612 3455 quod
1649 3397 1778 3458 puto

194 3475 307 3531 alio
336 3476 500 3532 verbo
550 3478 618 3533 ad
669 3476 1012 3533 Timotheum
1060 3478 1588 3548 irreprehensibilem
1634 3480 1779 3534 ordi-

189 3577 407 3632 natum,
448 3585 554 3626 non
585 3585 776 3639 quoeo
807 3577 1012 3624 tantum
1044 3585 1151 3639 quo
1179 3570 1510 3625 ordinandus
1554 3577 1637 3625 est
1661 3571 1779 3624 sine

189 3658 312 3713 ullo
340 3659 415 3712 sit
435 3659 677 3725 crimine,
702 3668 759 3716 et
791 3660 1094 3730 praeteritas
1121 3660 1359 3715 maculas
1380 3675 1518 3715 nova
1556 3673 1781 3714 conver-

187 3751 412 3806 satione
455 3750 722 3818 deleveﬁt,
769 3753 864 3807 sed
893 3768 961 3806 ex
987 3767 1053 3806 eo
1085 3759 1327 3820 tempore
1356 3765 1464 3820 quo
1522 3749 1578 3803 in
1624 3747 1781 3804 Chri-

188 3851 283 3898 sto
332 3849 554 3896 renatus
603 3840 747 3896 nulla
794 3842 1004 3912 peccati
1053 3840 1388 3897 conscientia
1442 3840 1773 3896 mordeatur.

190 3932 477 3999 Quomodo
528 3933 672 3987 enim
727 3940 904 4004 potest
951 3947 1186 4002 praeesse
1237 3931 1512 3995 Ecclesiae,
1563 3930 1777 3986 auferre

190 4023 398 4077 malum
424 4021 490 4077 de
518 4023 694 4079 medio
737 4022 875 4092 ejus,
915 4024 1007 4092 qui
1041 4023 1096 4077 in
1150 4023 1400 4077 delictum
1439 4022 1612 4075 simile
1657 4037 1778 4077 cor-

195 4113 412 4168 ruerit?
446 4113 554 4168 Aut
613 4128 720 4183 qua
781 4113 1029 4168 libertate
1088 4113 1362 4181 corripere
1413 4121 1725 4182 peccantem
1759 4153 1776 4179 ,

194 4221 322 4260 cum
353 4206 550 4261 tacitus
576 4206 680 4261 sibi
701 4205 815 4275 ipse
843 4207 1164 4276 respondeat
1202 4207 1388 4260 eadem
1415 4221 1473 4259 se
1497 4206 1780 4261 admisisse

191 4313 316 4367 qua:
341 4299 607 4368 corripit?
634 4297 789 4364 Quod
826 4305 1005 4352 autem
1030 4297 1107 4351 ait
1146 4306 1271 4350 ante
1300 4298 1523 4366 gradum
1548 4315 1560 4349 :
1613 4294 1778 4351 Unius

191 4391 378 4444 uxoris
403 4391 592 4457 virum,
616 4390 696 4445 sic
716 4389 1015 4460 intelligere
1037 4389 1319 4455 debemus,
1345 4397 1402 4441 ut
1431 4403 1538 4443 non
1559 4403 1777 4443 omnem

189 4496 580 4550 monogamum
629 4482 842 4553 digamo
887 4488 1138 4550 putemus
1185 4495 1305 4536 esse
1354 4480 1653 4544 meliorem,
1685 4480 1780 4535 sed

1883 2020 2012 2074 dare
2058 2023 2305 2077 virtutes.
2352 2024 2614 2079 Diaconos
2640 2025 2880 2079 similiter
2924 2026 3161 2096 pudicos.
3219 2025 3334 2081 lloc
3358 2035 3462 2091 est,

1881 2118 2093 2179 oportet
2119 2112 2368 2167 similiter
2411 2129 2504 2168 eos
2553 2115 3049 2183 irreprehensibiles
3075 2131 3216 2183 esse,
3263 2125 3322 2171 ut
3351 2117 3465 2186 epi-

1882 2199 2030 2267 scopi
2078 2200 2362 2271 eligantur.
2420 2201 2529 2257 Sed
2571 2205 2831 2272 quaeritur
2891 2220 2988 2259 cur
3033 2207 3099 2260 de
3135 2205 3463 2276 presbyteris

1880 2292 2082 2345 nullam
2129 2292 2320 2348 fecerit
2363 2296 2708 2350 mentionem.
2757 2295 2861 2350 Sed
2905 2297 3068 2350 etiam
3099 2297 3244 2366 ipsos
3267 2298 3320 2351 in
3350 2297 3462 2367 epi-

1882 2397 2168 2451 scoporum
2227 2385 2446 2440 nomine
2503 2387 2930 2456 comprehendit.
2999 2386 3124 2440 Non
3181 2388 3455 2459 bilingues.

1881 2471 2016 2537 Quia
2047 2487 2271 2528 susurro
2298 2481 2353 2527 et
2399 2474 2655 2544 bilinguis
2698 2476 2895 2530 multos
2939 2477 3226 2531 conturbat
3270 2493 3459 2546 pacem

1878 2564 2158 2620 habentes.
2193 2565 2317 2620 Non
2346 2577 2493 2638 turpe
2515 2567 2719 2622 lucrum
2741 2578 3013 2623 sectantes.
3049 2570 3228 2640 Turpe
3252 2569 3460 2625 lucrum

1878 2665 1980 2720 est,
2018 2657 2084 2711 de
2113 2658 2428 2714 coelestibus
2454 2660 2724 2730 mysteriis
2752 2667 2964 2715 terrena
2994 2662 3209 2716 sectari.
3249 2661 3462 2716 Haben-

1878 2755 1952 2800 tes
1974 2749 2282 2817 mysterium
2311 2749 2434 2816 [ἱάεί
2457 2749 2512 2802 in
2535 2750 2853 2804 conscientia
2877 2767 3030 2821 pura.
3061 2750 3117 2806 Id
3138 2759 3241 2817 est,
3272 2759 3333 2806 ut
3350 2766 3459 2806 non

1877 2845 2100 2907 propter
2136 2837 2344 2893 lucrum
2389 2836 2994 2910 Christum'praedicent,
3036 2848 3091 2896 et
3118 2857 3215 2911 pro
3245 2840 3462 2897 Christo

1879 2929 2150 2995 laborent,
2183 2941 2242 2984 ut
2270 2948 2374 2986 non
2401 2941 2665 3002 quaestum
2692 2947 2810 2987 esse
2833 2933 3143 2987 existiment
3178 2934 3457 3003 pietatem.

1877 3016 2130 3072 Mulieres
2172 3019 2411 3072 similiter
2437 3021 2674 3088 pudicas.
2709 3019 2971 3076 Similiter
3000 3037 3092 3076 eas
3122 3028 3180 3076 ut
3207 3021 3463 3078 diaconos

1878 3105 2000 3176 eligi
2017 3105 2186 3175 jubet.
2222 3107 2370 3162 Unde
2395 3109 2709 3180 intelligitur
2739 3110 2880 3178 quod
2921 3111 2988 3166 de
3017 3111 3100 3165 his
3132 3111 3295 3176 dicat,
3327 3127 3465 3181 quas

1878 3197 2054 3251 adhuc
2081 3198 2242 3254 hodie
2280 3200 2336 3254 in
2380 3199 2599 3256 Oriente
2631 3201 2964 3256 diaconissas
3006 3201 3295 3271 appellant.
3332 3202 3464 3256 Dia-

1879 3289 1996 3340 coni
2017 3287 2118 3341 sint
2140 3289 2296 3343 unius
2319 3291 2498 3344 uxoris
2522 3291 2636 3345 uiri.
2669 3291 2784 3346 Non
2811 3301 2872 3347 ut
2898 3293 3161 3348 haberent
3187 3292 3337 3358 dicit,
3368 3291 3464 3347 sed

1879 3394 1948 3434 ne
2007 3381 2140 3436 duas
2191 3382 2500 3438 habuerint.
2556 3383 2659 3450 Qui
2709 3386 2845 3438 enim
2895 3386 3018 3440 bene
3063 3385 3460 3439 ministraverit.

1877 3470 2129 3526 Ostendit
2167 3489 2274 3527 non
2306 3475 2666 3530 ministerium
2721 3484 2951 3541 tantum,
3003 3477 3097 3531 sed
3147 3475 3462 3545 qualitatem

1878 3561 2164 3616 ministerii
2195 3565 2472 3633 praemium
2498 3567 2818 3634 promereri.
2856 3566 2920 3620 Et
2944 3564 3164 3619 multam
3201 3565 3458 3632 ﬁduciam

1877 3651 1932 3704 in
1974 3652 2099 3720 ﬁde.
2154 3653 2222 3707 Et
2275 3655 2416 3722 apud
2449 3656 2618 3709 Deum
2663 3655 2897 3724 petendi,
2947 3663 3002 3708 et
3047 3656 3186 3724 apud
3211 3655 3460 3710 homines

1880 3743 2128 3806 docendi,
2166 3752 2220 3797 et
2246 3746 2408 3797 etiam
2445 3746 2720 3814 arguendi.
2766 3745 3021 3800 Columna
3057 3755 3106 3799 et
3150 3746 3457 3814 ﬁrmamen-

1879 3841 1990 3886 tum
2017 3834 2266 3887 veritatis.
2301 3834 2356 3889 Id
2399 3845 2504 3900 est,
2540 3837 2591 3890 in
2629 3853 2734 3906 qua
2775 3854 2917 3892 nunc
2959 3838 3072 3893 sola
3102 3839 3302 3894 veritas
3348 3848 3458 3895 stat

1879 3925 2114 3991 ﬁrmata,
2144 3943 2262 3995 qua}
2309 3937 2434 3982 ante
2480 3929 2531 3982 in
2564 3929 2680 3997 lege
2704 3939 2820 3983 erat
2849 3931 3040 4000 posita.
3075 3931 3142 3985 Et
3184 3931 3459 4002 manifeste

1881 4035 2134 4089 magnum
2177 4032 2251 4073 est
2296 4023 2504 4089 pietatis
2533 4033 2935 4076 sacramentum.
2971 4024 3104 4077 Cum
3136 4033 3186 4078 te
3210 4032 3459 4093 Oporteat

1878 4109 2174 4165 Ecclesiam
2223 4111 2424 4166 Christi
2474 4113 2688 4177 docere,
2739 4130 2847 4168 non
2887 4123 2966 4169 est
3013 4115 3108 4168 tibi
3150 4116 3459 4187 ambiguum

1880 4199 2011 4269 quid
2046 4199 2259 4264 doceas,
2291 4202 2415 4255 dum
2441 4201 2724 4257 manifeste
2753 4213 2992 4274 apparet,
3035 4205 3176 4274 quod
3207 4221 3459 4276 magnum

1877 4299 1964 4343 est
1988 4297 2405 4344 sacramentum.
2455 4291 2661 4346 Dicitur
2707 4291 2810 4347 hoc
2857 4303 3273 4356 sacramentum,
3319 4295 3464 4363 quod

1879 4380 2128 4450 primitus
2141 4382 2528 4436 occultabatur.
2553 4383 2708 4448 Quod
2723 4384 3111 4452 manifestatum
3128 4394 3201 4437 est
3217 4387 3273 4438 in
3284 4401 3464 4439 carne.

1881 4470 2035 4537 Quod
2083 4487 2227 4526 nunc
2269 4472 2324 4526 in
2365 4488 2528 4526 carne
2555 4472 2756 4526 Christi
2789 4473 3118 4527 declaratum
3156 4482 3259 4540 est,
3289 4475 3465 4545 magis

190 4586 305 4640 quo
365 4571 412 4626 is
461 4571 636 4641 possit
692 4570 762 4625 ad
817 4570 1216 4641 monogamia“;
1276 4577 1330 4625 ει
1390 4561 2132 4670 οοιιιίιιεηιίωηυνίάειίοθῐ
2181 4562 2357 4631 primo
2405 4571 2460 4617 et
2514 4563 2844 4631 pastoribus.
2902 4563 3260 4631 Justiﬁcatum
3304 4565 3464 4619 estin

189 4663 486 4727 coarctari,
535 4662 629 4732 qui
679 4661 763 4717 sui
799 4662 1042 4732 exemplo
1084 4660 1376 4732 praefuerat
1414 4663 1472 4716 in
1514 4662 1772 4717 docendo.

188 4751 332 4806 Esto
352 4751 546 4821 quippe
573 4750 805 4822 aliquem
844 4751 1299 4808 adolescentulum
1329 4749 1610 4821 coniugem
1657 4766 1778 4820 per-

189 4842 425 4907 didisse,
456 4851 511 4896 et
548 4843 728 4898 carnis
771 4843 1094 4899 necessitate
1129 4852 1459 4913 superatum,
1505 4842 1778 4912 accepisse

189 4947 428 4987 uxorem
473 4933 787 4999 secundam,
823 4948 988 5002 quam
1031 4941 1088 4987 et
1129 4932 1244 5002 ipse
1286 4932 1466 4986 statim
1510 4931 1774 4995 amiserit,

189 5032 251 5076 et
273 5023 530 5093 deinceps
570 5022 769 5078 vixerit
807 5021 1186 5088 continenter;
1239 5021 1404 5076 alium
1439 5035 1570 5077 vero
1605 5035 1778 5090 usque

189 5115 264 5168 ad
315 5123 651 5170 senectutem
699 5113 953 5170 habuisse
1006 5113 1430 5180 matrimonium,
1484 5121 1540 5168 et
1597 5111 1781 5167 uxoris

191 5218 378 5268 usum,
423 5213 485 5258 ut
527 5204 771 5276 plerique
812 5204 1104 5268 aestimant,
1152 5202 1382 5268 felicem,
1432 5218 1707 5272 nunquam
1745 5217 1778 5257 a

189 5294 381 5350 carnis
411 5308 575 5364 opere
601 5311 884 5351 cessasse:
911 5295 1034 5365 quis
1061 5294 1216 5348 nobis
1240 5293 1452 5347 videtur
1481 5295 1547 5348 de
1571 5294 1778 5348 duobus

190 5381 392 5436 melior
432 5397 574 5449 esse,
626 5384 870 5454 pudicior
902 5400 968 5440 ac
1010 5382 1409 5439 continentior?
1447 5382 1646 5452 Utique
1685 5383 1781 5452 qui

191 5475 388 5531 infelix
415 5477 580 5532 etiam
609 5477 666 5532 in
691 5479 930 5535 secundo
974 5475 1318 5532 matrimonio
1347 5475 1470 5541 fuit,
1509 5481 1562 5529 et
1587 5484 1777 5542 postea

189 5565 394 5634 pudice
420 5574 478 5621 et
521 5576 710 5623 sancte
748 5576 1101 5623 conversatus
1137 5575 1239 5632 est,
1270 5573 1325 5621 et
1356 5580 1461 5620 non
1494 5565 1540 5620 is
1580 5564 1672 5634 qui
1715 5565 1782 5619 ab

193 5657 390 5711 uxoris
413 5658 665 5727 amplexu
706 5674 807 5714 nec
844 5659 997 5714 senili
1027 5666 1110 5714 est
1156 5666 1434 5728 separatus
1473 5663 1650 5712 aetate.
1684 5653 1790 5709 Οτι

194 5756 403 5800 natum.
441 5747 502 5802 Id
529 5758 632 5814 est,
663 5750 748 5804 his
766 5749 1015 5804 omnibus
1039 5748 1407 5818 spiritualibus
1433 5747 1784 5802 ornamentis.

193 5835 556 5910 Hospitalem.
599 5838 794 5895 Laicus
823 5840 966 5894 enim
993 5856 1178 5906 unum,
1204 5846 1297 5896 aut
1335 5837 1492 5905 duos,
1534 5845 1626 5895 aut
1655 5847 1784 5906 tres,

643 5934 908 5998 Paeon.
943 5933 1100 5996 Clll.

1883 4653 2092 4725 spiritu.
2119 4652 2334 4709 Iustum
2360 4669 2480 4709 esse
2519 4655 2575 4708 in
2603 4655 2797 4724 spiritu
2831 4655 3254 4710 demonstratum
3285 4666 3388 4723 est,
3410 4658 3466 4712 in

1885 4743 2058 4798 forma
2082 4744 2288 4800 scilicet
2317 4745 2596 4811 columbae,
2629 4746 2744 4800 sive
2791 4747 2934 4815 quod
2978 4747 3357 4817 prophetatum
3381 4755 3466 4802 est

1884 4851 1982 4906 per
2037 4833 2296 4904 Spiritum
2343 4843 2606 4891 sanctum.
2658 4835 2913 4906 Apparuit
2965 4837 3182 4907 angelis.
3236 4836 3460 4904 Quando

1886 4926 2182 4982 dicebant:
2225 4923 2406 4979 Gloria
2429 4927 2484 4980 in
2511 4925 2724 4980 excelsis
2760 4925 2908 4991 Deo;
2954 4935 3011 4981 et
3037 4927 3252 4995 quando
3286 4926 3360 4980 illi
3405 4928 3460 4981 in

1885 5031 2070 5072 eremo
2096 5016 2498 5082 ministrabant,
2528 5017 2584 5071 in
2612 5017 2804 5087 dieque
2847 5016 3198 5072 ascensionis.
3247 5015 3464 5072 Assum-

1882 5119 2032 5180 ptum
2064 5117 2140 5162 est
2169 5109 2224 5163 in
2251 5108 2440 5180 gloria.
2474 5109 2545 5165 Ut
2584 5109 2844 5181 apostolis
2881 5108 3183 5166 videntibus
3221 5109 3466 5166 ascendit

1876 5202 1936 5257 in
1966 5201 2183 5258 ccelum.

2516 5290 2742 5348 CAPUT
2773 5291 2863 5346 IV.

1952 5385 2182 5455 Spiritus
2202 5391 2394 5437 autem.
2423 5380 2672 5437 Sanctus.
2698 5379 2976 5449 Manifeste
2995 5377 3139 5430 dicit.
3162 5377 3267 5432 Per
3285 5379 3463 5451 ipsum

1885 5473 2090 5528 scilicet
2118 5471 2341 5525 Paulum
2369 5471 2737 5540 prophetalem
2789 5466 2993 5522 inducit
3022 5464 3294 5533 allectum,
3325 5483 3460 5537 quo-

1886 5564 2044 5618 modo
2093 5563 2296 5631 antiqui
2334 5563 2611 5618 dicebant:
2661 5558 2785 5612 Hinc
2813 5558 2943 5612 dicit
2967 5555 3199 5628 Spiritus
3221 5565 3458 5612 sanctus.

1891 5655 2030 5720 Quia
2057 5655 2112 5707 in
2140 5653 2430 5708 novissimis
2469 5649 2803 5720 temporibus.
2852 5648 3143 5718 Postquam
3185 5650 3250 5702 de
3276 5662 3461 5702 saera-

1887 5754 2069 5802 mento
2097 5745 2385 5808 intimavit,
2411 5757 2553 5797 nunc
2583 5740 2784 5795 indicat
2813 5742 2956 5812 quod
3002 5741 3130 5796 illud
3158 5751 3462 5793 sacramen-

1892 5846 2004 5895 tum
2031 5836 2406 5896 hzereticorum
2447 5833 2679 5893 nubibus
2706 5835 3045 5894 obscuratur.
3073 5832 3141 5889 In
3180 5828 3457 5902 hypocrisi.

2989 5927 3029 5991 8
