4046 6332
594 289 701 342 235

1985 283 2256 342 SEDULlI
2293 283 2489 341 SCOTl

3755 293 3872 353 236

597 407 653 462 Id
683 412 786 468 est,
818 402 961 458 aliud
985 402 1037 458 in
1067 402 1248 469 corde,
1275 401 1416 456 aliud
1445 401 1500 456 in
1529 401 1689 457 labiis
1708 400 2064 471 profer-entes,
2092 401 2177 456 vel
2202 403 2256 466 Α
2280 405 2363 452 est
2389 394 2612 462 inﬁdeli,
2652 396 2779 467 quia
2819 396 2985 452 etiam
3028 396 3105 453 illi
3133 397 3456 455 naturaliter
3489 399 3694 456 habent
3721 405 3878 463 circa

599 498 910 555 retinentes.
957 494 1332 548 Cauteriatam.
1369 494 1647 557 Vitiatam,
1697 493 1779 549 vel
1821 493 2169 551 maculatam.

597 586 992 642 Prohibentium
1022 585 1232 638 nubere.
1286 584 1344 638 ld
1385 592 1489 649 est,
1518 600 1642 644 cum
1674 585 1773 653 ipsi
1805 585 2028 650 nubant,
2072 593 2133 640 ut
2159 603 2172 639 :

597 678 701 744 Qui
742 678 999 748 prtedicas
1029 693 1132 730 non
1163 675 1474 744 furandum,
1517 675 1714 743 furoris
1762 674 1939 744 (Rom.
1965 678 2052 744 ιι).
2097 675 2176 730 1111

594 777 774 826 autem
823 769 925 826 hoc
969 783 1073 822 non
1104 781 1287 824 amore
1318 766 1585 828 castitatis
1631 774 1685 823 et
1729 767 2069 823 abstinentiae
2097 766 2178 820 fa-

593 860 825 926 ciebant,
867 858 960 924 sed
1008 866 1066 913 ut
1113 857 1415 916 sanctiores
1450 857 1661 912 caeteris
1691 857 2022 914 viderentur.
2073 857 2179 914 Per

594 952 804 1006 verbum
843 942 959 1006 Dei.
986 950 1044 1006 ld
1067 957 1173 1013 est,
1203 963 1310 1018 quo
1337 947 1706 1010 sanctiﬁcatur
1731 947 1884 1006 cibus
1926 963 1990 1003 ac
2017 948 2176 1004 bene-

594 1044 811 1100 dicitur.
837 1041 966 1096 [hac
994 1059 1284 1112 proponens
1315 1041 1591 1111 fratribus.
1620 1040 1838 1097 Libram
1862 1039 2088 1108 iustitia:
2119 1042 2174 1096 in

591 1138 844 1193 omnibus
867 1145 1073 1201 tenens,
1101 1145 1155 1191 et
1182 1137 1364 1192 omnia
1392 1135 1787 1192 rationabiliter
1813 1144 1868 1192 et
1897 1138 2176 1194 moderate

593 1229 930 1298 dispensans.
999 1227 1172 1282 Verbis
1220 1227 1364 1296 fidei.
1416 1227 1590 1282 Verba
1634 1227 1851 1296 proprie
1901 1226 2023 1286 ﬁdei
2054 1235 2177 1300 sunt

593 1321 812 1374 traditio
841 1320 1107 1391 symboli:
1154 1321 1294 1376 bona
1325 1333 1456 1374 vero
1501 1319 1766 1384 doctrina,
1811 1332 1914 1386 qua
1961 1318 2067 1372 vita
2096 1317 2176 1372 iu-

593 1414 836 1470 stituitur
874 1413 1202 1470 Christiana.
1249 1411 1446 1467 Inanes
1501 1411 1732 1481 fabulas.
1777 1410 1910 1467 Arte
1960 1426 2178 1480 compo-

592 1505 756 1560 situm
799 1505 1160 1560 mendacium.
1219 1502 1398 1557 Pietas
1441 1510 1615 1556 autem
1659 1502 1728 1556 ad
1765 1502 1962 1558 omnia.
2012 1502 2080 1556 Et
2110 1502 2176 1558 ad

587 1610 828 1666 praesens
857 1604 1088 1666 tempus,
1122 1603 1177 1650 et
1205 1594 1259 1648 in
1300 1593 1562 1650 futurum.
1609 1591 1746 1652 Nam
1772 1601 1826 1652 et
1871 1593 1986 1664 ipsa
2014 1593 2176 1650 vidua

589 1692 648 1740 et
689 1686 744 1740 in
771 1686 1023 1754 prmsenti
1065 1685 1369 1753 est'pasta,
1403 1693 1460 1738 et
1497 1698 1705 1740 merces
1744 1682 1860 1750 ejus
1899 1691 2083 1738 manet
2121 1685 2175 1738 in

2280 489 2556 559 proximos
2585 489 2881 558 pietatem;
2914 489 3030 544 sive
3059 489 3104 544 si
3145 506 3252 560 qua
3286 492 3448 547 vidua
3486 491 3627 548 ﬁlios
3663 497 3876 564 orpha-

2283 595 2381 634 nos
2405 580 2660 651 negligat,
2684 579 2844 647 hujus
2871 581 3154 640 sententia:
3175 581 3378 638 crimen
3405 584 3653 640 incurrit.
3697 586 3877 643 Simul

2279 671 2576 725 notandum
2605 678 2689 725 est
2713 671 2977 739 quosdam
3020 669 3207 728 ﬁdeles
3232 687 3354 729 esse
3394 675 3448 730 in
3501 677 3878 748 nomine,-qui

2277 760 2588 818 inﬁdelibus
2638 762 3047 818 conversatione
3095 763 3306 832 pejores
3351 775 3496 822 sunt.
3553 765 3732 822 Vidua
3778 769 3875 823 eli-

2282 859 2458 918 gatur.
2494 851 2552 910 In
2578 851 2943 906 ministerium
2975 852 3309 919 diaconatus,
3342 854 3424 910 vel
3453 863 3513 910 ut
3533 866 3879 914 sustentetur

2278 943 2474 1012 Opibus
2526 943 2800 1002 Ecclesiae.
2857 944 2983 999 Non
3023 945 3200 1000 minus
3252 965 3513 1003 annorum
3569 953 3874 1020 sexaginta.

2278 1032 2414 1101 Nam
2432 1032 2676 1101 juniores
2702 1035 2875 1088 viduae
2899 1044 3124 1108 possunt
3151 1035 3219 1092 ad
3245 1052 3401 1094 suum
3425 1054 3561 1108 opus
3591 1040 3873 1107 laborare,

2280 1132 2341 1180 ut
2367 1140 2474 1178 non
2499 1133 2797 1195 aggravent
2822 1127 3142 1184 Ecclesium.
3173 1125 3340 1182 Unius
3380 1131 3476 1184 viri
3525 1148 3680 1186 uxor.
3725 1133 3878 1190 Unde

2277 1215 2618 1290 intelligitur,
2652 1218 2794 1286 quod
2833 1218 2922 1280 illa
2967 1235 3086 1287 quae
3127 1237 3248 1278 cum
3289 1222 3535 1291 plurimis
3579 1225 3718 1279 viris
3756 1224 3874 1293 fuit,

2279 1308 2440 1374 vidua
2469 1325 2572 1364 non
2613 1310 2702 1364 sit.
2765 1309 3178 1376 Tribulationem
3229 1317 3504 1384 patientes.
3563 1317 3622 1372 in
3650 1334 3876 1374 carcere

2279 1402 2364 1456 vel
2387 1403 2707 1472 mgritudine
2751 1405 2958 1474 positis.
3008 1404 3067 1462 Si
3102 1423 3252 1462 omne
3299 1426 3428 1477 opus
3462 1412 3653 1465 bonum
3694 1414 3878 1467 subse-

2277 1502 2400 1546 cuta
2437 1501 2532 1547 est.
2557 1493 2802 1548 Breviter
2835 1495 3084 1554 universa
3111 1498 3393 1554 conclusit.
3420 1500 3666 1556 Iuniores
3689 1515 3874 1558 autem

2279 1584 2488 1653 viduas.
2518 1584 2575 1638 1d
2605 1592 2708 1650 est,
2743 1584 2969 1640 minoris
3015 1587 3191 1642 aetatis
3239 1604 3400 1656 quam
3445 1593 3730 1661 sexaginta
3783 1611 3876 1649 an-

2281 1691 2502 1740 norum.
2536 1674 2693 1728 Tales
2733 1690 2861 1745 ergo
2903 1677 3081 1734 devita
3112 1678 3232 1736 aliis
3276 1680 3332 1734 in
3360 1681 3661 1742 ministerio
3685 1685 3877 1739 diaco-

589 1792 728 1834 tevo.
759 1777 910 1835 Unde
945 1776 1197 1832 Salomon
1233 1776 1348 1830 ait:
1381 1774 1678 1844 Longitudo
1707 1775 1913 1832 dierum
1955 1776 2012 1828 in
2052 1775 2179 1828 der-
2209 1785 2258 1845 Β
2281 1777 2445 1832 natus
2472 1784 2802 1838 ρτωροιιρτθ,
2833 1785 2902 1825 ne
2947 1770 3147 1826 malum
3187 1788 3285 1841 pro
3319 1775 3462 1827 bono
3491 1776 3646 1829 detur
3681 1791 3876 1831 exem-

592 1875 705 1924 tera
734 1869 846 1937 ejus
881 1867 1060 1939 (Prov.
1091 1867 1197 1938 Ill).
1235 1867 1433 1922 Fidelis
1467 1884 1655 1920 sermo.
1684 1867 1855 1932 Quem
1887 1867 1952 1922 de.
1975 1867 2177 1936 pietate

591 1960 860 2030 praedixit,
907 1959 1102 2027 ﬁdelis,
1147 1959 1199 2012 id
1249 1967 1354 2022 est,
1393 1974 1557 2011 verax
1604 1958 1742 2027 apud
1795 1959 2035 2013 omnium
2082 1960 2178 2013 bo—

591 2069 784 2108 norum
832 2053 1242 2116 conscientiam,
1290 2061 1344 2106 et
1391 2053 1475 2107 cui
1525 2068 1684 2107 nemo
1716 2054 1888 2108 bonus
1933 2055 2173 2109 resistat.

593 2141 699 2206 Qui
730 2150 804 2195 est
832 2141 976 2196 salus
1000 2143 1247 2195 omnium.
1293 2139 1546 2195 Omnium
1591 2142 1646 2195 in
1688 2144 1966 2211 praesenti.
2001 2143 2171 2198 Fide-

589 2229 740 2284 lium.
772 2229 947 2286 Etiam
977 2231 1031 2285 in
1066 2230 1269 2286 futuro.
1301 2229 1430 2285 Htec
1473 2231 1714 2303 praecipe,
1754 2241 1803 2287 et
1850 2233 1997 2287 doce.
2032 2233 2177 2288 Prm-

591 2321 732 2392 cipe,
762 2330 824 2375 ut
845 2322 1008 2386 ﬁant;
1039 2323 1190 2384 doce,
1223 2337 1330 2390 quo
1366 2322 1526 2378 modo
1556 2322 1710 2388 ﬁant,
1758 2323 1843 2378 vel
1871 2324 2014 2393 quali
2041 2340 2178 2394 prte-

595 2410 708 2465 mio
738 2411 1132 2465 remuneranda
1162 2418 1305 2466 sunt.
1340 2410 1479 2466 Dum
1525 2413 1670 2466 venio
1710 2412 1919 2466 attende
1946 2412 2173 2479 lectioni,

592 2501 968 2566 exhortationi,
998 2501 1269 2556 doctrinis.
1296 2501 1479 2558 Primo
1507 2503 1640 2571 lege,
1668 2503 1859 2558 deinde
1887 2505 2178 2562 exhortare

589 2600 654 2646 ut
687 2591 838 2656 ﬁant,
865 2599 1138 2660 postremo
1187 2594 1320 2648 doce
1362 2592 1634 2661 quomodo
1682 2593 2051 2663 intelligantur
2077 2595 2170 2649 ob»

593 2699 774 2749 scura,
804 2692 866 2740 ut
892 2685 1098 2754 possint
1145 2685 1264 2741 ﬁeri
1294 2701 1412 2755 quae
1444 2685 1713 2755 leguntur.
1756 2683 1882 2739 Noli
1923 2686 2178 2755 negligere

590 2775 837 2845 gratiam.
870 2775 964 2830 llle
992 2777 1212 2847 negligit
1243 2777 1496 2846 gratiam,
1542 2776 1634 2844 qui
1680 2783 1960 2843 acceptum
2009 2776 2178 2829 talen-

591 2873 705 2921 tum
730 2883 838 2923 non
864 2877 1100 2924 exercet.
1131 2867 1240 2922 Per
1264 2867 1609 2938 prophetiam.
1637 2865 1694 2920 Id
1714 2875 1818 2931 est,
1846 2867 2178 2922 benedictio-

591 2974 734 3013 nem.
763 2958 891 3014 Cnm
917 2961 1238 3030 impositione
1258 2976 1528 3014 manuum.
1554 2959 1809 3013 Mearum.
1837 2956 2176 3029 Presbyterii.

591 3049 862 3120 Episc0pi.
898 3050 1027 3106 ﬂare
1071 3053 1341 3105 meditare.
1386 3051 1574 3110 Omnis
1609 3049 1758 3104 enim
1806 3049 2084 3118 perfectus
2109 3064 2178 3104 ex

2280 1863 2445 1932 plum.
2477 1861 2544 1915 In
2570 1861 2778 1916 Christo
2811 1863 3023 1917 nubere.
3055 1863 3116 1918 Μ
3141 1872 3242 1926 est,
3271 1865 3330 1919 in
3356 1867 3612 1921 societate
3639 1867 3871 1935 Christi,

2278 1964 2333 2011 et
2361 1964 2502 2010 statu
2525 1956 2804 2011 viduitatis
2831 1957 3036 2014 nubere
3063 1958 3265 2028 volunt.

2352 2044 2494 2110 Quia
2536 2047 2761 2116 primam
2804 2045 2983 2107 ﬁdem.
3035 2047 3093 2104 1d
3138 2057 3240 2114 est,
3269 2048 3405 2106 ﬁdes
3445 2066 3636 2120 quase
3673 2053 3872 2110 viduas
3937 2127 3939 2129 ι

2277 2135 2646 2206 promiserant
2673 2150 3079 2204 permansurae.
3136 2136 3262 2193 Haec
3309 2146 3490 2193 autem
3538 2140 3872 2211 regulamou

2287 2227 2462 2283 solum
2497 2227 2553 2282 in
2581 2227 2781 2293 viduis,
2807 2225 2902 2288 sed
2923 2227 3091 2286 etiam
3129 2227 3190 2286 in
3212 2229 3511 2300 virginibus
3538 2233 3872 2288 continenti-

2279 2319 2488 2388 busque
2516 2325 2782 2374 servatur.

2353 2407 2532 2464 Otiose
2554 2408 2876 2467 discurrunt.
2919 2409 3112 2466 Divino
3137 2409 3360 2474 minime
3388 2411 3582 2466 timore
3612 2411 3866 2477 detentae,

2281 2516 2382 2562 nec
2421 2501 2604 2556 mariti
2646 2503 2901 2570 potestati
2947 2501 3220 2568 subjecta}.
3248 2502 3506 2572 nullaque
3527 2519 3658 2558 cura
3682 2503 3869 2560 dome-

2282 2595 2430 2649 sticae
2447 2594 2815 2662 occupationis
2836 2595 3092 2650 astrictze.
3119 2594 3375 2652 Cuﬁosw.
3405 2595 3460 2649 ld
3483 2605 3584 2658 est,
3609 2595 3676 2649 de
3702 2596 3869 2651 rebus

2247 2690 2251 2695 '
2282 2683 2385 2738 sibi
2414 2698 2520 2737 non
2545 2684 2940 2752 pertinentibus
2961 2685 3260 2766 loquentes.
3302 2683 3430 2736 Volo
3460 2701 3580 2754 ergo
3598 2685 3864 2753 juniores.

2279 2775 2338 2832 ld
2363 2783 2466 2840 est,
2492 2790 2601 2830 non
2626 2783 2902 2848 voventes.
2936 2775 3156 2832 Nullam
3203 2776 3526 2834 occasionem
3572 2776 3718 2830 dare.
3755 2776 3867 2831 Hoc

2279 2878 2384 2933 est,
2408 2884 2478 2924 ne
2502 2883 2602 2937 per
2647 2868 2864 2926 illarum
2917 2867 3362 2928 incontinentiam
3393 2866 3579 2936 religio
3617 2867 3866 2936 blasphe-

2279 2967 2478 3020 metur.
2515 2959 2846 3016 Adversario.
2895 2957 2953 3012 Id
2978 2967 3081 3021 est,
3105 2957 3337 3019 diabolo,
3375 2957 3460 3012 vel
3491 2956 3711 3010 cuilibet
3739 2972 3862 3026 per-

2280 3064 2440 3104 verso
2492 3049 2717 3104 homini.
2771 3048 2894 3106 lam
2942 3047 3078 3104 enim
3126 3047 3370 3118 qua’dam
3418 3063 3679 3102 conversa:
3720 3056 3896 3100 sunt.-

593 3140 943 3195 meditatione
971 3142 1267 3196 descendit.
1305 3141 1373 3195 In
1403 3143 1482 3195 his
1507 3150 1636 3196 esto.
1677 3139 1792 3194 Non
1828 3141 1976 3194 enim
2004 3141 2182 3195 omnis
2211 3138 2256 3214 ς]
2287 3139 2485 3196 Reddit
2513 3155 2733 3204 causam
2767 3153 2936 3207 quare
2965 3155 3058 3196 cas
3101 3140 3307 3198 nubere
3336 3138 3472 3196 velle
3513 3139 3858 3210 praedixerat.

595 3232 651 3286 in
683 3233 769 3287 bis
801 3241 885 3287 est
926 3235 1017 3302 qui
1051 3236 1359 3288 meditatur.
1419 3233 1490 3286 Ut
1533 3232 1798 3303 profectus
1850 3241 1974 3286 tuus
2010 3233 2180 3286 mani-

594 3323 760 3394 festus
785 3326 853 3378 sit
883 3325 1141 3380 omnibus.
1188 3326 1300 3381 [loc
1328 3332 1432 3389 est,
1476 3332 1538 3378 ut
1583 3322 1830 3394 exemplo
1873 3331 1965 3377 tuo
1993 3338 2181 3379 omnes

595 3413 664 3472 ad
727 3416 950 3470 meliora
1003 3416 1305 3486 proﬁciant.
1369 3414 1592 3470 Attende
1651 3414 1746 3469 tibi
1800 3421 1852 3468 et
1905 3413 2178 3468 doctrinm.

594 3504 781 3562 Primo
831 3506 950 3574 tibi,
1001 3507 1193 3562 deinde
1242 3506 1524 3571 doctrinae,
1567 3512 1628 3559 ut
1671 3503 1870 3572 ubique
1921 3504 2182 3560 sollicitus

592 3603 649 3653 et
675 3602 729 3652 te
755 3603 881 3653 actu
901 3596 1098 3663 salvos,
1124 3605 1179 3652 et
1203 3596 1322 3652 illos
1342 3595 1590 3653 doctrina
1609 3594 1815 3666 pariter
1833 3602 1888 3650 et
1911 3595 2178 3667 exemplo.

1228 3710 1456 3766 CAPUT
1495 3710 1561 3767 ν.

665 3779 934 3837 Seniorem
961 3797 1024 3835 ne
1047 3781 1418 3852 increpaveris.
1452 3782 1528 3837 Ne
1555 3784 1773 3855 indigne
1814 3783 1998 3840 ferens
2041 3797 2102 3838 se
2147 3796 2180 3838 a

588 3868 805 3938 iuniore
848 3879 1177 3939 correptum,
1235 3882 1606 3942 exasperetur,
1657 3882 1713 3929 et
1756 3890 1862 3929 non
1912 3875 2179 3945 proﬁciat.

597 3959 701 4016 Sed
732 3961 963 4015 obsecra.
1005 3961 1075 4016 Ut
1101 3978 1199 4016 suo
1223 3964 1374 4030 quasi
1420 3971 1573 4033 pater
1600 3979 1667 4018 ex
1713 3980 1862 4020 semo
1893 3964 2179 4038 [exemplo]

598 4051 846 4107 instituat
891 4050 1156 4120 iuniores.
1212 4051 1438 4107 Juvenes
1492 4063 1550 4107 ut
1598 4054 1808 4122 fratres.
1863 4054 2083 4110 Fratres
2125 4063 2184 4110 ut

597 4144 785 4207 comvi,
813 4143 971 4198 liberi
997 4143 1080 4197 vel
1127 4154 1546 4200 commonentur
1575 4146 1827 4202 similiter
1859 4157 1920 4202 ut
1947 4163 2179 4210 sorores.

605 4232 807 4289 Viduas
829 4234 1050 4288 honora.
1077 4233 1136 4289 ld
1163 4243 1267 4299 est,
1317 4237 1623 4290 necessaria
1650 4237 1730 4290 eis
1755 4237 2063 4306 prmbendo,
2095 4252 2183 4292 so—

601 4329 736 4384 latia
770 4329 1119 4385 conferendo.
1153 4328 1285 4394 Qua:
1323 4347 1438 4384 vere
1477 4330 1650 4385 vidua:
1673 4341 1813 4384 sunt.
1841 4331 1898 4386 ld
1925 4339 2029 4398 est,
2066 4331 2182 4390 sine

596 4423 718 4476 viro
743 4424 1068 4492 nuptiisque.
1120 4419 1179 4475 Si
1217 4438 1323 4492 qua
1352 4430 1528 4475 autem
1575 4421 1733 4476 vidua
1774 4421 1932 4490 ﬁlios,
1963 4431 2056 4476 aut
2094 4439 2182 4477 ne-

2287 3229 2355 3285 Ut
2397 3231 2478 3285 his
2505 3248 2623 3300 qua:
2668 3248 2782 3289 vere
2829 3231 2997 3292 vidua:
3041 3241 3162 3287 sunt
3217 3233 3456 3302 suﬁciat.
3505 3230 3564 3286 ltl
3603 3241 3708 3295 est,
3745 3247 3862 3301 qua

2281 3324 2430 3380 omni
2457 3323 2657 3380 auxilio
2683 3324 2939 3380 desolata:
2977 3334 3120 3380 sunt.
3172 3325 3381 3394 Duplici
3408 3327 3621 3379 honore.
3672 3325 3860 3395 Magno

2282 3415 2507 3478 honore,
2542 3413 2626 3469 vel
2650 3424 2868 3484 propter
2896 3417 3120 3485 gradum
3143 3415 3304 3474 ofﬁcii
3331 3424 3385 3472 et
3413 3416 3692 3472 doctrinm.
3734 3416 3862 3471 Bari

2281 3509 2570 3564 trituranti.
2618 3507 2678 3564 Id
2706 3517 2813 3572 est,
2841 3509 3051 3564 doctori
3093 3509 3444 3578 prmdieanﬁ:
3499 3508 3563 3565 Ut
3593 3519 3642 3565 et
3690 3509 3860 3564 ceteri

2279 3598 2519 3655 timorem
2543 3597 2790 3654 habeant.
2830 3599 3085 3656 Videntes
3114 3607 3167 3655 te
3189 3599 3391 3662 nemini
3429 3599 3760 3668 pepercisse.

2354 3687 2481 3745 Sine
2519 3688 2850 3758 pra'judicio.
2905 3688 2976 3746 Ut
3022 3688 3277 3746 Salomon
3307 3690 3421 3748 ait:
3475 3689 3608 3746 Cum
3637 3690 3854 3746 consilio

2283 3780 2459 3836 omnia
2487 3779 2592 3848 fac.
2619 3778 2687 3835 In
2713 3779 3082 3838 declinatione.
3112 3779 3181 3836 Ut
3205 3799 3218 3835 :
3271 3780 3455 3851 Neque
3499 3781 3568 3837 ad
3595 3781 3854 3846 dextram,

2285 3886 2448 3940 neque
2469 3871 2538 3926 ad
2569 3872 2836 3927 sinistram
2883 3871 3129 3932 declines.
3181 3872 3365 3943 Neque
3397 3875 3857 3928 communicaret-is

2281 3961 2505 4029 peccatis
2529 3959 2735 4017 alienis.
2760 3961 2817 4018 Si
2842 3963 2987 4018 enim
3015 3965 3123 4019 cito
3149 3973 3275 4019 ante
3301 3973 3510 4034 tempus
3535 3979 3728 4018 manus
3752 3965 3857 4018 cui-

2283 4052 2406 4116 dam
2429 4052 2770 4120 imposueris,
2809 4053 3049 4124 peccatis
3085 4053 3204 4123 ejus
3230 4054 3671 4110 eommunicabis.
3715 4054 3856 4119 Quo-

2281 4145 2526 4200 rumdam
2555 4145 2822 4200 hominum
2843 4155 3056 4216 peccata
3083 4147 3364 4216 manifesta
3392 4156 3532 4203 sunt.
3579 4145 3777 4202 Statim
3803 4147 3854 4201 in

2280 4234 2398 4306 ipsa
2428 4239 2829 4296 examinatione
2855 4249 3135 4310 apparent.

2353 4329 2731 4386 Praecedentia.
2773 4333 3076 4402 Antequam
3121 4334 3243 4404 quis
3280 4333 3505 4406 gradum
3533 4333 3858 4390 ecclesiasti-

2279 4436 2403 4478 cum
2446 4423 2692 4492 accipiat.
2742 4422 2824 4477 Ad
2859 4425 3143 4494 judicium.
3194 4427 3478 4496 Manifesta
3505 4435 3626 4480 sunt
3667 4428 3738 4481 ad
3766 4427 3858 4497 ju-

597 4523 742 4584 potes
767 4514 937 4566 habet.
977 4513 1187 4567 Tandiu
1228 4521 1381 4583 regat
1424 4513 1664 4580 domum,
1715 4515 1952 4585 quandiu
1990 4515 2180 4569 edocet
2202 4518 2257 4580 D
2282 4513 2501 4577 dicium,
2531 4516 2634 4569 hoc
2658 4523 2762 4580 est,
2793 4516 2906 4570 sive
2927 4519 3054 4572 dum
3080 4516 3272 4586 dejecti
3297 4519 3856 4582 excommunicantur,

599 4605 742 4660 ﬁlios
768 4605 1033 4675 parvulos,
1082 4615 1176 4661 aut
1223 4615 1463 4676 nepotes,
1511 4616 1570 4662 ut
1611 4607 1753 4677 quod
1789 4623 1820 4661 a
1868 4608 2182 4678 parentibuis
2278 4606 2393 4660 sive
2416 4606 2540 4660 dum
2563 4605 2731 4676 plagis
2753 4610 3108 4677 praesentibus
3122 4611 3575 4678 pmdannantur.
3594 4607 3860 4672 Quosdam

596 4696 819 4767 pietatis
851 4697 1141 4765 acceperit,
1172 4697 1296 4752 ﬁliis
1342 4698 1570 4752 reddat:
1622 4699 1695 4752 ita
1743 4707 1942 4763 tamen,
1987 4706 2044 4751 ut
2075 4713 2182 4751 non

602 4787 707 4842 hac
731 4787 1078 4842 excusatione
1107 4788 1350 4842 avaritia:
1407 4789 1643 4854 studeat,
1687 4789 1779 4843 sed
1810 4787 2183 4849 suﬁicientiam

603 4887 818 4934 tantum
839 4878 942 4934 sibi
973 4888 1153 4934 servet
1175 4887 1228 4934 et
1262 4881 1469 4947 liberis,
1499 4898 1568 4937 ne
1611 4881 1666 4935 in
1695 4881 1775 4936 eis
1803 4881 1919 4950 ipsa
1947 4882 2185 4937 occasio-

604 4986 728 5026 nem
753 4972 845 5026 det
882 4971 1079 5026 saeculo
1105 4973 1398 5026 serviendi.

674 5063 947 5119 Desolata.
977 5062 1025 5117 Α
1049 5063 1299 5134 conjugio
1323 5063 1585 5122 maritali.
1633 5061 1703 5115 Et
1745 5062 1896 5120 instet
1935 5063 2182 5120 orationi,

607 5153 793 5221 Qualis
819 5153 922 5209 fuit
942 5152 1098 5207 Anna
1123 5152 1230 5207 ﬁlia
1256 5152 1522 5217 Phanuel,
1557 5150 1692 5206 tales
1721 5152 1978 5221 praecepit
2019 5152 2181 5203 hono-

608 5245 741 5310 rari,
766 5259 885 5315 quae
910 5244 968 5298 in
1004 5243 1208 5313 templo
1250 5244 1336 5297 die
1362 5252 1418 5296 et
1463 5250 1620 5296 nocte
1659 5239 1894 5294 orationi
1937 5238 2182 5292 vacabat.

623 5335 808 5391 Vivens
833 5344 1064 5391 mortua.
1096 5333 1404 5390 Secundum
1444 5334 1679 5387 animam
1703 5348 1718 5396 ;
1748 5345 1879 5402 ergo
1900 5329 1945 5384 si
1980 5344 2099 5400 qum
2129 5329 2185 5383 in

611 5427 820 5484 deliciis
863 5436 948 5484 est
993 5436 1226 5492 mortua,
1267 5434 1470 5497 quanto
1494 5423 1665 5493 magis
1707 5438 1826 5492 quae
1853 5423 1907 5477 in
1948 5422 2185 5492 peccatis

610 5520 892 5577 versatur?
929 5518 992 5576 Si
1017 5521 1134 5592 quis
1172 5527 1346 5572 autem
1374 5531 1588 5571 suorum
1615 5524 1665 5568 et
1687 5515 1914 5568 maxime
1938 5515 2183 5568 domesti-

611 5628 791 5667 corum
817 5627 999 5666 curam
1025 5627 1130 5665 non
1165 5608 1337 5663 habet.
1378 5606 1437 5661 Si
1481 5605 1603 5678 quis
1628 5604 1820 5659 viduas
1857 5605 2062 5674 abjicit,
2092 5611 2186 5659 aut

611 5705 858 5777 pupillos,
889 5702 978 5762 vel
1011 5701 1245 5759 maxime
1267 5706 1520 5761 parentes
1545 5703 1604 5758 et
1632 5710 1922 5769 pauperes,
1948 5696 2185 5755 deterior

2283 4706 2458 4752 autem
2486 4707 2534 4751 et
2567 4697 2964 4768 subsequuntur.
3018 4699 3145 4754 Post
3183 4699 3576 4762 ordinationem
3618 4699 3860 4754 sciuntur

2283 4789 2508 4844 aliorum
2530 4798 2771 4860 peccata,
2805 4805 2924 4858 quae
2945 4790 3258 4845 celaverunt
3284 4797 3409 4844 ante
3437 4791 3853 4855 ordinationem,

2283 4879 2405 4935 ideo
2461 4879 2736 4948 praedixit:
2796 4878 2923 4934 Sine
2971 4879 3279 4949 prejudicio
3335 4879 3465 4934 nihil
3522 4879 3743 4948 faciens.
3792 4880 3860 4934 Et

2285 4986 2473 5024 manus
2501 4971 2601 5023 cito
2630 4970 2823 5023 nemini
2851 4971 3174 5041 imposueris,
3203 4971 3375 5025 donec
3415 4969 3558 5026 scias
3583 4971 3630 5026 si
3660 4971 3864 5025 lateant

2285 5071 2633 5136 peecatakan
2671 5077 2799 5116 non.
2834 5060 3248 5134 Subsequuntur.
3282 5062 3396 5118 Hoc
3441 5072 3544 5126 est,
3576 5062 3693 5116 sive
3738 5061 3866 5115 sub-

2285 5152 2528 5220 sequitur
2546 5153 2600 5206 in
2628 5152 2867 5208 futurum
2889 5154 3164 5224 judicium,
3195 5154 3310 5208 sive
3334 5152 3537 5214 hic'diu
3561 5152 3734 5207 latere
3757 5166 3865 5206 non

2284 5251 2528 5312 possunt.
2562 5243 2678 5298 Non
2713 5261 2842 5314 ergo
2877 5246 3073 5301 debent
3099 5244 3257 5300 facile
3302 5244 3563 5299 ordinari.
3608 5241 3869 5298 Similiter

2283 5342 2333 5386 et
2364 5333 2506 5402 facta
2536 5335 2669 5391 bona
2710 5335 2989 5405 manifesta
3021 5343 3162 5390 sunt.
3198 5333 3324 5389 Non
3367 5334 3513 5390 enim
3548 5342 3716 5404 potest
3746 5332 3868 5385 abs—

2288 5427 2440 5480 condi
2486 5429 2662 5482 civitas
2709 5444 2868 5499 supra
2908 5436 3134 5482 montem
3177 5435 3350 5498 posita
3393 5425 3608 5497 (Matth.
3646 5423 3723 5495 v),
3770 5419 3866 5477 sed

2288 5519 2453 5574 etiam
2483 5535 2602 5588 quae
2650 5521 2716 5576 ad
2753 5529 2965 5591 tempus
3009 5520 3204 5586 latent,
3248 5534 3356 5575 non
3390 5524 3618 5589 possunt
3665 5515 3868 5574 diutius

2285 5610 2560 5666 occultari.
