4046 6332
261 301 370 361 337

883 408 1110 468 CAPUT
1137 409 1225 466 VI.

337 508 644 578 Quicunque
665 512 783 560 sunt
805 503 897 558 sub
918 504 1050 574 jugo
1078 502 1231 569 servi,
1272 501 1511 556 dominos
1550 515 1672 554 suos
1697 501 1837 554 omni

259 602 459 657 honore
497 601 681 671 dignos
724 594 1064 665 arbitrentur,
1093 615 1156 652 ne
1194 614 1381 652 nomen
1422 594 1632 650 Domini
1667 603 1715 647 et
1745 594 1839 646 do—

252 690 433 745 ctrina
478 686 873 759 blasphematur.
916 686 975 742 Id
1019 695 1123 753 est,
1171 701 1237 741 ne
1282 687 1567 741 videantur
1592 698 1691 754 per
1717 682 1838 737 reli-

261 784 481 854 gionem
507 780 561 835 in
586 780 824 836 deterius
847 779 1163 850 profecisse.
1209 778 1313 844 Qui
1341 788 1515 833 autem
1541 776 1717 847 ﬁdeles
1746 776 1844 829 Ita-

267 873 389 945 bent
420 872 680 925 dominos.
718 871 829 925 Hoc
858 878 958 935 est,
1010 884 1099 924 ne.
1123 869 1225 923 sibi
1262 869 1627 938 aequalitatem
1670 867 1843 922 vindi-

263 970 409 1027 cent,
442 977 643 1031 eosque
670 970 1034 1025 contemnant,
1065 970 1294 1030 quorum
1336 957 1531 1013 fratres
1576 964 1704 1013 sunt
1743 970 1840 1027 per
1878 954 1881 957 ’

252 1048 443 1112 iidem.
470 1055 738 1126 Beneﬁcii.
768 1054 915 1121 Fidei
945 1065 999 1109 et
1028 1053 1382 1125 baptismatis.

332 1150 647 1206 Exhortare.
689 1149 976 1213 Przemium
1003 1144 1349 1203 ostendendo.
1394 1144 1465 1200 Et
1485 1143 1735 1216 superbus
1762 1144 1840 1199 ni-

260 1243 338 1299 hil
361 1244 547 1301 sciens.
584 1241 760 1315 Super
801 1242 935 1296 alios
964 1255 1021 1297 se
1049 1238 1341 1303 extollens,
1368 1254 1489 1294 cum
1518 1254 1625 1293 non
1654 1238 1725 1293 sit
1752 1237 1842 1293 de-

254 1336 479 1391 'sursum
506 1334 727 1389 veniens
750 1348 911 1402 quem
956 1331 1215 1403 praedicat
1245 1330 1534 1402 sapientia.
1579 1328 1684 1384 Sed
1726 1328 1841 1383 lan-

254 1441 527 1499 guescens.
551 1423 687 1491 Quia
713 1436 812 1478 nec
839 1421 1020 1478 solida?
1052 1421 1295 1477 veritatis
1336 1420 1559 1476 scientia
1586 1418 1838 1475 convale-

192 1568 195 1571 .
257 1515 383 1579 scit,
410 1515 501 1571 sed
525 1515 751 1570 diversis
769 1513 1144 1569 occasionibus
1163 1512 1400 1584 languet,
1420 1521 1473 1568 et
1490 1527 1698 1582 pugnas
1720 1527 1840 1566 ver-

198 1601 203 1603 i
254 1605 453 1663 borum
488 1607 755 1662 observat.
806 1604 1137 1677 Suspiciones
1183 1605 1358 1659 malta.
1408 1604 1534 1661 Sive
1587 1604 1837 1660 haeresim

1288 292 1618 352 COLLECT.
1640 294 1727 350 ,ΙΝ
1765 294 1981 351 EPIST.
2022 294 2066 350 II
2104 295 2198 352 AD
2235 294 2518 353 ΤΙΜΟἸἮ.

1866 412 1920 472 Α
1944 408 2095 465 cialis
2121 424 2253 465 vero
2280 410 2507 465 avaritia
2561 424 2681 481 quae
2725 412 2974 468 usitatius
3018 414 3317 484 appellatur
3360 431 3517 473 amor

3340 302 3512 359 ’238

1940 501 2203 571 pecuniae,
2226 501 2380 570 cujus
2407 500 2623 556 nomine
2644 501 2941 573 Apostolus
2966 518 3064 573 per
3090 506 3324 575 speciem
3347 522 3520 577 genus

1940 592 2268 661 signiﬁcans,
2300 593 2659 649 uuiversalem
2684 594 2967 650 avaritiam
3011 596 3228 651 volebat
3266 597 3514 669 intelligi,

1939 682 2167 737 dicendo
2192 701 2206 736 :
2241 681 2415 737 Radix
2438 685 2671 738 omnium
2694 684 2953 740 malorum
2980 694 3057 739 est
3098 686 3346 740 avaritia.
3395 685 3513 744 Bac

1939 776 2142 833 etenim
2171 776 2416 832 diabolus
2442 778 2657 843 cecidit,
2686 778 2778 847 qui
2804 778 2997 849 utique
3037 793 3146 834 non
3183 779 3388 839 amavit
3425 795 3521 851 pe—

1937 869 2176 934 cuniam,
2202 870 2295 921 sed
2314 869 2586 940 propriam
2604 877 2942 940 potestatem.
2968 870 3143 927 Radix
3168 872 3353 927 excisa
3377 886 3521 928 sem-

1937 976 2037 1033 per
2053 960 2251 1016 densos
2279 969 2495 1029 reparat
2522 977 2731 1028 ramos;
2761 962 3033 1019 evellenda
3054 970 3139 1019 est
3175 978 3308 1032 ergo
3343 964 3519 1031 radix,

1939 1065 2011 1106 ne
2050 1051 2189 1106 rami
2233 1049 2497 1121 superﬂue
2540 1054 2862 1107 excidantur
2905 1072 2919 1107 :
2962 1056 3086 1123 quia
3117 1055 3172 1109 in
3215 1063 3523 1125 transgres-

1940 1140 2092 1197 sione
2110 1142 2239 1196 Adae
2265 1141 2430 1195 multa
2457 1150 2612 1197 erant
2643 1143 2796 1209 vitia,
2823 1151 2883 1198 ut
2906 1151 3029 1200 est:
3067 1143 3127 1200 Si
3153 1145 3220 1200 de
3257 1146 3354 1202 hoc
3381 1146 3523 1216 ligno

1938 1232 2290 1304 gustaveritis,
2322 1231 2622 1301 aperientur
2647 1234 2785 1286 oculi
2824 1236 2995 1298 vestri,
3043 1244 3089 1288 et
3115 1236 3260 1290 eritis
3285 1235 3419 1291 sicut
3447 1236 3525 1289 dii

1942 1319 2093 1394 (Cen.
2120 1320 2225 1392 ιιι).
2252 1320 2493 1391 Denique
2519 1337 2641 1377 cum
2666 1322 2863 1377 dixerit
2897 1324 3214 1394 aperientur,
3237 1325 3327 1382 hic
3343 1334 3523 1383 osten-

1940 1412 2088 1467 ditur
2112 1413 2414 1481 cupiditas;
2444 1422 2503 1467 et
2525 1414 2740 1482 quando
2788 1414 2989 1471 dixerit.
3026 1416 3383 1486 'gustaveritis,
3431 1416 3524 1472 hic

1942 1501 2065 1573 gula
2090 1503 2335 1568 videtur;
2363 1511 2420 1557 et
2461 1504 2677 1573 quando
2711 1504 2913 1559 dixerit
2949 1507 3097 1561 eritis
3141 1508 3274 1561 sicut
3312 1507 3409 1573 dii,
3448 1508 3527 1563 ibi

1938 1594 2191 1664 superbia
2218 1592 2508 1649 reveletur.
2536 1592 2607 1648 Et
2636 1594 2962 1650 inseruerunt
3001 1611 3058 1650 se
3095 1595 3363 1652 doloribus
3389 1596 3529 1651 mul-

186 1698 189 1699 ⁷
258 1695 329 1751 de
353 1695 527 1752 altero
553 1697 916 1767 suspicantur,
941 1697 1054 1751 sive
1082 1696 1359 1752 audientes
1387 1705 1579 1766 putant
1605 1695 1836 1752 deficere
1868 1766 1899 1767 ί
1941 1686 2029 1740 τίει
2061 1685 2273 1753 Quanto
2310 1686 2538 1757 amplius
2578 1687 2887 1755 habuerim»
2914 1695 3067 1743 ⁸³⁸³ιο
3103 1688 3287 1759 Plures
3330 1687 3530 1744 ωΠίοί-

256 1788 564 1842 veritatem.
598 1766 975 1849 Edistimantes
997 1798 1253 1859 quwstum
1281 1805 1390 1843 esse
1410 1788 1671 1859 pietatem.
1701 1789 1839 1856 Quia
1866 1766 1915 1827 Β
1943 1777 2190 1833 “ldin
2221 1779 2491 1833 Βυθίίηθηι
2520 1780 2812 1859 αυςὶειιυε·
3440 1790 3443 1793 ⁷

256 1888 453 1949 putant
482 1886 721 1949 quaestus
747 1880 831 1933 sui
860 1895 1026 1934 causa
1051 1896 1248 1935 novum
1290 1883 1500 1936 venisse
1549 1889 1841 1938 testamen-

257 1978 400 2026 tum.
426 1971 523 2025 Est
553 1963 991 2039 autem‘qua’stus
1034 1986 1274 2039 magnus.
1322 1971 1547 2026 Multum
1588 1974 1841 2042 acquirit,

255 2063 353 2134 qui
395 2061 558 2117 habet
598 2061 854 2132 pietatem
893 2076 1015 2117 cum
1058 2059 1398 2127 sumcientia,
1445 2078 1552 2117 non
1594 2062 1840 2130 luxurizn,

254 2152 358 2206 sed
382 2159 617 2205 naturzn:
652 2149 778 2231 quia
802 2164 923 2220 quae
948 2156 1153 2203 tantum
1183 2156 1390 2204 natura:
1417 2150 1701 2215 sufﬁciunt,
1734 2151 1847 2220 pie-
1884 2224 1889 2225 7

260 2249 352 2295 tas
379 2242 566 2310 exigit.
1200 2248 1239 2291 ο

292 2312 297 2317 ’
338 2329 492 2383 Nihil
525 2330 662 2383 enim
686 2327 957 2383 intulimus
978 2328 1033 2383 in
1059 2327 1197 2383 hunc
1235 2329 1509 2383 mundum.
1545 2328 1682 2384 Nudi
1728 2332 1844 2386 nati

255 2434 471 2484 sumus,
503 2417 630 2473 nudi
656 2419 819 2473 etiam
858 2412 1107 2474 morituri
1137 2416 1281 2490 (Job.
1312 2418 1385 2485 1):
1414 2419 1673 2491 quidquid
1698 2422 1844 2477 enim

174 2510 179 2511 “
234 2506 350 2565 hic
408 2509 700 2576 invenitur,
754 2509 845 2564 hic
870 2509 1210 2580 relinquitur.
1273 2509 1388 2564 Non
1445 2520 1527 2565 est
1573 2518 1842 2580 nostrum,

182 2676 185 2677 7
238 2592 407 2668 ’quod
433 2614 539 2652 non
563 2614 776 2670 semper
798 2610 1046 2654 nostrum
1073 2608 1176 2656 est.
1210 2599 1353 2670 Ergo
1377 2599 1495 2654 illas
1520 2601 1734 2657 divitias
1756 2618 1847 2657 ac-

258 2692 561 2762 quiramus,
589 2708 725 2764 quas
746 2692 1027 2748 nobiscum
1052 2693 1120 2749 ad
1142 2693 1418 2750 cmlestem
1446 2695 1678 2765 patriam
1699 2694 1846 2753 ferre

254 2783 554 2857 possimus.

337 2871 406 2927 Et
448 2874 707 2928 desideria
756 2874 942 2931 multa.
1009 2874 1331 2932 Divitiarum
1381 2876 1527 2930 enim
1576 2876 1847 2934 desideria

2014 1868 2225 1924 Sectare
2254 1879 2446 1925 autem.
2472 1870 2532 1925 Id
2560 1880 2663 1936 est,
2689 1872 2745 1926 in
2774 1870 2859 1928 his
2886 1879 3006 1927 esto
3028 1870 3200 1927 dives.
3229 1860 3524 1927 Justitiam.

1940 1958 2001 2016 In
2023 1961 2259 2032 iudiciis.
2287 1961 2559 2018 Certamen
2580 1963 2721 2033 ﬁdei.
2758 1964 2814 2018 Id
2840 1971 2942 2030 est,
2972 1972 3033 2018 ut
3056 1964 3219 2019 fidem
3247 1963 3525 2019 defendas.

2016 2054 2353 2124 Apprehende
2381 2056 2540 2109 vitam
2585 2065 2854 2110 cateruam.
2903 2055 2974 2112 Ut
3018 2055 3095 2111 illi
3120 2055 3348 2127 cupiunt
3386 2062 3526 2111 tem-

1943 2143 2186 2213 poralem
2216 2152 2418 2199 tenere.
2448 2144 2639 2199 Coram
2672 2145 2851 2201 multis
2871 2146 3106 2201 testibus.
3130 2147 3328 2203 Coram
3350 2162 3533 2203 mcer-

1944 2235 2186 2301 dotibus,
2204 2238 2289 2291 vel
2316 2237 2582 2293 ministris
2601 2239 2889 2294 virtutibus
2907 2238 3238 2295 caelestibus.
3265 2236 3530 2309 Praecipio

1944 2326 2062 2380 tibi.
2087 2327 2339 2398 Praecipit
2360 2338 2540 2383 autem
2570 2330 2895 2385 auctoritate
2938 2330 3207 2402 magistri.
3257 2328 3386 2385 Sine
3406 2345 3533 2384 vna-

1945 2416 2088 2472 cula.
2153 2417 2385 2472 Maculat
2434 2419 2579 2474 enim
2632 2421 3050 2489 quodammodo,
3102 2428 3160 2475 et
3207 2419 3530 2491 reprehendi

1945 2506 2076 2563 facit
2102 2510 2375 2574 mandata,
2405 2510 2495 2579 qui
2531 2520 2739 2578 peccat.
3472 2542 3481 2553 ς

2019 2600 2123 2665 Qui
2145 2602 2496 2669 testimonium
2525 2602 2750 2656 reddidit
2768 2603 2864 2658 sub
2891 2599 3084 2657 Pontio
3107 2600 3309 2657 Pilato.
3330 2600 3529 2657 Dicens

1946 2692 2019 2749 ad
2044 2692 2275 2749 Pilatum
2309 2711 2323 2747 :
2354 2692 2466 2763 Ego
2496 2693 2566 2749 ad
2602 2694 2704 2751 hoc
2739 2692 2854 2748 uersi
2881 2694 2939 2747 in
2974 2694 3113 2747 hunc
3154 2693 3441 2758 mundum,
3470 2699 3532 2749 ut

1938 2784 2298 2847 testimonium
2319 2782 2617 2853 perhibeam
2654 2783 2881 2847 veritati,
2903 2783 3110 2838 scilicet
3134 2798 3235 2852 pro
3263 2799 3330 2839 ea
3358 2783 3521 2839 etiam

1946 2874 2245 2930 moriendo.
2266 2872 2370 2939 Qui
2391 2872 2532 2928 solus
2554 2874 2707 2927 habet
2726 2873 3192 2929 inmortalitatem.
3213 2875 3272 2931 Id
3293 2882 3399 2941 est,
3421 2889 3531 2931 non

258 2980 540 3035 nunquam
574 2966 863 3021 satiantur.
897 2966 1027 3032 Qum
1052 2979 1286 3038 mergunt
1312 2969 1368 3022 in
1392 2969 1679 3023 interitum.
1709 2970 1847 3025 Dum
1949 2965 2165 3034 accipit.
2200 2963 2367 3027 Quem
2402 2964 2530 3018 vidit
2563 2963 2835 3018 hominum
2872 2980 3040 3019 nemo.
3073 2963 3244 3021 Nemo
3266 2965 3399 3019 vidit
3425 2964 3531 3022 sic-

261 3056 559 3119 ambitione
604 3058 869 3113 honorum
912 3067 1203 3124 tumentes,
1254 3060 1308 3113 in
1348 3060 1515 3116 cmlos
1539 3076 1712 3130 usque
1743 3062 1849 3118 ele—
1875 3076 1916 3130 μ,
1950 3058 2027 3113 uti
2062 3065 2167 3123 est,
2192 3058 2286 3129 sed
2334 3057 2701 3125 unusquisque
2727 3071 2827 3125 pro
2853 3057 3070 3112 merito.
3099 3055 3234 3111 Nam
3265 3064 3321 3110 et
3355 3055 3527 3111 solem

224 3142 225 3145 “
254 3140 378 3200 ’γαιί
405 3162 573 3216 usque
604 3148 673 3202 ad
703 3146 905 3203 inferos
930 3146 1334 3221 demerguntur.
1365 3148 1492 3206 Sive
1533 3152 1843 3208 desideran-
1871 3140 2099 3205 “etanta
2140 3149 2371 3219 amplius
2402 3148 2597 3203 vident
2638 3148 2863 3217 singuli,
2904 3158 3107 3218 quanto
3136 3148 3322 3218 purior
3364 3147 3531 3204 fuerit

262 3229 351 3294 tes
374 3238 579 3294 alienas
626 3254 783 3310 opes,
823 3246 883 3299 ut
924 3238 1131 3306 Achab,
1180 3256 1351 3311 usque
1380 3242 1449 3296 ad
1491 3242 1843 3301 homicidium
1882 3246 1899 3253 “
1947 3242 2094 3297 acies
2118 3241 2421 3297 oculorum.
2453 3238 2579 3294 Non
2611 3238 2830 3310 superbe
2857 3255 3059 3309 sapere.
3100 3239 3246 3296 Raro
3269 3240 3415 3295 enim
3444 3240 3528 3296 in-

242 3331 603 3413 7perveniunt.
656 3330 829 3387 Radix
854 3333 989 3387 enim
1011 3333 1242 3388 omnium
1281 3334 1538 3390 malorum
1560 3338 1838 3410 cupiditas.

180 3490 185 3491 7
264 3422 459 3478 Merito
508 3424 719 3481 initium
762 3427 937 3487 omnis
979 3428 1189 3499 peccati
1239 3430 1545 3500 superbiam
1597 3432 1843 3490 dillinivit

266 3513 570 3587 Scriptura,
614 3517 837 3573 dicens:
884 3519 1102 3581 Initium
1146 3524 1313 3577 omnis
1352 3525 1553 3595 peccati
1601 3528 1843 3597 superbia
1870 3516 1885 3537 ”

182 3670 211 3674 μ
268 3600 443 3685 (Eccl.
483 3606 560 3675 ι).
599 3602 694 3660 Cui
746 3607 1053 3663 testimonio
1084 3625 1190 3665 non
1226 3611 1671 3668 inconvenienter
1693 3626 1846 3685 apta-

268 3701 367 3748 tur
393 3694 555 3761 etiam
584 3694 733 3764 illud,
760 3697 901 3771 quod
928 3699 1003 3753 ait
1038 3698 1325 3771 Apostolus
1352 3720 1366 3755 :
1416 3701 1591 3756 Radix
1617 3702 1846 3757 omnium

247 3780 529 3867 malorum
551 3786 771 3840 avaritia
793 3795 890 3853 est,
922 3788 968 3842 si
997 3787 1281 3843 avaritiam
1309 3791 1612 3860 generalem
1653 3790 1849 3845 intelli-

264 3888 479 3945 gamus,
523 3890 629 3946 qua
672 3875 900 3949 quisque
939 3878 1141 3950 aliquid
1184 3882 1389 3951 appetit
1433 3882 1661 3952 amplius
1686 3898 1849 3952 quam

265 3970 483 4033 oportet
505 3974 730 4038 propter
757 3968 1133 4025 excellentiam
1162 3987 1315 4027 suam
1336 3979 1388 4027 et
1417 3982 1641 4044 propter
1668 3988 1850 4042 quem-

268 4053 394 4107 dam
430 4057 665 4127 propria:
689 4059 769 4113 rei
797 4074 1059 4127 amorem,
1085 4061 1173 4117 cui
1199 4063 1470 4135 sapienter
1508 4078 1704 4119 nomen
1744 4063 1849 4117 La-

268 4145 386 4199 tina
415 4146 595 4220 lingua
637 4149 851 4231 indidit,
896 4167 1022 4209 cum
1065 4153 1350 4225 appellavit
1389 4157 1667 4226 privatum.
1713 4156 1849 4227 Spe-

1945 3336 2132 3390 venies
2185 3334 2439 3399 civilem,
2484 3333 2588 3388 nisi
2635 3331 2949 3402 superbum.
2997 3331 3080 3388 Ad
3124 3331 3428 3401 fruendum.
3469 3332 3532 3388 Id

1946 3434 2063 3492 est,
2098 3441 2205 3481 non
2240 3426 2310 3480 ad
2339 3424 2739 3489 occultandam,
2765 3424 2852 3479 vel
2879 3424 2949 3479 ad
2978 3424 3381 3495 negotiandum.
3412 3423 3526 3479 Νο-

1946 3533 2049 3589 que
2066 3532 2277 3587 sperare
2300 3517 2356 3569 in
2380 3517 2575 3570 incerto
2604 3516 2926 3570 diuitiarum.
2957 3515 3035 3570 De
3062 3514 3259 3583 quibus
3285 3514 3526 3569 incertus

1947 3622 2008 3663 es
2048 3615 2230 3663 utrum
2270 3607 2381 3661 illa:
2410 3607 2536 3671 tibi,
2580 3623 2651 3661 an
2679 3616 2735 3660 tu
2774 3606 2881 3661 illis
2906 3606 3135 3661 celerius
3167 3605 3528 3661 subtraharis.

1950 3698 2150 3753 Veram
2183 3699 2360 3753 vitam.
2402 3697 2461 3752 Id
2488 3707 2598 3763 est,
2644 3696 2903 3761 futuram,
2948 3693 3178 3750 atlirmat
3205 3702 3532 3765 prasentem

1930 3788 2119 3843 vitam
2156 3803 2265 3843 non
2294 3801 2415 3844 esse
2446 3801 2652 3843 veram.
2694 3786 3002 3856 Depositum
3041 3787 3267 3842 custodi.
3308 3784 3370 3841 Id
3409 3793 3529 3854 est,

1948 3878 2380 3934 commendatum
2417 3895 2448 3933 a
2478 3878 2635 3933 nobis
2671 3892 2826 3932 serva
2865 3872 3202 3944 mandatum,
3242 3876 3358 3933 sive
3396 3875 3528 3933 fidei

1950 3970 2254 4041 depositum
2272 3971 2502 4031 custodi.
2528 3968 2763 4025 Fallacis
2779 3970 3032 4026 scientiis.
3054 3969 3381 4027 Dialecticat.
3397 3966 3531 4025 Gro-

1949 4063 2029 4119 tia
2051 4072 2241 4118 tecum.
2264 4061 2589 4119 Permaneat
2606 4063 2662 4118 in
2682 4069 2962 4119 aeternum.

1777 4400 2035 4516 XI.

994 4630 1119 4712 ἸΝ
1180 4630 1764 4713 EPISTOLAM
1824 4629 1903 4709 II
1964 4631 2097 4717 AD
2146 4624 2805 4725 TIMOTHEUM,

772 4928 779 4932 .
806 4872 1032 4932 CAPUT
1069 4873 1358 4934 PRIMUM.

357 4964 559 5022 Paulus
593 4963 857 5039 apostolus
894 4964 1023 5020 Iesu
1051 4964 1246 5023 Christi
1286 4985 1382 5040 per
1408 4966 1725 5024 voluntatem
1755 4967 1854 5023 Dei

276 5058 570 5117 secundum
605 5058 1001 5130 promissionem
1030 5057 1166 5113 vitta.
1199 5058 1371 5127 Quam
1400 5060 1671 5132 promittit
1699 5058 1854 5116 Chri-

194 5138 201 5143 ’
278 5161 403 5210 stus
427 5150 749 5222 condignum
774 5149 1150 5207 exbibentibus
1172 5150 1530 5221 promissione
1554 5151 1855 5206 servitium.

278 5242 388 5301 Cui
412 5244 574 5298 sem’a
595 5261 626 5297 a
653 5243 859 5313 proavis
890 5241 1038 5296 meis.
1062 5240 1122 5295 Id
1148 5249 1250 5307 est,
1281 5259 1314 5298 a
1342 5243 1685 5315 patriarcbis.
1721 5243 1857 5298 Nam

276 5342 343 5391 et
367 5349 467 5406 ego
492 5333 787 5388 EecleSiam
818 5331 1019 5395 Christi
1043 5347 1152 5407 nan
1182 5331 1576 5398 malevolentia,
1605 5336 1698 5390 sed
1726 5334 1862 5405 legis

281 5426 631 5501 aemulatione
659 5427 957 5483 vastabam.
994 5422 1061 5481 In
1107 5424 1423 5489 conscientia
1467 5440 1621 5494 pura.
1650 5424 1863 5481 Nullum

281 5519 497 5577 habens
518 5517 794 5575 criminale
818 5524 1117 5590 peccatum.

364 5612 518 5679 Quod
542 5614 653 5667 sine
678 5610 1058 5665 intermissione
1081 5607 1300 5663 habeam
1328 5607 1405 5661 tui
1432 5606 1756 5662 memoriam.
1788 5607 1865 5664 E0

286 5706 439 5777 quod
475 5705 740 5797 merpisti,
770 5712 829 5759 ut
857 5711 908 5758 te
938 5703 1167 5775 cogitem
1210 5716 1438 5771 semper.
1472 5697 1673 5753 Memor
1696 5699 1868 5771 lacry-

1887 4877 1943 4940 D
1966 4891 2175 4932 marum
2196 4882 2429 4930 tuarum.
2450 4870 2598 4939 Quas
2621 4882 2713 4925 me
2748 4866 2983 4926 abeunte
3002 4879 3038 4924 a
3062 4872 3121 4924 te
3143 4862 3349 4923 fudisti.
3381 4861 3539 4931 Unda

1958 4975 2017 5024 et
2039 4982 2128 5023 me
2152 4965 2222 5021 ad
2262 4964 2535 5019 tristitiam
2564 4959 2893 5034 provocasti,
2934 4972 3098 5030 quam
3126 4964 3219 5011 tua
3244 4964 3373 5026 opto
3398 4969 3539 5025 pm

1960 5058 2133 5115 sentis
2178 5054 2428 5112 relevari.
2476 5050 2546 5106 Ut
2591 5049 2787 5122 gaudio
2831 5047 3071 5121 implear.
3113 5046 3342 5115 Propter
3388 5053 3534 5102 tuam

1958 5150 2166 5205 iterum
2201 5145 2565 5217 praesentiam.
2592 5140 2661 5197 Ut
2695 5140 2968 5198 resuscites
3004 5137 3230 5208 gratiam
3262 5134 3381 5193 Dei.
3420 5135 3538 5195 Hoc

1960 5249 2065 5308 est,
2109 5246 2170 5295 ut
2196 5239 2264 5293 de
2290 5237 2376 5293 die
2402 5237 2460 5292 in
2488 5235 2632 5291 diem
2658 5234 2894 5289 studium
2921 5228 3249 5300 praedicandi
3280 5243 3532 5293 renoves.

1966 5333 2074 5389 Per
2107 5328 2486 5400 inspositionem
2510 5339 2782 5380 manuum.
2824 5321 2884 5378 Id
2908 5326 3014 5384 est,
3050 5316 3208 5387 juxta
3234 5319 3534 5379 ordinatio.

1970 5437 2095 5478 nem
2126 5429 2271 5476 suam
2295 5418 2355 5473 in
2382 5416 2766 5487 episcopatum.
2798 5410 3054 5481 Spiritum
3090 5409 3313 5468 timoris.
3359 5409 3431 5467 Ut
3464 5409 3538 5481 ti-

1934 5544 1935 5547 η
1970 5526 2216 5569 meamus
2246 5516 2640 5581 persecutores,
2664 5504 2758 5575 qui
2781 5518 2885 5586 nos
2910 5502 3198 5577 pnohjbent
3214 5502 3534 5575 praedicare.

1972 5604 2080 5662 Sed
2112 5602 2334 5658 virtutis.
2360 5601 2420 5657 Id
2442 5609 2547 5665 est,
2574 5595 2786 5652 ﬁducia:
2809 5594 3156 5665 praedicandi.
3188 5594 3258 5651 Et
3280 5593 3537 5651 dilectior

1973 5684 2073 5753 nis.
2098 5695 2166 5753 Ut
2190 5696 2304 5751 sive
2323 5708 2422 5765 pro
2442 5691 2573 5755 Deo,
2598 5689 2712 5744 sive
2729 5701 2830 5759 pro
2845 5685 3105 5744 alterutro
3126 5686 3357 5745 libenter
3374 5683 3538 5742 etiam
