4046 6332
571 400 679 458 239

1966 391 2234 450 senum
2274 359 2473 449 scori

3716 386 3834 443 240

567 513 882 570 moriamur.
917 510 986 566 Et
1015 509 1285 565 sobrietas.
1316 508 1384 565 Ut
1416 509 1600 564 omnia
1635 507 1815 564 sobria
1851 515 2030 562 mente
2059 506 2140 560 fa-
2167 512 2219 569 Α
2243 505 2591 561 tentationes.
2633 503 2736 559 Ille
2775 501 2950 572 ﬁdelis
2979 506 3267 574 permanet.
3317 497 3456 555 Nam
3497 500 3680 557 omnia
3720 519 3851 573 qua

568 603 796 659 ciamus.
825 600 952 656 Noli
991 616 1111 670 ergo
1145 599 1464 654 erubescere.
1499 598 1616 653 Non
1651 607 1704 654 te
1731 598 1928 669 pudeat
1956 596 2147 666 praedi-

569 708 716 759 care,
743 689 1106 749 ettestiﬁcari
1133 687 1408 744 Christum
1453 688 1776 744 cruciﬁxum
1805 701 1998 756 meque
2028 685 2146 740 vin-

568 792 718 840 clum
744 798 846 854 pro
867 798 952 838 eo.

642 873 745 930 Sed
781 872 1066 928 collabora.
1109 873 1317 927 Mecum
1355 871 1533 927 simul.
1565 869 1865 926 Secundum
1904 867 2145 921 virtutem

567 968 689 1023 Dei.
732 965 862 1034 Quae
909 981 1008 1021 nos
1051 964 1321 1020 confortat
1364 962 1656 1018 virtutibus
1683 975 1782 1030 per
1809 974 1908 1014 nos
1957 956 2138 1013 factis.

565 1056 702 1110 Ante
741 1063 976 1125 tempora
1016 1052 1312 1107 swcularia.
1351 1051 1461 1106 Ut:
1491 1049 1663 1119 Elegit
1703 1063 1797 1102 nos
1838 1047 1982 1101 Deus
2020 1053 2143 1100 ante

568 1142 752 1196 mundi
779 1141 1212 1196 constitutionem.

641 1234 745 1300 Qui
790 1235 1045 1289 destruxit
1073 1233 1282 1304 quidem
1323 1239 1561 1285 mortem.
1596 1230 1885 1285 Peccatum
1928 1236 1984 1283 et
2023 1227 2142 1282 dia-

566 1325 768 1381 bolum.
796 1323 1122 1378 Illuminavit
1157 1332 1332 1378 autem
1368 1323 1544 1375 vitam.
1585 1319 1832 1376 Ostendit
1875 1318 2142 1388 quomodo

569 1416 681 1470 vita
709 1423 766 1469 et
809 1413 1142 1484 incorruptio
1175 1419 1530 1483 quaereretur.
1559 1411 1664 1467 Sed
1691 1428 1796 1465 non
1823 1410 2138 1481 confundor.

567 1513 628 1570 In
656 1511 1041 1566 tentationibus
1063 1518 1118 1564 et
1143 1510 1197 1562 in
1226 1508 1451 1563 catenis.
1481 1507 1552 1562 At
1577 1523 1678 1562 nos
1703 1522 1734 1562 e
1759 1507 2033 1562 contrario
2058 1521 2144 1561 so-

567 1600 636 1656 lis
696 1600 998 1671 opprobriis
1041 1597 1439 1655 confundimur.
1490 1597 1612 1654 Scio
1656 1599 1813 1652 enim.
1868 1597 2143 1652 Christum

567 1689 653 1744 cui
693 1689 928 1754 credidi,
966 1687 1020 1742 id
1045 1695 1156 1753 est,
1185 1686 1297 1742 scio
1337 1702 1461 1742 eum
1504 1687 1717 1744 ﬁdelem
1763 1696 1817 1743 et
1844 1695 2140 1758 potentem.

565 1776 868 1847 Depositum
891 1793 1080 1830 meum.
1103 1776 1353 1841 Animam
1397 1778 1479 1833 vel
1503 1779 1805 1850 praemium.
1829 1778 2143 1849 Exemplum

2248 599 2526 668 promisit,
2564 597 2831 667 implebit,
2862 596 2988 664 quia
3031 593 3232 650 veritas
3265 600 3454 648 contra
3493 607 3552 648 se
3598 609 3710 650 non
3762 593 3848 651 fa-

2249 690 2388 757 ciet,
2431 704 2501 746 ne
2537 705 2597 746 se
2623 703 2825 760 negare
2856 688 3127 744 videatur.
3161 684 3466 744 Commone.
3501 686 3561 742 Id
3595 695 3716 752 est,
3747 687 3853 744 im-

2246 792 2399 847 pera.

2321 869 2647 939 Testi/icans.
2683 869 2741 924 Id
2767 876 2850 925 est
2867 909 2883 936 ,
2908 868 3124 924 fortiter
3148 867 3367 924 docens.
3394 864 3587 922 Coram
3618 868 3762 923 Deo.
3790 869 3849 926 In

2245 960 2521 1016 voluntate
2551 961 2668 1016 Dei.
2698 960 2823 1015 Non
2863 976 2956 1030 per
2985 959 3388 1014 contentionem.
3423 957 3502 1014 Ne
3528 959 3627 1014 tibi
3654 959 3850 1016 nullus

2247 1054 2431 1108 credat
2472 1052 2839 1109 contendenti.
2885 1049 3222 1129 Probabilem
3266 1049 3508 1104 exhibere
3551 1049 3682 1104 Deo.
3729 1051 3852 1108 Hoc

2246 1151 2350 1208 est,
2379 1144 2455 1198 ita
2488 1143 2632 1209 vive,
2669 1158 2738 1198 ne
2767 1142 2911 1197 dicta
2939 1139 3098 1195 factis
3124 1137 3500 1194 deﬁcientibus
3525 1139 3848 1196 erubescas.

2246 1234 2430 1292 Stulta
2462 1247 2638 1292 autem
2662 1247 2709 1291 et
2740 1234 3070 1306 inaniloquia
3097 1233 3284 1288 devita.
3310 1231 3424 1288 Hoc
3445 1237 3550 1296 est,
3574 1229 3853 1302 irreIigio-

2250 1341 2342 1382 sas
2365 1328 2746 1383 haereticorum
2769 1324 3000 1392 fabulas,
3025 1322 3119 1394 qui
3141 1329 3342 1396 negant
3361 1320 3847 1378 resurrectionem.

2247 1415 2556 1486 Proﬁcient.
2585 1417 2864 1473 Cresceut.

2316 1508 2386 1562 Et
2425 1525 2594 1562 sermo
2624 1524 2804 1563 eorum
2847 1507 2982 1562 sicut
3021 1521 3210 1560 cancer
3247 1503 3429 1575 serpit.
3473 1502 3682 1558 Cancer
3714 1519 3850 1561 esse

2245 1596 2442 1651 dicitur
2462 1596 2673 1664 vulnus,
2699 1597 2844 1668 quod
2867 1597 2924 1651 in
2947 1594 3202 1649 mamillis
3223 1593 3468 1649 nascitur
3487 1591 3846 1658 feminarum,

2245 1689 2442 1758 quibus
2473 1690 2577 1744 nisi
2607 1691 2714 1745 cito
2745 1689 3078 1745 subventum
3105 1688 3288 1753 fuerit,
3317 1702 3439 1742 cum
3469 1686 3620 1742 virus
3649 1687 3715 1741 ad
3749 1704 3851 1744 cor

2245 1779 2526 1847 serpserit,
2564 1779 2770 1833 nullum
2813 1779 2956 1833 ultra
2985 1778 3286 1833 remedium
3313 1784 3416 1832 est.
3447 1776 3526 1830 Ita
3558 1777 3839 1834 haeretico-

567 1867 717 1922 Iiabe.
741 1867 1002 1938 Regulam
1027 1869 1257 1924 custodi.
1286 1870 1550 1925 Sanorum
1576 1871 1866 1925 verborum.
1893 1871 2022 1938 Quae
2049 1887 2144 1941 pa—
2169 1865 2217 1924 B
2244 1884 2364 1922 rum
2390 1878 2516 1924 sunt
2541 1869 2809 1939 colloquia
2834 1869 3076 1936 vitanda,
3104 1883 3174 1924 ne
3201 1883 3297 1940 per
3323 1881 3484 1924 aures
3513 1867 3845 1925 irremedia-

568 1964 694 2012 rant
732 1958 1038 2012 sanitatem.
1081 1957 1289 2013 Bonum
1325 1958 1638 2028 depositum.
1681 1961 2022 2024 Doctrinam,
2062 1960 2145 2015 vel

567 2048 900 2114 mandatum,
930 2063 1025 2104 seu
1051 2049 1293 2120 gradum.
1321 2047 1435 2103 Scis
1464 2049 1582 2116 hoc,
1609 2051 1747 2122 quod
1773 2060 2068 2105 averterunt
2089 2067 2144 2106 se

568 2157 601 2194 a
631 2155 728 2193 me.
757 2139 960 2195 Idcirco
986 2148 1037 2194 te
1074 2154 1409 2207 commoneo,
1443 2143 1571 2211 quia
1606 2158 1742 2214 quos
1782 2158 1869 2198 me
1907 2159 2012 2199 non
2040 2160 2145 2214 pu-

567 2232 748 2287 tabam
788 2233 1056 2299 deserere,
1094 2233 1520 2305 dereliquerunt.
1555 2236 1766 2291 Omnes.
1814 2236 1920 2291 Pro
1963 2246 2140 2307 parte.

566 2323 653 2378 Ex
676 2324 821 2379 Asia.
844 2325 1067 2381 Minore.
1085 2325 1398 2397 Onesiphori
1419 2328 1618 2382 domui.
1643 2327 1761 2384 Non
1783 2328 1886 2384 sibi
1907 2329 2028 2396 soli,
2053 2329 2148 2386 sed

567 2417 714 2474 omni
741 2417 923 2473 domui
949 2416 1085 2487 ejus.

1195 2505 1418 2562 CAPUT
1454 2506 1517 2561 ll.

599 2633 606 2637 '
640 2618 721 2674 Tu
761 2635 907 2691 ergo,
942 2619 1022 2689 [ili
1052 2620 1148 2685 mi,
1183 2621 1478 2691 confortare
1516 2622 1570 2676 in
1596 2623 1791 2693 gratia,
1824 2641 1940 2696 qua:
1980 2633 2056 2678 est
2094 2624 2148 2679 in

569 2710 775 2766 Christo
806 2711 956 2766 Jesu.
984 2712 1053 2766 Et
1081 2730 1197 2784 qua:
1223 2713 1416 2767 audisti
1450 2732 1482 2768 a
1525 2731 1604 2769 me
1627 2732 1720 2785 per
1740 2715 1931 2770 multos
1973 2726 2146 2770 testes.

569 2799 696 2855 Sive
725 2802 1079 2870 praesentibus
1107 2802 1292 2857 multis
1323 2803 1418 2858 tibi
1453 2804 1573 2859 dedi
1605 2805 1874 2870 mandata,
1918 2806 2150 2876 qualiter

568 2891 764 2947 docere
803 2890 1032 2954 debeas;
1065 2892 1178 2945 sive
1217 2907 1336 2960 quae
1365 2891 1505 2950 dixi,
1552 2893 1735 2948 multis
1766 2895 2148 2964 prophetarum

568 2982 894 3036 testimoniis
919 2989 975 3036 et
1009 2982 1270 3052 exemplis
1297 2985 1633 3038 confirmavi.
1685 2984 1814 3040 Htec
1842 2988 2149 3042 commenda

566 3074 808 3142 ﬁdelibus
851 3074 1163 3129 hominibus.
1208 3074 1307 3142 Qui
1355 3076 1586 3130 ﬁdeliter
1630 3086 1855 3146 possunt
1897 3078 1991 3132 Dei
2024 3095 2147 3150 gra-

559 3164 700 3218 tiam
748 3164 1076 3233 dispensare,
1111 3164 1214 3218 hoc
1244 3171 1358 3229 est,
1406 3165 1570 3220 solius
1614 3166 1708 3220 Dei
1754 3181 1916 3222 causa
1947 3167 2144 3236 praedi-

567 3272 710 3311 care.
743 3256 910 3311 Nemo
943 3258 1172 3311 militans
1202 3257 1312 3312 Deo
1341 3259 1570 3328 implicat
1598 3275 1653 3313 se
1681 3260 1897 3330 negotiis
1921 3260 2142 3315 stecula-

549 3344 729 3400 ribus.
757 3346 1167 3416 Comparatione
1192 3348 1539 3402 militantium
1575 3349 1766 3413 utitur,
1809 3358 1865 3403 et
1909 3351 2146 3406 ostendit

565 3436 733 3491 multo
763 3438 932 3504 magis
962 3453 1058 3492 nos
1085 3453 1116 3490 a
1147 3438 1376 3508 negotiis
1407 3438 1752 3494 saecularibus
1781 3439 1984 3495 liberos
2020 3457 2144 3497 esse

563 3526 780 3592 debere,
828 3536 885 3581 ut
930 3526 1146 3583 Christo
1190 3529 1527 3596 placeamus,
1574 3544 1697 3582 cum
1747 3529 1911 3584 etiam
1961 3530 2144 3586 saeculi

566 3616 764 3672 milites
790 3633 819 3670 a
855 3617 1079 3687 reliquis
1108 3619 1316 3672 actibus
1344 3628 1559 3683 vacent,
1588 3627 1647 3672 ut
1676 3620 1886 3688 possint
1910 3622 2022 3692 regi
2046 3637 2144 3678 suo

564 3705 778 3774 placere
823 3705 1078 3775 perfecte.
1105 3707 1202 3760 Cui
1231 3724 1285 3760 se
1326 3707 1577 3776 probavit.
1617 3709 1686 3764 Se
1729 3709 1942 3765 obtulit.
1973 3710 2142 3767 Nemo

563 3798 726 3862 enim,
756 3799 957 3867 inquit,
1001 3799 1209 3853 duobus
1254 3799 1487 3854 dominis
1521 3801 1724 3855 servire
1766 3812 1962 3871 potest.
2001 3803 2144 3857 Nam

547 3891 612 3940 et
651 3888 739 3956 qui
767 3897 930 3940 certat
965 3887 1019 3940 in
1045 3904 1230 3957 agone,
1273 3905 1376 3942 non
1412 3889 1747 3943 coronabitur
1775 3892 1874 3944 nisi
1917 3891 2144 3961 legitime

562 3978 854 4032 certaverit.
897 3979 1014 4034 Alia
1059 3981 1460 4050 comparatione
1510 3981 1739 4049 idipsum
1781 3981 1953 4035 dicit:
1988 3981 2141 4036 multi

563 4071 707 4125 enim
750 4079 982 4138 certant,
1011 4073 1104 4128 scd
1138 4073 1225 4126 ille
1271 4072 1418 4127 solus
1449 4073 1539 4140 qui
1574 4081 1686 4127 tota
1729 4073 1926 4128 virtute
1955 4074 2146 4128 vicerit

564 4172 854 4216 coronatus
893 4163 1016 4216 erit.
1066 4161 1414 4216 Laborantem
1459 4161 1745 4231 agricolam
1791 4173 1987 4233 oportet
2031 4166 2141 4233 pri-

566 4265 704 4306 mum
733 4251 794 4304 de
835 4249 1092 4318 fructibus
1138 4249 1390 4318 accipere.
1434 4247 1511 4302 Ne
1541 4249 1661 4317 quis
1703 4250 1908 4305 diceret
1943 4269 1955 4304 :
1993 4251 2145 4307 Unde

563 4356 691 4412 ergo
720 4342 959 4395 victurus
1004 4354 1146 4403 sum,
1175 4339 1221 4391 si
1264 4352 1350 4392 me
1380 4346 1552 4392 totum
1588 4354 1924 4410 occupavero
1960 4343 2014 4398 in
2043 4345 2140 4400 do-

562 4434 769 4487 ctrina"
796 4431 1031 4488 ostendit
1070 4446 1193 4485 eum
1220 4430 1490 4499 primitias
1519 4431 1730 4503 frugum
1759 4449 1790 4488 a
1820 4437 2014 4506 populo
2045 4437 2140 4493 de-

561 4523 689 4578 bere
731 4523 1029 4592 percipere,
1065 4522 1370 4578 mercedem
1413 4537 1576 4592 quam
1615 4540 1647 4579 a
1690 4525 1916 4582 Domino
1943 4527 2140 4584 messis

556 4615 820 4686 percipiet
849 4615 903 4669 in
932 4613 1134 4669 futuro.

627 4703 870 4774 Intellige
909 4721 1024 4774 qute
1051 4705 1190 4758 dico.
1229 4703 1365 4772 Quia
1396 4707 1708 4776 parabolam
1747 4709 1902 4764 dixit.
1934 4708 2138 4763 Memor

561 4803 668 4850 esto
711 4790 976 4848 Christum
1018 4794 1200 4848 Jesum
1244 4797 1610 4852 resurrexisse.
1652 4797 1766 4853 Hoc
1811 4807 1895 4853 est
1944 4807 2136 4854 contra

561 4886 679 4942 illos
703 4886 794 4956 qui
831 4887 1008 4941 carnis
1040 4872 1496 4943 resurrectionem
1543 4891 1831 4960 negabant,
1863 4898 1919 4945 et
1947 4891 2138 4946 adver-

559 4991 651 5031 sus
677 4975 792 5031 illos
817 4976 908 5045 qui
933 4985 1128 5047 negant
1153 4974 1426 5034 Christum
1456 4978 1508 5032 in
1545 4994 1709 5034 carne
1739 4980 1969 5046 venisse,
2001 4996 2136 5052 quos

555 5064 711 5122 Iesus
753 5067 1102 5123 antichristos
1128 5067 1396 5139 appellat;
1424 5067 1505 5123 vel
1546 5069 1685 5124 sicut
1718 5069 1806 5125 ille
1837 5079 1961 5139 post
1989 5086 2134 5126 mor-

557 5164 666 5210 tem
696 5157 1010 5222 resurrexit,
1038 5157 1113 5213 ita
1143 5165 1198 5214 et
1238 5164 1296 5213 tu
1336 5158 1560 5214 habebis
1586 5159 1838 5215 solatium
1877 5169 2002 5233 post
2035 5161 2133 5218 tri-

555 5248 906 5304 bulationem.

549 5355 554 5370 σ
626 5333 925 5394 Secundum
966 5340 1289 5412 evangelium
1314 5358 1507 5396 meum.
1536 5341 1844 5398 Secundum
1873 5344 2016 5415 quod
2041 5359 2132 5400 me

553 5428 848 5496 praedicare
873 5445 981 5488 non
1005 5433 1201 5489 nescis.
1229 5431 1335 5488 Sed
1363 5449 1531 5487 sermo
1574 5431 1786 5486 Domini
1815 5451 1917 5489 non
1945 5444 2018 5489 est
2049 5435 2128 5490 al-

555 5517 765 5589 ligatus.
809 5519 944 5589 Quia
989 5531 1280 5594 praesentes
1335 5523 1500 5579 doceo
1548 5521 1891 5590 ﬁducialiter,
1934 5536 1988 5581 et
2035 5526 2126 5582 lit-

555 5612 686 5667 teris
729 5613 981 5669 absentes
1018 5614 1340 5670 conﬁrmare
1391 5629 1500 5669 non
1544 5627 1718 5671 cesso.
1762 5613 1986 5689 Propter
2028 5619 2129 5675 ele-

555 5709 684 5754 ctos.
711 5699 770 5756 Id
795 5709 900 5766 est,
929 5708 989 5755 ut
1022 5701 1122 5756 sim
1151 5702 1453 5772 exemplum
1475 5703 1680 5759 electis.
1717 5702 1784 5759 Ut
1824 5716 1870 5760 et
1897 5708 1998 5778 ipsi
2037 5725 2126 5763 sa-

555 5787 716 5845 lutem
740 5801 1136 5865 consequantur.
1175 5793 1233 5853 Id
1253 5802 1353 5862 est,
1390 5797 1718 5856 sustinentes
1741 5814 1861 5858 meo
1883 5799 2130 5871 exemplo

2246 1957 2425 2014 biliter
2446 1960 2732 2015 vulnerent
2757 1968 2987 2015 mentes.

2316 2049 2440 2102 Iam
2475 2050 2672 2120 factam
2704 2038 2818 2105 esse,
2856 2050 3302 2104 resurrectionem.
3330 2049 3390 2105 Id
3438 2056 3556 2114 est,
3587 2064 3652 2105 eo
3688 2050 3844 2119 quod

2247 2141 2542 2195 succedunt
2569 2140 2664 2194 ﬁlii
2700 2148 2826 2210 post
2853 2147 3126 2210 parentes.
3157 2138 3266 2195 Aut
3294 2139 3368 2194 illi
3397 2147 3607 2194 tantum
3646 2153 3842 2193 resur-

2247 2241 2525 2299 rexerunt,
2561 2233 2629 2288 de
2658 2233 2931 2318 quibus.in
2959 2232 3289 2303 Evangelio:
3316 2231 3386 2286 Et
3413 2231 3581 2287 multa
3607 2247 3842 2302 corpora

2245 2334 2541 2378 sanctorum
2581 2324 2670 2394 qui
2715 2324 3038 2378 dormierunt
3074 2332 3436 2379 surrexerunt.
3477 2321 3582 2376 Aut
3629 2321 3837 2392 factam

2245 2433 2353 2472 esse
2391 2416 2840 2469 resurrectionem.
2869 2414 2928 2470 Id
2975 2421 3088 2480 est,
3124 2414 3334 2470 animas
3374 2415 3430 2469 in
3469 2412 3574 2468 alia
3604 2428 3839 2483 corpora

2243 2507 2477 2561 transire
2515 2515 2786 2576 putantes,
2833 2507 3127 2562 secundum
3169 2505 3506 2561 Platonicum
3553 2519 3833 2560 errorem.

2247 2594 2354 2649 Sed
2385 2595 2598 2664 ﬁrmum
2631 2595 3031 2664 fundamentum
3062 2593 3160 2649 Dei
3189 2603 3315 2650 stat.
3355 2593 3492 2662 Quia
3531 2593 3570 2648 ii
3604 2593 3660 2647 in
3695 2609 3839 2663 quo-

2247 2701 2365 2740 rum
2408 2686 2569 2740 corde
2605 2685 2740 2741 ﬁdes
2774 2686 2975 2742 Christi
3015 2685 3258 2750 fundata,
3291 2700 3399 2740 non
3442 2692 3565 2740 sunt
3603 2683 3833 2750 seducti,

2246 2776 2330 2829 vel
2369 2775 2521 2829 moti.
2572 2774 2731 2830 Novit
2775 2775 3030 2830 Dominus
3074 2777 3164 2846 qui
3201 2785 3323 2830 sunt
3361 2775 3495 2845 ejus.
3528 2773 3645 2829 Hoc
3674 2775 3833 2828 testi-

2248 2866 2490 2920 monium
2529 2867 2584 2920 in
2625 2866 2874 2922 Numeris
2899 2866 3162 2937 scriptum
3189 2874 3291 2923 est.
3331 2864 3433 2931 Qui
3461 2874 3582 2918 sunt
3610 2864 3745 2934 ejus.
3777 2865 3832 2920 Id

2249 2965 2353 3021 est,
2381 2957 2471 3026 qui
2503 2957 2870 3026 praedestinati
2914 2964 3038 3013 sunt
3083 2957 3152 3011 ad
3183 2956 3351 3011 vitam
3377 2965 3657 3021 aeternam,
3688 2956 3832 3011 sicut

2247 3048 2413 3119 Moysi
2457 3060 2695 3119 tempore
2732 3050 2766 3103 ii
2811 3051 2901 3119 qui
2952 3065 2982 3102 a
3013 3049 3224 3103 Dathan
3259 3059 3313 3103 et
3337 3048 3539 3103 Abiron
3581 3047 3833 3104 subversi

2245 3153 2352 3191 non
2380 3149 2524 3204 sunt,
2555 3154 2660 3192 non
2691 3138 2852 3192 simul
2879 3154 3000 3192 cum
3033 3137 3213 3208 impiis
3242 3137 3536 3207 perierunt,
3568 3137 3679 3191 Deo
3708 3136 3828 3192 illos

2170 3231 2216 3294 C
2247 3229 2447 3299 optime
2507 3236 2882 3298 cognoscente.
2925 3227 2995 3280 Et
3037 3227 3270 3281 discedat
3312 3226 3376 3280 ab
3434 3227 3726 3297 iniquitate.
3762 3226 3831 3282 Ut

2249 3336 2356 3375 non
2393 3319 2551 3373 simul
2578 3326 2764 3388 pereat
2793 3333 2917 3372 cum
2945 3317 3162 3387 iniquis.
3194 3317 3298 3382 Qui
3336 3318 3609 3371 nominant
3644 3334 3830 3371 nomen

2247 3412 2369 3464 Dei.
2401 3412 2538 3464 Dum
2565 3410 2693 3464 illud
2721 3418 2969 3464 sanctum
2993 3418 3048 3464 et
3064 3408 3271 3478 justum
3298 3409 3387 3463 sit.
3419 3406 3489 3461 In
3516 3424 3710 3477 magna
3732 3424 3830 3461 au-

2248 3511 2350 3556 tem
2379 3501 2555 3556 domo.
2593 3501 2840 3572 Magnam
2867 3502 3086 3556 domum
3113 3517 3218 3556 non
3259 3499 3554 3555 Ecclesiam
3586 3499 3736 3563 dicit,
3768 3507 3830 3554 ut

2246 3590 2466 3662 quidam
2498 3598 2668 3661 putat,
2693 3606 2814 3660 qua:
2858 3605 2964 3645 non
2998 3590 3160 3645 habet
3196 3589 3486 3665 maculam,
3513 3603 3691 3658 neque
3737 3604 3828 3642 ru-

2247 3697 2391 3752 gam,
2415 3683 2510 3737 sed
2537 3683 2796 3737 mundum
2821 3683 2874 3735 in
2900 3696 3009 3750 quo
3038 3680 3245 3734 zizania
3275 3687 3400 3735 sunt
3433 3679 3597 3734 mista
3623 3678 3823 3734 tritico.

2244 3775 2382 3830 Nam
2407 3776 2859 3832 resurrectionem
2883 3783 3141 3845 negantes
3164 3782 3375 3829 certum
3396 3781 3479 3827 est
3501 3771 3556 3825 in
3584 3769 3823 3844 Ecclesia

2244 3879 2364 3920 esse
2407 3882 2512 3921 non
2545 3881 2721 3936 posse.
2760 3864 2901 3920 Vasa
2943 3881 3128 3918 aurea.
3163 3863 3394 3919 Sensum
3428 3862 3691 3916 mundum
3723 3861 3822 3915 ha-

2243 3956 2452 4022 bentes,
2490 3957 2575 4010 vel
2623 3955 2868 4024 apostoli.
2909 3954 3167 4025 Argentea
3219 3971 3366 4008 vasa.
3412 3952 3681 4021 Loquelas
3725 3951 3823 4007 ha-

2242 4044 2431 4099 bentes
2481 4045 2759 4099 doctrinas.
2812 4043 2935 4097 Alia
2999 4043 3207 4113 quidem
3255 4043 3312 4096 in
3368 4043 3636 4096 honorem.
3688 4042 3823 4096 Vitae

2241 4148 2475 4196 aeternae.
2510 4139 2577 4193 In
2635 4137 3024 4194 contumeliam.
3070 4137 3270 4192 Plenas.
3305 4137 3366 4194 Si
3409 4137 3523 4206 quis
3569 4137 3822 4190 emunda-

2243 4231 2367 4285 verit
2397 4247 2450 4285 se
2480 4230 2543 4283 ab
2588 4231 2724 4284 istis.
2751 4228 2809 4284 Id
2834 4238 2948 4295 est,
2981 4229 3028 4283 si
3062 4227 3184 4298 quis
3213 4241 3246 4280 a
3276 4226 3584 4280 doctoribus
3613 4241 3672 4280 se
3713 4227 3822 4280 hae-

2242 4327 2426 4381 reticis
2453 4324 2846 4386 emundaverit,
2871 4331 2925 4377 et
2951 4321 3243 4378 crediderit
3263 4318 3714 4374 resurrectionem
3741 4316 3822 4372 fu-

2242 4425 2436 4479 turam,
2465 4425 2522 4471 et
2547 4414 2809 4482 judicium
2839 4412 2952 4477 Dei,
2997 4426 3095 4482 per
3127 4411 3231 4466 hoc
3257 4424 3416 4465 omne
3447 4423 3582 4478 opus
3609 4409 3815 4463 bonum

2241 4506 2464 4576 implere
2494 4503 2805 4559 contendet.
2833 4501 3098 4557 Juvenilia
3133 4500 3394 4554 desideria
3432 4499 3574 4568 fuge.
3611 4498 3670 4554 Id
3713 4507 3817 4563 est,

2162 4575 2217 4636 Β
2241 4575 2672 4649 fornicationem.
2709 4588 2907 4644 Pacem
2951 4607 3072 4644 cum
3113 4589 3194 4642 his
3221 4588 3313 4660 qui
3357 4590 3597 4642 invocant
3636 4586 3819 4642 Domi-

2239 4702 2383 4739 num.
2424 4684 2508 4739 Ad
2553 4683 2674 4739 illos
2717 4684 2862 4737 enim
2904 4696 3009 4752 pax
3051 4678 3324 4750 iungenda
3374 4686 3499 4745 est,
3545 4679 3637 4749 qui
3688 4679 3816 4750 jun—

2237 4782 2370 4845 gunt
2401 4789 2459 4829 se
2484 4774 2731 4830 Domino.
2755 4770 2832 4827 De
2869 4775 3026 4825 corde
3051 4785 3204 4840 puro.
3231 4768 3290 4824 Id
3323 4779 3406 4824 est
3424 4809 3438 4836 ,
3465 4784 3575 4826 nou
3603 4777 3815 4825 tantum

2237 4865 2416 4920 labiis.

2310 4955 2529 5012 Servum
2575 4963 2751 5009 autem
2799 4951 3029 5006 Domini.
3070 4950 3298 5006 Servum
3329 4951 3552 5019 Christi,
3583 4951 3677 5022 qui
3707 4967 3816 5009 non

2237 5045 2518 5110 clamabit,
2561 5059 2734 5113 neque
2760 5043 3070 5098 contendet.
3113 5040 3220 5096 Sed
3261 5044 3551 5096 modestum
3594 5060 3704 5098 esse
3744 5043 3815 5098 ad

2233 5152 2428 5191 omnes.
2463 5134 2578 5190 Non
2605 5135 2777 5191 solum
2821 5135 2889 5189 ad
2927 5135 3150 5190 amicos.
3177 5134 3493 5212 Docibilem.
3528 5137 3629 5204 Qui
3675 5138 3817 5192 bene

2233 5226 2367 5282 alios
2408 5226 2616 5282 doceat.
2660 5225 2790 5282 Cum
2831 5225 3107 5281 modestia.
3142 5225 3202 5281 Id
3245 5233 3360 5294 est,
3402 5241 3510 5282 non
3563 5243 3687 5284 cum
3724 5226 3806 5284 fu-

2233 5335 2377 5376 I‘OI‘C.

2843 5407 3071 5466 CAPUT
3108 5408 3193 5464 III.

2302 5500 2417 5557 Hoc
2456 5508 2629 5556 autem
2656 5500 2805 5565 scito,
2850 5502 2976 5570 quia
3003 5501 3060 5556 in
3095 5501 3388 5558 novissimis
3432 5502 3614 5559 diebus
3648 5505 3815 5560 iusta—

2229 5592 2356 5647 bunt
2383 5604 2614 5662 tempora
2651 5589 2966 5661 periculosa.
3008 5590 3127 5649 Non
3165 5593 3237 5648 sit
3284 5593 3381 5649 tibi
3429 5594 3531 5651 hoc
3573 5596 3807 5658 mirum,

2228 5685 2369 5756 quod
2416 5684 2653 5754 quotidie
2687 5680 2866 5753 pejora
2913 5685 3252 5753 perveniunt.
3305 5684 3517 5757 Seipsos
3548 5698 3807 5744 amantes.

2229 5777 2346 5835 Non
2377 5777 2474 5835 Dei
2515 5775 2761 5852 gloriam,
2791 5773 2886 5832 sed
2922 5789 3074 5834 suam
3107 5785 3431 5852 quaerentes.
3465 5776 3800 5838 Parentibus.
