4046 6332
263 308 366 366 2H

1363 305 1693 366 COLLEC’I‘.
1734 303 1803 364 IN
1838 301 2056 362 EPIST.
2096 304 2188 362 AD
2223 304 2458 363 TITUM.

3410 305 3520 367 2‘2

264 423 322 483 Id
352 432 455 490 est,
486 432 542 482 et
562 422 947 498 corporalibus,
966 431 1022 480 et
1051 385 1419 495 spiritualibus
1445 438 1555 478 non
1580 423 1834 478 obedien-
1860 422 1913 483 Α
2007 420 2200 491 Argue.
2225 419 2564 476 Peccatores.
2590 418 2841 474 Obsecro.
2863 416 3136 476 Seniores.
3155 419 3399 492 Increpa.
3416 420 3519 478 Su-

263 525 369 572 tes.
413 514 542 571 Sine
586 518 796 586 affectu.
843 514 1242 571 Misericordiae.
1291 513 1698 568 Incontinentes.
1735 511 1840 567 Per

263 605 556 662 luxuriam.
587 605 822 676 Speciem
846 607 1074 676 pietatis.
1105 604 1162 661 Id
1187 613 1290 670 est,
1313 604 1367 659 in
1398 605 1606 669 habitu,
1633 619 1726 658 seu
1753 605 1841 658 do-

263 699 463 755 ctrina.
494 696 839 767 Abnegantes.
878 696 1160 765 Operibus.
1192 695 1295 762 Qui
1336 704 1605 766 penetrant
1633 695 1837 747 domus.

262 787 349 843 Ad
389 787 788 858 praedicandum
818 786 904 840 vel
937 788 1320 843 seducendum.
1365 787 1436 841 Et
1464 788 1706 857 captivas
1736 785 1836 838 du-

264 891 388 936 cunt
421 879 777 947 mulierculas,
802 891 1043 936 oneratas
1069 882 1310 952 peccatis.
1340 880 1396 935 Id
1419 890 1523 945 est,
1557 880 1843 950 impunita-

263 972 507 1042 temillis
533 979 590 1027 et
628 972 842 1027 veniam
867 973 1259 1044 promittentes,
1290 975 1401 1026 sive
1436 971 1678 1026 inﬁrmas
1724 970 1842 1025 ani-

260 1079 383 1120 mas
425 1079 544 1134 quae
588 1063 804 1119 feminis
850 1075 1253 1134 comparantur,
1283 1064 1538 1118 hmretica
1570 1061 1840 1132 perversi-

261 1162 378 1210 tate
411 1162 782 1224 corrumpunt.
811 1151 1029 1226 Semper
1054 1154 1326 1209 discentes.
1354 1152 1503 1209 Nova
1523 1167 1738 1224 semper
1765 1152 1845 1206 di-

261 1259 418 1301 scere
446 1246 741 1315 cupientes.

337 1335 786 1402 Quemadmodum
811 1336 948 1392 enim
989 1335 1203 1392 Jumnes
1238 1345 1288 1391 et
1331 1335 1593 1391 Mambres
1642 1336 1840 1391 restite-

261 1437 384 1480 runt
427 1427 615 1499 Moysi.
667 1427 733 1481 Hi
769 1435 894 1482 sunt
939 1428 1114 1497 magi,
1157 1427 1247 1498 qui
1302 1427 1545 1482 fecerunt
1587 1425 1740 1496 signa
1786 1425 1840 1480 in

260 1517 498 1589 Egypto
527 1526 711 1573 contra
742 1518 895 1589 signa
926 1518 1116 1590 Moysi.
1146 1517 1212 1572 Et
1257 1519 1374 1574 hxec
1417 1517 1634 1572 nomina
1679 1519 1831 1572 inve-

261 1607 484 1662 niuntur
510 1623 617 1663 non
645 1609 700 1662 in
732 1607 886 1662 libris
921 1607 1078 1680 legis,
1107 1609 1199 1664 sed
1223 1608 1423 1662 Paulus
1443 1608 1695 1677 protulit,
1726 1609 1838 1663 sive

261 1713 362 1769 per
406 1699 698 1770 Spiritum,
739 1699 854 1755 sive
899 1715 995 1770 per
1042 1699 1292 1771 peritiam
1333 1699 1558 1754 aliarum
1589 1699 1837 1769 Scriptu-

263 1805 466 1846 rarum.

331 1879 483 1935 Circa
511 1880 688 1950 ﬁdem.
728 1879 866 1948 Quia
905 1896 1012 1936 non
1041 1881 1246 1936 intrant
1289 1880 1342 1934 in
1372 1880 1554 1946 ﬁdem,
1580 1881 1672 1936 sed
1705 1880 1838 1938 loris

259 1978 406 2025 sunt.
427 1968 552 2024 Non
571 1969 864 2040 proﬁcient.
888 1970 969 2023 Ad
992 1971 1292 2025 nocendum
1317 1969 1454 2024 aliis.
1483 1968 1627 2025 Sicut
1649 1980 1695 2024 et
1718 1972 1846 2024 alio-

259 2075 397 2115 rum.
439 2059 497 2115 Id
521 2069 626 2128 est,
650 2075 932 2130 magorum
966 2059 1086 2124 fuit,
1115 2075 1236 2116 cum
1265 2060 1499 2116 confessi
1523 2070 1647 2117 sunt
1678 2061 1845 2132 digito

259 2151 361 2206 Dei
393 2167 452 2208 se
481 2151 648 2207 fuisse
671 2160 971 2222 superatos.

335 2240 416 2295 Tu
445 2252 618 2296 autem
647 2252 913 2297 assecutus
937 2258 989 2297 es
1012 2257 1184 2296 meam
1209 2242 1524 2296 doctrinam.
1547 2242 1603 2296 Id
1632 2251 1737 2308 est,
1765 2243 1846 2298 id-

257 2333 414 2388 circo
439 2333 534 2388 tibi
564 2350 669 2388 non
698 2335 883 2398 timeo,
907 2334 1033 2403 quia
1063 2335 1176 2389 scio
1203 2343 1254 2388 te
1280 2335 1580 2389 doctrinam
1602 2344 1656 2388 et
1677 2335 1844 2390 vitam

257 2438 444 2479 meam
491 2425 804 2494 cognovisse
851 2425 1072 2494 optime.
1110 2425 1182 2478 Et
1224 2442 1288 2480 ex
1322 2427 1559 2480 omnibus
1611 2425 1846 2481 liberavit

258 2512 540 2568 Dominus.
564 2515 641 2569 Ita
667 2523 721 2570 et
749 2515 813 2570 de
841 2517 1092 2571 omnibus
1116 2525 1168 2572 te
1192 2518 1404 2588 eripiet.
1433 2519 1500 2572 Et
1526 2519 1581 2573 in
1610 2535 1840 2574 errorem

257 2604 538 2658 mittentes.
565 2603 634 2661 Ut
659 2614 741 2661 est
765 2623 778 2661 :
818 2606 942 2661 Non
968 2607 1139 2662 solum
1171 2626 1274 2663 non
1309 2611 1519 2664 intratis
1545 2611 1600 2664 in
1628 2627 1843 2680 regnum

260 2696 531 2762 caelorum,
573 2699 662 2753 sed
703 2701 956 2756 intrantes
995 2703 1277 2772 prohibetis
1324 2704 1537 2776 (Matth.
1565 2707 1740 2778 ιχιιι).
1773 2707 1842 2760 Et

259 2788 462 2844 credita
506 2789 618 2846 tibi.
647 2791 695 2846 A
741 2792 856 2849 Deo
885 2809 981 2866 per
1019 2810 1138 2852 nos.
1171 2784 1354 2852 Sciens
1395 2815 1427 2852 a
1461 2814 1562 2868 quo
1592 2799 1838 2853 didicisti.

262 2878 394 2934 Sive
418 2895 449 2934 a
477 2896 608 2938 vero
641 2884 906 2954 apostolo,
945 2885 1058 2942 sive
1086 2903 1183 2957 per
1213 2888 1383 2959 legem
1422 2904 1452 2942 a
1482 2889 1609 2944 Deo.
1642 2887 1748 2943 Per
1777 2890 1843 2959 fi-

260 2968 382 3022 dem
411 2986 526 3040 qua!
551 2982 627 3026 est
667 2974 724 3028 in
765 2974 969 3030 Christo
1000 2976 1150 3031 Jesu.
1182 2976 1308 3033 Sine
1337 2978 1442 3034 ﬁde
1468 2981 1611 3034 enim
1643 2980 1841 3035 Christi

261 3057 458 3114 litterae
502 3059 639 3133 legis
666 3066 773 3119 non
808 3065 924 3136 jam
972 3067 1241 3123 sulﬁciunt
1269 3070 1335 3124 ad
1366 3069 1613 3125 salutem.
1660 3069 1841 3126 Omnis

263 3146 542 3219 Scriptura
557 3122 829 3211 “divinitus
852 3157 1110 3225 inspirata
1135 3122 1840 3217 utilis
1871 3122 1916 3187 C

261 3237 470 3296 Docere
491 3247 746 3301 convenit
765 3247 832 3303 de
853 3249 940 3306 his
964 3265 1082 3320 qua:
1102 3251 1190 3323 agi
1214 3251 1431 3308 debent.
1454 3253 1697 3325 Arguere
1715 3269 1844 3310 vero

261 3341 598 3403 peccatores,
631 3337 906 3409 corrigere
931 3355 1064 3396 vero
1099 3343 1442 3413 pwnitentes,
1487 3345 1722 3413 erudire,
1751 3344 1845 3401 ad-

265 3422 465 3481 ducere
489 3426 767 3486 hominem
787 3431 856 3487 ad
878 3431 1168 3502 justitiam.
1257 3487 1262 3492 ,

875 3521 1104 3580 CAPUT
1141 3525 1230 3581 IV.

348 3605 615 3680 Testiﬁcor
643 3628 818 3668 coram
848 3613 960 3669 Deo
1001 3624 1051 3670 et
1089 3614 1218 3671 Jesu
1245 3614 1475 3675 Christo.
1501 3617 1852 3677 Contestatur

269 3699 424 3757 illum
458 3718 556 3773 per
579 3704 825 3760 universa
853 3721 973 3777 qua:
1008 3707 1178 3762 credit
1208 3709 1399 3780 religio
1425 3709 1760 3777 Christiana,
1787 3718 1850 3766 ut

266 3794 496 3850 verbum
523 3795 619 3850 Dei
654 3796 920 3854 instanter
948 3799 1247 3855 annuntiet.
1279 3800 1382 3866 Qui
1411 3801 1750 3872 judicaturus
1776 3811 1852 3858 est

263 3886 412 3941 uicos
447 3896 496 3942 et
542 3898 794 3945 mortuos.
836 3889 972 3958 Quia
1014 3893 1168 3948 vivos
1213 3894 1470 3961 inveniet,
1511 3903 1569 3951 et
1609 3905 1850 3954 mortuos

265 3977 576 4034 suscitabit.

340 4061 511 4118 Iusta.
553 4063 866 4124 Commode.
893 4067 1213 4140 Opportune.
1244 4063 1614 4143 Opportunum
1653 4080 1738 4128 est
1779 4073 1849 4128 li-

261 4154 461 4212 benter
496 4159 864 4228 audientibus;
891 4161 1256 4233 importunum
1289 4180 1418 4221 vero
1454 4165 1638 4222 invitis
1679 4172 1736 4222 et
1759 4180 1853 4222 no-

264 4243 507 4304 lentibus
531 4250 846 4320 praedicam.

1940 514 2137 582 perbos
2164 521 2220 568 et
2246 514 2582 568 resistentes.
2607 509 2714 567 Sed
2742 511 3063 566 haec'omnia
3093 526 3214 566 cum
3238 513 3517 582 patientia,

1940 611 1996 658 et
2017 603 2312 658 secundum
2337 603 2639 658 doctrinam
2663 602 2866 674 perﬁce
2893 602 3048 673 legis.

2025 694 2332 764 Magistros.
2388 693 2702 749 Hmreticos.
2764 691 3041 748 Pruriens.
3095 692 3376 749 Placentes
3424 707 3522 748 au-

1941 785 2091 840 ribus
2139 786 2346 841 scilicet
2381 786 2705 841 auditorum.
2749 785 2920 840 Aliter
2959 804 2972 840 :
3006 784 3320 840 Pruricntes
3367 786 3518 840 auri-

1939 879 2058 942 bus,
2091 879 2192 934 hoc
2237 887 2352 945 est,
2401 879 2502 949 ipsi
2532 879 2804 934 auditores
2833 879 3054 934 auribus
3081 877 3510 933 considerantes.

1941 969 2187 1026 Pruritus
2236 979 2320 1025 est
2385 971 2530 1025 enim
2595 971 2899 1026 incendium
2957 971 3166 1036 carnis,
3213 970 3330 1025 sine
3382 968 3521 1025 effu-

1941 1061 2095 1117 sione
2116 1061 2392 1132 sanguinis
2417 1061 2502 1116 vel
2528 1063 2770 1126 seminis,
2795 1061 2875 1117 sic
2893 1062 3116 1117 verbum
3143 1060 3523 1116 haereticorum

1942 1152 2196 1208 sollicitat
2244 1167 2403 1207 aures
2451 1151 2782 1208 audientium
2821 1154 2936 1208 sine
2986 1153 3214 1208 veritate
3260 1152 3524 1224 praedica-

1942 1242 2128 1298 tionis.

2012 1333 2093 1386 Ad
2124 1331 2335 1402 fabulas
2362 1342 2539 1388 autem
2585 1344 2968 1391 convertentur.
3002 1335 3084 1391 Ad
3115 1334 3389 1393 fabulosas
3437 1351 3530 1393 as-

1943 1423 2228 1477 sertiones.

2014 1512 2367 1568 Ministerium
2399 1523 2544 1570 tuum
2577 1513 2751 1586 imple.
2779 1513 3002 1572 Scilicet
3027 1516 3384 1588 episcopatus,
3417 1531 3527 1573 non

1943 1603 2086 1657 enim
2119 1619 2333 1675 semper
2359 1621 2455 1660 ero
2491 1606 2543 1660 in
2575 1621 2802 1676 corpore
2828 1615 2889 1661 ut
2923 1607 3134 1663 valeam
3163 1624 3526 1664 commonere.

1947 1695 2220 1753 Certamen
2249 1700 2438 1754 bonum
2473 1702 2683 1755 certari.
2735 1702 2888 1757 Modo
2920 1701 3032 1770 jam
3064 1706 3398 1761 conﬁdenter
3422 1705 3529 1762 hoc

1868 1769 1916 1828 B
1944 1789 2074 1844 dicit
2120 1791 2172 1844 in
2221 1800 2465 1846 extremo
2509 1793 2634 1848 vita:
2667 1793 2836 1848 limite
2866 1769 3208 1857 constitutus,
3244 1811 3534 1865 compara-

1946 1880 2092 1934 tione
2117 1881 2290 1935 utitur
2312 1899 2443 1938 sane
2477 1884 2529 1938 in
2558 1899 2728 1954 agone
2753 1885 3097 1939 certantium.
3131 1883 3354 1940 Certavi.
3389 1884 3533 1940 Con-

1943 1977 2029 2023 tra
2069 1979 2190 2026 octo
2237 1973 2400 2037 vitia,
2454 1975 2743 2040 dmmones,
2775 1976 3078 2041 hzereticos,
3127 1985 3526 2046 persecutores.

1945 2058 2171 2115 Cursum
2224 2065 2598 2117 consummavi.
2651 2066 2708 2119 In
2759 2067 3029 2120 mandatis
3076 2067 3288 2121 divinis.
3335 2065 3530 2121 Fidem

1943 2153 2162 2205 servavi.
2190 2151 2435 2222 Suscepti
2458 2154 2618 2208 oﬁicii
2641 2155 2801 2210 ﬁdem
2830 2156 2884 2209 in
2909 2156 3067 2210 ﬁnem
3097 2173 3265 2226 usque
3295 2157 3528 2212 servavi.

1946 2241 2194 2313 Reposito
2221 2255 2297 2298 est
2335 2247 2464 2300 mihi
2495 2264 2688 2301 corona
2710 2249 2956 2318 justitiaz.
3001 2248 3060 2304 Id
3109 2258 3223 2316 est,
3256 2250 3534 2320 hucusque

1943 2331 2156 2388 labores
2185 2349 2375 2403 passus
2405 2353 2549 2403 sum,
2579 2355 2724 2393 nunc
2771 2349 2951 2395 autem
2997 2341 3301 2396 mercedem
3342 2355 3535 2412 exspe-

1945 2435 2053 2480 cto.
2097 2426 2283 2481 Justus
2327 2427 2526 2483 Iudex.
2571 2430 2670 2496 Qui
2702 2446 2809 2486 non
2850 2445 3149 2501 personas,
3195 2433 3289 2488 sed
3335 2433 3532 2487 merita

1944 2517 2214 2585 respiciet.
2261 2515 2479 2572 Festina
2530 2520 2598 2572 ad
2645 2537 2746 2574 me.
2781 2520 2865 2574 Ah
2908 2520 3122 2591 Epheso
3160 2521 3229 2576 ad
3278 2520 3529 2575 Romam.

1943 2607 2133 2662 Demus
2172 2626 2252 2664 me
2276 2610 2578 2681 dereliquit,
2611 2612 2832 2683 diligens
2860 2613 2958 2667 hoc
2986 2611 3258 2668 swculum.
3291 2611 3526 2668 Necesse

1943 2703 2085 2755 enim
2122 2710 2261 2766 erat,
2287 2710 2346 2756 ut
2373 2702 2601 2774 diligens
2631 2705 2886 2759 saeculum
2913 2705 3246 2775 relinqueret
3267 2706 3530 2761 saeculum

1943 2791 2335 2861 relinquentem
2359 2811 2373 2846 :
2403 2809 2562 2849 omne
2585 2796 2729 2849 cnim
2757 2796 2958 2850 animal
2989 2796 3058 2851 ad
3082 2797 3257 2852 simile
3285 2796 3386 2852 sibi
3409 2795 3532 2866 jun-

1943 2881 2107 2951 gitur.
2147 2879 2292 2935 Titus
2317 2882 2372 2936 in
2400 2881 2744 2937 Dalmatiam.
2785 2883 2877 2938 Isti
2906 2892 3085 2939 autem
3123 2885 3274 2940 missi
3316 2893 3443 2939 sunt
3471 2893 3527 2938 ct

1945 2971 2317 3025 deseruerunt.
2340 2969 2598 3025 Penulam
2623 2989 2782 3044 quam
2809 2973 2992 3045 reliqui
3019 2973 3223 3028 Troade
3242 2975 3382 3046 apud
3405 2972 3532 3028 Car-

1944 3079 2068 3133 pum
2094 3063 2298 3117 teniens
2326 3063 2460 3132 aﬁ'er
2483 3072 2669 3118 tecum.
2696 3064 2897 3119 Penula
2934 3073 3018 3120 est
3044 3066 3189 3121 enim
3225 3065 3442 3121 lacerna
3473 3067 3531 3121 in

1948 3153 2167 3208 modum
2206 3153 2445 3209 cucullae.
2489 3154 2621 3210 Item
2661 3154 2876 3210 lacerna
2903 3156 3062 3223 stola,
3093 3165 3186 3212 aut
3216 3173 3384 3229 genus
3425 3173 3521 3212 cu-

1950 3245 2104 3301 cullze
2133 3246 2363 3302 subtilis.
2397 3246 2599 3302 Penula
2634 3247 2886 3304 Latinum
2917 3256 3033 3318 est,
3070 3249 3123 3305 id
3162 3258 3277 3316 est,
3309 3249 3529 3305 lacerna

1951 3337 2174 3393 clarata.
2201 3337 2406 3393 Reddat
2431 3339 2509 3394 illi
2529 3338 2784 3396 Dominus
2808 3341 3090 3396 secundum
3127 3357 3284 3411 opera
3310 3341 3442 3412 ejus.
3471 3340 3532 3396 In

1949 3427 2053 3484 hoc
2086 3429 2392 3500 pmphetat,
2422 3444 2530 3484 non
2557 3438 2739 3500 optat,
2781 3431 3075 3486 secundum
3105 3429 3493 3501 Hieronymum
3513 3470 3530 3496 ,

1948 3525 2012 3572 ut
2061 3515 2119 3573 in
2165 3526 2398 3574 tractatu
2445 3519 2812 3576 Ecclesiastici
2859 3522 2976 3590 ipse
3018 3521 3112 3574 ait.
3151 3519 3334 3574 Verbis
3379 3521 3530 3575 meis.

1952 3605 2166 3674 Quanto
2189 3609 2362 3680 magis
2388 3609 2530 3664 tuis?

2022 3696 2092 3751 In
2140 3699 2312 3768 prima
2360 3697 2679 3767 defensione.
2724 3698 2949 3766 Quando
2990 3697 3204 3754 delendi
3251 3697 3309 3753 in
3355 3695 3532 3753 Roma

1951 3789 2318 3861 evangelicam
2361 3789 2556 3858 ﬁdem,
2592 3792 2826 3846 secundo
2867 3805 3010 3848 anno
3038 3790 3284 3847 Neronis.
3321 3789 3399 3845 De
3441 3806 3532 3844 ore

1951 3881 2134 3937 leonis.
2155 3879 2401 3936 Neronis.
2430 3882 2506 3937 Ab
2529 3883 2671 3938 omni
2689 3899 2839 3955 opere
2866 3881 3024 3938 malo.
3047 3883 3129 3938 Ab
3153 3881 3525 3938 insidiantium

1951 3963 2308 4044 malignitate.
2325 3969 2571 4028 Erastus.
2595 3972 2746 4029 Pauli
2773 3973 3082 4044 discipulus.
3106 3971 3352 4028 Claudia.
3373 3971 3530 4040 Qua:-

1950 4064 2076 4120 dam
2130 4063 2343 4120 mulier.
2370 4062 2502 4120 Cum
2538 4065 2728 4137 spiritu
2767 4075 2878 4121 tuo.
2908 4066 3044 4134 Quia
3078 4081 3243 4124 carne
3281 4073 3529 4122 mortuus

1952 4153 2304 4226 spiritualiter
2329 4153 2486 4212 vivis.
3386 4181 3390 4184 -

263 4398 3442 4430 Μ

1198 4758 1310 4842 IN
1362 4753 1946 4838 EPISTOLAM
2007 4754 2141 4836 Al)
2193 4747 2567 4868 TITuM.

782 5025 1012 5086 CAPUT
1040 5025 1330 5086 PRIMUM.

351 5157 506 5216 Hanc
556 5158 854 5234 Epistolam
913 5162 1103 5219 scribit
1153 5162 1220 5218 dc
1275 5160 1558 5232 Nicopoli,
1610 5175 1730 5232 quae
1789 5161 1846 5216 in

258 5253 492 5311 Actiaco
550 5253 732 5311 littore
798 5255 901 5310 sita
960 5261 1084 5321 est,
1146 5252 1214 5307 ad
1275 5252 1454 5307 Titum
1524 5251 1845 5322 discipulum

257 5355 452 5407 stium,
504 5358 666 5416 quem
722 5343 897 5401 Creta:
943 5343 1270 5416 reliquerat,
1319 5341 1387 5397 ad
1444 5341 1702 5398 ecclesias
1756 5341 1844 5397 in-

259 5433 576 5491 struendas.

341 5548 548 5606 Paulus
580 5568 754 5607 servus
785 5551 902 5607 Dei.
926 5550 981 5607 Id
1025 5558 1142 5618 est,
1174 5564 1282 5605 non
1327 5546 1567 5619 peccati,
1606 5555 1701 5600 aut
1745 5561 1840 5603 ve-

262 5641 404 5696 teris
452 5641 605 5714 legis.
647 5644 925 5714 Apostolus
968 5653 1141 5698 autem
1186 5641 1400 5696 Christi.
1434 5638 1569 5706 Quia
1611 5637 1680 5692 ah
1727 5638 1844 5709 ipso

267 5731 475 5792 missus
517 5735 620 5791 fuit
665 5736 981 5822 pradicare.
1021 5734 1321 5792 Secundum
1361 5733 1518 5803 ﬁdem
1562 5730 1844 5788 electorum

1872 5001 2069 5070 DDei.
2109 5002 2167 5058 Id
2220 5010 2333 5070 est,
2371 5003 2666 5059 secundum
2711 4973 2958 5060 eamdem
3005 5000 3198 5072 ﬁdem,
3250 5017 3356 5074 qua
3406 5017 3528 5062 cre-

1948 5095 2138 5148 dentes
2161 5093 2318 5149 electi
2349 5103 2492 5158 sunt,
2526 5110 2648 5149 cum
2685 5104 3076 5165 cognoscerent
3105 5094 3406 5150 veritatem.
3446 5096 3518 5152 Et

1949 5185 2264 5254 agnitionem
2308 5185 2561 5239 ueritatis.
2608 5185 2781 5252 Quam
2821 5185 3080 5257 praedico,
3116 5193 3177 5239 ut
3222 5193 3523 5254 agnoscant

1946 5277 2231 5331 veritatem
2277 5275 2410 5331 Novi
2450 5277 2820 5343 Testamenti,
2874 5275 3062 5332 relicta
3128 5269 3328 5331 littera.
3390 5275 3524 5342 Qua:

1945 5367 2229 5421 secundum
2269 5367 2508 5436 pietatem
2548 5378 2642 5422 est.
2683 5366 2800 5421 Non
2841 5366 3186 5421 severitatem
3212 5365 3411 5420 veteris
3445 5364 3526 5422 le-

1950 5457 2050 5526 gis.
2083 5455 2254 5511 Aliter
2281 5476 2293 5510 :
2325 5457 2450 5513 Haec
2492 5467 2577 5512 est
2614 5458 2772 5528 plane
2800 5457 3024 5521 veritas,
3056 5471 3176 5525 qua:
3206 5471 3313 5511 non
3358 5454 3526 5511 habet

1949 5548 2237 5617 pietatem;
2273 5548 2437 5608 verbi
2487 5549 2680 5619 gratia,
2714 5547 2759 5600 si
2794 5547 2927 5620 quis
2966 5548 3376 5616 grammaticam
3423 5560 3524 5622 nos

1948 5642 2088 5695 verit
2130 5649 2300 5695 artem
2340 5650 2395 5695 et
2440 5641 2808 5705 dialecticam,
2848 5649 2908 5695 ut
2943 5641 3086 5696 inter
3120 5640 3253 5696 falsa
3292 5649 3347 5695 et
3385 5631 3520 5693 vera

1949 5729 2240 5801 dijudicet,
2289 5731 2490 5800 absque
2541 5730 2740 5800 pietate
2804 5731 2992 5798 notitia
3057 5731 3303 5788 veritatis
3363 5727 3517 5784 dele-
