4046 6332
102 3640 345 3746 ἔναντι,

119 3779 445 3877 962me
473 3833 488 3850 ι
536 3814 637 3859 tem
666 3802 878 3878 Cephea,
906 3807 1177 3862 communi
1206 3808 1649 3879 presbyterorum
1684 3804 1909 3861 consilio
1937 3804 2113 3861 eccle-

512 394 621 455 245

1896 388 2164 446 SEDULII
2203 388 2400 448 SCOTI

3622 382 3628 386 ’
3665 385 3787 442 244

518 527 631 574 ctat
677 518 744 573 ad
783 529 1043 588 praesens,
1073 512 1168 571 sed
1197 510 1554 571 alternitatem
1599 521 1706 564 non
1740 507 1905 565 habet
1950 521 2089 579 pra:-
2113 492 2166 568 Α
2191 504 2456 573 cupidum.
2496 499 2692 571 Turpis
2733 498 2869 554 lucri
2915 496 3172 570 appetitio
3208 505 3295 555 est
3328 495 3450 572 plus
3477 512 3648 570 quam
3688 514 3793 555 ne-

516 613 767 668 miorum.

587 784 722 840 Ante
749 792 983 855 tempora
1026 778 1326 836 scrcularia.
1354 776 1493 833 Ante
1521 776 1708 835 mundi
1743 775 1923 830 omnia
1952 781 2088 829 tem-

521 888 690 945 pora,
733 870 872 943 apud
908 887 968 928 se
1013 869 1293 941 proposuit
1336 883 1434 938 per
1477 866 1673 921 Filium
1717 865 1926 921 salvare
1971 878 2090 919 cre-

521 967 732 1023 dentes.
763 963 1017 1034 Tempora
1042 972 1215 1017 autem
1241 957 1519 1015 sweularia
1540 958 1684 1012 dicit.
1711 954 1824 1012 [loc
1842 963 1947 1023 est,
1970 970 2095 1024 quas

517 1055 702 1112 multis
751 1055 958 1111 saeculis
990 1054 1223 1126 cyclisve
1263 1051 1332 1107 ab
1368 1036 1521 1106 initio
1567 1047 1752 1103 mundi
1802 1045 2089 1103 revolvun-

519 1154 648 1202 tur:
679 1154 805 1202 sunt
827 1145 1024 1202 etenim
1060 1153 1301 1214 tempora
1342 1158 1461 1214 qua:
1491 1156 1596 1195 non
1625 1146 1750 1194 sunt
1777 1137 2080 1205 szecularia,

518 1238 581 1294 ut
605 1240 766 1295 unius
791 1240 961 1305 horze,
984 1238 1070 1294 vel
1093 1237 1197 1292 diei
1226 1244 1457 1305 tempus,
1486 1249 1605 1301 quae
1630 1248 1736 1286 non
1763 1231 1972 1305 smculis
1997 1229 2097 1305 sed

519 1331 809 1386 momentis
846 1304 1113 1386 constant.
1153 1304 1508 1394 Manifestavit
1547 1331 1719 1376 autem
1778 1304 2093 1391 temporibus

520 1422 632 1478 suis
672 1422 879 1477 verbum
918 1438 1071 1476 suum
1100 1420 1154 1473 in
1183 1416 1570 1489 prrrdicatione.
1612 1413 1843 1468 Attende
1886 1422 2095 1469 textum

520 1524 577 1571 et
614 1517 860 1573 ordinem
905 1514 1155 1570 lectionis
1187 1527 1201 1565 :
1232 1510 1488 1580 quoniam
1520 1512 1631 1563 vita
1676 1514 1899 1571 mterna,
1933 1522 2096 1577 quam

521 1623 629 1661 non
685 1608 917 1663 mendax
955 1606 1096 1661 Deus
1142 1613 1268 1658 ante
1317 1601 1511 1658 saecula
1565 1608 1766 1655 aeterna
1803 1600 2096 1669 promisit,

519 1713 628 1753 non
668 1698 769 1753 alia
811 1699 882 1753 sit
922 1697 1125 1767 absque
1149 1695 1316 1749 verbo
1346 1690 1440 1748 Dei
1481 1712 1494 1747 :
1532 1692 1888 1762 Manifestarit
1925 1693 2097 1756 enim,

520 1788 715 1858 inquit,
742 1787 1052 1859 temporibus
1081 1787 1190 1840 suis
1233 1786 1440 1839 verbum
1482 1800 1654 1847 suum,
1687 1783 1830 1852 quod
1858 1782 1911 1835 in
1949 1783 2098 1851 prin-

2188 609 2338 651 cesse
2364 601 2449 648 est
2476 594 2541 648 de
2570 591 2930 662 praesentibus
2955 591 3215 661 cogitare.

2259 684 2365 740 Sed
2394 683 2723 755 hospitalem.
2754 681 3046 752 [lucusque
3073 680 3203 753 quid
3230 699 3339 738 non
3362 683 3553 739 debeat
3573 682 3797 739 habere

2187 777 2471 846 episcopus
2516 776 2630 831 sive
2666 775 2971 846 presbyter,
2993 790 3138 830 nunc
3175 774 3306 844 quid
3344 773 3547 829 habere
3584 772 3796 845 debeat

2187 870 2509 938 explicatur.
2560 868 2875 939 Benignum.
2916 868 3059 924 Ante
3110 868 3500 940 episcopatum.
3537 866 3793 923 Iustum.

2187 961 2245 1016 In
2263 952 2502 1031 judiciis.
2541 960 2947 1031 Amplectentem
2986 978 3105 1016 eum
3139 962 3231 1033 qui
3260 960 3550 1016 secundum
3578 959 3796 1015 doctri-

2189 1070 2313 1109 nam
2347 1063 2424 1108 est
2453 1052 2661 1122 ﬁdelem
2705 1069 3016 1107 sermonem.
3048 1051 3167 1108 Non
3216 1052 3427 1109 fabulas
3464 1050 3797 1108 saeculares.

2193 1143 2259 1197 Et
2282 1143 2596 1198 seductares.
2634 1143 2691 1197 in
2726 1142 2935 1209 Graeco,
2964 1144 3227 1201 mentium
3265 1143 3582 1215 deceptores
3622 1141 3798 1215 [φρε-

2190 1233 2472 1306 ναπάται].
2503 1233 2736 1287 Maxime
2756 1234 2857 1307 qui
2884 1235 2948 1288 de
2980 1235 3373 1289 circumcisione
3402 1244 3545 1289 sunt.
3572 1234 3631 1287 Id
3664 1240 3801 1302 est,

2194 1326 2286 1394 qui
2306 1325 2578 1381 humanas
2596 1325 2778 1395 potius
2799 1325 3120 1380 traditiones
3143 1341 3306 1396 quam
3328 1326 3506 1381 divina
3524 1324 3799 1381 mandata

2195 1416 2509 1485 loquuntur.
2541 1415 2645 1482 Qui
2672 1416 2940 1470 universas
2965 1416 3149 1470 domus
3181 1416 3504 1471 subvertant.
3530 1416 3608 1471 De
3633 1415 3801 1471 cibo-

2196 1524 2316 1562 rum
2366 1507 2702 1573 dill‘erentia,
2755 1515 2811 1563 et
2863 1509 2929 1563 de
2978 1508 3430 1574 circumcisione,
3460 1517 3518 1562 et
3557 1508 3799 1563 sabbato

2199 1606 2513 1663 tractantes,
2545 1606 2601 1653 et
2625 1598 2730 1653 hoc
2763 1613 2871 1653 non
2910 1598 3029 1653 zelo
3064 1598 3159 1651 Dei
3201 1598 3437 1663 faciunt,
3474 1598 3566 1652 sed
3609 1598 3802 1668 turpis

2197 1689 2335 1743 lucri
2379 1690 2573 1761 gratia.
2603 1690 2749 1745 Dixit
2792 1691 3010 1761 quidam
3057 1707 3121 1744 ea:
3160 1689 3266 1744 illis
3304 1691 3544 1761 proprius
3569 1688 3802 1744 illorum

2200 1783 2468 1853 propheta.
2501 1782 2768 1849 Quoniam
2807 1782 2874 1836 ad
2915 1782 3121 1837 exitum
3156 1782 3443 1845 sermonis,
3469 1789 3523 1836 et
3559 1782 3626 1836 ad
3654 1797 3805 1836 con-

521 1879 664 1948 cipio
699 1886 815 1933 erat
845 1877 983 1947 apud
1018 1878 1186 1931 Deum
1218 1876 1455 1931 Patrem.
1486 1875 1786 1931 Secundum
1820 1874 2098 1943 imperium
2125 1861 2174 1921 Β
2203 1875 2488 1930 tinentiam
2516 1874 2620 1930 loci
2657 1874 2895 1944 pertinet
2922 1874 3025 1930 hoc
3064 1874 3207 1944 quod
3234 1874 3314 1927 ait
3343 1892 3356 1926 :
3389 1873 3532 1930 Dixit
3567 1874 3801 1945 quidam

424 1976 427 1979 '
524 1964 811 2021 Saluatoris
842 1968 1005 2021 nostri
1031 1967 1145 2021 Dei.
1172 1966 1305 2022 Cum
1336 1966 1560 2021 Paulum
1588 1979 1640 2020 ct
1668 1967 1975 2021 Barnabam
2013 1980 2099 2020 se-

523 2059 735 2131 gregari
765 2061 1037 2130 praecepit,
1066 2069 1124 2115 ut
1150 2061 1352 2117 Gentes
1377 2063 1650 2116 docerent.
1675 2059 1852 2130 Hujus
1877 2061 1954 2113 rei
1981 2075 2101 2130 gra-

523 2149 597 2202 tia
631 2149 815 2222 reliqui
838 2162 885 2205 te
907 2151 1092 2206 Cretan
1109 2152 1399 2222 Postquam
1420 2152 1753 2206 credentium
1777 2152 1911 2206 dura
1932 2152 2102 2206 corda

522 2241 811 2307 mollierat,
831 2253 939 2298 tam
961 2244 1013 2297 in
1034 2244 1202 2315 signis
1223 2259 1384 2312 quam
1410 2258 1680 2307 sermone,
1705 2250 1760 2297 et
1786 2241 2103 2297 fundamen-

523 2338 636 2386 tum
678 2332 799 2389 ﬁdei
822 2335 1048 2405 jecerat,
1076 2336 1129 2390 id
1160 2343 1273 2403 est,
1316 2334 1624 2400 Christum,
1665 2335 1884 2406 reliquit
1914 2334 2097 2390 Titum

524 2420 699 2478 Cretae
726 2425 1071 2496 discipulum,
1099 2435 1161 2481 ut
1196 2427 1502 2482 rudimenta
1544 2425 1816 2482 nascentis
1856 2424 2103 2481 ecclesiae

524 2513 900 2581 conﬁrmaret,
937 2516 1055 2586 ipse
1091 2530 1322 2589 pergens
1361 2516 1427 2571 ad
1464 2516 1599 2572 alias
1638 2516 1910 2573 nationes.
1946 2513 2105 2583 Quod

525 2612 709 2660 autem
753 2606 876 2661 ait:
917 2604 984 2662 Ut
1023 2624 1085 2662 ea
1144 2625 1261 2679 qua:
1311 2608 1497 2663 desunt
1560 2608 1825 2679 corrigas,
1868 2605 2106 2662 ostendit

528 2697 759 2753 necdum
780 2714 873 2755 eos
897 2700 962 2753 ad
985 2700 1198 2771 plenam
1219 2701 1435 2757 venisse
1456 2701 1739 2757 scientiam
1759 2699 2030 2764 veritatis,
2050 2703 2107 2752 et

528 2784 657 2844 licet
678 2787 745 2844 ab
768 2789 1027 2861 Apostolo
1046 2794 1277 2849 correcti
1303 2792 1525 2858 fuerint,
1555 2801 1738 2848 tamen
1765 2792 1941 2847 adhuc
1967 2788 2106 2846 indi-

529 2897 656 2955 gere
696 2885 1055 2940 correctione.
1095 2884 1362 2958 Corrigas.
1389 2886 1450 2942 In
1490 2886 1679 2943 Graeco
1705 2894 1887 2942 autem
1920 2898 2108 2955 super-

530 2975 771 3048 corrigas
794 2976 1220 3053 [Ἐπιδιορθὼση].
1246 2976 1413 3035 Unius
1451 2980 1631 3035 uxoris
1663 2980 1760 3033 vir.
1794 2977 1853 3032 Id
1873 2985 1976 3041 est,
2000 2990 2107 3045 quo

528 3068 699 3136 possit
728 3068 794 3123 ad
829 3071 1228 3140 monogamiam
1252 3079 1308 3126 et
1334 3072 1721 3127 continentiam
1753 3069 1888 3124 alios
1912 3067 2109 3123 cohor~

530 3156 657 3222 tari,
683 3158 777 3229 qui
818 3161 901 3215 sui
942 3160 1248 3233 exemplum
1273 3161 1526 3233 praeferat
1554 3162 1610 3216 in
1649 3161 1909 3218 docendo.
1935 3157 2107 3214 Filios

529 3251 722 3306 habens
754 3251 957 3321 ﬁdeles.
981 3255 1041 3310 ln
1078 3255 1239 3312 domo
1290 3256 1510 3328 propria
1542 3255 1694 3326 prius
1731 3254 1977 3310 doctrina
2008 3268 2109 3309 sua

530 3352 805 3423 noscatur.
836 3344 1052 3417 Oportet
1091 3349 1227 3403 enim
1272 3349 1567 3421 episcopum
1609 3348 1721 3403 sine
1755 3347 1971 3401 crimine
1996 3362 2107 3401 esse

531 3436 666 3491 sicut
710 3435 809 3492 Dei
865 3437 1293 3510 dispensatorem.
1344 3440 1526 3512 Ipsum
1580 3438 1713 3494 dicit
1757 3438 2104 3508 episcopum,

424 3551 487 3614 Γ-
533 3544 695 3599 quem
721 3531 872 3600 prius
900 3533 1277 3603 presbyterum
1304 3532 1639 3597 nominavit,
1676 3539 1966 3600 antequam
1994 3529 2110 3584 dia-

531 3621 641 3676 boli
662 3622 922 3677 instinctu
941 3624 1117 3679 studia
1134 3624 1187 3677 in
1215 3623 1475 3694 religione
1499 3622 1712 3688 ﬁerent,
1727 3631 1784 3678 et
1797 3622 2040 3677 dicerent
2054 3621 2111 3676 in

533 3712 743 3783 populis
767 3731 781 3767 :
810 3712 924 3785 Ego
962 3729 1080 3770 sum
1114 3710 1298 3781 Pauli,
1333 3731 1427 3786 ego
1453 3724 1627 3769 autem
1653 3712 1859 3784 Apollo,
1888 3729 1978 3784 ego
2007 3726 2108 3767 au-

539 3898 631 3953 size
654 3897 1110 3968 gubernabantur.
1144 3897 1436 3967 Postquam
1461 3912 1591 3952 vero
1618 3897 1991 3966 unusquisque
2015 3910 2113 3953 eos

539 4002 675 4056 quos
702 3986 1075 4067 baptizaverat
1097 4002 1223 4043 suos
1246 3988 1470 4058 putabat
1495 4002 1636 4053 esse,
1664 4001 1770 4041 non
1801 3986 2027 4053 Christi,
2055 3988 2117 4044 in

543 4085 658 4133 toto
677 4078 809 4134 orbe
838 4077 1115 4134 decretum
1157 4084 1273 4144 est,
1306 4084 1370 4132 ut
1400 4093 1541 4133 unus
1566 4078 1631 4133 de
1650 4078 1979 4147 presbyteris
2005 4077 2116 4134 ele-

543 4176 695 4234 ctus,
739 4175 1195 4237 superponeretur
1221 4169 1452 4234 caeteris,
1478 4166 1544 4222 ad
1568 4181 1729 4237 quem
1769 4169 1945 4224 omnis
1980 4183 2115 4226 cura

544 4257 787 4313 ecclesiae
813 4258 1128 4327 pertineret,
1160 4268 1215 4314 et
1242 4259 1593 4315 schismatum
1623 4259 1831 4313 semina
1862 4259 2115 4315 tolleren-

546 4358 653 4403 tur.
679 4347 738 4403 ln
763 4348 989 4407 Actibus
1009 4350 1376 4421 apostolorum
1402 4350 1662 4419 scriptum
1691 4359 1796 4414 est,
1822 4351 1964 4419 quod
1991 4367 2118 4407 cum

547 4440 787 4495 venisset
827 4439 1102 4509 apostolus
1138 4439 1339 4496 Paulus
1378 4438 1617 4494 Miletum
1639 4481 1654 4506 ,
1681 4440 1905 4495 miserat
1942 4438 2118 4511 Ephe-

544 4546 700 4599 sum,
741 4536 797 4584 et
841 4538 1129 4586 vocaverat
1169 4531 1517 4603 presbyteros
1554 4529 1797 4598 ejusdem
1841 4530 2115 4599 ecclesias,

547 4621 742 4691 quibus
772 4628 960 4689 postea
985 4622 1129 4677 inter
1156 4629 1383 4677 caeteros
1421 4620 1501 4676 sic
1532 4619 1744 4676 locutus
1775 4629 1859 4676 est
1888 4638 1901 4674 :
1932 4622 2121 4674 Artem

549 4713 655 4766 dite
699 4700 842 4765 vobis
880 4720 928 4765 et
972 4713 1113 4767 omni
1142 4714 1305 4783 gregi,
1338 4713 1394 4766 in
1418 4728 1519 4783 quo
1544 4729 1631 4767 vos
1657 4710 1887 4793 Spiritus
1911 4722 2123 4767 sanctus

548 4802 721 4873 posuit
750 4802 1012 4872 episcopos
1030 4819 1239 4872 pascere
1278 4801 1572 4857 Ecclesium
1597 4801 1827 4867 Domini,
1844 4806 2001 4873 quani
2029 4818 2122 4856 ac-

546 4894 754 4968 quisivit
774 4910 868 4964 per
890 4892 1196 4963 sanguinem
1219 4909 1393 4947 suum.
1412 4892 1480 4947 Et
1499 4893 1589 4948 hic
1602 4893 1909 4964 diligentius
1931 4894 2124 4953 obser-

551 4998 698 5055 vato,
728 4986 997 5060 quomodo
1041 4986 1204 5043 unius
1251 4987 1489 5043 civitatis
1533 4987 1731 5057 Ephesi
1777 4986 2125 5059 presbyteros

551 5093 771 5146 vocans,
796 5086 983 5151 postea
1009 5077 1291 5148 episcopos
1319 5072 1531 5133 dixerit.
1565 5076 1692 5132 llzec
1722 5086 2005 5148 propterea
2023 5117 2037 5142 ,
2068 5074 2130 5134 ut

554 5170 966 5230 ostenderemus
990 5168 1131 5240 apud
1150 5175 1365 5224 veteres
1399 5170 1618 5224 eosdem
1652 5168 1817 5223 fuisse
1846 5169 2130 5239 presbyte-

558 5280 651 5321 ros
678 5276 816 5334 quos
844 5260 1148 5332 episcopos.
1180 5257 1447 5314 Paulatim
1466 5274 1616 5323 vero,
1645 5267 1704 5313 ut
1734 5258 2129 5314 dissensionum

551 5358 822 5432 plantaria
849 5356 1230 5422 evellerentur,
1260 5355 1327 5411 ad
1356 5368 1521 5409 unum
1557 5368 1774 5408 omnem
1809 5346 2129 5408 sollicitudi-

462 5451 680 5509 Ldlem
718 5462 841 5506 esse
875 5447 1126 5504 delatam.
1159 5443 1285 5501 Non
1317 5442 1649 5499 iracundum.
1684 5442 1978 5498 Iracundus
2012 5451 2127 5511 est,

558 5557 665 5597 non
705 5542 799 5613 qui
834 5528 1124 5613 aliquando
1162 5537 1435 5600 irascitur,
1471 5534 1564 5589 sed
1596 5533 1689 5603 qui
1726 5547 1937 5601 semper
1963 5533 2029 5588 ad
2055 5534 2133 5591 le-

555 5651 678 5691 vem
712 5632 1080 5706 responsionis
1114 5644 1303 5686 auram
1338 5624 1496 5698 quasi
1534 5640 1565 5679 a
1605 5632 1767 5679 vento
1796 5623 1980 5679 folium
2016 5640 2134 5681 mo-

558 5724 733 5783 v’etur.
760 5724 883 5783 Non
896 5739 1273 5799 percussorem.
1292 5719 1355 5776 1d
1380 5725 1485 5785 est,
1509 5731 1579 5773 ne
1600 5714 1827 5772 aliorum
1851 5719 2133 5775 conscien-

560 5823 692 5880 tiam
718 5819 861 5878 mala
883 5810 1295 5876 conversatione
1318 5809 1605 5885 percutiat.
1636 5804 1763 5867 Non
1796 5811 1963 5883 turpis
1999 5810 2133 5869 lucri

2198 1983 2264 2021 ea:
2290 1965 2395 2020 illis
2417 1967 2659 2037 proprius
2682 1964 2895 2019 illorum
2923 1967 3173 2036 propheta
3193 2008 3207 2033 ,
3236 1965 3450 2020 videtur
3480 1965 3548 2020 ad
3573 1980 3666 2023 eos
3702 1977 3801 2023 re-

2201 2062 2348 2117 ferre
2377 2062 2445 2116 de
2472 2061 2667 2130 quibus
2688 2061 2936 2131 superius
2963 2068 3046 2115 est
3066 2059 3278 2115 locutus
3306 2079 3317 2114 :
3353 2058 3581 2113 Maxime
3601 2060 3699 2133 qui
3724 2063 3799 2115 de

2204 2152 2604 2206 circumcisione
2632 2160 2773 2214 sunt,
2801 2166 2929 2219 quos
2952 2158 3148 2219 oportet
3180 2150 3426 2220 redargui
3458 2151 3547 2220 qui
3578 2151 3802 2204 univer-

2199 2262 2288 2300 sas
2303 2245 2485 2299 domos
2497 2243 2822 2307 subvertant,
2838 2242 3076 2297 docentes
3098 2258 3214 2312 quae
3239 2258 3343 2296 non
3370 2251 3590 2312 oportet,
3620 2245 3799 2313 turpis

2202 2340 2340 2396 lucri
2376 2339 2573 2410 gratia,
2614 2347 2675 2393 ut
2702 2346 2961 2408 sequatur
2987 2357 2999 2393 :
3030 2337 3180 2393 Dixit
3206 2337 3421 2406 quidam
3447 2354 3511 2392 ex
3538 2336 3644 2391 illis
3667 2354 3802 2407 pro-

2203 2432 2356 2504 prius
2386 2446 2568 2485 eorum
2591 2430 2861 2500 propheta.
2895 2428 3033 2495 Quia
3059 2444 3192 2485 vero
3217 2428 3272 2482 in
3309 2428 3458 2485 nullo
3492 2428 3800 2499 propheta-

2206 2540 2328 2579 rum
2353 2523 2445 2594 qui
2472 2522 2612 2594 apud
2634 2520 2873 2575 Iudaeam
2895 2519 3173 2576 vaticinati
3196 2528 3344 2585 sunt,
3362 2520 3451 2575 hic
3476 2519 3802 2575 hexameter

2204 2613 2510 2670 versiculus
2537 2612 2827 2683 reperitur,
2867 2610 3083 2666 videtur
3120 2610 3254 2666 mihi
3284 2606 3572 2681 dupliciter
3602 2610 3795 2679 legen-

2208 2705 2358 2771 dum,
2382 2711 2443 2758 ut
2471 2703 2575 2758 hoc
2606 2703 2750 2774 quod
2777 2702 2891 2757 ait:
2914 2701 3064 2756 Dixit
3093 2700 3309 2773 quidam
3328 2717 3392 2756 ex
3414 2700 3523 2755 illis
3550 2702 3801 2772 proprius

2205 2813 2386 2852 eorum
2410 2796 2680 2867 prapheta,
2712 2794 2767 2851 id
2791 2802 2894 2859 est,
2924 2791 3283 2849 Cretensium.
3310 2791 3416 2846 Sed
3457 2793 3584 2863 quia
3624 2792 3801 2848 multa

2207 2890 2264 2945 in
2306 2890 2484 2946 medio
2530 2896 2691 2956 sunt,
2722 2896 2779 2944 et
2816 2887 2922 2944 hoc
2958 2885 3251 2941 absurdum
3280 2884 3515 2950 videtur,
3564 2891 3622 2940 et
3658 2883 3802 2941 forte

2208 2999 2368 3039 nemo
2399 2984 2646 3055 recipiat,
2676 2990 2964 3053 propterea
2989 2994 3113 3034 cum
3142 2977 3515 3049 superioribus
3543 2992 3665 3046 qua:
3686 2992 3802 3030 ma-

2208 3075 2292 3146 gis
2320 3074 2500 3129 vicina
2530 3082 2657 3129 sunt
2703 3072 2863 3128 aliter
2915 3071 3210 3141 aptandum
3257 3076 3360 3134 est,
3413 3076 3475 3124 ut
3511 3067 3755 3138 legamus
3781 3087 3798 3122 :

2162 3202 2178 3232 ;
2212 3165 2347 3221 Sunt
2378 3176 2552 3220 autem
2579 3166 2730 3220 multi
2749 3172 2798 3220 et
2821 3181 2928 3220 non
2946 3163 3164 3228 subditi,
3189 3161 3458 3232 vaniloqui
3478 3170 3529 3215 et
3554 3161 3802 3216 seducto-

2216 3276 2320 3326 res,
2348 3259 2574 3313 maxime
2601 3259 2689 3329 qui
2722 3257 2786 3311 de
2814 3254 3211 3311 circumcisione
3240 3263 3361 3309 sunt
3380 3294 3397 3320 ,
3437 3269 3569 3325 quos
3599 3260 3804 3324 oportet

2217 3351 2495 3421 redargui,
2528 3349 2617 3421 qui
2644 3349 2912 3404 universas
2953 3348 3138 3402 domos
3180 3346 3511 3412 subvertant,
3558 3345 3802 3401 docentes

2215 3461 2333 3516 qua:
2363 3459 2464 3497 non
2495 3450 2692 3513 oportet
2720 3441 2885 3512 turpis
2912 3439 3045 3496 lucri
3078 3439 3272 3510 gratia.
3307 3437 3459 3494 Dixit
3494 3438 3712 3509 quidam
3733 3450 3803 3491 es

2215 3536 2322 3592 illis
2352 3535 2596 3607 proprius
2625 3549 2803 3591 eorum
2841 3532 3113 3602 propheta.
3152 3530 3222 3584 At
3260 3529 3314 3583 id
3341 3529 3485 3599 quod
3513 3529 3592 3583 ait
3617 3546 3631 3581 :
3663 3525 3825 3581 Pror

2215 3628 2361 3699 prius
2408 3641 2583 3681 eorum
2630 3624 2917 3695 prapheta,
2958 3637 3066 3677 non
3102 3621 3169 3676 ad
3207 3619 3421 3676 Iudaeos
3458 3618 3798 3690 specialiter,

2218 3720 2312 3791 qui
2340 3717 2575 3774 maxime
2596 3716 2664 3772 de
2694 3714 3111 3772 circumcisione
3152 3719 3311 3778 sunt,
3354 3710 3447 3769 sed
3488 3712 3561 3766 ad
3598 3710 3801 3767 multos

2219 3810 2506 3877 referatur,
2535 3809 2628 3883 qui
2675 3823 2783 3864 non
2834 3806 3034 3863 subditi
3081 3815 3241 3871 sunt,
3287 3811 3346 3860 et
3391 3802 3699 3872 vaniloqui,
3742 3811 3800 3857 et

2220 3904 2481 3963 mentium
2515 3902 2854 3970 deceptores,
2886 3897 2975 3968 qui
3007 3897 3194 3967 utique
3213 3895 3339 3965 quia
3364 3894 3418 3951 in
3443 3888 3603 3949 Creta
3621 3899 3799 3959 erant,

2220 3994 2511 4051 Cretenses
2529 3990 2697 4045 fuisse
2718 3988 2969 4045 credendi
2991 3995 3132 4043 sunt.
3153 3984 3419 4041 Cretenses
3438 4000 3639 4055 semper
3654 3999 3803 4037 men—

2220 4084 2395 4139 daces.
2419 4080 2533 4136 lloc
2553 4081 2897 4152 Epimenides
2919 4080 3034 4134 sive
3064 4076 3424 4133 Callimachus
3455 4075 3795 4146 Cyrenensis,

2223 4176 2288 4230 de
2308 4174 2581 4229 Laudibus
2605 4170 2755 4228 Jovis
2777 4178 2973 4227 contra
3001 4168 3289 4225 Cretenses
3314 4168 3470 4233 dixit,
3516 4168 3610 4236 qui
3656 4168 3803 4231 «ﬁco-

2222 4262 2354 4317 bant
2378 4262 2516 4331 apud
2548 4276 2643 4316 eos
2673 4259 2941 4330 sepultum
2985 4272 3146 4328 quem
3184 4266 3396 4326 raptum
3440 4256 3705 4325 putabant
3744 4257 3799 4310 in

2224 4354 2444 4410 caelum.
2479 4352 2633 4407 Hunc
2657 4359 2829 4406 totum
2854 4348 3181 4421 versiculum
3213 4346 3555 4417 Epimenides
3584 4349 3650 4403 de
3678 4363 3803 4402 ora-

2225 4450 2363 4506 culis
2407 4449 2719 4519 scriptitans
2766 4447 2930 4511 dixit;
2971 4452 3027 4499 et
3062 4444 3341 4513 proprium
3377 4442 3565 4496 vitium
3588 4442 3799 4513 gentis,

2144 4570 2199 4646 ﬁ
2226 4541 2370 4610 qmd
2399 4547 2480 4595 est
2508 4537 2844 4593 mendacium
2864 4577 2879 4601 ,
2911 4535 3109 4607 arguit.
3143 4533 3209 4587 Et
3241 4532 3363 4588 ideo
3403 4533 3507 4588 hoc
3533 4530 3802 4588 versiculo

2225 4622 2268 4646 ς..
2325 4630 2356 4646 α.
2464 4630 2501 4646 ν.
3084 4626 3259 4646 nam
3379 4623 3542 4646 μη--
3575 4624 3766 4646 ο..-.-..

2225 4622 2425 4686 Paulus
2453 4628 2692 4684 abutitur
2717 4628 2959 4684 scribens
2987 4627 3055 4681 ad
3084 4626 3265 4681 Titum
3295 4633 3355 4679 ut
3379 4623 3544 4680 falsos
3574 4624 3801 4681 Creten-

2229 4719 2367 4774 sium
2419 4719 2666 4775 doctores
2711 4718 2932 4788 proprio
2984 4717 3039 4771 in
3088 4732 3186 4771 suo
3245 4716 3468 4771 doctore
3518 4725 3799 4782 conterat;

2229 4824 2391 4881 quem
2445 4810 2571 4865 ideo
2609 4809 2930 4878 prophetam
2980 4806 3129 4871 dicit,
3180 4806 3292 4861 sive
3328 4807 3395 4862 ad
3432 4807 3486 4862 id
3522 4807 3798 4873 alludens,

2231 4902 2381 4973 quod
2398 4901 2547 4959 tales
2576 4898 2871 4956 Christiani
2907 4897 3042 4952 tales
3079 4907 3394 4953 mereantur
3436 4898 3639 4954 habere
3678 4914 3804 4969 pro-

2228 4994 2444 5065 phetas,
2472 5008 2579 5062 quo
2606 4991 2763 5045 modo
2783 4999 2837 5043 et
2865 4990 3143 5060 prophetae
3172 4997 3329 5046 erant
3348 4988 3507 5056 Baal;
3533 4990 3649 5046 sive
3674 5005 3803 5045 vero

2230 5083 2359 5154 quia
2388 5082 2455 5137 de
2479 5080 2715 5136 oraculis
2740 5080 3032 5150 scripserat
3058 5084 3219 5150 atque
3248 5082 3544 5150 responsis,
3573 5096 3694 5152 qua:
3718 5080 3805 5136 fu-
3838 5104 3843 5105 ί
3912 5098 3917 5103 ·

2231 5184 2355 5231 tura
2403 5172 2575 5227 multo
2615 5179 2741 5227 ante
2784 5172 3171 5242 prtedicebant.
3218 5171 3462 5241 Deniwe
3508 5171 3805 5241 ipsevliher

2230 5262 2588 5321 Oraculorum
2618 5262 2773 5318 titulo
2798 5271 3149 5333 praenotatur.
3182 5260 3341 5317 Mala:
3362 5261 3570 5327 bestias,
3603 5268 3813 5318 ventres

2228 5357 2386 5429 pigri.
2416 5355 2473 5410 in
2501 5354 2853 5412 Cretensibus
2891 5355 3139 5426 arguitur
3177 5352 3385 5409 falsitas
3418 5363 3474 5410 et
3512 5353 3799 5419 ferocitas,

2231 5461 2298 5503 ac
2325 5446 2591 5518 ingluvies
2607 5455 2662 5501 et
2683 5446 2968 5518 pigritudo.
2992 5445 3360 5499 Testimonium
3386 5446 3482 5499 hoc
3507 5462 3685 5501 verum
3706 5453 3811 5501 est:

2231 5537 2384 5606 Quod
2415 5537 2549 5591 dixit
2584 5536 2649 5592 de
2695 5535 2801 5589 illis
2838 5535 3090 5605 proprius
3125 5548 3311 5589 eorum
3350 5536 3637 5606 propheta.
3680 5533 3804 5591 Non

2230 5628 2553 5685 intendentes
2590 5626 2831 5681 Judaicis
2861 5626 3074 5696 fabulis.
3104 5625 3161 5680 Si
3192 5627 3315 5697 quis
3356 5637 3478 5707 post
3517 5628 3809 5697 adventum

2233 5721 2436 5776 Christi
2476 5719 2908 5784 circumciditur,
2956 5718 3198 5775 Judaicis
3252 5718 3422 5775 servit
3469 5718 3685 5775 fabulis.
3736 5719 3811 5775 Et

2232 5812 2497 5870 mandatis
2525 5810 2813 5869 hominum.
2842 5812 3246 5872 Traditionibus
3280 5813 3582 5872 hominum.
3607 5812 3810 5872 Adver-
