4046 6332
265 342 375 401 245

1319 339 1651 398 COLLECT.
1694 335 1763 393 IN
1799 330 2015 392 EPIST.
2056 334 2150 391 AD
2187 331 2422 391 TITUM.

3406 326 3512 383 246

267 454 503 514 sontium
526 470 581 510 se
604 470 637 509 a
663 453 897 509 veritate.
932 450 1067 509 Novi
1104 450 1309 509 scilicet
1337 452 1687 509 Testamenti.
1722 447 1845 502 Om-
1869 442 1924 510 Α
1946 436 2105 501 Aliud
2131 452 2212 501 est
2240 444 2382 500 enim
2406 455 2594 499 sanam
2621 438 2923 496 doctrinam
2952 418 3120 510 loqui,
3146 436 3288 495 aliud
3312 456 3373 495 ea
3395 457 3514 511 qua:

270 549 361 603 nia
385 544 582 601 munda
608 545 837 600 mundis.
864 540 1000 612 Quia
1031 543 1209 601 adhuc
1235 546 1527 601 secundum
1548 538 1718 615 legem
1745 541 1844 621 imf

270 638 471 693 munda
493 638 779 693 vocabant.
806 637 996 693 Omnia
1022 637 1238 692 munda.
1268 630 1365 694 His
1393 636 1641 692 videlicet
1668 634 1759 704 qui
1786 616 1843 688 in

271 728 489 787 Christo
509 728 750 795 credunt,
778 739 831 787 et
856 730 1035 786 sciunt
1066 746 1279 786 omnem
1310 738 1612 787 creaturam
1645 726 1844 800 bonam

271 834 417 887 esse,
444 828 499 876 et
520 820 656 876 nihil
673 820 1035 890 abjiciendum
1058 823 1199 893 quod
1217 838 1341 877 cum
1361 822 1654 893 gratiarum
1678 814 1845 896 actio;

269 927 341 968 ne
370 912 684 985 percipitur.
716 909 1080 983 Coinquinatis
1109 922 1283 967 autem
1311 921 1361 966 et
1386 908 1681 980 inﬁdelibus
1717 904 1847 964 nihil

270 1014 346 1060 est
382 1004 656 1072 mundum,
689 1002 778 1058 sed
810 1000 1095 1076 inquinata:
1148 1011 1270 1058 sunt
1306 1018 1485 1055 eorum
1530 1010 1576 1055 et
1613 992 1757 1053 mens
1799 1006 1848 1053 et

270 1096 608 1152 conscientia.
643 1084 937 1167 Propterea
983 1097 1147 1151 etiam
1195 1110 1314 1165 qua:
1352 1088 1477 1150 Sunt
1519 1092 1717 1147 munda
1748 1106 1850 1161 per

270 1196 543 1255 naturam,
575 1187 655 1242 eis
685 1187 961 1242 immunda
993 1186 1148 1255 ﬁunt,
1180 1202 1289 1241 non
1318 1200 1425 1255 quo
1455 1183 1542 1240 vel
1586 1180 1847 1237 mundum

270 1278 473 1348 aliquid
500 1274 583 1331 vel
612 1277 945 1333 immundum
972 1274 1063 1345 sit,
1095 1277 1190 1334 sed
1214 1293 1313 1348 pro
1339 1274 1598 1346 qualitate
1618 1289 1846 1329 vescen-

272 1371 429 1435 tium,
458 1378 512 1425 et
544 1369 802 1424 mundum
832 1356 1070 1437 mundis,
1118 1378 1174 1425 et
1218 1369 1555 1424 immundum
1585 1364 1850 1422 contami-

268 1461 413 1515 natis
443 1459 554 1525 ﬁat,
584 1459 781 1530 alioqui
812 1460 1054 1515 infideles
1070 1474 1314 1530 quosque
1335 1468 1390 1515 et
1409 1459 1664 1526 pollutos,
1684 1458 1850 1513 etiam

266 1549 428 1623 panis
456 1550 846 1606 benedictionis
871 1559 926 1606 et
969 1551 1109 1606 calix
1151 1551 1468 1606 Dominicus
1516 1566 1625 1605 non
1656 1547 1845 1618 juvat,

267 1648 395 1717 quia
432 1646 521 1719 qui
557 1646 832 1702 comederit
858 1647 1072 1719 indigne
1100 1648 1164 1701 de
1189 1663 1323 1719 pane
1351 1646 1474 1711 illo,
1511 1655 1559 1701 et
1588 1645 1653 1699 de
1689 1643 1851 1699 calice

270 1734 473 1804 biberit,
496 1737 761 1808 judicium
808 1737 904 1792 sibi
934 1738 1219 1792 manducut
1257 1747 1306 1792 et
1349 1736 1474 1791 bibit
1501 1735 1554 1810 (1
1584 1736 1705 1791 Cor.
1742 1735 1844 1807 xx).

1945 553 2093 592 sanae
2138 539 2395 593 doctrinae
2441 533 2769 590 conveniunt
2817 533 3045 589 docere:
3083 532 3206 603 quia
3252 532 3305 588 in
3345 534 3515 590 altero

1944 624 2171 698 simplex
2202 635 2411 682 tantum
2430 633 2512 681 est
2539 624 2831 693 institutio;
2858 625 2913 679 in
2937 614 3109 679 altero
3135 641 3258 680 cum
3284 640 3348 679 eo
3372 626 3517 696 quod

1944 718 2140 774 doceas
2183 720 2307 773 vitm
2359 732 2573 789 quoque
2620 711 2934 786 correptio:
2974 714 3079 781 Qui
3123 716 3261 770 enim
3309 715 3517 770 solverit

1944 825 2105 863 unum
2129 804 2191 862 de
2211 807 2473 862 mandatis
2502 805 2759 872 minimis,
2795 810 2841 861 et
2868 804 3104 860 docuerit
3135 802 3210 860 sic
3230 847 3243 872 ,
3272 800 3519 859 minimus

1943 903 2215 959 vocabitur
2253 902 2309 954 in
2362 898 2515 972 regno
2558 901 2804 955 ccelorum
2847 896 3060 972 (Matth.
3105 898 3181 973 v).
3238 888 3519 956 Salvatore

1945 993 2292 1068 prmeipiente
2341 990 2653 1062 discipulis,
2700 990 2808 1047 non
2853 991 3025 1047 solum
3073 990 3127 1047 in
3172 986 3522 1047 meditatione

1950 1084 2351 1156 Scripturarum
2404 1099 2497 1138 eos
2541 1083 2788 1138 laborare
2836 1081 3071 1150 debere,
3121 1080 3181 1138 ut
3218 1074 3337 1152 qum
3382 1083 3520 1138 scri-

1946 1187 2041 1251 pta
2096 1188 2221 1233 sunt
2263 1175 2558 1246 replicent,
2614 1183 2669 1230 et
2716 1176 2951 1231 condant
2995 1172 3050 1232 in
3090 1170 3348 1231 memoria
3402 1176 3521 1230 the-

1950 1273 2160 1338 saurds,
2188 1270 2281 1326 sed
2309 1269 2459 1341 prius
2488 1269 2690 1324 faciant
2721 1285 2841 1339 quae
2882 1276 3150 1339 praecepta
3195 1277 3336 1324 sunt.
3383 1267 3518 1334 Qui-

1950 1380 2152 1434 cunque
2177 1379 2297 1433 ergo
2340 1360 2519 1431 fecerit
2545 1370 2591 1414 et
2621 1360 2877 1427 docuerit,
2902 1358 2990 1413 ille
3010 1377 3229 1430 magnus
3255 1360 3525 1414 vocabitur

1947 1456 2006 1510 in
2033 1470 2188 1526 regno
2213 1451 2478 1506 caelorum.
2502 1449 2616 1505 Nisi
2644 1446 2789 1505 enim
2815 1466 3166 1522 supergressa
3189 1449 3352 1505 fuerit
3371 1449 3529 1520 justi-

1949 1545 2024 1599 tia
2051 1550 2237 1598 nostra
2259 1539 2575 1597 Scribarum
2605 1556 2671 1595 ac
2690 1536 3087 1594 Pharisaeorum
3107 1538 3398 1607 justitiam,
3420 1555 3526 1594 non

1948 1648 2236 1707 possumus
2282 1631 2491 1703 ingredi
2528 1631 2584 1685 in
2636 1645 2860 1700 regnum
2903 1629 3186 1683 caelorum.
3219 1628 3320 1697 Qui
3364 1644 3529 1699 supra

1952 1725 2122 1798 Moysi
2151 1723 2466 1781 cathedram
2501 1723 2769 1787 sedentes,
2799 1721 2986 1776 dicunt
3012 1730 3067 1776 et
3095 1736 3200 1775 non
3227 1719 3452 1785 faciunt,
3476 1728 3531 1775 et

268 1796 587 1884 Communia
614 1838 791 1884 autem
823 1837 877 1884 et
895 1830 1097 1884 illicita
1141 1830 1197 1884 in
1229 1829 1347 1899 lege
1384 1796 1842 1898 prohibebantur;
1872 1796 1923 1863 Β
1950 1796 2171 1888 alligant
2198 1830 2362 1871 onera
2382 1812 2745 1883 ίωβοΐῑθδίίίίὶ
2775 1827 2895 1883 ‘1“In
2925 1811 3228 1867 ὕει’νίοίῦυδ
3251 1811 3530 1866 hominum

270 1921 507 1976 adventu
538 1920 737 1975 Christi
765 1928 992 1990 purgata
1019 1927 1146 1974 sunt
1174 1920 1355 1973 omnia
1382 1937 1395 1972 :
1425 1933 1546 1988 qua:
1576 1918 1669 1972 ille
1697 1933 1851 1973 mun-

268 2009 454 2076 davit,
492 2025 590 2064 nos
630 2009 1032 2064 communicare
1064 2022 1208 2063 nunc
1225 2022 1546 2077 possumus:
1586 1990 1643 2061 in
1694 2007 1851 2062 nobis

267 2100 457 2171 utique
486 2111 569 2156 est
604 2100 692 2157 vel
734 2101 932 2156 munda
960 2100 1279 2165 comedere,
1324 2098 1408 2153 vel
1452 2097 1751 2153 immunda.
1792 2095 1852 2153 Si

265 2193 418 2246 enim
445 2193 631 2248 mundi
661 2208 846 2248 sumus
867 2234 881 2259 ,
911 2194 1111 2247 munda
1141 2178 1298 2246 nobis
1339 2199 1425 2245 est
1470 2199 1722 2246 creatura
1748 2207 1762 2245 :
1805 2190 1853 2245 si

266 2294 457 2340 autem
502 2285 763 2341 immundi
809 2294 865 2340 et
906 2285 1182 2351 infideles,
1214 2284 1352 2339 ﬁunt
1393 2285 1554 2340 nobis
1598 2280 1853 2341 universa

265 2376 600 2441 communia,
628 2376 740 2430 sive
759 2390 857 2446 per
881 2372 1275 2431 inhabitantem
1296 2375 1353 2430 in
1376 2374 1628 2430 cordibus
1650 2375 1853 2433 nostris

268 2465 560 2531 haeresim,
589 2465 704 2521 sive
744 2480 843 2535 per
879 2466 1267 2521 conscientiam
1308 2465 1646 2520 delictorum.
1676 2463 1851 2535 Conﬁ-

267 2566 447 2611 tentur
465 2574 521 2613 se
542 2573 690 2613 nosse
718 2556 908 2623 Deum,
939 2558 1095 2629 factis
1120 2567 1295 2613 autem
1324 2566 1514 2629 negant
1531 2597 1546 2625 ,
1590 2574 1710 2615 cum
1745 2560 1853 2614 sint

268 2647 557 2702 abominati
579 2657 627 2703 et
654 2648 1007 2716 incredibiles,
1032 2657 1083 2705 et
1107 2648 1178 2703 ad
1208 2664 1359 2703 omne
1381 2666 1511 2721 opus
1547 2649 1739 2704 bonum
1767 2665 1853 2705 re-

270 2738 440 2809 probi.
463 2736 761 2796 Estimant
782 2739 998 2811 quidem
1023 2741 1085 2795 in
1104 2755 1169 2796 eo
1196 2741 1368 2796 Deum
1387 2748 1600 2796 tantum
1628 2741 1852 2811 negari,

271 2830 321 2885 si
350 2830 405 2884 in
429 2831 801 2901 persecutione
827 2832 951 2901 quis
985 2847 1017 2886 a
1043 2833 1294 2904 gentibus
1322 2833 1744 2903 comprehensus
1771 2847 1857 2888 re-

273 2920 453 2976 nuerit
473 2921 770 2977 Christum.
796 2921 935 2976 Ecce
964 2921 1250 2991 Apostolus
1278 2922 1531 2979 omnibus
1568 2937 1687 2993 quae
1724 2937 1855 2994 per-

275 3026 433 3067 versa
479 3021 605 3067 sunt
647 3008 808 3069 factis
853 3011 1023 3067 Deum
1060 3012 1258 3068 asserit
1302 3012 1583 3084 denegari.
1608 3010 1858 3068 Christus

274 3104 541 3177 sapientia
568 3112 672 3174 est,
696 3106 911 3178 justitia
937 3112 1045 3171 est,
1076 3105 1280 3160 veritas
1304 3113 1408 3170 est,
1444 3103 1704 3160 sanctitas
1733 3112 1817 3160 est

1950 1909 2254 1980 imponunt,
2289 1914 2344 1962 et
2381 1907 2483 1977 ipsi
2513 1905 2736 1960 minimo
2775 1905 2939 1976 digito
2986 1904 3176 1958 nolunt
3215 1917 3279 1957 ea
3318 1903 3530 1958 contin-

1952 2011 2098 2069 gere.
2141 1995 2257 2052 Hoc
2296 1996 2459 2069 Igitur
2496 2011 2641 2049 nunc
2677 1994 2973 2064 Apostolus
3013 1993 3335 2063 discipulum
3375 2008 3533 2047 suum

1954 2088 2140 2154 docet,
2188 2093 2251 2141 ut
2288 2100 2353 2141 ea
2396 2084 2649 2154 loquatur
2692 2099 2814 2153 quae
2854 2099 3000 2138 sanae
3043 2081 3299 2137 doctrinae
3340 2095 3535 2137 conve-

1953 2178 2130 2241 niunt,
2159 2175 2286 2246 quia
2329 2182 2459 2231 tunc
2484 2173 2743 2229 doctrina:
2771 2171 2833 2227 ﬁt
2867 2173 3102 2239 sanitas,
3133 2187 3256 2228 cum
3298 2170 3535 2227 ductoris

1954 2266 2200 2323 doctrina
2221 2263 2429 2336 pariter
2452 2270 2507 2319 et
2535 2263 2649 2318 vita
2674 2263 3041 2318 consentiunt.

2025 2355 2210 2423 Senes,
2236 2360 2295 2410 ut
2313 2353 2474 2411 sobrii
2498 2354 2624 2420 sint,
2645 2353 2841 2426 pudici,
2864 2352 3166 2425 prudentes,
3193 2351 3311 2406 sani
3332 2350 3386 2405 in
3406 2348 3534 2419 fide,

1951 2442 2009 2503 in
2031 2446 2328 2514 dilectione,
2365 2446 2423 2501 in
2447 2445 2720 2518 patientia.
2744 2443 3084 2501 Generaliter
3106 2442 3229 2500 Tito
3251 2450 3378 2498 ante
3404 2452 3536 2513 prae-

1955 2536 2462 2610 cipiensquidloqui
2478 2537 2701 2592 deberet
2719 2535 2788 2590 ad
2814 2543 3058 2600 cunctos,
3081 2534 3137 2588 in
3161 2548 3227 2589 eo
3250 2531 3395 2604 quod
3420 2531 3528 2585 ait:

1957 2625 2037 2684 Tu
2051 2644 2167 2683 vero
2195 2612 2403 2700 loquere
2421 2643 2483 2681 ea
2504 2642 2622 2697 qua:
2647 2623 2828 2680 decent
2852 2640 3038 2679 sanam
3062 2623 3376 2688 doctrinam,
3394 2635 3538 2676 nunc

1954 2731 2056 2790 per
2080 2715 2323 2789 singulas
2349 2716 2561 2789 species
2592 2714 2721 2785 quid
2746 2727 3183 2784 unamquamque
3204 2718 3419 2767 aetatem
3444 2710 3539 2766 de-

1956 2816 2098 2873 ceat,
2128 2806 2404 2878 exprimit.
2433 2806 2679 2862 Primum
2713 2805 2934 2861 senibus
2964 2800 3500 2860 virisconveuientia
3520 2842 3536 2867 ,

1958 2899 2218 2967 secundo,
2238 2914 2377 2955 anus
2397 2897 2528 2971 quid
2552 2899 2760 2965 deceat,
2784 2898 2947 2952 tertio
2974 2911 3092 2969 quae
3104 2893 3539 2951 adolescentibus

1959 3004 2088 3067 apta
2106 3000 2251 3060 sunt,
2281 2999 2393 3048 tam
2422 2993 2667 3049 maribus
2686 2988 2934 3047 videlicet
2961 3007 3121 3062 quam
3146 2988 3359 3045 feminis
3385 3004 3540 3043 man-

1961 3087 2089 3142 data
2137 3085 2387 3154 subiicit,
2438 3092 2685 3141 extremo
2728 3085 2794 3141 de
2840 3083 3031 3141 servis.
3071 3081 3233 3139 Senes
3278 3091 3337 3136 ut
3383 3080 3543 3136 sobrii

275 3144 541 3177 σανωηι..
568 3144 672 3174 νυ,
727 3144 911 3161 ...πηηι
937 3144 1045 3171 νυ,
1087 3144 1280 3160 mm...
1305 3144 1408 3170 ναι,
1444 3144 1704 3160 sane...“
1733 3144 1855 3173 νπ,
2241 3144 2253 3154 .
2372 3144 2385 3154 ,

275 3197 538 3255 fortitudo
578 3206 662 3255 est
740 3205 971 3270 negatur
1007 3213 1107 3269 per
1137 3198 1506 3269 insipientiam
1548 3196 1854 3269 sapientia,
1881 3152 1929 3221 α
1959 3178 2087 3234 35’“-
2118 3175 2177 3233 Ῐά
2202 3184 2313 3270 es!)
2360 3191 2469 3232 non
2511 3175 2797 3270 lquriOSi-
2831 3173 2879 3231 Ρ
2884 3172 3042 3270 “450":
3091 3171 3208 3270 Νοιξ
3247 3164 3541 3270 Ῑξδίάίιξοδίο

275 3304 375 3362 per
404 3290 743 3347 mendacium
763 3292 988 3358 veritas,
1018 3305 1116 3363 per
1141 3291 1528 3362 turpitudinem
1556 3291 1817 3347 sanctitas
1835 3328 1855 3358 ,

276 3396 375 3454 per
401 3383 825 3440 imbecillitatem
867 3385 1032 3440 animi
1077 3383 1354 3441 fortitudo.
1398 3383 1467 3439 Et
1505 3385 1857 3455 quotiescun-

279 3488 389 3544 que
413 3474 679 3529 vincimur
704 3474 853 3530 vitiis
880 3482 1042 3547 atque
1067 3476 1305 3546 peccatis
1321 3516 1337 3542 ,
1365 3475 1528 3531 toties
1564 3474 1855 3530 Dominum

276 3580 571 3636 negamus;
594 3573 656 3621 ut
674 3581 705 3622 e
726 3566 997 3622 contrario
1016 3568 1230 3637 quoties
1252 3568 1391 3623 bene
1413 3567 1644 3638 agimus,
1668 3566 1856 3621 Domi-

282 3671 417 3711 num
444 3656 773 3713 conﬁtemur.
805 3656 918 3713 Nec
945 3659 1319 3715 arbitrandum
1347 3666 1432 3714 est
1459 3658 1517 3713 in
1555 3659 1643 3714 die
1666 3657 1859 3727 judicii

279 3748 409 3804 illos
457 3755 662 3803 tantum
709 3765 741 3805 a
778 3749 877 3804 Dei
904 3748 1017 3805 ﬁlio
1044 3748 1414 3819 denegandos,
1460 3748 1553 3820 qui
1593 3748 1858 3818 martyrio

277 3839 558 3897 Christum
593 3850 952 3912 negaverunt;
986 3834 1081 3898 sed
1104 3857 1203 3911 per
1229 3841 1413 3898 omnia
1440 3855 1627 3910 opera,
1652 3854 1859 3896 sermo-

279 3948 414 3998 nes,
461 3934 822 4004 cogitationes
867 3934 1140 3990 Christum
1176 3933 1265 3990 vel
1300 3940 1526 4005 negatus
1554 3942 1743 4005 negat,
1772 3934 1861 3990 vel

279 4025 567 4083 confessus
593 4026 898 4083 conﬁtetur.
927 4027 1024 4082 Est
1045 4034 1102 4082 et
1128 4026 1374 4097 quaedam
1402 4026 1668 4083 laudanda
1696 4042 1862 4098 nega-

281 4121 395 4187 tio,
438 4120 505 4176 de
550 4136 657 4191 qua
682 4129 739 4177 et
773 4121 889 4191 ipse
912 4120 1112 4176 Paulus
1149 4120 1425 4191 apostolus
1458 4121 1570 4176 ait:
1600 4121 1859 4193 Apparuit

281 4213 425 4293 enim
454 4214 626 4283 gratia
651 4211 747 4266 Dei
789 4221 837 4268 et
865 4210 1158 4268 Saluatoris
1180 4212 1349 4267 nostri
1371 4212 1609 4266 omnibus
1631 4210 1860 4266 homini-

284 4296 405 4368 bus,
435 4303 678 4359 erudiens
703 4320 820 4372 nos,
842 4312 899 4358 ut
926 4303 1238 4375 abnegantes
1273 4303 1593 4374 impietatem
1625 4311 1675 4356 et
1696 4319 1862 4358 saecu-

283 4396 427 4450 laria
451 4397 731 4465 desideria,
752 4394 941 4464 sobrie,
964 4406 1013 4451 et
1031 4396 1199 4466 juste,
1219 4403 1268 4450 et
1292 4395 1374 4465 pie
1394 4395 1624 4450 vivamus
1648 4394 1703 4448 in
1726 4410 1865 4464 prte-

285 4490 424 4545 senti
448 4487 641 4545 saeculo
657 4530 674 4557 ,
702 4496 1051 4560 exspectantes
1075 4487 1279 4542 beatam
1302 4503 1444 4558 spem
1461 4527 1477 4552 ,
1506 4495 1554 4541 et
1585 4488 1863 4540 adventum

287 4580 474 4653 gloria
522 4581 701 4652 magni
734 4580 834 4636 Dei
859 4589 907 4635 et
935 4578 1225 4635 Saluatoris
1261 4577 1427 4633 nostri
1465 4575 1597 4632 Jesu
1642 4574 1860 4632 Christi.

289 4672 465 4738 Quam
492 4673 833 4744 negationem
856 4671 948 4742 qui
976 4671 1291 4742 negaverit,
1332 4678 1389 4727 et
1429 4670 1583 4741 sequi
1618 4669 1868 4724 Salvato-

294 4777 417 4817 rem
438 4763 663 4819 voluerit
704 4764 1055 4834 loquentem:
1089 4761 1396 4833 Quicunque
1438 4759 1656 4816 voluerit
1694 4761 1869 4816 venire

290 4853 369 4911 ad
397 4870 502 4920 me,
534 4855 748 4925 abneget
788 4855 1150 4925 semetipsum,
1187 4862 1244 4909 et
1285 4853 1366 4909 sic
1407 4861 1601 4909 exutus
1629 4860 1869 4907 veterem

288 4947 573 5003 hominem
594 4961 720 5003 cum
744 4946 1000 5017 operibus
1025 4944 1141 5014 ejus
1159 4983 1176 5011 ,
1204 4951 1260 4999 et
1295 4943 1518 4999 indutus
1555 4956 1756 4998 novum
1780 4954 1871 4996 se-

292 5046 497 5113 quatur
540 5039 827 5094 Dominum
877 5052 1054 5093 suum.
1099 5035 1377 5102 Quomodo
1426 5043 1608 5091 autem
1649 5033 1772 5104 quis
1811 5046 1874 5088 se

292 5131 530 5202 abneget
549 5128 1021 5199 contemplandum
1055 5134 1156 5182 est.
1184 5125 1418 5182 Pudicus
1453 5123 1875 5191 fornicatorem,

292 5221 442 5292 quod
494 5220 645 5291 prius
686 5218 867 5275 fuerat
913 5225 1114 5290 negat,
1168 5217 1387 5287 sapiens
1434 5217 1872 5288 imprudentem,

285 5309 474 5383 justus
521 5309 818 5381 injustum,
873 5308 1030 5364 fortis
1078 5306 1372 5364 inﬁrmum.
1419 5306 1488 5361 Et
1530 5315 1592 5363 ut
1633 5307 1689 5361 in
1726 5319 1878 5361 com-

294 5419 466 5462 mune
513 5405 581 5462 de
620 5404 871 5462 omnibus
927 5403 1118 5474 loquar
1139 5441 1157 5470 ,
1204 5401 1369 5457 toties
1420 5416 1520 5455 nos
1575 5413 1872 5471 negamus,

296 5498 535 5570 quoties,
563 5497 697 5553 vitia
720 5497 904 5570 priora
928 5495 1222 5561 calcantes,
1250 5493 1547 5550 desinimus
1585 5505 1705 5548 esse
1729 5491 1876 5562 quod

296 5596 431 5647 ante
459 5587 678 5646 fuimus.

915 5674 1139 5732 CAPUT
1189 5674 1254 5729 ll.

380 5770 462 5828 Tu
505 5778 682 5828 autem
719 5769 927 5842 loquere
965 5784 1082 5840 qua:
1117 5767 1312 5850 decent.
1338 5780 1525 5822 sanam
1561 5765 1874 5821 doctrinam.
1920 5847 1928 5852 ‘

1959 3272 2107 3329 Anus
2146 3268 2389 3326 similiter
2425 3270 2483 3326 in
2523 3269 2708 3325 habitu
2737 3262 2950 3336 sancto,
2985 3268 3091 3321 nan
3132 3262 3542 3332 criminatrices,

1962 3387 2068 3427 non
2095 3368 2260 3425 multo
2288 3370 2409 3424 vino
2433 3366 2735 3434 servientes,
2767 3365 2893 3421 bene
2937 3363 3179 3418 docentes
3213 3369 3271 3416 ut
3307 3358 3539 3431 pruden—

1962 3465 2091 3520 tiam
2119 3463 2364 3517 doceant.
2396 3456 2513 3516 Hoc
2544 3466 2647 3527 est,
2678 3458 2757 3513 ita
2782 3458 2892 3515 sint
2915 3464 2976 3511 ut
3004 3454 3108 3510 viri
3134 3467 3292 3509 senes
3310 3492 3324 3517 ,
3347 3450 3403 3504 in
3428 3465 3547 3504 om-

1962 3554 2123 3610 nibus
2149 3550 2364 3617 sobriaa,
2388 3557 2442 3605 et
2470 3550 2736 3615 honestae,
2765 3547 3005 3619 pudicae,
3034 3560 3181 3599 sanae
3220 3543 3275 3597 in
3317 3539 3452 3604 ﬁde,
3481 3544 3537 3594 et

1963 3641 2255 3706 charitate,
2287 3646 2343 3694 et
2365 3637 2647 3707 patientia,
2678 3642 2735 3691 et
2759 3650 2859 3704 pro
2884 3647 3015 3688 sexu
3044 3646 3143 3687 suo
3180 3630 3415 3685 habeant
3439 3627 3545 3683 hoc

1963 3730 2247 3806 proprium
2278 3746 2291 3783 :
2332 3725 2402 3782 Ut
2440 3726 2545 3782 sint
2572 3725 2627 3781 in
2667 3724 2848 3779 habitu
2879 3732 3081 3779 sancto.
3112 3712 3172 3776 Id
3199 3712 3303 3787 est,
3335 3736 3442 3775 non
3488 3720 3546 3775 in

1966 3811 2125 3878 tortis
2150 3819 2409 3876 crinibus.
2444 3816 2570 3873 Non
2611 3815 3005 3872 criminatrices.
3032 3811 3543 3884 Blasphematrices,

1964 3914 2053 3971 vel
2076 3911 2438 3969 accusatrices
2464 3929 2478 3965 :
2509 3908 2615 3967 hoc
2656 3902 2845 3979 utique
2891 3906 3018 3979 quia
3063 3898 3192 3978 ipsa:
3236 3904 3550 3963 adolescen-

1966 4004 2100 4065 tiam
2152 4007 2267 4079 jam
2314 4013 2667 4075 transgressae
2709 4008 2868 4069 sunt,
2913 4000 2979 4056 de
3026 3996 3550 4055 adolescentulamm

1967 4101 2220 4160 aetatibus
2246 4096 2355 4155 non
2390 4088 2691 4169 disputent,
2722 4102 2777 4150 et
2805 4090 3147 4150 dicant:an
3183 4091 3261 4147 sic
3297 4097 3546 4157 ornatur,

1968 4174 2062 4252 illa
2089 4190 2441 4269 sic'comitur,
2471 4189 2552 4245 sic
2582 4187 2672 4243 illa
2697 4184 2975 4260 procedit;
3012 4192 3159 4240 amat
3192 4184 3364 4250 illum,
3395 4199 3548 4239 ama-

1971 4296 2062 4341 tur
2089 4281 2293 4339 abillo.
2329 4279 2465 4336 Cum
2503 4278 2669 4334 etiam
2707 4277 2755 4332 si
2797 4276 2915 4332 haec
2951 4290 3079 4330 vera
3121 4274 3262 4340 sint,
3301 4287 3409 4328 non
3440 4280 3551 4326 tam

1972 4373 2115 4445 apud
2158 4380 2387 4428 caeteros
2410 4369 2605 4425 debeat
2633 4381 2892 4423 accusare
2926 4380 3087 4436 quam
3123 4364 3295 4435 ipsam
3342 4370 3553 4418 secrete

1930 4482 1945 4532 λ
1974 4468 2179 4525 Christi
2217 4465 2481 4521 charitate
2531 4461 2827 4532 corripere,
2854 4467 2909 4512 et
2931 4455 3104 4528 magis
3142 4455 3338 4511 docere
3366 4470 3435 4511 ne
3461 4454 3546 4509 fa-

1972 4559 2115 4624 ciat,
2154 4570 2316 4626 quam
2356 4554 2413 4609 in
2455 4550 2672 4622 publico
2718 4563 2973 4605 accusare
3005 4546 3149 4620 quod
3185 4545 3396 4603 fecerit.
3428 4543 3556 4601 Non

1973 4649 2092 4704 vino
2137 4641 2301 4699 multo
2343 4640 2637 4696 servientes.
2682 4635 2975 4710 Signanter
3024 4644 3079 4693 et
3126 4650 3386 4707 expresse
3422 4636 3551 4691 ait:

1976 4740 2102 4796 Non
2130 4737 2248 4792 vino
2286 4732 2451 4788 multo
2483 4732 2779 4787 servientes.
2824 4728 3071 4785 Servitus
3113 4729 3259 4784 enim
3307 4726 3553 4798 quaedam

1974 4840 2078 4905 est,
2111 4838 2167 4887 et
2198 4837 2441 4884 extrema
2467 4824 2726 4890 conditio,
2748 4824 2876 4879 vino
2905 4837 3100 4878 sensus
3127 4820 3365 4878 hominis
3392 4834 3557 4875 occu-

1976 4924 2115 4997 pari,
2148 4929 2203 4978 et
2228 4938 2339 4977 non
2364 4937 2520 4977 suum
2548 4935 2688 4986 esse,
2716 4918 2811 4975 sed
2838 4917 2971 4974 vini.
2992 4917 3135 4973 Bene
3154 4915 3395 4970 docentes
3413 4912 3554 4982 ﬁlias

1971 5033 2098 5075 suas
2119 5026 2175 5070 ut
2199 5016 2534 5088 prudentiam
2564 5013 2804 5069 doceant.
2843 5013 2981 5080 Quia
3016 5009 3200 5067 docuit
3229 5007 3417 5080 quales
3448 5008 3558 5077 pri-

1974 5123 2065 5165 mo
2108 5123 2245 5163 anus
2288 5121 2409 5162 esse
2435 5106 2729 5173 deberent,
2761 5112 2817 5161 et
2848 5111 2973 5177 post
3012 5117 3132 5175 qua:
3164 5115 3291 5157 cum
3335 5100 3557 5156 senibus

1976 5199 2110 5256 viris
2137 5199 2339 5255 habent
2364 5198 2688 5262 communia,
2719 5197 2887 5252 etiam
2912 5193 3133 5266 propria
3161 5206 3351 5247 eorum
3384 5206 3553 5263 expo-

1979 5294 2107 5360 suit,
2140 5300 2202 5347 ut
2230 5293 2503 5359 honestas,
2535 5299 2590 5347 et
2615 5289 2803 5346 habitu
2841 5274 3068 5374 sancto,
3096 5290 3152 5339 et
3180 5283 3329 5340 omni
3361 5283 3558 5343 decore

1982 5387 2095 5445 sint
2118 5386 2311 5459 plenae,
2336 5400 2439 5441 nec
2479 5383 2863 5448 accusatrices,
2904 5392 3008 5434 nec
3045 5376 3168 5433 aliis
3188 5376 3557 5446 detrahentes,

1983 5495 2089 5538 nec
2109 5480 2236 5535 vino
2258 5476 2506 5534 sensibus
2541 5473 2819 5545 occupatis
2836 5511 2852 5539 ,
2877 5484 3023 5526 nunc
3047 5478 3440 5541 consequenter
3462 5469 3560 5527 do-

1984 5575 2178 5633 ctrinae
2212 5573 2294 5630 eis
2327 5571 2483 5627 frena
2527 5566 2826 5641 permittit,
2877 5572 2939 5619 ut
2971 5579 3093 5621 cum
3137 5563 3275 5620 tales
3311 5562 3557 5632 fuerint,

1984 5666 2213 5725 docendi
2254 5663 2493 5722 habeant
2534 5658 2872 5723 libertatem,
2901 5662 2964 5711 ut
2998 5654 3205 5712 scilicet
3236 5654 3465 5710 doceant
3495 5669 3560 5708 ea

1985 5780 2107 5837 qua:
2132 5763 2275 5819 bona
2303 5764 2451 5817 sunt.
2482 5753 2635 5812 Licet
2654 5752 2800 5810 enim
2826 5751 2931 5809 alio
2950 5750 3071 5809 loco
3097 5748 3294 5808 dixerit
3320 5748 3556 5803 :Doccre
