4012 6336
559 304 663 362 217

1932 303 2201 370 SEDULII
2236 309 2433 370 SCOTI

3704 325 3808 387 248

558 419 864 475 mulieribus
888 418 943 474 in
966 419 1361 490 congregatione
1387 436 1491 477 non
1517 421 1757 494 permitto
1779 462 1796 488 ,
1823 422 1904 479 sic
1931 423 2126 481 intelli-
2150 427 2204 489 Α
2219 428 2387 499 juste,
2414 435 2463 480 et
2487 426 2573 496 pie
2596 424 2830 483 vivamus
2850 426 2907 483 in
2935 426 3033 485 hoc
3053 431 3267 488 seculo.
3295 428 3374 490 Ne
3392 428 3607 505 iustitia
3642 446 3809 501 teme-

557 511 790 583 gendum
829 518 914 566 est
928 506 953 579 ,’
987 520 1047 565 ut
1095 510 1149 566 in
1178 512 1325 568 viros
1370 512 1476 568 illis
1509 514 1581 568 sit
1619 514 1863 587 doctrina
1890 516 2121 573 sublata.

553 600 823 657 Cmterum
867 602 1297 660 adolescentulas
1331 605 1561 660 doceant
1604 607 1759 675 quasi
1800 605 1939 663 ﬁlias
1967 622 2119 675 suas,

550 694 786 764 prinmm
832 694 1172 761 castitatem,
1213 697 1338 766 quia
1382 698 1667 753 adversum
1705 699 1846 754 hanc
1872 700 2042 769 magis
2069 701 2124 756 in

549 792 708 839 aetate
736 782 964 840 florente
998 795 1201 858 pugnat
1226 788 1496 854 inimicus,
1526 798 1583 844 et
1612 790 1782 846 virtus
1805 790 1922 858 ejus
1947 793 2124 848 omnis

550 884 740 928 contra
781 874 1013 930 feminas
1057 878 1111 931 in
1157 878 1412 934 umbilico
1443 882 1651 936 ventris
1689 891 1803 947 est,
1843 882 2036 938 deinde
2062 893 2123 940 ut

549 969 733 1017 ament
758 965 907 1020 viros
938 979 1086 1031 suos,
1116 966 1342 1037 diligant
1384 967 1539 1024 ﬁlios.
1581 969 1713 1038 Quae
1747 972 1993 1027 doctrina
2037 982 2122 1030 est

546 1064 734 1108 amare
752 1053 920 1122 viros,
945 1070 1068 1110 cum
1093 1056 1195 1112 hoc
1217 1074 1321 1113 non
1345 1058 1398 1113 in
1432 1061 1645 1130 eloquio
1665 1062 1928 1130 docentis,
1952 1065 2045 1121 sed
2065 1066 2121 1121 in

545 1143 710 1197 corde
739 1147 972 1203 amantis
998 1147 1072 1203 sit
1087 1151 1474 1205 constitutum?
1495 1151 1621 1207 Vult
1649 1168 1741 1210 eas
1770 1170 1955 1212 amare
1977 1157 2122 1215 viros

545 1249 673 1293 suos
705 1248 885 1308 caste;
912 1242 1026 1298 vult
1056 1243 1198 1300 inter
1220 1247 1396 1301 virum
1422 1256 1477 1302 et
1500 1250 1783 1307 mulierem
1810 1268 1932 1309 esse
1958 1255 2118 1324 pudi-

543 1340 662 1381 cam
690 1328 1053 1401 dilectionem,
1095 1344 1157 1390 ut
1204 1352 1324 1392 cum
1370 1340 1575 1409 pudore
1610 1350 1664 1396 et
1695 1347 2038 1413 verecundia,
2064 1354 2122 1403 et

538 1416 695 1483 quasi
729 1421 1047 1478 necessitate
1076 1440 1240 1481 sexus
1270 1427 1461 1485 reddat
1491 1432 1670 1498 potius
1711 1434 1951 1491 debitum
1992 1438 2118 1494 viro

537 1520 700 1574 quam
725 1509 840 1578 ipsa
865 1514 1036 1585 exigit
1063 1515 1133 1570 ab
1160 1530 1246 1570 eo.
1279 1517 1348 1571 Et
1371 1518 1513 1588 ﬁlios
1537 1538 1661 1577 suos
1688 1535 1881 1581 ament.
1910 1526 1968 1582 ω
2000 1535 2112 1598 est,

536 1606 596 1651 ut
625 1600 843 1657 eosdem
870 1604 924 1659 in
950 1604 1048 1659 Dei
1078 1600 1331 1664 erudiant
1360 1611 1669 1683 disciplina.

607 1689 676 1747 Ut
715 1710 822 1750 non
863 1696 1250 1770 blasphemetur
1275 1720 1462 1759 nomen
1504 1706 1719 1762 Domini
1763 1709 1841 1765 vel
1879 1713 2108 1770 uerbum.

2229 526 2345 572 rata
2374 517 2464 581 sit,
2493 518 2666 587 pietas
2688 516 3012 590 adjungitur.
3045 520 3117 576 Et
3137 524 3414 580 mandaret
3436 528 3537 583 sibi
3554 532 3809 602 populum

2226 606 2610 677 acreptabilem.
2645 606 2946 665 Careamus
2974 624 3127 681 ergo,
3154 618 3223 666 ne
3245 613 3570 673 beneﬁcium
3590 621 3809 681 irritum

2225 694 2510 752 faciamus.
2541 697 2671 753 Haec
2700 699 2928 769 loquere.
2952 701 3227 759 Doctrina.
3253 704 3573 765 Exhortare.
3610 711 3810 771 Exem-

2222 788 2331 860 plo.
2359 789 2550 860 Argue.
2580 790 2687 844 Eos
2725 791 2816 861 qui
2856 807 2963 847 non
2990 794 3065 848 ita
3093 793 3299 850 vivunt.
3326 795 3459 854 Cum
3488 800 3635 857 omni
3652 805 3811 875 impe-

2224 881 2323 934 rio.
2349 879 2441 936 Sic
2471 881 2716 951 intelligo
2742 883 2883 951 quod
2905 884 2983 938 ait
3007 904 3019 938 :
3045 885 3222 956 Argue
3241 904 3361 943 cum
3393 893 3537 946 omni
3561 893 3801 965 imperio,

2221 975 2283 1024 ut
2306 970 2615 1055 specialiter
2640 973 2709 1027 ad
2738 973 3190 1044 increpationem,
3216 984 3395 1034 etnon
3421 980 3490 1035 ad
3512 981 3621 1038 duo
3641 999 3804 1055 supe-

2220 1061 2367 1117 riora
2397 1063 2453 1119 in
2475 1046 2762 1120 commune
2791 1066 3094 1135 referatur;
3126 1084 3301 1141 neque
3322 1076 3578 1130 convenit
3596 1077 3805 1147 dicere,

2219 1153 2511 1209 exhortare
2539 1142 2665 1210 cum
2691 1158 2840 1212 omni
2867 1158 3115 1229 imperio,
3144 1160 3239 1216 sed
3267 1166 3644 1223 tantummodo
3666 1209 3681 1233 ,
3712 1169 3806 1225 in-

2218 1257 2381 1313 crepa
2405 1259 2528 1299 cum
2550 1246 2698 1301 omni
2727 1247 2975 1318 imperio.
3012 1248 3181 1306 Nemo
3204 1261 3255 1307 te
3272 1264 3589 1313 contemnat.
3612 1259 3676 1316 ld
3697 1270 3803 1329 est,

2218 1332 2381 1390 talem
2405 1343 2459 1391 te
2484 1337 2702 1407 exhibe,
2736 1347 2797 1394 ut
2826 1342 3098 1398 contemni
3126 1358 3236 1399 non
3257 1346 3456 1416 possis.

2839 1451 3070 1508 CAPUT
3107 1454 3194 1509 Ill.

2287 1515 2524 1574 Admone
2550 1517 2672 1575 illos
2719 1519 3044 1593 principibus
3086 1534 3134 1578 et
3176 1526 3518 1595 potestatibus
3557 1532 3801 1589 subditos

2214 1625 2342 1664 esse.
2374 1609 2445 1665 Ut
2472 1611 2529 1666 in
2548 1612 2836 1683 Evangelio
2865 1612 3064 1669 dicitur
3093 1634 3106 1669 :
3133 1614 3355 1673 Reddite
3372 1636 3491 1690 quae
3510 1632 3635 1675 sunt
3674 1620 3801 1678 Cte-

2214 1702 2351 1755 saris
2391 1698 2591 1756 Ccsari
2629 1702 2780 1775 (Luc.
2814 1703 2931 1775 xx).
2972 1703 3125 1760 Dicto
3162 1706 3473 1765 obedientes.
3503 1710 3562 1765 Si
3594 1713 3799 1769 bonum

534 1781 772 1840 Verbum
798 1786 1013 1845 Domini
1054 1791 1481 1863 blasphematur,
1525 1800 1609 1853 vel
1643 1817 1765 1857 cum
1813 1808 2095 1863 contemni-

2213 1790 2378 1847 fuerit
2410 1794 2553 1862 quod
2581 1794 2901 1864 praecipiunt
2925 1813 2938 1848 :
2964 1796 3013 1851 si
3036 1811 3166 1852 vero
3189 1799 3414 1865 malum,
3435 1804 3701 1871 responde
3715 1803 3801 1859 eis

537 1878 626 1925 tur
650 1874 747 1929 Dei
790 1877 972 1945 prima
1004 1878 1304 1950 sententia,
1331 1894 1385 1941 et
1412 1880 1709 1957 pro-nihilo
1738 1891 1986 1960 ducitur;
2021 1897 2109 1951 vel

531 1961 734 2021 Christi
773 1967 1070 2026 infamatur
1109 1977 1449 2048 evangelium
1475 2020 1490 2046 ,
1539 1982 1664 2036 dum
1700 1975 1889 2039 contra
1937 1986 2106 2058 legem

534 2053 801 2128 ﬁdemque
829 2068 1059 2130 naturae,
1090 2056 1155 2120 ea
1180 2080 1300 2136 qua:
1326 2066 1633 2127 Christiana
1655 2082 1758 2140 est,
1784 2088 1851 2129 ex
1871 2076 1967 2131 Dei
1990 2053 2108 2148 lege

529 2145 789 2216 subjecta,
819 2152 937 2207 viro
964 2153 1232 2225 imperare
1262 2158 1554 2226 desiderat,
1582 2178 1705 2218 cum
1736 2165 1901 2221 etiam
1935 2145 2110 2239 genti-

527 2234 604 2293 les
626 2238 840 2298 femina:
864 2244 998 2301 viris
1023 2247 1138 2303 suis
1160 2249 1402 2305 serviant
1428 2255 1701 2309 communi
1727 2255 1845 2327 lege
1873 2268 2101 2316 naturm.

523 2326 749 2386 quenes
778 2333 1022 2390 similiter
1063 2337 1362 2404 erhortare,
1408 2351 1465 2395 ut
1514 2342 1677 2397 sobrii
1705 2347 1829 2401 sint.
1864 2346 2016 2403 Sicut
2049 2351 2107 2404 in

466 2476 479 2493 I
523 2430 590 2472 eo
624 2420 769 2488 quod
795 2437 959 2493 supra
982 2436 1339 2496 praeceperat,
1366 2429 1585 2486 dicens:
1615 2432 1763 2488 Anus
1792 2435 2033 2492 similiter
2051 2439 2107 2495 in

522 2504 703 2560 habitu
747 2521 929 2564 sancto
955 2552 970 2578 ,
1015 2512 1422 2572 similitudinem
1462 2534 1663 2577 annum
1699 2522 2011 2583 dixeramus
2036 2528 2105 2584 ad

523 2607 684 2650 senes
704 2610 929 2655 necesse
954 2601 1318 2672 referendam,
1345 2607 1419 2662 ita
1451 2624 1598 2665 nunc
1620 2611 1674 2666 in
1703 2626 1769 2668 eo
1792 2619 1934 2685 quod
1966 2617 2107 2673 intu-

521 2685 607 2753 lit,
637 2687 861 2745 Iuvenes
883 2692 1128 2748 similiter
1153 2695 1417 2767 hortatur,
1446 2710 1504 2755 ut
1532 2702 1712 2772 pudici
1739 2705 1845 2759 sint
1867 2746 1882 2771 ,
1913 2706 2104 2763 simili-

522 2777 763 2833 tudinem
802 2778 1067 2848 juvenum
1110 2785 1179 2840 ad
1225 2801 1396 2856 anus,
1426 2797 1481 2845 et
1528 2806 1628 2861 per
1673 2808 1811 2850 anus
1851 2793 1917 2849 ad
1946 2810 2102 2853 senes

520 2868 855 2927 arbitramur
896 2876 1216 2947 aptandam,
1247 2887 1310 2935 ut
1346 2896 1538 2938 senum
1565 2882 1804 2941 habeant
1838 2887 2102 2944 sobrieta-

521 2967 652 3029 tem,
682 2972 738 3018 et
766 2964 981 3021 honesti
1006 2967 1150 3037 sint,
1199 2978 1255 3025 et
1292 2973 1511 3043 pudici,
1542 2982 1598 3030 et
1630 2976 1746 3031 sani
1774 2977 1830 3033 in
1870 2977 2003 3043 ﬁde,
2044 2990 2101 3037 et

519 3053 803 3125 charitate,
832 3068 889 3114 et
915 3062 1174 3131 patientia
1198 3082 1212 3119 :
1236 3081 1436 3123 annum
1458 3068 1513 3124 in
1536 3069 1723 3126 habitu
1751 3075 2093 3133 sanctitatem

2210 1880 2278 1936 de
2299 1878 2525 1937 Actibus
2554 1883 2920 1952 apostolorum
2951 1902 2964 1938 :
3001 1884 3226 1942 Obedire
3253 1898 3453 1959 oportet
3480 1891 3592 1946 Deo
3625 1895 3800 1965 magis

2208 1987 2367 2041 quam
2394 1970 2730 2041 principibus
2772 1972 2857 2027 vel
2888 1974 3183 2031 hominibus
3223 1976 3361 2048 (Act.
3385 1978 3500 2051 xv).
3531 1980 3658 2036 Non
3684 1982 3801 2037 liti-

2207 2062 2399 2132 giosos.
2431 2060 2570 2118 Nam
2596 2060 2823 2131 Christi,
2855 2064 2911 2120 id
2940 2073 3047 2133 est,
3078 2067 3230 2138 pacis
3268 2068 3410 2126 ﬁlios
3435 2086 3544 2128 non
3576 2084 3803 2144 oportet

2206 2151 2440 2223 litigare.

2276 2236 2360 2293 Ad
2384 2236 2559 2296 omnes
2585 2243 2842 2299 homines.
2866 2243 2984 2301 Non
3014 2244 3188 2303 solum
3233 2249 3302 2305 ad
3329 2248 3500 2307 bonos
3534 2252 3619 2308 vel
3647 2255 3798 2310 ami-

2206 2342 2319 2386 cos.
2351 2330 2419 2385 In
2444 2330 2670 2387 malitia.
2700 2333 2835 2390 Cum
2863 2346 3282 2408 persequeretur
3307 2340 3626 2398 Ecclesiam.
3661 2343 3799 2400 Odi-

2206 2423 2352 2479 biles.
2381 2424 2635 2482 Odientes
2660 2426 2915 2484 invicem.
2936 2430 3069 2498 Quae
3096 2432 3274 2501 major
3300 2441 3484 2503 potest
3506 2435 3717 2491 malitia
3737 2446 3798 2493 et

2205 2514 2407 2570 invidia
2438 2530 2578 2583 esse,
2610 2533 2773 2586 quam
2806 2528 2999 2576 contra
3025 2522 3280 2579 absentes
3315 2526 3576 2594 epistolas
3609 2543 3797 2585 sume-

2203 2620 2283 2672 re,
2306 2614 2362 2660 et
2383 2607 2565 2662 odisse
2586 2606 2946 2677 Christianos,
2975 2619 3031 2666 et
3055 2622 3454 2685 consequenter
3494 2619 3564 2672 ab
3606 2618 3793 2674 homi-

2203 2696 2362 2752 nibus
2398 2698 2580 2752 odium
2631 2698 2969 2770 prbmereri?
2998 2701 3126 2759 Sive
3156 2705 3258 2760 sub
3302 2721 3535 2777 persona
3583 2724 3681 2766 sua
3721 2712 3796 2769 de

2202 2787 2323 2843 aliis
2352 2780 2605 2858 loquitur.
2642 2788 2775 2846 Cum
2816 2803 2989 2849 autem
3040 2796 3332 2868 benignitas
3381 2810 3430 2855 et
3482 2802 3795 2862 humanitas

2202 2882 2468 2951 apparuit.
2514 2882 2837 2953 Diligentius
2882 2888 3246 2956 attendamus,
3277 2899 3333 2946 et
3360 2892 3699 2953 inveniemus
3729 2899 3793 2954 in

2199 2978 2451 3045 praesenti
2477 2978 2713 3047 capitulo
2730 2980 3232 3040 manifestissimam
3254 2984 3600 3043 Trinitatem.
3622 2989 3792 3045 Beni-

2199 3068 2378 3137 gnitas
2408 3070 2607 3139 quippe
2636 3080 2802 3141 atque
2831 3073 3121 3130 clementia
3146 3076 3445 3136 Salvatoris
3464 3083 3636 3137 nostri
3660 3080 3782 3148 Dei,

517 3145 773 3215 habeant,
802 3157 864 3205 ut
905 3167 1012 3207 non
1053 3155 1165 3211 sint
1205 3169 1536 3216 accusatores
1556 3202 1571 3228 ,
1616 3179 1719 3218 non
1760 3158 1883 3221 cina
1929 3167 2092 3223 multo
2121 3146 2167 3209 (ἶ
2198 3170 2307 3253 n01}
2332 3159 2556 3253 alterius
2583 3176 2745 3230 quam
2773 3164 2869 3219 Dei
2896 3164 3096 3233 Patris:
3125 3183 3225 3238 De?
3251 3169 3531 3228 laVacmm
3554 3190 3787 3246 τθεθηε-
3814 3246 3821 3253 .

515 3240 825 3308 servientes,
857 3241 984 3299 bene
1007 3244 1249 3304 docentes
1267 3289 1283 3317 ,
1309 3258 1366 3307 et
1391 3262 1610 3309 caetera.
1643 3254 1928 3325 Proprium
1963 3259 2093 3314 ado-

517 3329 904 3390 lescentiorum
928 3335 1033 3393 hoc
1060 3340 1261 3409 posuit,
1291 3349 1352 3395 ut
1376 3342 1558 3413 pudici
1593 3344 1703 3400 sint
1730 3346 1786 3400 in
1816 3349 2087 3416 omnibus,

514 3431 624 3478 tam
656 3426 863 3483 scilicet
884 3437 1065 3486 mente
1093 3446 1258 3502 quam
1296 3449 1523 3506 corpore
1540 3478 1555 3504 ,
1597 3447 1707 3493 tam
1734 3454 1899 3509 opere
1927 3456 2090 3511 quam

512 3516 856 3598 cogitatione,
886 3527 947 3575 ut
974 3521 1125 3577 nulla
1153 3523 1227 3579 sit
1254 3524 1309 3580 in
1339 3525 1683 3583 adolescente
1715 3529 1952 3598 suspicio
1975 3538 2092 3585 tur-

510 3588 788 3677 pitudinis.
832 3610 904 3667 Et
936 3612 1066 3670 licet
1088 3607 1331 3686 ~quidam
1370 3618 1437 3674 de
1466 3616 1674 3674 Latinis
1708 3620 1783 3674 ita
1807 3588 2091 3677 aestiment

508 3696 795 3771 legendum
831 3720 846 3758 :
876 3702 1105 3762 Juvenes
1149 3707 1393 3763 similiter
1433 3708 1646 3766 hortare
1666 3722 1727 3766 ut
1753 3712 1933 3784 pudici
1960 3713 2085 3780 sint,

508 3793 569 3841 ut
595 3797 783 3858 postea
803 3790 1060 3861 inferant,
1085 3794 1146 3851 in
1170 3798 1414 3854 omnibus
1436 3808 1487 3855 te
1507 3800 1678 3872 ipsum
1700 3800 1927 3873 formam
1950 3820 2089 3876 prte-

434 3872 455 3889 ⁵
507 3876 630 3932 bens
650 3879 902 3936 bonorum
927 3900 1165 3956 operum,
1196 3895 1377 3945 tamen
1406 3891 1641 3948 sciamus
1669 3893 1725 3946 in
1754 3895 1992 3951 omnibus
2018 3896 2087 3952 ad

506 3968 815 4049 superiores
841 3986 965 4028 esse
993 3974 1358 4046 referendum,
1390 3979 1447 4033 id
1469 3986 1573 4046 est,
1601 3982 1813 4037 hortare
1829 3992 1887 4036 ut
1906 3984 2086 4054 pudici

506 4044 613 4108 sint
631 4055 688 4111 in
714 4058 975 4115 omnibus.
1008 4061 1302 4121 Sciendum
1329 4044 1545 4139 quoque
1562 4044 1699 4136 hoc,
1727 4071 1870 4140 quod
1906 4044 2085 4128 conti-

504 4147 689 4202 nentia
732 4164 841 4206 non
890 4152 1065 4208 solum
1108 4157 1290 4213 carnis
1334 4173 1499 4230 opere
1525 4168 1580 4217 et
1608 4163 1776 4218 animi
1817 4166 2081 4236 concupi-

501 4242 744 4311 scentia,
790 4244 886 4300 sed
936 4245 992 4301 in
1041 4250 1293 4307 omnibus
1327 4254 1490 4310 rebus
1517 4257 1938 4313 necessaria'sit
1966 4274 1979 4311 :
2010 4273 2082 4314 ne

500 4326 735 4389 honores
761 4333 1033 4393 indebitos
1071 4349 1419 4411 appetamus,
1449 4360 1519 4400 ne
1553 4348 1913 4403 accendamur
1952 4363 2081 4404 ava-

2190 3248 2443 3329 rationis,
2466 3257 2522 3305 et
2548 3253 2953 3311 renovationem
2975 3256 3212 3327 Spiritus
3242 3264 3436 3329 sancti,
3461 3279 3625 3335 quam
3648 3267 3786 3323 cﬂ'u-

2191 3338 2272 3395 dit
2298 3341 2353 3395 in
2382 3356 2483 3397 nos
2509 3344 2848 3402 abundanter
2874 3363 2973 3420 per
3007 3348 3190 3407 Jesum
3224 3352 3499 3411 Christum
3533 3357 3783 3418 Salvato-

2190 3443 2309 3485 rem
2358 3440 2643 3501 nostrum,
2683 3434 3009 3505 justiﬁeavit
3047 3457 3149 3498 nos
3186 3444 3242 3499 in
3280 3446 3448 3502 vitam
3490 3457 3774 3509 aeternam.

2190 3519 2489 3578 Secundum
2515 3542 2657 3597 spem
2686 3529 2804 3584 vita:
2831 3539 3060 3587 teternte.
3083 3533 3143 3589 ld
3166 3543 3250 3591 est
3267 3574 3284 3602 ,
3324 3552 3434 3591 non
3464 3541 3764 3597 secundum

2189 3612 2465 3667 carnalem
2505 3616 2897 3675 hereditatem.
2940 3620 3144 3679 Fidelis
3168 3642 3339 3681 sermo
3376 3639 3475 3683 est.
3502 3628 3584 3685 Ad
3616 3646 3777 3702 supe-

2189 3701 2335 3757 riora
2362 3702 2703 3777 jungendum
2736 3718 2839 3778 est,
2867 3711 2961 3767 ubi
2989 3713 3088 3780 ait,
3113 3714 3359 3773 haeredes
3386 3719 3577 3776 simus.

2256 3792 2329 3849 Et
2351 3795 2416 3850 de
2437 3797 2539 3853 his.
2569 3797 2629 3855 Id
2657 3812 2762 3869 est,
2801 3802 2868 3858 de
2907 3804 3249 3874 supradictis.
3308 3805 3438 3864 Volo
3484 3819 3535 3866 te
3579 3815 3767 3884 conﬁr-

2188 3900 2352 3942 mare.
2383 3888 2443 3944 Id
2467 3899 2573 3958 est,
2604 3891 2962 3962 conﬁrmare,
2985 3911 3093 3953 non
3123 3898 3445 3958 inscientem
3472 3903 3768 3964 instruere.

2185 3976 2392 4035 Stultas
2413 3992 2587 4065 autem
2605 3986 2933 4056 quiestiones.
2950 3988 3188 4047 Plurima
3210 3995 3455 4066 exempla
3474 4005 3599 4051 sunt
3617 4014 3771 4068 qua}

2184 4070 2418 4125 re‘ntium
2467 4060 2575 4156 non
2628 4072 2776 4130 recte
2836 4076 3028 4134 Deum.
3074 4080 3245 4138 Judaei
3296 4060 3461 4155 prave
3509 4060 3772 4156 quierunt

2182 4155 2374 4220 Deum,
2404 4152 2689 4230 sperantes
2716 4178 2841 4219 eum
2870 4166 3101 4225 inveniri
3142 4152 3315 4242 posse.
3350 4174 3468 4231 sine
3511 4152 3765 4238 Christo.

2179 4244 2433 4305 Haeretici
2488 4266 2631 4308 vano
2688 4269 3001 4314 sermonum
3057 4264 3287 4333 strepitu
3339 4277 3771 4342 concrepantes,

2178 4348 2427 4408 quaerunt
2450 4358 2612 4433 quem
2634 4344 2882 4404 invenire
2907 4365 3015 4407 non
3036 4363 3284 4422 possunt.
3303 4356 3614 4430 Philosophi
3633 4377 3773 4433 quo-

498 4420 659 4490 ritia,
706 4438 777 4480 ne
820 4425 927 4482 ulla
978 4432 1233 4500 passione
1276 4448 1615 4505 superemur.
1645 4436 1713 4491 In
1752 4439 1989 4495 omnibus
2028 4449 2078 4495 te

2198 4441 2282 4496 [ne
2316 4436 2373 4483 et
2399 4430 2637 4500 barbari,
2679 4435 2746 4490 de
2787 4434 2899 4493 Deo
2943 4420 3096 4497 varia
3152 4445 3471 4514 sentientes,
3508 4420 3769 4521 quaerunt

494 4511 668 4582 ipsum
704 4518 938 4586 praebens
978 4521 1203 4591 formam
1235 4524 1489 4581 bonorum
1522 4544 1753 4599 operum.
1781 4528 1924 4585 Nihil
1951 4546 2077 4601 pro-

2198 4516 2378 4585 )eum;
2400 4523 2495 4577 sed
2516 4524 2641 4592 quia
2663 4538 2773 4581 non
2793 4535 2942 4585 recte
2959 4532 3306 4600 quaesierunt,
3329 4506 3552 4593 fuerunt

496 4602 618 4656 dest
659 4602 893 4673 aliquem
941 4613 1297 4667 exercitatum
1344 4630 1464 4672 esse
1501 4617 1557 4671 in
1598 4617 1858 4683 dicendo,
1913 4627 1970 4674 et
2005 4619 2074 4675 ad

494 4690 825 4760 loquendum
852 4696 1069 4753 trivisse
1098 4700 1360 4772 linguam,
1388 4707 1493 4761 nisi
1530 4706 1653 4776 plus
1697 4709 1948 4778 exemplo
1976 4710 2073 4765 do-

494 4782 673 4838 cuerit
696 4798 857 4853 quam
879 4788 1065 4845 verbo.
1082 4791 1325 4865 Denique
1344 4800 1435 4867 qui
1453 4799 1757 4867 impudicus
1769 4810 1872 4867 est,
1888 4817 2075 4872 quam-

490 4872 578 4928 vis
601 4873 837 4932 disertus
866 4877 956 4944 sit,
984 4878 1032 4935 si
1063 4881 1131 4935 ad
1161 4885 1469 4941 castitatem
1497 4887 1779 4944 audientes
1818 4891 2070 4946 cohorte-

491 4971 604 5033 tur,
644 4982 826 5025 sermo
862 4968 978 5040 ejus
1012 4971 1262 5030 inﬁrmus
1298 4984 1381 5031 est
1424 4993 1492 5032 ex
1524 4979 1846 5036 auctoritate
1874 4972 2073 5038 coboré

492 5052 643 5112 tandi
681 5075 695 5113 :
736 5067 799 5115 ut
842 5048 875 5116 e
921 5063 1196 5120 contrario
1246 5068 1494 5135 quamvis
1541 5068 1612 5124 sit
1654 5071 1961 5128 rusticanus
2015 5081 2072 5128 et

494 5153 679 5208 tardus
735 5155 805 5211 ad
846 5156 1203 5227 loquendum,
1254 5159 1301 5215 si
1357 5171 1540 5217 castus
1580 5161 2067 5236 fuerit,‘fexemplo

491 5257 593 5298 suo
624 5244 871 5304 homines
895 5255 1080 5320 potest
1115 5250 1185 5306 ad
1221 5249 1347 5306 vitae
1381 5250 1787 5310 similitudinem
1822 5256 2062 5327 compel-

488 5329 623 5388 lere.
1204 5358 1209 5363 ί

500 5450 509 5461 ι
556 5420 627 5477 In
655 5422 971 5495 integritate.
995 5427 1056 5484 Id
1081 5436 1184 5495 est,
1219 5429 1277 5485 in
1300 5429 1630 5501 virginitate.
1679 5430 1749 5487 In
1785 5433 2060 5503 grauitate.

485 5507 546 5565 Id
578 5519 678 5577 est,
708 5515 905 5569 mentis
944 5517 1222 5585 pudicitia.
1258 5514 1447 5573 Illuxit
1483 5520 1618 5574 enim
1660 5522 1834 5591 gratia
1875 5522 1974 5577 Dei
2011 5532 2063 5578 et

490 5597 781 5656 Saluatoris
807 5605 989 5658 nostri.
1019 5606 1142 5663 [deo
1162 5624 1351 5664 omnes
1375 5609 1744 5665 indifferenter
1766 5611 1917 5667 doce.
1935 5611 2064 5668 0m-

489 5689 641 5747 nibus
657 5691 972 5751 hominibus.
1012 5695 1222 5757 Nullam
1260 5696 1626 5760 conditioiiem
1660 5702 1957 5779 excipiens.
1987 5704 2059 5763 Et

2178 4605 2342 4663 fatuae
2364 4613 2714 4682 quaestiones,
2747 4620 3054 4687 putantium
3081 4621 3252 4678 Deum
3293 4624 3549 4683 humanis
3584 4629 3769 4686 sensi-

2176 4697 2280 4754 bus
2319 4715 2480 4770 posse
2511 4708 2919 4776 eomprehendi.
2950 4711 3035 4766 Ab
3058 4712 3144 4769 his
3188 4713 3358 4785 igitur
3403 4732 3502 4774 nos
3555 4718 3766 4778 Paulus

2176 4798 2415 4844 revocat.
2445 4790 2600 4859 Quod
2629 4804 2810 4853 autem
2840 4798 2955 4853 ait:
2988 4798 3361 4874 Genealogias,
3388 4815 3440 4860 et
3468 4809 3765 4865 contentio-

2174 4894 2286 4946 nes,
2308 4889 2359 4935 et
2380 4883 2547 4951 rixas,
2569 4901 2685 4954 qua:
2712 4890 3049 4945 non'oeniunt
3069 4907 3135 4947 ea:
3154 4891 3285 4964 lege,
3306 4894 3502 4963 devita,
3532 4899 3763 4969 proprie

2172 4969 2354 5038 pulsat
2380 4970 2619 5040 Judteos,‘
2638 4972 2730 5046 qui
2752 4977 2808 5032 in
2838 4992 2903 5035 eo
2931 4975 2994 5036 se"
3011 4981 3268 5051 iactitant
3312 4993 3371 5042 et
3391 4996 3587 5059 putant
3608 4988 3756 5061 legis

2170 5059 2388 5129 habere.
2418 5062 2691 5132 notitiam,
2718 5066 2786 5124 'si
2821 5073 3043 5128 nomina
3088 5081 3309 5132 teneant
3350 5059 3697 5149 Singulorum
3732 5099 3750 5138 :

2169 5163 2290 5219 qua:
2314 5152 2441 5221 quia
2468 5154 2700 5213 barbara
2726 5167 2883 5230 sunt,
2914 5169 2971 5218 et
3008 5166 3377 5239 etymologiae.
3396 5182 3590 5225 eorum
3619 5186 3737 5227 non

2166 5241 2417 5299 novimus
2435 5284 2451 5311 ,
2480 5245 2798 5321 plerumque
2823 5263 3081 5325 corrupte
3107 5257 3462 5326 proferuntur
3498 5275 3529 5314 a
3560 5260 3746 5318 nobis.

2165 5330 2235 5386 Et
2262 5333 2308 5388 si
2336 5331 2481 5391 forte
2508 5341 2811 5397 erravimus
2839 5343 2895 5398 in
2924 5355 3173 5415 accentu,
3201 5342 3517 5407 extensione
3544 5359 3600 5407 et
3618 5351 3750 5408 bre-

2160 5431 2329 5487 vitate
2358 5433 2597 5505 syllabae,
2626 5436 2923 5495 vel‘brevia
2957 5444 3340 5513 producentes,
3364 5447 3450 5503 vel
3472 5438 3743 5517 producta

2158 5523 2502 5593 breviautes,
2535 5529 2711 5584 solent
2734 5531 2965 5588 irridere
3006 5550 3108 5591 nos
3149 5536 3465 5609 imperitiae,
3497 5538 3745 5595 maxime

2157 5615 2212 5670 in
2241 5618 2647 5687 spiratiouibus,
2675 5629 2730 5676 et
2756 5624 3081 5693 quibusdam
3112 5643 3304 5684 rasura
3346 5628 3483 5701 gulae
3530 5628 3742 5689 litteris

2156 5710 2514 5785 proferendis.
2549 5711 2663 5769 Hoc
2680 5722 2859 5770 autem
2881 5718 3061 5775 evenit
3088 5718 3172 5775 vel
3194 5721 3429 5777 maxime
3465 5721 3611 5798 quod
3636 5718 3742 5782 Se-
