4046 6332
196 348 296 410 249

1236 344 1566 402 comam.
1607 343 1677 400 IN
1715 339 1932 400 EPIST.
1969 305 2063 394 AD
2097 332 2374 393 PHILEM.

195 467 468 543 ptuaginta
490 465 808 535 interpretes
830 477 928 534 per
947 477 1082 533 quos
1103 463 1156 518 in
1175 462 1420 518 Grmcum
1446 475 1750 518 sermonem

1927 451 2150 522 Propria
2181 449 2389 520 judicio
2422 444 2814 502 condemnatus.
2854 443 3144 516 Propterea
3171 458 3203 501 a
3225 455 3424 503 semet-

198 565 278 620 lex
305 563 487 619 divina
517 559 782 614 translata
812 565 915 623 est,
942 557 1248 627 specialiter
1271 567 1312 617 Π
1335 556 1463 610 heth
1487 555 1748 630 litteram,

197 664 249 710 et
272 665 310 721 ν
335 652 465 721 ajin,
491 659 547 707 et
570 659 791 708 caeteras
823 649 1148 715 istiusmodi,
1174 648 1301 718 quia
1319 647 1515 716 duplici
1539 646 1750 714 aspira-

198 749 332 802 tione
365 747 420 800 in
446 744 688 800 Graecam
712 744 951 813 linguam
985 741 1285 798 transferre
1320 755 1427 794 non
1465 745 1744 810 poterant,

197 838 312 892 aliis
350 837 544 891 litteris
589 842 987 905 expresserunt.
1030 832 1193 888 Verbi
1223 848 1418 898 causa,
1448 841 1510 885 ut
1551 829 1714 883 Rahel
1735 869 1750 894 ,

196 927 388 984 Rachel
411 928 672 992 dicerent,
692 937 747 982 et
766 926 971 991 Jerilto,
1010 926 1245 990 Iericho,
1270 933 1326 979 et
1353 923 1586 986 Hebron,
1622 920 1755 977 Clie-

196 1020 338 1083 bron,
363 1028 419 1074 et
437 1017 586 1083 Seor,
621 1017 802 1088 Segor.
838 1019 896 1071 lu
927 1017 1046 1071 aliis
1076 1031 1207 1070 vero
1247 1031 1340 1070 eos
1378 1021 1605 1069 conatus
1649 1013 1754 1066 iste

195 1111 407 1165 defecit.
433 1109 566 1164 Nam
590 1124 690 1164 nos
713 1118 768 1164 et
786 1107 956 1162 Graeci
978 1123 1139 1161 unam
1167 1114 1376 1160 tantum
1407 1105 1666 1168 litteram,
1692 1102 1748 1167 S,

196 1201 481 1267 habemus,
509 1200 585 1255 illi
615 1216 745 1256 vero
791 1207 918 1266 tres,
959 1209 1117 1263 omn,
1166 1214 1286 1268 qua:
1314 1199 1556 1253 diversos
1593 1189 1754 1252 senos

194 1292 466 1363 possident
505 1311 517 1345 :
558 1291 626 1346 Et
661 1290 788 1346 Sion
817 1306 914 1360 per
940 1300 979 1349 tt
1014 1289 1287 1351 scribitur,
1332 1287 1504 1342 Israel
1539 1303 1638 1358 per
1675 1297 1749 1352 ω,

194 1392 247 1437 et
291 1391 469 1437 tamen
516 1398 623 1438 non
669 1390 826 1438 sonat
871 1382 974 1436 hoc
1011 1381 1155 1451 quod
1185 1380 1457 1436 scribitur.
1487 1379 1626 1435 Seon
1656 1393 1753 1432 rex

193 1475 626 1530 Amorrhzeorum
669 1490 766 1544 per
811 1485 849 1533 β
896 1474 1132 1527 litteram
1180 1480 1235 1526 et
1283 1472 1667 1542 pronuntiatur
1699 1478 1756 1524 et

195 1563 461 1618 scribitur.
514 1561 571 1617 Si
602 1563 766 1634 igitur
794 1578 824 1616 a
850 1564 1007 1618 nobis
1035 1564 1149 1617 haec
1176 1563 1454 1616 nominum
1475 1569 1530 1616 et
1556 1561 1754 1631 linguae

197 1656 467 1722 idiomata,
504 1664 564 1710 ut
597 1655 846 1711 videlicet
874 1655 1129 1720 barbara,
1165 1671 1272 1711 non
1302 1657 1377 1709 ita
1414 1652 1616 1707 fuerint
1652 1667 1751 1707 ex-

193 1763 394 1817 pressa,
423 1757 482 1802 ut
509 1749 886 1819 exprimuntur
913 1751 980 1804 ab
1006 1747 1243 1803 Hebrmis
1261 1789 1274 1812 ,
1309 1747 1484 1801 solent
1526 1747 1750 1801 cachin-

196 1854 319 1892 num
340 1839 603 1902 attollere,
635 1848 689 1894 ct
729 1838 915 1907 jurare
939 1855 997 1896 se
1023 1841 1239 1909 penitus
1269 1838 1480 1893 nescire
1504 1838 1645 1906 quod
1674 1837 1755 1890 di-

196 1931 383 1986 cimus.
430 1931 528 1985 Est
558 1931 660 1984 alia
710 1933 927 1986 occasio
971 1929 1754 2000 superbitezquemadmodum

193 2021 334 2075 enim
363 2037 462 2076 nos
491 2021 582 2091 qui
615 2021 794 2075 Latini
824 2036 1029 2084 sumus,
1076 2020 1270 2074 Latina
1313 2021 1530 2073 nomina
1566 2027 1622 2072 et
1649 2019 1760 2072 ori-

191 2113 342 2180 gines
367 2114 433 2167 de
458 2113 637 2184 lingua
665 2121 852 2167 nostra
895 2113 1181 2176 habentia,
1225 2111 1437 2167 facilius
1485 2111 1760 2167 memoriae

190 2205 476 2270 tradimus,
506 2206 581 2259 ita
604 2205 683 2260 illi
707 2221 736 2260 a
764 2221 929 2277 parva
954 2213 1110 2259 aetate
1131 2206 1416 2260 vernacula
1441 2206 1522 2259 sui
1550 2221 1759 2260 sermo-
1788 2201 1805 2215 ⁹

183 2294 273 2347 uis
297 2296 559 2350 vocabula
586 2296 928 2365 peritissimis
957 2294 1204 2349 sensibus
1235 2295 1581 2361 imbiberunt,
1612 2306 1667 2350 et
1692 2296 1759 2350 ab

182 2386 416 2440 exordio
443 2386 612 2441 Adam
641 2401 809 2455 usque
844 2387 912 2440 ad
945 2394 1254 2441 extremum
1277 2386 1609 2451 Zorobabel,
1644 2402 1759 2441 om-

186 2475 338 2529 nium
371 2477 747 2545 generationes
786 2476 858 2529 ita
887 2477 1202 2531 memoriter
1239 2477 1602 2547 velociterque
1635 2493 1760 2548 per-

187 2575 446 2630 currunt,
491 2572 550 2619 ut
593 2581 687 2620 eos
731 2580 889 2620 suum
931 2575 1086 2635 putes
1128 2566 1331 2621 referre
1367 2582 1581 2622 nomen.
1616 2567 1672 2622 Si
1696 2583 1759 2622 ea

187 2655 326 2709 forte
358 2669 461 2709 non
497 2655 570 2708 ita
601 2655 868 2722 novimus,
901 2665 1092 2726 putant
1118 2671 1176 2711 se
1204 2657 1259 2710 in
1283 2658 1593 2713 nominibus
1617 2656 1759 2712 refe-

187 2745 391 2812 rendis,
419 2753 474 2799 et
503 2747 559 2800 in
584 2742 964 2817 supputatione
985 2764 1246 2804 annorum
1267 2791 1280 2815 ,
1311 2761 1364 2806 et
1391 2750 1444 2804 in
1475 2751 1760 2820 nepotibus

187 2854 252 2892 ac
278 2840 692 2909 pronepotibus,
718 2841 854 2907 avis,
879 2843 1094 2910 proavis
1118 2883 1133 2908 ,
1163 2842 1335 2898 atavis
1372 2844 1659 2899 doctiores.
1690 2845 1760 2898 Et

187 2929 556 2983 contentiones.
577 2929 1012 2997 Dialecticorum,
1029 2946 1258 3000 quorum
1279 2929 1598 2988 Aristoteles
1618 2934 1762 3003 prin-

187 3033 316 3086 ceps
339 3025 442 3072 est.
474 3019 609 3074 Sunt
630 3022 766 3074 enim
787 3020 1017 3074 inutiles.
1051 3020 1190 3088 Quid
1211 3022 1355 3076 enim
1375 3023 1596 3092 prodest
1619 3024 1761 3079 scire

1781 1808 1829 1866 B

1852 545 1968 613 ipso
1997 543 2193 598 dicitur
2215 554 2335 596 esse
2355 540 2658 605 damnatus,
2697 537 2822 608 quia
2845 536 3162 603 fornicator,
3186 537 3418 604 adulter,

1851 633 2143 697 homicida,
2199 640 2253 686 et
2281 639 2477 686 caetera
2516 631 2647 684 vitia
2680 645 2776 701 per
2806 629 3114 685 sacerdotes
3138 629 3205 685 de
3236 628 3423 685 Eccle-

1852 723 1932 778 sia
1971 722 2324 791 repelluntur.
2366 720 2616 776 Haeretici
2645 728 2824 775 autem
2861 720 2917 774 in
2951 719 3271 790 semetipsos
3301 731 3422 774 sen-

1853 813 2073 868 tentiam
2103 811 2302 876 ferunt,
2327 827 2425 867 suo
2454 812 2676 866 arbitrio
2703 813 2768 866 de
2791 811 3032 866 Ecclesia
3053 811 3369 866 recedentes
3404 828 3419 864 :

1853 921 1971 974 quae
2010 905 2242 960 recessio
2265 904 2483 976 proprie
2501 904 2843 960 conscientiae
2862 905 3074 961 videtur
3113 920 3233 961 esse
3264 905 3419 960 dam-

1853 995 2021 1049 natio.

1924 1109 2056 1164 Cum
2085 1109 2274 1164 misero
2299 1109 2368 1163 ad
2396 1117 2462 1164 te.
2516 1109 2596 1164 Ex
2624 1123 2732 1180 quo
2755 1115 3008 1180 paternos
3034 1108 3187 1165 Pauli
3209 1109 3264 1164 in
3297 1107 3423 1163 Cre-

1853 1208 2031 1255 tenses
2056 1202 2346 1270 probamus
2381 1199 2622 1255 aﬂ‘ectus.
2679 1200 3050 1257 Necessarium
3079 1201 3308 1257 habebat
3334 1200 3422 1254 Ti-

1852 1299 1998 1356 tum;
2032 1300 2211 1344 tamen
2257 1305 2363 1344 non
2399 1306 2520 1345 eum
2550 1289 2664 1344 vult
2689 1291 2758 1346 ad
2792 1306 2850 1346 se
2874 1291 3084 1355 venire,
3128 1291 3234 1346 nisi
3262 1291 3316 1344 in
3342 1289 3423 1346 lo-

1855 1398 1976 1438 cum
2013 1383 2132 1453 ejus
2158 1383 2440 1448 Artemasr
2471 1388 2564 1435 aut
2591 1381 2858 1451 Tychicus
2886 1396 3166 1437 successor
3197 1382 3424 1437 adveneo

1855 1475 1947 1542 rit,
1994 1491 2062 1529 ne
2107 1476 2310 1544 absque
2352 1475 2571 1529 doctore
2605 1473 3058 1544 relinquerentur.
3107 1471 3425 1545 Nicopolim.

1854 1568 1979 1639 Ipsa
2009 1578 2092 1624 est
2117 1585 2235 1639 quae
2277 1569 2345 1623 ob
2372 1567 2653 1623 victoriam
2687 1567 2946 1637 Augusti,
2986 1567 3128 1636 quod
3155 1566 3227 1621 ibi
3255 1565 3428 1620 Auto-

1855 1660 2004 1715 nium
2037 1659 2488 1729 Cleopatramque
2523 1657 2829 1728 superavit,
2871 1671 3065 1712 nomen
3091 1656 3316 1725 accepit.
3358 1653 3427 1708 Et

1855 1748 2063 1819 Apollo.
2100 1749 2288 1819 Apollo
2320 1750 2403 1803 vir
2447 1747 2877 1815 Alexandrinus,
2907 1763 2973 1802 ex
2997 1746 3195 1802 ludatis
3223 1748 3428 1817 episco—

1855 1854 1958 1908 pus
1983 1841 2387 1896 Corinthiorum
2413 1883 2428 1908 ,
2476 1856 2634 1912 quem
2671 1851 2890 1912 propter
2926 1841 3286 1896 dissensiones
3310 1855 3428 1908 qua:

1859 1933 1913 1986 in
1942 1931 2201 1987 Corintho
2231 1940 2419 1998 erant,
2460 1933 2526 1986 ad
2550 1932 2778 1987 vicinam
2803 1933 3030 1987 insulam
3056 1932 3272 1987 Cretam
3305 1944 3428 1985 cum

1859 2023 2004 2076 Zena
2028 2022 2162 2092 legis
2205 2024 2428 2078 doctore
2453 2024 2750 2094 putandum
2777 2032 2860 2079 est
2883 2023 3168 2088 transisse,
3200 2031 3256 2078 et
3280 2020 3428 2075 Pauli

1859 2112 2086 2182 epistola
2125 2114 2552 2169 dissensionibus
2575 2129 2693 2182 qua:
2727 2113 2970 2168 Corinthi
2996 2114 3212 2168 fuerant
3239 2113 3431 2166 intem-

1859 2205 2084 2275 peratis,
2110 2221 2326 2258 rursum
2354 2203 2674 2260 Corinthum
2702 2203 3006 2258 revertisse.
3037 2200 3325 2256 Prwmitte.
3361 2201 3432 2257 Ut

1859 2296 1993 2350 nihil
2022 2297 2100 2350 eis
2137 2296 2293 2350 desit.
2334 2295 2584 2365 Praecipit
2617 2295 2768 2358 Tito,
2801 2301 2862 2348 ut
2893 2293 3145 2363 quoniam
3175 2291 3240 2373 de
3268 2289 3429 2344 Creta

1861 2387 1928 2441 ad
1965 2385 2232 2440 Graeciam
2267 2385 2569 2454 navigaturi
2599 2391 2781 2449 erant,
2827 2390 2888 2436 ut
2914 2397 3021 2437 non
3055 2396 3149 2437 eos
3169 2379 3333 2434 faciat
3362 2379 3436 2434 si-

1859 2478 2048 2532 tarciis
2078 2478 2339 2548 indigere,
2369 2477 2462 2530 sed
2484 2476 2684 2530 habere
2713 2489 2776 2529 ea
2803 2487 2923 2543 quae
2957 2472 3025 2526 ad
3048 2471 3309 2526 viaticum
3338 2484 3434 2524 ne-

1859 2569 2094 2624 cessaria
2117 2578 2294 2623 erant.
2344 2567 2564 2622 Discant
2611 2575 2784 2621 autem
2821 2574 2871 2621 et
2907 2565 3071 2619 nostri
3095 2564 3241 2618 bonis
3269 2562 3435 2633 operi-

1861 2660 1955 2715 bus
1982 2677 2221 2731 prteesse.
2263 2658 2489 2714 Nostros
2511 2673 2640 2714 suos
2663 2664 2842 2724 vocat,
2871 2657 2963 2726 qui
2996 2656 3050 2710 in
3077 2653 3294 2710 Christo
3318 2666 3430 2708 cre-

1863 2754 2134 2820 diderant,
2167 2753 2259 2823 qui
2297 2753 2422 2823 quia
2447 2751 2650 2807 Christi
2671 2759 2856 2817 erant,
2890 2757 3036 2804 recte
3059 2747 3210 2803 Pauli
3245 2755 3300 2801 et
3328 2744 3434 2799 Titi

1862 2843 2121 2914 appellari
2160 2843 2525 2898 merebantur.
2585 2841 2792 2907 Habes,
2842 2840 3038 2909 inquit,
3063 2839 3119 2892 in
3145 2835 3435 2906 discipulos

1859 2945 2182 3007 potestatem
2207 2977 2222 3003 ,
2271 2936 2402 2992 doce
2442 2951 2536 2992 eos
2577 2951 2684 2991 non
2722 2949 2841 2990 esse
2887 2933 3292 2994 infructuosos;
3341 2930 3436 2984 sed

1861 3027 2203 3097 evangelistis
2220 3068 2233 3092 ,
2260 3035 2315 3080 et
2343 3026 2651 3096 apostolicis
2674 3025 2807 3081 viris
2827 3065 2842 3092 ,
2881 3025 2972 3095 qui
3002 3023 3158 3082 bonis
3185 3020 3438 3091 operibus

187 3121 322 3180 quot
364 3128 530 3168 annos
564 3114 760 3168 vixerit
803 3114 1174 3182 Mathusalam,
1213 3125 1379 3186 quoto
1421 3118 1596 3172 aetatis
1646 3133 1757 3173 suae
1783 3153 1827 3216 Ο
1861 3120 2123 3186 serviunt,
2156 3121 2491 3176 ministrare.

189 3203 444 3261 Salomon
471 3222 614 3263 anno
642 3209 865 3265 sortitus
892 3210 965 3265 sit
993 3208 1309 3281 coniugem?

262 3295 578 3352 Hmreticum
605 3301 866 3355 hominem
898 3312 1010 3373 post
1049 3319 1208 3356 unam
1248 3312 1295 3357 et
1335 3305 1614 3360 secundam
1643 3323 1759 3361 cor-

186 3387 470 3457 reptionem
495 3389 686 3444 devita.
728 3390 837 3446 Nec
874 3392 1019 3446 circa
1051 3392 1198 3462 ipsos
1234 3407 1334 3448 nos
1359 3395 1613 3464 occupari
1642 3411 1761 3466 per-

184 3479 376 3544 mittit,
409 3480 452 3533 si
482 3482 716 3551 correpti
747 3497 854 3537 non
883 3483 1241 3555 corrigantur,
1278 3499 1346 3540 ne
1375 3492 1588 3557 tempus
1612 3488 1758 3543 inani

181 3570 536 3625 contentione
562 3573 868 3641 perdamus.

1933 3233 2003 3287 Ut
2031 3251 2135 3289 non
2179 3236 2283 3289 sint
2324 3235 2661 3305 infructuosi.
2712 3233 2899 3291 Omnis
2933 3232 3076 3290 enim
3102 3231 3286 3297 arbor,
3319 3244 3440 3302 quae

1859 3339 1970 3380 non
2016 3325 2147 3380 facit
2191 3327 2428 3383 fructum
2461 3327 2698 3394 bonum,
2743 3321 3023 3382 cxcidetur
3062 3331 3118 3379 et
3175 3323 3231 3378 in
3261 3322 3439 3393 ignem

1863 3415 2128 3470 mittetur.

186 3720 3440 3746 mw

929 4058 1042 4139 IN
1117 4054 1702 4138 EPISTOLAM
1780 4059 1910 4136 AD
1984 3991 2711 4141 PHILEMONEM‘.

700 4374 926 4436 CAPUT
973 4376 1253 4440 UNICUM.

1878 4380 2104 4453 PrOpter
2130 4382 2437 4438 clraritatem
2483 4384 2648 4455 magis
2695 4385 2924 4439 obsecro.
2967 4383 3099 4440 Cum
3119 4381 3275 4439 nobis
3304 4384 3436 4440 fidu-

260 4464 470 4522 Paulus
507 4467 728 4523 vinctus.
779 4469 838 4524 ln
866 4485 1086 4526 carcere
1116 4471 1201 4526 vel
1239 4470 1294 4526 in
1327 4478 1538 4528 catena.
1571 4469 1765 4526 Christi
1788 4457 1843 4517 D
1868 4471 2005 4527 ciam
2029 4488 2189 4527 causa
2227 4474 2395 4542 ipsius
2438 4473 2646 4529 dederit
2684 4472 3024 4544 imperandi,
3056 4480 3236 4529 tamen
3268 4474 3447 4530 chari-

174 4561 339 4616 Jesu.
371 4560 430 4616 ld
455 4571 559 4629 est,
588 4578 687 4634 pro
716 4563 1052 4620 confessione
1080 4565 1313 4620 nominis
1339 4565 1559 4621 Christi.
1601 4564 1770 4620 Phile-

174 4655 334 4708 moni
368 4653 574 4707 dilecto.
624 4653 683 4708 ln
711 4653 900 4710 Graeco
925 4671 1032 4710 non
1067 4656 1234 4711 babes
1261 4657 1480 4722 dilecto,
1519 4656 1612 4712 sed
1646 4656 1767 4710 dili-

172 4746 342 4816 gibili
381 4745 483 4816 [τῷ
526 4746 788 4821 ἀγαπηῷῇ
841 4747 986 4802 Inter
1010 4749 1262 4804 dilectum
1293 4757 1471 4804 autem
1511 4757 1568 4804 et
1595 4748 1767 4819 diligi-

173 4837 358 4890 bilem
399 4836 501 4891 hoc
541 4839 793 4906 interest,
843 4842 988 4910 quod
1035 4842 1262 4897 dilectus
1306 4842 1561 4913 appellari
1592 4849 1770 4912 potest

171 4929 356 4982 etiam
400 4927 490 4982 ille
539 4932 632 4999 qui
672 4931 1015 4986 dilectionem
1047 4947 1152 4986 non
1182 4942 1444 4988 meretur.
1481 4933 1768 5003 Diligibilis

173 5033 318 5074 vero
349 5020 397 5074 is
425 5030 637 5076 tantum
664 5024 754 5092 qui
779 5025 976 5078 merito
999 5023 1257 5093 diligitur.

252 5109 328 5163 Et
386 5110 647 5183 Archippo
699 5114 1038 5169 commilitoni
1088 5124 1282 5169 nostra.
1358 5114 1459 5170 Hic
1509 5115 1769 5169 diaconus

170 5209 327 5264 erat,
367 5201 434 5254 de
460 5218 568 5270 quo
593 5205 660 5257 ad
683 5204 1049 5260 Collossenses
1075 5224 1086 5258 :
1117 5205 1191 5258 ait
1224 5222 1238 5259 ;
1270 5204 1440 5259 Dicite
1467 5205 1767 5275 Archippo:

180 5289 328 5344 Vide
359 5292 714 5347 ministerium
751 5294 889 5364 quod
923 5295 1166 5365 accepisti
1189 5296 1245 5348 in
1276 5293 1516 5357 Domino,
1555 5303 1610 5347 ut
1638 5295 1770 5348 illud

1873 4575 1978 4619 tate
2007 4565 2237 4620 faciente
2259 4567 2550 4621 obsecrare
2574 4565 2863 4621 maluimus
2889 4581 3049 4636 quam
3069 4565 3281 4639 jubere.
3311 4565 3446 4622 Cum

1865 4657 1938 4709 sis
1970 4657 2110 4709 talis.
2164 4656 2404 4712 Moribus
2432 4652 2591 4723 talis',
2630 4655 2816 4726 quales
2842 4656 2918 4711 illi
2954 4658 3047 4727 qui
3083 4657 3139 4713 in
3167 4667 3446 4714 senectute

1869 4751 2033 4799 etiam
2073 4761 2172 4814 pro
2217 4745 2434 4800 Christo
2483 4744 2699 4799 vincula
2744 4760 2852 4799 non
2894 4755 3165 4802 recusant.
3225 4746 3366 4801 Nam
3389 4754 3448 4798 tu

1868 4853 2024 4892 senex
2045 4855 2098 4890 es
2127 4847 2180 4891 ut
2202 4855 2314 4907 ego,
2346 4853 2483 4892 nunc
2517 4845 2690 4890 autem
2727 4837 2926 4892 vinctus
2948 4835 3077 4892 Iesu
3109 4836 3322 4891 Christi.
3354 4835 3450 4889 Et-

1869 4933 1913 4984 si
1950 4931 2108 4984 ambo
2136 4945 2292 4985 senes
2318 4945 2531 4994 sumus,
2563 4912 2741 4984 tamen
2765 4937 2817 4984 te
2844 4931 2900 4986 in
2923 4929 3105 5001 aliquo
3134 4928 3276 4999 quod
3302 4941 3447 4982 nunc

1871 5022 2084 5074 vinctus
2110 5035 2229 5075 sum
2255 5020 2474 5084 Christi,
2505 5035 2722 5090 supero.
2755 5021 2870 5078 Hoc
2905 5023 3055 5079 addit
3075 5021 3143 5076 ad
3170 5019 3448 5076 cumulan-

1872 5112 1995 5167 dum
2021 5113 2212 5176 verba,
2249 5121 2307 5166 ut
2340 5127 2447 5166 non
2475 5091 2699 5181 negetur
2731 5115 2940 5183 petitio.

1945 5205 2110 5270 Quem
2146 5221 2237 5273 ego
2267 5206 2440 5274 genui.
2490 5205 2627 5273 Quia
2670 5221 2795 5261 eum
2833 5203 3139 5260 credentem
3176 5201 3224 5256 ei
3254 5200 3307 5255 in
3329 5214 3450 5254 car-

1872 5310 1996 5351 cere
2027 5296 2339 5366 baptizavit.
2397 5295 2555 5351 Nunc
2600 5288 2772 5351 autem
2811 5305 2861 5350 et
2907 5295 3034 5349 mihi
3075 5292 3240 5346 utilis.
3297 5291 3450 5347 Post-

164 5381 430 5453 tmpleas.
473 5383 542 5438 Et
568 5387 624 5438 in
647 5402 823 5440 omnes
852 5397 1076 5440 sanctos.
1122 5385 1222 5452 Qui
1247 5384 1419 5455 diligit
1441 5393 1620 5453 eaput,
1654 5385 1772 5438 dili-

164 5473 261 5544 git
291 5481 351 5527 et
379 5477 644 5531 membra.
693 5476 832 5542 Quia
860 5479 1079 5532 viscera.
1130 5477 1247 5532 Non
1282 5487 1487 5531 tantum
1523 5492 1769 5543 corpora,

162 5565 284 5619 sed
331 5565 544 5621 viscera
591 5580 932 5640 sanctorum,
984 5570 1037 5624 id
1062 5578 1174 5638 est,
1213 5585 1349 5641 quos
1376 5570 1610 5639 hospitio
1632 5568 1770 5624 reci-

158 5656 348 5729 piens
374 5674 472 5726 per
502 5669 553 5712 te
580 5661 840 5716 refecisti.

247 5747 420 5817 Quod
451 5752 520 5805 ad
550 5769 657 5806 rem
687 5755 890 5810 attinet.
934 5755 1153 5812 Scilicet
1179 5756 1500 5812 Christiana:
1531 5751 1768 5826 pietatis.

1874 5403 2033 5456 quam
2064 5388 2294 5442 credidit
2322 5387 2475 5442 mihi.
2508 5388 2579 5442 Et
2609 5389 2722 5442 tibi.
2771 5387 2851 5442 Ac
2882 5387 2928 5440 si
2962 5386 3186 5450 diceret,
3211 5383 3334 5454 quia
3358 5392 3451 5438 tua

1873 5481 1993 5534 vice
2020 5480 2150 5532 mihi
2180 5480 2525 5534 ministravit.
2589 5477 2657 5533 Ut
2682 5494 2776 5549 pro
2807 5486 2856 5531 te
2880 5476 3007 5530 mihi
3031 5475 3309 5529 ministret.
3368 5473 3449 5529 Ex

1875 5571 1979 5625 hoc
2029 5585 2295 5640 cognosce
2325 5571 2500 5640 qualis
2545 5571 2645 5635 sit,
2683 5569 2775 5638 qui
2817 5568 2891 5621 ita
2937 5566 3069 5620 mihi
3107 5565 3338 5636 placuit,
3388 5572 3449 5617 ut

1875 5659 2078 5730 possim
2111 5674 2235 5713 eum
2259 5661 2479 5714 credere
2506 5669 2596 5713 tua
2627 5659 2743 5713 vice
2762 5657 2893 5711 mihi
2920 5657 3248 5712 ministrare.

1948 5750 2015 5806 In
2047 5751 2268 5806 vinculis
2290 5751 2563 5824 euangelii.
2609 5749 2738 5816 Quae
2763 5748 2939 5821 patior
2962 5756 3181 5822 propter
3209 5745 3452 5803 dilectio~
