4046 6332
617 319 725 385 251

1979 322 2249 382 SEDULII
2288 323 2485 383 SCOTI

3774 317 3890 389 sui

618 446 749 494 nem
771 434 1053 508 evangelii.
1093 432 1197 490 Sed
1233 436 1348 490 sine
1375 433 1594 490 consilto
1632 440 1743 489 tuo.
1798 431 1988 490 Inhoc
2008 448 2194 490 exem-
2217 437 2271 500 Α
2295 438 2478 493 omnia
2520 451 2642 493 mea
2686 445 2844 505 sunt;
2899 437 2945 494 si
2986 444 3168 495 autem
3206 444 3299 494 tua
3341 438 3523 494 omnia
3567 453 3690 496 mea
3726 455 3881 512 sunt,

617 530 767 602 plum
795 528 892 584 dat
918 528 1109 594 nobis,
1153 527 1353 583 nullius
1384 541 1600 583 servum
1638 525 1910 602 fraudare.
1943 523 2195 581 Forsitan

616 596 759 679 enim
783 622 901 678 ideo
934 623 1175 677 discessit
1202 623 1273 677 ad
1299 624 1482 677 horam
1514 640 1545 676 a
1574 628 1641 676 te.
1685 596 1801 679 ἧος
1826 630 1939 686 est,
1964 620 2193 679 fortasse

618 720 723 774 hoc
752 717 849 773 Dei
874 716 1211 787 providentia
1235 715 1544 786 procuravit
1570 756 1585 782 ,
1636 715 1779 769 unde
1810 728 2192 784 nonnunquam

617 813 823 869 malum
853 813 1067 870 occasio
1091 812 1357 868 bonorum
1385 812 1464 880 ﬁt,
1497 820 1555 867 ut
1582 810 1683 867 fuit
1710 810 1909 882 Joscpb
1936 811 2192 868 fratribus

615 904 729 961 suis
754 924 769 959 :
794 905 874 961 sic
891 918 1035 961 nunc
1066 902 1171 961 iste
1196 906 1239 961 s‘i
1260 920 1368 961 non
1391 904 1632 977 fugisset,
1674 904 1844 959 Deum
1891 918 1996 959 non
2037 905 2191 960 inve-

614 998 805 1064 nisset,
837 998 884 1053 si
911 997 1137 1054 Paulum
1164 999 1220 1054 in
1241 999 1470 1056 vinculis
1490 1014 1596 1055 non
1621 998 1866 1065 vidisset,
1891 997 2051 1055 ﬁdem
2082 1004 2193 1054 n’on‘

614 1090 933 1147 recepisset.

687 1104 707 1145 ε
781 1102 933 1147 isset.

687 1102 845 1235 [73in
890 1186 1142 1236 atomum
1181 1181 1333 1236 illum
1373 1181 1594 1252 recipias
1614 1180 1730 1250 jam
1753 1195 1857 1235 non
1886 1189 1945 1234 ut
1963 1194 2186 1237 servum.

613 1269 673 1326 Id
710 1276 819 1338 est,
848 1270 1074 1329 fratrem
1110 1274 1169 1329 in
1189 1273 1408 1330 Christo
1436 1275 1706 1343 reciperes
1723 1315 1737 1340 ,
1765 1289 1872 1329 non
1895 1275 2191 1331 secundum

612 1364 975 1420 conditionem
1002 1366 1298 1431 servitutis,
1325 1376 1445 1435 qua:
1473 1365 1781 1436 temwralis
1808 1372 1909 1419 est.
1966 1363 2071 1420 Sed
2094 1378 2191 1437 pro

612 1448 1021 1523 servo'fratrem.
1052 1454 1199 1522 Quia
1239 1468 1430 1509 servus
1453 1455 1711 1520 recessit,
1740 1454 1910 1509 frater
1931 1464 2110 1509 autem
2134 1457 2191 1512 in

610 1545 831 1602 Christo
854 1549 1171 1604 revertitur.
1214 1546 1275 1603 Si
1300 1558 1474 1602 autem
1502 1550 1679 1603 nocuit
1711 1547 1912 1619 aliquid
1936 1549 2061 1615 tibi,
2096 1556 2189 1604 aut

598 1638 779 1712 debet.
816 1639 1023 1711 Fugam
1060 1639 1203 1696 furto
1248 1640 1529 1695 cumulans
1551 1681 1566 1707 ,
1620 1641 1865 1709 quaedam
1894 1640 2186 1695 domestica

609 1733 791 1803 rapuit
838 1750 870 1788 a
913 1734 1147 1790 domino.
1211 1734 1326 1788 Hoc
1371 1734 1499 1788 mihi
1542 1734 1762 1805 imputa.
1807 1732 1862 1787 Id
1901 1740 2013 1797 est,
2040 1733 2183 1802 quod

607 1792 897 1880 Odesimus
937 1823 1084 1881 furto
1128 1827 1305 1895 rapuit
1328 1868 1342 1892 ,
1389 1840 1488 1896 ego
1532 1792 1771 1896 spondeo
1823 1792 2176 1892 redditurum,
2209 1792 2256 1862 Β

611 1912 772 1981 hujus
803 1916 1110 1985 sponsionis
1154 1918 1378 1987 epistola
1424 1919 1540 1974 haec
1567 1959 1581 1985 ,
1629 1924 1684 1973 el
1733 1933 1923 1973 manus
1963 1918 2182 1988 propria

606 2004 764 2060 testis
788 2014 890 2061 est.
943 2004 1013 2060 Ut
1054 2023 1156 2063 non
1188 2010 1361 2063 dicam
1388 2009 1512 2075 tibi,
1552 2009 1692 2080 quod
1717 2016 1765 2062 et
1800 2010 2022 2079 teipsum
2055 2007 2183 2062 mihi

605 2094 775 2151 debes.
815 2095 942 2152 Haec
961 2104 1138 2152 autem
1159 2099 1281 2153 dico
1307 2099 1461 2170 quasi
1491 2099 1558 2154 ad
1582 2108 1901 2155 extraneum
1933 2099 2178 2168 loquens.

601 2183 869 2242 Caeterum
896 2189 941 2243 si
968 2192 1034 2243 ad
1052 2189 1143 2260 jus
1163 2202 1343 2244 meum
1370 2192 1605 2257 redeam,
1628 2198 1851 2260 propter
1876 2205 2180 2244 sermonem

601 2273 828 2343 Christi,
860 2291 1020 2347 quem
1050 2277 1419 2350 evangelizavi
1438 2321 1451 2345 ,
1504 2288 1560 2334 et
1598 2279 1938 2334 Christianus
1959 2277 2184 2333 eﬂ‘ectus

598 2382 681 2437 es,
715 2374 769 2425 te
797 2369 933 2426 mihi
957 2372 1134 2441 ipsum
1154 2370 1355 2427 debes:
1386 2371 1529 2441 quod
1556 2371 1603 2426 si
1632 2378 1687 2425 tu
1709 2383 1862 2425 meus
1886 2384 1967 2437 es,
2014 2376 2070 2425 et
2091 2377 2183 2424 tua

606 2505 2243 2535 -———————_———-———-—————

2292 530 2580 588 Onesimus
2608 546 2854 603 quoque,
2882 533 2974 603 qui
3000 542 3125 588 tuus
3151 539 3254 599 est,
3283 548 3437 588 meus
3461 542 3564 589 est.
3620 533 3885 593 Poteram

2293 623 2457 693 igitur
2477 639 2541 679 eo
2565 626 2640 679 uti
2664 632 2724 679 ut
2759 639 2911 689 meo;
2963 626 3059 681 sed
3090 625 3352 682 voluntati
3382 633 3489 682 tuae
3517 627 3798 697 relinquo,
3824 638 3884 685 ut

2292 715 2599 769 mercedem
2626 716 2827 769 habeas
2865 715 3213 787 ignoscendo.

2364 804 2434 859 Te
2459 805 2613 874 fruar
2631 807 2688 861 in
2713 806 2957 861 Domino.
3004 806 3064 862 Id
3087 815 3200 874 est,
3227 808 3284 863 in
3324 808 3602 865 voluntate
3637 810 3880 867 Domini.

2305 896 2511 951 Viscera
2539 912 2675 951 mea.
2722 897 3038 953 Onesimum
3062 938 3079 964 ,
3119 913 3280 968 quem
3318 898 3519 955 Paulus
3559 901 3617 955 in
3644 901 3884 958 vinculis

2289 989 2491 1045 Christi
2517 991 2718 1058 genuit.
2762 989 2937 1046 Simul
2972 1000 3019 1044 et
3048 1007 3182 1062 para
3207 990 3339 1045 mihi
3365 992 3668 1062 hospitium.
3729 993 3884 1061 Quod

2290 1082 2641 1152 amplitudine
2685 1084 2769 1138 sui
2823 1084 3117 1138 multorum
3157 1082 3493 1139 audientium
3534 1086 3719 1156 possit
3764 1100 3882 1143 esse

2290 1188 2481 1245 capax,
2517 1182 2579 1229 ut
2606 1174 2661 1228 in
2690 1175 2808 1245 ipso
2837 1175 3037 1230 Paulus
3061 1175 3280 1231 doceret
3304 1177 3586 1245 plurimos.

2361 1263 2576 1319 Salutat
2618 1273 2666 1318 te
2693 1263 2972 1335 Epaphras
3016 1267 3350 1336 concaptivus
3394 1274 3560 1320 meus.
3648 1265 3879 1325 Vinculi

2290 1355 2475 1409 Romae
2528 1369 2651 1409 cum
2696 1353 2883 1409 Paulo.
2945 1355 3015 1409 In
3052 1354 3262 1409 Christo
3300 1356 3448 1410 Iesu.
3496 1356 3615 1411 Non
3640 1356 3879 1424 alicusz

2289 1446 2531 1503 criminis
2576 1462 2738 1502 causa
2766 1488 2781 1512 ,
2831 1446 2925 1501 sed
2979 1447 3103 1504 ﬁdei
3156 1448 3435 1502 societate.
3495 1448 3670 1503 Aliter
3718 1450 3879 1505 siuml

2288 1539 2589 1609 Epaphras,
2620 1539 2673 1593 in
2706 1538 2988 1593 Cesehalis
3018 1538 3213 1608 oppido
3238 1537 3436 1594 Iudaeae
3464 1554 3587 1594 cum
3626 1541 3880 1610 parenti-

2286 1630 2388 1685 bus
2418 1629 2570 1684 Pauli
2602 1646 2631 1685 a
2662 1630 2921 1685 Romanis
2948 1638 3168 1699 captus,
3202 1638 3256 1683 et
3286 1630 3340 1683 in
3371 1629 3639 1685 Tharsum
3665 1614 3879 1686 Ciliciae

2290 1725 2602 1779 translatus.
2656 1723 2845 1778 Gratia
2880 1723 3095 1777 Domini
3141 1723 3307 1777 nostri
3344 1722 3475 1777 Iesu
3512 1721 3713 1777 Christi
3756 1734 3877 1779 cum

2282 1816 2470 1886 spiritu
2498 1824 2683 1869 vestro.
2724 1815 2783 1868 In
2832 1821 2946 1869 toto
2982 1814 3198 1884 quidem
3240 1814 3488 1879 homine,
3531 1822 3586 1871 et
3627 1816 3677 1869 in
3719 1817 3875 1872 onmi

2281 1916 2436 1977 parte
2461 1914 2772 1961 sanctorum
2803 1906 2977 1976 gratia
3012 1914 3096 1960 est
3124 1907 3335 1960 Domini
3358 1907 3529 1961 nostri
3552 1905 3677 1960 Iesu
3700 1907 3869 1963 Chri-

2282 2001 2375 2065 sti,
2418 2001 2510 2055 sed
2551 2014 2582 2053 a
2609 1999 2820 2053 meliori
2865 2007 2920 2053 et
2959 2013 2989 2053 a
3020 1998 3423 2070 majori‘parte,
3465 1998 3516 2053 id
3542 2006 3626 2053 est
3649 2001 3870 2069 spiritu,

2284 2095 2351 2149 de
2372 2102 2485 2149 toto
2509 2093 2727 2148 homine
2753 2094 2967 2148 dicitur.
3006 2092 3138 2147 Chm
3163 2093 3355 2165 spiritu
3384 2098 3567 2147 uestro.
3607 2093 3750 2148 Cum
3783 2110 3872 2149 au-

2251 2173 2395 2242 .tem
2427 2186 2483 2239 in
2526 2186 2719 2255 spiritu
2767 2186 2941 2256 gratia
2988 2184 3184 2252 fuerit,
3237 2192 3408 2239 totum
3442 2183 3570 2240 facit
3589 2186 3870 2242 hominem

2286 2276 2652 2347 spiritualem,
2695 2285 2754 2332 ut
2785 2292 2913 2333 caro
2948 2277 3162 2349 spiritui
3192 2278 3425 2343 serviat,
3457 2285 3512 2332 et
3546 2276 3732 2333 anima
3765 2294 3868 2334 non

2281 2368 2545 2441 jungatur
2568 2382 2600 2422 a
2628 2380 2808 2424 carne.

2253 2512 3853 2543 Ἥ

2023 2620 2430 2738 ειν.

1433 2852 1544 2938 IN
1619 2853 2208 2936 EPISTOLAM
2282 2785 2415 2932 An
2494 2844 3001 2935 uesanos.

2003 3041 2437 3062 _—————-—

1103 3139 1331 3198 CAPUT
1366 3141 1655 3199 PRIMUM.

666 3228 963 3304 Multifarie
992 3231 1269 3305 multisque
1303 3234 1475 3289 niodis‘
1506 3234 1629 3289 olim
1665 3233 1809 3290 Deus
1832 3233 2045 3308 loquens
2069 3254 2169 3309 pa-

594 3327 762 3385 tribus
786 3331 842 3385 in
854 3331 1137 3401 prophetis.
1168 3327 1432 3397 Quoniam
1456 3329 1593 3400 apud
1618 3331 1968 3386 Hebraeorum
1995 3329 2172 3385 eccle-

591 3422 703 3478 sias
758 3423 1063 3479 destructor
1109 3423 1244 3493 legis
1299 3422 1435 3478 falsa
1496 3424 1802 3493 suspicione
1849 3421 2168 3487 habebatur,

595 3514 763 3569 voluit
816 3514 983 3571 tacito
1031 3515 1248 3570 nomine
1302 3515 1368 3570 de
1410 3515 1598 3585 ﬁguris
1631 3514 1797 3585 legis,
1845 3520 1900 3567 et
1941 3512 2171 3567 veritate

589 3602 793 3661 Christi
838 3606 1065 3662 reddere
1109 3606 1372 3661 rationem
1398 3648 1412 3672 ,
1457 3620 1525 3660 ne
1567 3604 1691 3663 odio
1721 3604 1957 3659 nominis
1985 3602 2167 3659 fronte

588 3696 803 3766 praelati
827 3698 1117 3753 utilitatem
1150 3700 1462 3754 excinderet
1488 3699 1753 3753 lectionis.
1781 3697 1917 3753 Tota
1938 3698 2168 3753 intentio

588 3786 734 3843 beati
765 3787 1010 3858 Apostoli
1034 3788 1135 3843 fuit
1162 3789 1219 3843 in
1266 3790 1370 3844 hac
1402 3789 1625 3857 epistola
1656 3788 1912 3843 Hebraeos
1932 3828 1947 3854 ,
1972 3787 2026 3842 id
2061 3796 2164 3855 est,

587 3884 803 3947 gentem
839 3893 992 3933 suam
1031 3879 1096 3933 ad
1133 3878 1333 3933 Christi
1363 3894 1659 3934 convocare
1691 3878 1884 3945 ﬁdem,
1925 3879 2169 3933 emitten-

588 3966 828 4036 tiamque
848 3968 1051 4038 gratias,
1079 3984 1198 4037 quae
1220 3984 1318 4038 per
1338 3969 1499 4024 ﬁdem
1541 3970 1664 4023 data
1710 3976 1810 4033 est,
1850 3984 1880 4022 a
1906 3969 2166 4039 legalibus

588 4056 903 4112 discernere
928 4058 1164 4121 umbris,
1212 4074 1331 4128 qua:
1372 4057 1631 4126 angelicis
1678 4058 2168 4115 ministrationibus

586 4144 827 4203 fuerunt.
888 4148 1095 4205 Idcirco
1137 4150 1314 4220 primo
1367 4150 1550 4220 posuit
1599 4150 1890 4220 prophetas
1940 4151 2166 4207 diversis

586 4238 761 4296 modis
783 4240 1030 4311 patribus
1051 4241 1259 4297 locutos
1282 4257 1424 4307 esse,
1459 4242 1680 4298 dicens:
1713 4240 2009 4311 Multifarie'
2028 4242 2165 4296 mul-

590 4331 757 4403 tisque
803 4331 971 4387 ntodis
1012 4332 1137 4387 olim
1183 4332 1327 4387 Deus
1374 4332 1586 4404 loquens
1612 4332 1850 4404 patribus
1890 4335 2081 4388 nostris
2109 4335 2169 4389 in

581 4422 865 4494 prophetis.
921 4410 1152 4503 Proinde
1195 4440 1303 4480 non
1339 4425 1634 4503 sccuudutn
1679 4425 1783 4481 hoc
1820 4425 1996 4480 solum
2030 4427 2164 4480 emi-

2198 3146 2245 3213 ί]
2275 3146 2490 3217 quando
2534 3162 2633 3217 per
2680 3140 3030 3219 semetipsum
3074 3147 3335 3220 loquitur,
3383 3154 3444 3203 ut
3478 3154 3598 3204 est:
3625 3149 3856 3208 Audiam

2278 3240 2404 3310 quid
2429 3239 2673 3310 loquatur
2705 3242 2761 3295 in
2804 3259 2884 3296 me
2922 3238 3213 3308 Dominus;
3258 3242 3544 3311 aliquando
3564 3257 3665 3312 per
3687 3258 3854 3316 ange-

2274 3332 2385 3387 lum
2410 3332 2679 3402 loquitur;
2728 3333 3017 3404 aliquando
3060 3350 3156 3405 per
3194 3332 3492 3402 subjectum
3525 3342 3855 3400 creaturam,

2270 3434 2331 3480 ut
2362 3427 2417 3481 in’
2439 3427 2580 3482 nube
2607 3445 2620 3480 :
2651 3425 2754 3480 llic
2776 3436 2849 3481 est
2873 3426 3046 3481 Filius
3075 3444 3218 3481 meus
3246 3425 3701 3497 dilectus(.ilattlt.
3732 3428 3851 3497 ul);

2270 3517 2565 3588 aliquando
2611 3518 2821 3585 lucidis,
2866 3527 2964 3573 ut:
3010 3516 3071 3573 Si
3112 3518 3363 3573 audiretis
3404 3534 3502 3582 me,
3538 3516 3675 3571 bona
3694 3527 3853 3571 terra

2268 3609 2575 3675 comeditis;
2604 3610 2897 3679 aliquando
2918 3610 3186 3675 obscuris,
3220 3618 3310 3664 ut:
3339 3605 3561 3662 Gladius
3595 3625 3685 3663 eos
3707 3609 3854 3663 dero-

2267 3699 2424 3754 rabit.
2479 3700 2619 3755 Olim
2649 3700 2791 3755 Deus
2828 3701 3039 3754 loculus
3070 3704 3153 3754 est
3196 3699 3406 3755 duobus
3440 3696 3647 3763 modis;
3699 3697 3848 3753 locu-

2265 3792 2450 3862 tioque
2480 3793 2659 3847 divina
2690 3792 3059 3872 distinguitur,
3100 3806 3221 3846 cum
3258 3797 3351 3843 aut
3371 3804 3471 3859 per
3495 3789 3847 3859 semetipsum

2264 3882 2526 3955 loquitur,
2560 3894 2655 3940 aut
2680 3901 2781 3954 per
2800 3884 3099 3953 angelicam
3128 3890 3433 3938 creaturam
3461 3882 3528 3937 ad
3553 3896 3653 3937 nos
3680 3882 3847 3936 verba

2262 3987 2606 4048 promuntur.
2670 3978 2805 4031 Cum
2850 3984 3029 4031 autem
3067 3990 3167 4046 per
3209 3973 3559 4042 semetipsum
3587 3972 3847 4042 loquitur,

2265 4071 2331 4126 de
2362 4068 2529 4125 verbo
2561 4069 2681 4139 eius
2723 4064 2841 4123 sine
2884 4067 3064 4121 verbis
3110 4075 3165 4121 et
3210 4066 3429 4137 syllabis
3470 4079 3565 4119 cor
3600 4065 3845 4119 docetur.

2264 4158 2398 4215 Cum
2425 4176 2556 4215 vero
2582 4176 2677 4229 per
2701 4158 2972 4227 angelum,
3000 4157 3289 4228 aliquando
3317 4155 3496 4211 verbis
3514 4156 3631 4211 sine
3660 4155 3848 4226 imagi-

2264 4244 2444 4313 nibus,
2480 4246 2767 4317 aliquando
2793 4246 3117 4317 imaginibus
3137 4253 3192 4299 et
3216 4244 3377 4299 rebus
3399 4245 3516 4299 sine
3545 4244 3748 4298 verbis.

2338 4340 2587 4395 Patribus
2640 4341 2851 4394 nostris.
2905 4339 3201 4403 Abraham,
3250 4338 3433 4403 lsaac,
3469 4345 3524 4390 et
3560 4334 3751 4399 Iacob,
3792 4346 3843 4391 et

2268 4431 2426 4493 Loth,
2457 4442 2510 4486 et
2535 4432 2721 4501 Moysi.
2764 4431 2831 4484 Et
2856 4430 3082 4485 habebis
3108 4428 3321 4484 sibilum
3368 4425 3586 4497 quando
3613 4427 3752 4482 dicis
3792 4427 3843 4481 in

583 4515 767 4569 nentia
807 4504 943 4572 Novi
989 4508 1322 4573 Testamenli
1367 4516 1673 4572 declaratur
1695 4559 1710 4583 ,
1754 4518 1878 4588 quia
1913 4518 2160 4588 patribus
2185 4503 2238 4564 D
2262 4522 2540 4592 prophetis
2564 4562 2578 4587 ,
2614 4521 2666 4576 id
2716 4529 2797 4576 est
2822 4560 2836 4588 ,
2886 4536 2919 4576 a
2955 4519 3287 4575 nominativo
3316 4518 3618 4588 prophetia.
3671 4516 3846 4572 Aliter

582 4606 803 4676 quidem
844 4598 1121 4679 prophetse
1167 4610 1319 4689 missi
1362 4619 1506 4678 sunt,
1553 4612 1710 4667 nobis
1748 4620 1928 4666 autem
1965 4611 2154 4677 Filius,

581 4696 676 4751 sed
701 4696 844 4765 quod
872 4699 1035 4753 etiam
1065 4700 1449 4772 prophetarum
1478 4701 1562 4757 vel
1592 4702 2026 4772 patriarcharum
2058 4718 2155 4757 ne-

580 4804 671 4844 mo
694 4789 799 4845 nisi
831 4790 887 4845 in
923 4792 1362 4850 similitudinibus
1405 4795 1540 4849 vidit
1580 4796 1773 4860 Deum,
1805 4793 1997 4848 Filium
2025 4810 2157 4851 vero

579 4880 915 4953 unigenitum
958 4883 1300 4942 incarnatum
1341 4887 1462 4956 θα
1481 4926 1497 4952 ,
1526 4893 1687 4956 atque
1712 4886 1768 4940 in
1798 4901 1863 4942 ea
1888 4901 2053 4941 carne
2076 4886 2157 4941 vi-

579 4887 915 4953 unigenitum
958 4887 1300 4942 incarnatum
1481 4926 1497 4952 ,
1526 4893 1687 4956 atque
1712 4887 1768 4940 in
1798 4901 1863 4942 ea
1888 4901 2053 4941 carne
2076 4887 2152 4941 vi-

578 4987 699 5029 sum
723 4983 960 5044 constat,
990 4993 1094 5048 qua
1116 4979 1260 5057 idem
1294 4887 1706 5131 ὴοῇἳῗΗω
1730 4980 1824 5035 Dei
1849 4990 2152 5051 susceptus,

578 5067 891 5131 unigenitus
910 5078 995 5124 est
1017 5068 1327 5127 Filius'Dei.
1379 5071 1507 5127 Ideo
1590 5088 1660 5128 ex
1688 5073 1896 5128 addixit
1920 5092 1931 5127 :
1963 5071 2152 5129 Novis-

576 5067 891 5136 unigenitus
910 5078 995 5124 est
1017 5068 1327 5127 Filius'Dei.
1379 5067 1660 5131 IdeoMox
1688 5073 1896 5128 addixit
1920 5092 1931 5127 :
1963 5071 2154 5129 Novis-

576 5158 721 5213 simis
744 5169 919 5216 autem
936 5160 1119 5218 diebus
1139 5163 1344 5218 locutus
1365 5172 1442 5219 est
1465 5164 1612 5219 nobis
1633 5165 1691 5220 in
1717 5163 1875 5219 Filio.
1913 5163 2151 5234 Multifa-

575 5254 675 5320 rie,
709 5254 762 5311 id
792 5264 895 5325 est,
937 5258 1124 5316 multis
1151 5268 1209 5316 et
1247 5262 1411 5316 variis
1443 5261 1837 5326 locutionibus,
1876 5268 1937 5314 ut
1965 5260 2152 5314 decem

572 5348 739 5405 verba
766 5348 899 5421 legis
923 5392 941 5419 ,
987 5361 1044 5409 et
1087 5354 1192 5410 alia
1218 5369 1357 5424 pene
1390 5354 1803 5409 innumerabilia
1828 5351 2153 5408 testimoniis

487 5453 502 5473 ⁸
570 5442 739 5499 variis
766 5449 1162 5503 commendata.
1190 5447 1473 5517 Multisque
1496 5447 1686 5501 modis.
1715 5444 2148 5510 Ostensio‘nibus,

570 5531 775 5601 idest,
825 5537 1010 5592 multis
1054 5539 1244 5593 formis
1292 5536 1347 5591 in
1377 5536 1574 5607 quibus
1610 5536 1930 5605 loquebatur
1963 5554 1976 5589 :
2007 5549 2150 5589 nunc

569 5634 751 5681 autem
795 5628 851 5681 in
891 5629 1129 5686 hominis
1168 5638 1223 5685 et
1260 5628 1490 5699 hospitis
1529 5627 1734 5691 forma,
1779 5634 1840 5680 ut
1878 5625 2144 5690 Abrahae;

567 5733 714 5775 nunc
758 5720 811 5774 in
850 5719 1025 5776 forma
1076 5722 1293 5789 militis,
1328 5731 1394 5782 ut
1439 5719 1602 5787 Jesu;
1646 5734 1790 5774 nunc
1832 5718 1887 5773 in
1916 5718 2055 5788 igne,
2089 5724 2149 5771 ut

569 5808 742 5885 Moysi
778 5810 836 5869 in
876 5812 1047 5885 rubo;
1088 5829 1234 5874 nunc
1272 5816 1330 5877 in
1372 5814 1514 5872 nube
1549 5822 1607 5872 et
1649 5812 1770 5872 aliis
1811 5810 2015 5883 signis;
2046 5810 2147 5866 ali-

2258 4611 2517 4682 patribus,
2548 4611 2641 4679 qui
2672 4611 2919 4665 coruinus
2945 4609 3162 4664 fuerunt
3189 4609 3244 4663 in
3273 4616 3517 4677 tempore
3543 4606 3839 4677 propheta-

2257 4718 2377 4757 rum
2403 4742 2417 4769 ,
2458 4703 2511 4757 id
2546 4709 2631 4757 est
2644 4741 2661 4769 ,
2704 4702 2804 4757 toti
2828 4702 2971 4772 plebi
2997 4701 3198 4768 Israel,
3239 4708 3293 4755 et
3316 4710 3443 4756 tunc
3461 4698 3597 4754 dicis
3622 4699 3682 4754 in
3718 4714 3842 4770 pro-

2255 4793 2433 4864 pbetis
2478 4793 2594 4849 sine
2623 4794 2803 4849 sibilo.
2867 4793 3180 4847 Novissimis
3208 4791 3411 4847 diebus.
3460 4774 3598 4845 Novi
3625 4789 3837 4846 scilicet

2256 4887 2608 4951 Testamenti,
2642 4893 2703 4939 ut
2726 4904 2737 4939 :
2774 4884 2964 4939 Melior
2992 4895 3068 4940 est
3089 4885 3210 4955 ﬁnis
3235 4884 3490 4939 orationis
3513 4900 3674 4954 quam
3694 4885 3841 4953 prin-

2254 4980 2468 5050 cipium,
2506 4988 2568 5039 ut
2593 4978 2848 5033 Salomon
2879 4979 2955 5032 ait
2986 4997 2999 5033 :
3031 4979 3162 5049 quia
3192 4977 3401 5033 ﬁrmius
3439 4986 3522 5031 est
3548 4977 3696 5046 quod
3728 4989 3841 5029 non

2251 5073 2521 5138 audimus,
2569 5086 2732 5140 quam
2762 5070 2908 5142 quod
2951 5070 3026 5125 illi
3078 5070 3209 5125 olim
3248 5068 3554 5123 audierunt.
3596 5065 3667 5121 In
3692 5063 3838 5119 Filio

2251 5180 2367 5217 suo.
2419 5161 2533 5217 Hoc
2578 5163 2777 5217 dicitur
2821 5161 3118 5217 secundum
3161 5159 3588 5229 assumptionem
3629 5156 3835 5219 carnis,

2251 5261 2348 5307 ut:
2380 5251 2486 5318 Qui
2521 5254 2733 5324 proprio
2754 5251 2897 5307 Filio
2941 5268 3037 5308 suo
3081 5266 3189 5306 non
3218 5250 3443 5321 pepercit
3474 5246 3653 5319 (Rom.
3685 5246 3832 5318 vin).

2253 5343 2385 5400 Suo.
2415 5344 2471 5398 Id
2493 5353 2595 5410 est,
2622 5344 2862 5415 proprio.
2905 5343 3053 5397 Multi
3086 5342 3230 5397 enim
3262 5341 3358 5395 ﬁlii
3380 5339 3587 5412 gratia,
3624 5338 3716 5394 hic
3738 5352 3837 5393 au-

2251 5446 2359 5492 tem
2386 5446 2577 5492 natura
2606 5444 2709 5492 est.
2742 5436 2908 5503 Quem
2926 5436 3217 5507 proposuit.
3252 5433 3562 5490 Secundum
3583 5445 3833 5497 carnem,

2250 5528 2376 5598 quia
2403 5528 2698 5583 secundum
2722 5526 3055 5581 divinitatem
3078 5541 3186 5581 non
3209 5525 3554 5589 constitutus,
3584 5522 3682 5579 sed
3701 5536 3834 5577 con-

2250 5623 2471 5678 stitutor
2502 5622 2718 5675 dicitur.
2759 5619 3035 5675 Ha'redem
3055 5621 3310 5675 omnium.
3344 5616 3452 5673 Alii
3470 5623 3596 5688 post
3616 5625 3831 5687 patrem

2248 5704 2493 5772 hmredes
2527 5720 2686 5779 sunt,
2730 5713 2820 5769 hic
2860 5721 3040 5768 autem
3081 5715 3298 5769 vivente
3321 5711 3485 5766 Patre
3507 5709 3688 5765 haeres
3719 5716 3825 5765 est.

2249 5806 2520 5865 Omnium.
2537 5805 2840 5864 Visibilium
2861 5812 2917 5862 et
2939 5804 3310 5872 invisibilium,
3325 5798 3630 5860 celestium
3648 5808 3706 5857 et
3723 5809 3810 5857 ter
