4046 6332
658 358 767 421 253

2037 357 2308 419 SEDULII
2346 358 2544 418 SCO'I‘I

3805 369 3915 429 256

659 475 790 533 tiam
822 472 991 549 gratis
1041 485 1266 548 peccata
1318 477 1542 547 dimisit,
1591 478 1754 537 nullis
1799 479 2227 552 praecedentibus
2252 474 2384 536 Aut
2411 484 2460 530 et
2492 473 2719 548 Moyses.
2756 470 2957 532 Fidelis
3005 474 3126 531 fuit.
3164 474 3337 533 Aliter
3364 477 3471 534 hoc
3516 478 3916 554 interrogantis

661 569 939 624 hominum
988 571 1216 627 meritis.
1271 566 1381 626 Pro
1428 573 1667 627 omnibus
1716 581 1949 644 gustaret
1984 581 2224 627 mortem.

659 658 919 715 Celeritas
965 661 1158 716 mortis
1185 662 1239 716 in
1271 671 1431 733 gustu
1466 662 1827 735 signiﬁcatur,
1859 672 1962 718 ut:
1993 662 2062 717 Et
2110 679 2227 717 cum

657 761 932 824 gustasset,
966 753 1134 809 noluit
1158 754 1327 809 bibere
1358 754 1573 827 (Matth.
1602 756 1795 828 xxv").
1841 755 2068 810 Decebat
2088 758 2228 810 enim

657 861 774 899 eum
800 855 1009 916 propter
1031 861 1184 917 quem
1237 847 1433 900 omnia.
1481 846 1807 902 Restaurata
1834 854 1980 911 sunt,
2031 847 2145 902 sive
2170 847 2225 902 in

658 935 834 1002 ctelis,
893 936 1009 992 sive
1052 936 1107 990 in
1145 936 1320 990 terris.
1377 934 1446 989 Et
1469 952 1562 1008 per
1594 953 1747 1008 quem
1775 937 1976 990 omnia.
2035 934 2227 990 Consi-

656 1035 827 1094 stunt,
862 1028 978 1083 sive
1007 1029 1134 1084 dum
1181 1043 1281 1099 per
1302 1029 1477 1099 ipsum
1525 1029 1664 1083 facta
1692 1037 1838 1084 sunt.
1868 1028 2078 1083 Aliter:
2121 1028 2228 1084 Per

655 1137 806 1190 quem
836 1121 1033 1186 omnia,
1065 1121 1119 1176 id
1140 1128 1244 1186 est,
1274 1128 1452 1176 creata
1493 1128 1635 1175 sunt.
1668 1118 1895 1191 Propter
1935 1138 2087 1192 quem
2115 1138 2225 1176 om-

656 1213 766 1279 nia,
799 1212 851 1268 id
881 1221 986 1278 est,
1018 1222 1238 1284 propter
1257 1213 1484 1285 gloriam
1512 1214 1682 1284 ipsius
1702 1212 1845 1269 facta
1871 1223 1998 1270 sunt
2018 1215 2220 1270 omnia.

656 1302 764 1359 Per
787 1305 1079 1375 passionem
1108 1304 1479 1360 consummari.
1521 1304 1597 1359 De
1641 1305 1948 1361 humilitate
1975 1306 2223 1364 mortalis

653 1397 832 1453 carnis
881 1397 937 1452 in
969 1397 1138 1469 gloria
1188 1397 1603 1453 resurrectionis
1650 1396 1897 1465 exaltari,
1937 1399 1991 1454 in
2042 1412 2225 1455 exem-

649 1488 797 1560 plum
835 1503 1022 1545 eorum
1075 1504 1213 1561 quos
1238 1489 1469 1544 adducet
1500 1490 1555 1544 in
1613 1490 1863 1561 gloriam.
1901 1491 2075 1548 Aliter
2098 1512 2223 1550 can-

649 1596 934 1647 summare,
990 1581 1166 1651 ipsum
1217 1580 1468 1636 videlicet
1519 1580 1749 1637 salutem
1793 1584 2075 1652 perﬁcere.
2117 1585 2221 1652 Qui

647 1674 785 1729 enim
804 1675 1119 1743 sanctiﬁcat.
1144 1673 1413 1729 Christus.
1437 1672 1509 1727 Et
1528 1675 1617 1746 qui
1642 1676 2023 1745 sanctiﬁcatur.
2049 1676 2220 1735 Homo

646 1763 972 1834 iustiﬁcatus
994 1781 1094 1836 per
1116 1765 1292 1821 ﬁdem.
1326 1764 1408 1820 Ea:
1428 1783 1531 1821 uno
1553 1783 1749 1821 omnes.
1781 1767 1840 1823 Id
1860 1776 1964 1834 εει,
1990 1770 2100 1825 Deo
2125 1768 2222 1825 Pa-

650 1867 750 1925 tre,
781 1860 893 1914 sive
923 1874 989 1914 ex
1017 1859 1206 1914 Adam.
1258 1859 1356 1915 Hic
1381 1869 1561 1917 autem
1589 1861 1891 1916 ostenditur
1923 1864 2217 1919 secundum

646 1964 866 2005 carnem
915 1965 983 2006 ex
1010 1966 1115 2004 una
1142 1951 1439 2020 eademque
1488 1966 1667 2007 massa
1714 1961 1770 2007 et
1797 1950 2069 2008 Christum
2098 1968 2217 2010 esse

648 2041 739 2113 qui
772 2041 1095 2109 sanctiﬁcat,
1120 2051 1176 2098 et
1204 2058 1303 2098 nos
1331 2044 1421 2110 qui
1450 2044 1856 2102 sanctiﬁcamur
1886 2047 1955 2101 ab
1975 2062 2060 2101 eo.
2091 2046 2216 2101 Non

644 2133 1004 2202 confunditur.
1035 2134 1304 2191 Christus.
1348 2134 1568 2191 Fratres
1597 2152 1682 2191 eos
1708 2154 1911 2192 uocare.
1944 2120 2081 2192 Dum
2105 2138 2203 2193 sci-

642 2221 768 2276 licet
805 2230 982 2278 ‘unum
1014 2222 1214 2279 habent
1242 2224 1461 2280 Patrem
1516 2226 1707 2282 Deum.
1744 2226 1992 2281 Narrabo
2024 2244 2215 2283 nomen

640 2321 785 2367 tuum
805 2313 1059 2384 fratribus
1088 2316 1238 2370 meis.
1272 2316 1544 2386 Apostolis
1597 2327 1653 2371 et
1697 2319 1947 2373 omnibus
1984 2321 2209 2378 sanctis.

641 2401 709 2458 In
750 2406 923 2460 media
967 2406 1241 2460 Ecclesirc.
1276 2406 1334 2461 In
1369 2416 1640 2463 conventu
1669 2416 1725 2462 et
1748 2408 1805 2463 in
1834 2411 2091 2466 cordibus
2117 2429 2212 2470 eo-

640 2513 780 2553 rum.
811 2498 1064 2552 Laudabo
1083 2509 1150 2553 te.
1180 2498 1400 2555 Faciam
1432 2510 1485 2556 te
1514 2510 1732 2557 sanctos
1761 2500 2001 2558 laudare.
2034 2505 2104 2560 Et
2124 2507 2214 2562 ite-

640 2606 757 2644 rum
777 2605 796 2642 :
826 2590 940 2660 Ego
963 2607 1071 2645 ero.
1106 2592 1223 2646 Vox
1248 2591 1470 2648 Christi.
1504 2593 1705 2651 Fidens
1730 2598 1784 2651 in
1809 2614 1947 2652 eum.
1970 2597 2207 2657 Patrem.

641 2678 775 2734 Ecce
798 2697 891 2750 ego
916 2690 963 2734 et
997 2682 1145 2751 pueri
1174 2684 1295 2737 mei.
1344 2684 1457 2739 Hoc
1487 2686 1541 2740 in
1573 2686 1710 2740 Isaia
1762 2687 2011 2745 habetur.
2047 2688 2212 2747 Pueri

641 2771 761 2823 mei.
792 2770 1031 2840 Apostoli
1057 2789 1353 2844 omnesque
1377 2777 1433 2830 in
1458 2775 1736 2833 Christum
1760 2780 2075 2848 credentes;
2102 2799 2209 2839 non

640 2872 821 2918 autem
849 2866 1142 2922 secundum
1199 2878 1438 2935 aetatem,
1471 2871 1565 2925 sed
1605 2873 1899 2928 secundum
1950 2873 2212 2931 innocen-

638 2954 770 3008 tiam
798 2958 950 3026 pueri
980 2959 1248 3015 dicuntur.
1282 2961 1808 3019 Communicarerunt
1835 2968 1985 3021 carni
2008 2978 2056 3023 et
2079 2987 2209 3024 san-

637 3047 801 3116 guini.
834 3047 1034 3105 Omnes
1059 3054 1420 3108 communiter
1437 3070 1658 3111 carnem
1680 3056 1989 3113 habuerunt
2008 3067 2064 3115 et
2089 3076 2210 3116 san-

638 3140 874 3210 guinem.
910 3141 1181 3216 Particeps
1201 3145 1524 3202 earumdem.
1554 3147 1852 3204 Puerorum
1881 3153 2205 3208 assumenda
2233 3183 2279 3248 Ο

636 3243 853 3285 carnem
875 3240 930 3285 et
949 3236 1286 3304 sanguinem.
1316 3232 1383 3288 Ut
1405 3252 1497 3303 per
1518 3246 1735 3291 mortem
1756 3237 2041 3294 destrueret
2063 3258 2200 3296 eum.

637 3319 710 3376 Ut
747 3321 860 3376 suis
889 3323 1056 3378 armis
1082 3323 1327 3380 diabolus
1368 3325 1699 3394 vinceretur,
1730 3328 1926 3398 quibus
1973 3329 2094 3386 aliis
2125 3330 2208 3385 in-

637 3410 888 3467 sultabat.
928 3412 1117 3469 Mortis
1160 3416 1457 3491 imperium.
1490 3416 1702 3475 Mittere
1730 3420 1785 3475 in
1815 3430 2066 3487 mortem,
2093 3436 2207 3494 pas-

636 3517 873 3573 namque
907 3515 1239 3575 perpetuam.
1285 3507 1513 3564 Obnoxii
1536 3521 1685 3565 erant
1709 3512 1963 3566 servituti.
1997 3514 2095 3569 Vel
2121 3530 2209 3571 ve-

638 3594 773 3650 teris
798 3594 953 3665 legis,
987 3597 1102 3652 sive
1128 3599 1358 3669 peccati.
1390 3598 1667 3672 Nusquam
1707 3602 1843 3656 enim
1868 3603 2080 3675 angelos
2107 3621 2204 3677 ap-

633 3686 925 3757 prehendit.
944 3686 1059 3747 Non
1084 3690 1227 3745 enim
1255 3690 1311 3745 in
1339 3692 1579 3763 angelica
1603 3691 1776 3747 forma
1798 3694 1944 3748 venit
1971 3694 2024 3749 in
2050 3711 2207 3751 mun-

631 3774 786 3844 dum,
816 3777 1076 3845 quia‘non
1107 3778 1174 3833 ad
1215 3780 1642 3848 redemptionem
1675 3782 1987 3853 angelorum
2015 3785 2200 3852 venit;

632 3866 732 3921 sed
759 3864 881 3922 ideo
902 3882 1123 3923 carnem
1144 3870 1520 3939 apprehendit,
1548 3881 1608 3925 ut
1627 3887 1725 3942 per
1744 3888 1905 3942 quam
1922 3882 2204 3944 peccatum

631 3955 1044 4023 admiseramus,
1070 3957 1186 4027 ipsa
1211 3959 1618 4015 redimeremur.
1644 3961 1751 4016 Sed
1770 3978 1942 4016 semen
1956 3963 2199 4020 Abrahae.

632 4042 748 4099 Hoc
779 4053 882 4110 est,
913 4049 1236 4104 assumenda
1266 4065 1485 4107 carnem
1511 4053 1577 4106 de
1598 4065 1795 4122 genere
1818 4050 2082 4109 Abrahae:
2106 4068 2202 4125 pro

629 4142 747 4190 toto
775 4146 955 4192 autem
981 4153 1180 4209 genere
1206 4156 1389 4197 semen
1417 4141 1648 4199 Abrahae
1686 4143 1902 4199 dicitur.
1936 4144 2087 4200 Unde
2110 4147 2204 4202 de-

636 4225 749 4281 buit
772 4244 866 4297 per
902 4230 1076 4285 omnia
1099 4231 1351 4302 fratribus
1378 4234 1624 4289 similari.
1658 4236 1859 4291 Verum
1887 4252 2083 4309 corpus
2108 4240 2201 4295 ho-

634 4319 820 4385 minis,
846 4323 1193 4395 animamque
1236 4327 1517 4382 sumendo.
1561 4325 1765 4383 Fidelis
1788 4329 2043 4400 pontifex.
2086 4330 2201 4387 Hoc

634 4418 740 4479 est,
767 4427 930 4468 verus
959 4420 1015 4467 et
1036 4422 1248 4483 potens,
1279 4424 1335 4472 et
1389 4417 1616 4475 idoneus
1646 4418 1871 4489 implere
1895 4436 2052 4477 suum
2078 4420 2198 4477 olli-

626 4504 794 4558 cium.
828 4501 894 4557 In
923 4519 983 4558 eo
1029 4506 1187 4560 enim.
1236 4504 1476 4578 Corpore
1516 4522 1611 4564 seu
1634 4507 1775 4579 jure.
1806 4509 1999 4565 Potens
2022 4520 2099 4566 est
2123 4511 2198 4567 eis
2221 4540 2276 4605 Β

627 4596 718 4666 qui
748 4605 1013 4652 tentantur
1039 4598 1312 4655 auxiliari.
1352 4600 1470 4657 Non
1499 4610 1561 4658 ut
1589 4603 1875 4675 pontiﬁces
1899 4602 2055 4674 legis.

1253 4708 1479 4766 CAPUT
1507 4709 1595 4766 III.

702 4772 852 4831 Unde
877 4775 1067 4846 fratres
1100 4779 1268 4833 sancti
1310 4781 1593 4835 vocationis
1635 4781 1852 4858 ctelestis
1893 4782 2194 4855 participes.

631 4865 741 4921 Ut:
782 4864 960 4921 Venite
989 4867 1059 4922 ad
1079 4884 1180 4935 me,
1206 4883 1384 4923 omnes
1404 4870 1495 4938 qui
1523 4873 1726 4926 onerati
1750 4874 1892 4939 estis,
1923 4883 1971 4929 et
1999 4890 2093 4946 ego
2115 4891 2198 4929 re-

627 4959 806 5029 ﬁciam
857 4974 945 5014 eos
998 4959 1214 5029 (Matth.
1241 4960 1343 5034 χι).
1376 4962 1475 5019 Vel
1503 4979 1518 5017 :
1557 4961 1759 5030 Venite,
1792 4965 2062 5032 benedicti,
2086 4974 2193 5023 etc.

623 5049 967 5108 Considerate
988 5053 1300 5125 apostolum.
1335 5055 1558 5111 Missum
1582 5072 1613 5111 a
1634 5056 1817 5113 Patre.
1841 5058 1969 5113 Hzec
1987 5059 2191 5127 dicens,

625 5146 865 5201 ostendit
900 5144 1082 5201 Iesum
1112 5147 1359 5204 obedisse
1386 5148 1534 5204 Patri
1566 5165 1738 5221 usque
1764 5151 1831 5206 ad
1858 5160 2113 5219 mortem,
2139 5161 2196 5210 et

626 5234 840 5294 ﬁdelem
872 5237 1041 5295 fuisse
1083 5239 1155 5305 ei,
1184 5250 1239 5295 et
1266 5258 1365 5297 nos
1395 5242 1665 5309 admonet,
1717 5251 1779 5298 ut
1806 5243 1969 5314 capiti
2006 5252 2195 5299 nostro

621 5337 933 5398 pareamus,
982 5331 1036 5385 id
1066 5338 1152 5386 est
1178 5330 1414 5388 Christo.
1448 5332 1519 5386 Et
1540 5333 1836 5403 pontificem
1857 5334 2193 5403 confessionis

560 5490 577 5495 _
623 5426 841 5474 nostris:
868 5417 1018 5475 Fidei
1064 5428 1282 5477 nostras.
1323 5421 1427 5488 Qui
1476 5421 1647 5490 ﬁdelis
1691 5430 1765 5476 est
1794 5423 1862 5476 ei.
1889 5421 2058 5478 Patri.
2088 5422 2193 5489 Qui

624 5504 748 5576 fecit
800 5506 985 5563 illum.-
1011 5509 1359 5568 Sacerdotem
1411 5525 1530 5566 esse
1555 5527 1623 5566 ex
1654 5513 1859 5569 semine
1904 5513 2073 5570 David
2105 5530 2193 5570 se-

622 5597 858 5654 cundum
894 5615 1136 5658 carnem.
1165 5603 1283 5674 Ipse
1327 5592 1507 5671 itaque
1532 5601 1703 5658 ﬁdelis
1731 5603 1798 5668 ei,
1853 5612 1912 5658 ut
1932 5605 2191 5675 scriptum

621 5688 800 5746 estde
840 5705 947 5747 eo:
982 5691 1053 5747 Ut
1084 5693 1277 5764 faciam
1327 5693 1643 5748 voluntatem
1691 5703 1837 5749 tuam
1882 5712 1902 5761 ;
1929 5704 1985 5750 et
2016 5695 2141 5750 illud
2172 5714 2186 5751 :

623 5781 750 5847 Non
770 5782 905 5842 sicut
924 5803 1017 5861 ego
1042 5786 1181 5855 uolo,
1204 5788 1295 5843 sed
1319 5788 1453 5844 sicut
1481 5796 1537 5842 tu
1564 5787 1639 5844 vis
1665 5786 1881 5870 (Matth.
1910 5789 2043 5867 xlv).
2075 5788 2192 5847 Sic-

2328 564 2521 622 at'fectu
2547 566 3007 636 pronuntiandum
3052 575 3158 624 est.
3212 566 3274 623 Si
3309 568 3561 639 ﬁduciam
3589 580 3641 626 et
3679 573 3912 644 gloriam

2327 662 2437 732 spei
2461 658 2623 733 usque
2647 662 2717 716 ad
2738 662 2897 732 ﬁnem
2917 661 3125 731 firmam
3159 663 3494 719 retineamus.
3516 663 3624 721 Per
3650 665 3910 724 ﬁduciam

2328 751 2481 817 ﬁdes,
2538 767 2637 824 per
2684 753 2910 824 gloriam
2966 755 3080 826 spei
3120 770 3269 825 spes,
3304 771 3406 826 per
3434 756 3612 833 ﬁnem
3665 758 3912 816 charitas

2326 842 2663 913 intelligitur,
2716 852 2777 899 ut
2805 863 2819 899 :
2859 842 3013 900 Finis
3062 848 3307 917 praecepti
3335 857 3414 902 est
3434 849 3699 904 charitas.
3734 849 3797 905 In
3830 852 3911 908 his

2326 934 2516 991 domus
2554 936 2866 1004 supradicta
2894 936 3223 1002 continetur,
3256 938 3386 1007 quia
3415 938 3549 995 ﬁdes
3587 938 3912 996 fundamen-

2326 1033 2442 1081 tum
2480 1035 2583 1092 est,
2613 1042 2736 1097 spes
2757 1041 2887 1084 vero
2915 1029 3115 1099 paries,
3159 1030 3398 1086 charitas
3437 1030 3649 1087 culmen
3679 1033 3907 1089 eminet.

2327 1115 2658 1188 Quapropter
2683 1120 2818 1172 sicut
2842 1118 2969 1173 dicit
2999 1117 3229 1190 Spiritus
3273 1131 3507 1175 sanctus.
3538 1120 3681 1177 Dum
3714 1123 3909 1179 domus

2323 1205 2536 1264 Domini
2584 1224 2705 1265 esse
2739 1225 2849 1265 non
2876 1226 3185 1281 possumus,
3234 1212 3339 1266 nisi
3370 1212 3461 1266 illa
3509 1214 3899 1282 retineamus.-

2322 1297 2409 1352 vel
2445 1299 2573 1353 dum
2601 1299 2726 1356 talis
2766 1301 3039 1371 apostolus
3067 1309 3122 1357 et
3150 1303 3393 1373 pontifex
3434 1303 3607 1360 Filius
3640 1315 3755 1361 est.
3787 1304 3875 1361 Ha

2323 1387 2408 1443 die
2434 1389 2482 1444 si
2526 1406 2700 1445 vacem
2748 1392 2862 1463 ejus
2889 1393 3185 1448 audieritis.
3221 1393 3393 1451 Hodie
3425 1396 3701 1466 signiﬁcat
3740 1413 3903 1454 omne

2321 1488 2533 1551 tempus
2561 1496 2669 1552 quo
2692 1481 2925 1538 vivimus
2953 1483 3009 1538 in
3038 1484 3308 1552 praesenti.
3336 1485 3433 1540 Vel
3459 1486 3634 1553 hodie,
3665 1487 3728 1542 in
3746 1487 3902 1543 Novo

2321 1568 2685 1638 Testamento,
2714 1587 2778 1628 ac
2806 1572 2853 1628 si
2882 1573 2996 1627 heri
3028 1573 3099 1628 sit
3126 1572 3315 1642 Vetus,
3344 1575 3500 1646 quasi
3529 1575 3768 1633 dixisset
3794 1597 3811 1633 :
3852 1577 3907 1633 Si

2320 1659 2440 1716 heri
2466 1676 2656 1718 vocem
2684 1663 2897 1719 Domini
2936 1678 3045 1719 non
3074 1665 3323 1734 audistis,
3371 1674 3549 1723 tamen
3579 1669 3625 1724 si
3647 1684 3782 1725 eam
3812 1670 3909 1727 ho-

2322 1753 2410 1808 die
2448 1754 2749 1821 audieritis,
2796 1754 2961 1810 nolite
3000 1757 3270 1813 obdurare
3313 1758 3476 1813 corda
3508 1768 3706 1815 vestra.
3771 1759 3907 1817 Tres

2245 1832 2293 1893 B
2320 1853 2498 1899 autem
2550 1844 3097 1921 requies‘quostolus
3144 1848 3200 1902 in
3233 1848 3687 1919 subsequentibus
3719 1859 3906 1907 osten-

2316 1935 2431 1989 dit:
2456 1951 2618 1991 unam
2645 1936 2876 2003 sabbati,
2909 1952 3018 2008 qua
3043 1936 3305 1993 Dominus
3334 1939 3597 2009 requievit
3625 1941 3695 1996 ab
3725 1942 3906 2010 operi-

2313 2024 2415 2081 bus
2443 2026 2592 2093 suis;
2634 2027 2925 2082 secundam
2954 2034 3115 2083 terra:
3142 2028 3576 2099 repromissionis
3600 2046 3615 2095 ;
3650 2031 3900 2097 tertiam,

2316 2118 2555 2175 cmlestis
2578 2120 2731 2190 regni
2775 2120 3039 2190 requiem.
3092 2118 3389 2174 Secundum
3415 2120 3553 2173 diem
3592 2122 3904 2176 tentationis

2311 2209 2368 2262 in
2396 2210 2615 2264 deserto.
2646 2210 2730 2266 Ad
2762 2226 2960 2281 aquam
2985 2211 3449 2276 contradictionis,
3477 2212 3692 2282 quando
3725 2226 3903 2283 popu-

2311 2297 2399 2354 lus
2421 2300 2801 2366 murmuravit,
2853 2307 2908 2356 et
2946 2300 3158 2373 Moyses
3200 2300 3485 2355 dubitavit.
3532 2299 3901 2357 Probas-erunt

2311 2402 2410 2439 me.
2441 2386 2874 2457 Exploraverunt
2891 2404 2999 2444 me.
3029 2388 3098 2443 Et
3125 2389 3257 2443 dixi.
3287 2388 3546 2460 Cognovi.
3570 2387 3800 2460 Semper
3825 2406 3903 2445 er-

2311 2489 2431 2535 rant
2468 2481 2640 2536 corde.
2667 2480 2818 2538 Licet
2843 2481 3014 2537 oculis
3034 2481 3304 2553 magnalia
3329 2481 3599 2537 viderunt.
3629 2478 3789 2536 Sicut
3806 2482 3901 2551 ju-

2310 2572 2443 2626 ravi.
2473 2572 2528 2628 Id
2556 2580 2667 2639 est,
2714 2573 3065 2628 immobiliter
3089 2572 3365 2643 proposui,
3394 2572 3481 2628 vel
3508 2572 3804 2629 destinavi.
3836 2572 3899 2628 In

2307 2659 2391 2714 ira
2415 2677 2547 2715 mea.
2579 2661 2638 2715 In
2667 2661 2924 2717 vindicta.
2966 2660 3025 2716 Si
3049 2663 3325 2719 intrabunt
3351 2661 3409 2716 in
3445 2663 3671 2733 requiem
3695 2678 3895 2717 means.

2307 2750 2365 2806 Id
2394 2761 2500 2818 est,
2532 2767 2638 2807 non
2667 2751 2947 2809 intrabunt
2974 2772 2986 2807 :
3021 2754 3149 2824 quia
3194 2769 3362 2824 genus
3377 2754 3693 2827 juramenti,
3726 2755 3895 2811 inter-

2309 2844 2741 2916 rogationisque,
2770 2853 2826 2901 ει
2856 2848 3161 2918 negationis
3185 2853 3286 2903 est.
3334 2832 3405 2901 In
3430 2847 3655 2918 requiem
3692 2864 3893 2903 meum.

2307 2932 2364 2989 Id
2392 2942 2495 3001 est,
2522 2934 2578 2989 in
2602 2942 2806 2990 terram
2844 2937 3303 3007 repromissionis,
3334 2940 3454 3007 quae
3483 2938 3697 3008 requies
3728 2937 3893 2994 Israel

2307 3034 2424 3081 erat
2451 3037 2575 3098 post
2600 3026 2839 3082 laborem
2885 3027 3107 3092 deserti,
3158 3028 3213 3083 in
3241 3028 3467 3101 ﬁguram
3504 3030 3628 3085 vita:
3652 3039 3891 3097 aeterna,

2308 3118 2510 3172 sanctis
2560 3126 2686 3187 post
2729 3118 2914 3173 mundi
2964 3118 3178 3176 labores
3232 3119 3463 3177 donatae.
3516 3120 3694 3176 Donec
3737 3122 3891 3177 hodie

2309 3211 2725 3274 cognominatur.
2786 3212 3077 3268 Praesentis
3130 3214 3256 3269 vita:
3307 3221 3538 3285 tempus.
3592 3212 3889 3289 Participes

2304 3298 2441 3353 enim
2481 3297 2674 3356 Christi
2711 3302 2881 3372 eﬂecti
2909 3321 3110 3359 sumus.
3155 3303 3327 3360 Unum
3358 3322 3545 3376 corpus
3574 3307 3751 3376 effecti
3792 3326 3882 3363 su—

2304 3408 2421 3447 mus
2449 3407 2566 3447 cum
2604 3392 2720 3460 illo,
2768 3394 2822 3449 id
2874 3404 2975 3460 est,
3007 3395 3546 3465 concorporales'illi
3589 3399 3888 3455 secundum

2305 3482 2620 3542 interiorem
2654 3487 2928 3563 hominem
2960 3488 3088 3543 laeti
3119 3489 3424 3546 conformes
3454 3490 3597 3548 illius
3626 3492 3816 3563 gloriae
3837 3502 3890 3549 et

2302 3572 2744 3633 immortalitatis.
2783 3577 2845 3635 Si
2870 3564 3043 3633 tamen
3067 3579 3276 3634 initium
3303 3581 3612 3636 substantiis
3646 3583 3767 3652 ejus
3796 3601 3885 3638 us-

2302 3681 2403 3735 que
2431 3667 2499 3721 ud
2525 3666 2683 3736 finem
2708 3668 2919 3738 ﬁrmum
2950 3670 3285 3725 retineamus.
3338 3670 3501 3737 Quasi
3524 3670 3795 3728 dixisset:
3831 3672 3885 3729 Si

2301 3759 2586 3815 credamus
2614 3761 2757 3831 quod
2809 3761 2897 3816 ille
2920 3762 3047 3832 quia
3070 3763 3417 3834 coaequabilis
3457 3771 3542 3820 est
3580 3763 3756 3830 Patri,
3784 3765 3886 3821 ini-

2302 3849 2437 3904 tium
2460 3850 2641 3905 carnis
2664 3852 2893 3923 sumpsit
2914 3867 2979 3907 ex
3003 3863 3200 3921 matre,
3242 3862 3299 3910 et
3326 3855 3373 3911 si
3394 3856 3680 3911 credamus
3704 3870 3886 3912 resur-

2302 3943 2600 4000 rectionem
2641 3944 2778 4015 ejus,
2816 3962 2914 4017 per
2947 3962 3108 4018 quam
3147 3962 3339 4021 magna
3368 3949 3541 4004 virtus
3584 3949 3731 4007 facta
3780 3961 3881 4018 est,

2302 4034 2358 4091 id
2383 4046 2490 4102 est,
2538 4035 2684 4092 salus
2716 4044 2773 4092 et
2803 4039 3128 4094 resurrectio
3153 4040 3389 4095 omnium
3416 4057 3431 4107 ;
3466 4041 3580 4096 sive
3607 4041 3657 4096 si
3694 4041 3884 4098 creda-

2300 4140 2423 4183 mus
2453 4126 2845 4184 humanitatem
2874 4129 2990 4199 ejus
3030 4140 3085 4185 et
3121 4132 3477 4188 divinitatem.
3523 4129 3880 4189 Retineamus.

2299 4215 2360 4273 Id
2389 4224 2494 4285 est,
2523 4232 2624 4289 per
2648 4218 2810 4275 ﬁdem
2855 4221 3161 4279 credamus.
3213 4222 3394 4279 Nolite
3420 4223 3695 4299 abdurare
3718 4226 3882 4279 corda

2299 4323 2491 4370 uestra.
2521 4314 2789 4372 Admonet
2808 4316 3096 4389 Apostolus
3123 4317 3309 4375 ﬁdeles
3329 4313 3558 4376 Iudaeos
3575 4326 3632 4375 et
3655 4317 3880 4385 Gentes,

2298 4415 2363 4464 ut
2385 4420 2612 4464 caveant
2640 4423 2710 4464 ne
2736 4418 3064 4482 praeceptum
3094 4411 3307 4468 Domini
3340 4412 3794 4483 prevaricentur,
3824 4420 3883 4468 ut

2301 4498 2358 4554 in
2381 4498 2623 4568 requiem
2651 4498 2769 4566 Dei,
2799 4499 2851 4555 id
2878 4507 2993 4567 est,
3023 4514 3247 4572 regnum
3272 4501 3491 4557 cteleste
3519 4502 3732 4572 ingredi
3760 4517 3878 4558 meo

2301 4598 2545 4659 reantur,
2573 4590 2667 4660 qui
2691 4591 2756 4646 de
2775 4589 3011 4663 Egypto
3033 4592 3382 4651 transierunt.
3412 4589 3517 4648 Sed
3538 4609 3645 4648 non
3679 4610 3877 4649 omnes.

2300 4677 2790 4747 Exacerbaverunt,
2814 4689 3011 4752 przeter
3037 4682 3171 4740 duos
3207 4688 3435 4751 tantum,
3465 4681 3520 4739 id
3543 4689 3648 4750 est,
3676 4681 3880 4755 Calepb

2300 4780 2358 4826 et
2388 4770 2569 4829 Josue.

2916 4881 3145 4941 CAPUT
3170 4881 3262 4940 IV.

2373 4971 2667 5028 Timeamus
2704 4988 2848 5044 ergo,
2874 4990 2937 5029 ne
2961 4962 3093 5057 forte
3121 4975 3304 5031 relicta
3333 4973 3734 5047 pollicitatione.
3774 4975 3879 5033 De-

2299 5058 2563 5130 speranda
2614 5060 2681 5114 de
2719 5060 2830 5114 vita
2880 5057 3083 5131 futura,
3129 5059 3214 5116 vel
3262 5075 3370 5117 non
3399 5063 3659 5118 sectanda
3684 5078 3877 5134 opera,

2298 5151 2495 5221 quibus
2521 5151 2589 5206 ad
2615 5149 2764 5206 illam
2795 5152 3036 5221 requiem
3048 5144 3391 5223 "pervenitur.
3415 5153 3622 5210 Deesse.
3657 5154 3878 5211 Scilicet

2297 5239 2526 5310 requiei.
2596 5237 2778 5296 Sermo
2825 5242 3059 5297 auditus.
3128 5242 3188 5299 Id
3232 5252 3358 5312 εει,
3415 5244 3667 5301 doctrina
3716 5245 3874 5317 legis.

2301 5328 2753 5395 Quemadmodum
2771 5329 2923 5386 dixit.
2964 5331 3023 5387 ld
3053 5318 3156 5400 est,
3182 5333 3635 5405 quemadmodum
3661 5334 3737 5391 illi
3765 5352 3877 5393 non

2297 5421 2624 5478 introierunt
2647 5424 2703 5478 in
2729 5423 2970 5493 requiem
2987 5464 3003 5491 ,
3052 5425 3131 5481 sic
3159 5440 3260 5483 nos
3287 5427 3619 5497 egcontrario
3647 5426 3877 5484 intrabi-

2295 5527 2416 5569 mus
2441 5513 2497 5568 in
2524 5514 2787 5585 requiem.
2816 5513 2888 5567 Et
2914 5515 3040 5584 quia
3067 5515 3133 5570 de
3170 5517 3410 5588 operibus
3437 5517 3683 5587 requieoit
3704 5515 3874 5573 Deus.

2295 5602 2445 5659 Sicut
2469 5605 2613 5659 enim
2644 5604 2784 5659 Deus
2812 5604 2898 5685 die
2942 5606 3175 5676 septimo
3219 5608 3488 5678 requievit
3524 5607 3595 5663 ab
3618 5609 3875 5664 omnibus

2292 5698 2544 5768 operibus
2570 5697 2742 5763 bonis,
2796 5697 2870 5751 ita
2896 5698 3000 5754 erit
3040 5699 3255 5770 requies
3296 5708 3517 5767 aeterna,
3566 5716 3694 5767 cum
3738 5716 3873 5757 con—

2291 5794 2558 5845 summata
2587 5784 2788 5843 fuerint
2806 5802 2988 5862 opera,
3019 5805 3142 5864 quae
3167 5792 3235 5848 ab
3257 5792 3416 5850 initio
3442 5791 3587 5853 facta
3617 5805 3765 5852 sunt.
3798 5792 3867 5858 Et
