4046 6332
174 440 278 498 257

1269 431 1601 493 COLLECT.
1642 430 1713 488 ΙΝ
1750 431 1970 488 EPIST.
2008 431 2103 487 AD
2138 429 2342 486 HEBR.

3307 437 3416 494 258

175 555 230 607 in
250 552 344 606 isto
376 565 605 604 rursum.
643 547 702 604 In
728 548 832 605 isto
857 549 1062 619 psalmo
1095 554 1216 618 post
1238 546 1431 618 legem.
1471 545 1534 602 Si
1554 543 1742 598 introi-
1766 542 1820 604 Α
1845 549 1900 593 ut
1931 541 2117 610 o/ferat
2159 541 2299 594 dona
2341 548 2388 594 et
2415 541 2679 611 sacriﬁcia
2718 559 2811 614 pro
2859 545 3102 613 peccatis.
3154 546 3308 613 Quod
3347 548 3415 604 de

174 643 295 698 bunt
313 643 369 695 in
403 641 630 711 requiem
657 656 844 694 meam.
879 640 976 694 llic
1003 640 1048 694 si
1075 655 1173 710 pro
1205 637 1561 693 afﬁrmatione
1585 635 1733 706 posi-

172 739 286 786 tum
313 737 413 795 est,
464 730 618 798 quasi
660 729 900 785 diceret:
933 729 991 784 Si
1033 729 1360 794 introibant,
1389 729 1528 782 bene
1567 726 1734 781 habe-

172 821 316 876 bunt.
344 819 410 874 In
437 819 661 884 requiem
688 835 874 874 meum.
901 819 952 874 Id
978 827 1081 883 est,
1107 819 1162 873 in
1194 827 1391 874 terram
1424 817 1732 871 viventium.

171 910 269 966 Hic
306 917 485 964 autem
535 910 703 964 virtus
754 911 1076 980 prophetiae
1121 911 1403 967 sententiae
1443 910 1737 965 secundum

169 998 477 1071 Apostolum
511 1007 614 1063 est,
646 1008 706 1054 ut
727 1001 974 1055 Ostendat
995 1001 1239 1078 requiem
1284 1010 1559 1056 aeternam.
1593 1001 1739 1067 Quo-

170 1090 310 1146 niam
337 1105 460 1159 ergo
489 1099 720 1158 superest
771 1091 986 1144 introire
1016 1089 1268 1161 quosdam
1308 1092 1361 1144 in
1390 1090 1558 1144 illam.
1601 1091 1734 1146 Cre-

167 1180 350 1236 dentes
369 1191 590 1251 propter
612 1197 704 1236 eos
724 1181 814 1252 qui
838 1191 1091 1237 venerant
1111 1198 1177 1237 ex
1193 1181 1446 1252 Egypto.
1483 1182 1732 1236 Introire.

168 1273 302 1328 Dum
354 1273 430 1327 illi
479 1272 818 1328 introierunt.
871 1272 939 1326 In
991 1273 1157 1327 illam.
1217 1273 1478 1342 Hequiem
1527 1273 1737 1328 scilicet

164 1363 334 1418 beatae
378 1362 520 1418 vitae.
573 1362 772 1417 Iterum
815 1362 980 1417 alium
1027 1364 1184 1418 diem.
1225 1365 1280 1418 Id
1327 1373 1447 1428 est,
1495 1366 1734 1433 requiem

163 1461 440 1519 :eternam,
465 1468 572 1508 non
599 1453 744 1508 illam
770 1461 929 1508 terra:
962 1455 1414 1524 repromissionis.
1447 1453 1731 1510 Terminat.

163 1543 306 1598 Deus
335 1546 669 1614 prophetam.
700 1543 827 1599 Post
855 1555 1056 1600 tantum
1086 1547 1346 1616 temporis.
1380 1545 1510 1601 Post
1538 1554 1615 1600 tot
1641 1561 1736 1600 an-

164 1650 265 1691 nos
291 1636 612 1707 egressionis
643 1636 876 1691 liliorum
921 1637 1087 1691 Israel
1134 1637 1200 1691 de
1238 1636 1491 1708 Egypto.
1525 1637 1603 1691 Ex
1629 1651 1736 1706 quo

162 1726 503 1782 manifestum
533 1735 644 1793 est,
695 1729 837 1798 quod
887 1744 992 1784 non
1029 1729 1094 1784 de
1133 1732 1321 1800 requie
1352 1739 1510 1785 terrae
1545 1744 1734 1800 repro-

161 1815 431 1873 missionis
457 1818 673 1874 dixerit.
706 1819 892 1889 Itaque
922 1819 1237 1890 relinquitur
1263 1821 1632 1876 sabbatismus.
1675 1821 1733 1876 Id

1839 631 2091 686 omnibus
2132 630 2494 688 oblationibus
2541 634 2757 689 dicitur.
2801 635 2972 693 Aliter
3013 638 3183 702 dona,
3229 638 3283 693 id
3309 646 3413 705 est,

1838 736 2028 776 aurum
2070 731 2125 777 et
2175 733 2480 791 argentum,
2514 735 2567 781 et
2610 736 2805 784 caetera
2832 730 3074 784 donaria.
3106 730 3410 800 Sacriﬁcia.

1837 811 1966 878 Quae
2010 811 2077 865 ad
2122 812 2301 866 cibum
2354 822 2559 869 tantuzn
2605 819 2876 886 pertinent
2921 819 2986 874 de
3032 833 3209 887 pane,
3253 819 3409 874 verbi

1837 906 2035 976 gratia,
2089 916 2145 960 et
2194 909 2340 961 vino.
2405 909 2508 975 Qui
2556 913 2815 982 ignorant.
2864 914 3052 969 Deum.
3105 915 3173 968 Et
3205 924 3407 970 errant.

1835 996 1882 1049 A
1908 997 2178 1051 mandatis
2213 997 2367 1068 legis.
2402 999 2664 1064 Quoniam
2690 1013 2737 1057 et
2775 1005 2902 1074 ipse.
2953 1004 3241 1062 Sacerdos.
3291 1005 3412 1060 Cir-

1836 1087 2110 1143 cumdatus
2146 1099 2242 1144 est.
2276 1089 2400 1146 Ideo
2425 1103 2638 1163 oportet
2681 1111 2805 1151 eum
2831 1098 3137 1165 condolere,
3177 1098 3412 1154 inﬁrmi-

1838 1187 1948 1234 tate
1992 1179 2197 1235 scilicet
2242 1183 2440 1237 carnis.
2516 1181 2814 1240 Secundum
2853 1188 3089 1242 ordinem
3131 1187 3410 1244 Melchise-

1835 1270 1982 1324 dech.
2039 1270 2176 1337 Quia
2226 1272 2614 1330 Melchisedech
2658 1279 2842 1333 viuum
2882 1287 2939 1335 et
2983 1295 3179 1350 panem
3209 1280 3408 1336 obtulit

1832 1359 2128 1427 Abraham,
2176 1362 2230 1417 in
2253 1363 2477 1434 ﬁguram
2503 1364 2707 1422 Christi
2749 1385 2945 1440 corpus
2995 1380 3050 1427 et
3091 1373 3412 1442 sanguinem

1834 1465 1989 1504 suum
2022 1451 2132 1506 Deo
2164 1453 2312 1509 Patri
2362 1456 2418 1510 in
2455 1472 2617 1512 cruce
2645 1458 2942 1517 oll‘erentis.
2984 1461 3091 1528 Qui
3137 1464 3191 1518 in
3229 1464 3410 1519 diebus

1834 1545 2026 1598 carnis.
2089 1544 2294 1612 Quibus
2344 1547 2400 1602 in
2441 1563 2605 1605 carne
2643 1564 2991 1608 conversatus
3037 1564 3139 1610 est.
3198 1555 3412 1611 Preces.

1840 1635 2046 1690 Verbis.
2078 1635 2517 1707 Supplicationes.
2549 1639 2702 1696 Genu
2721 1642 2882 1698 ﬂexo.
2899 1644 3165 1702 Liberare.
3201 1647 3308 1703 Per
3334 1662 3420 1704 re-

1833 1727 2244 1782 surrectionem.
2271 1726 2402 1782 Cum
2421 1729 2649 1786 clamore
2671 1732 2864 1787 valido.
2893 1735 3125 1791 Dicens:
3154 1735 3338 1803 Pater,
3365 1736 3413 1793 si

1833 1817 1949 1888 ﬁeri
1972 1828 2156 1889 potest,
2180 1821 2410 1890 transfer
2432 1839 2465 1876 a
2495 1839 2576 1877 me
2602 1824 2815 1880 calicem
2836 1827 2993 1880 istum
3023 1846 3036 1881 :
3061 1838 3416 1884 verumtamen

158 1918 263 1975 est,
291 1918 492 1967 :eterna
519 1912 756 1982 requies,
784 1927 946 1981 quam
967 1911 1251 1966 Iudaicum
1272 1914 1553 1968 sabbatum
1575 1914 1733 1984 signi-

1838 1923 1943 1962 non
1962 1925 2076 1962 mea
2099 1909 2357 1976 voluntas,
2389 1913 2479 1968 sed
2505 1923 2596 1968 tua
2618 1915 2714 1984 ﬁat
2747 1917 2942 1988 (Marc.
2976 1918 3109 1987 nv).
3144 1919 3213 1974 Et
3236 1920 3415 1992 lacry-

158 2002 361 2057 licavit.
397 2001 602 2074 Populo
629 2003 746 2056 Dei.
797 2003 856 2056 Id
884 2010 984 2066 est,
1017 2003 1269 2057 omnibus
1298 2012 1445 2058 recte
1465 2005 1738 2060 credenti-

154 2092 276 2146 bus.
337 2092 440 2159 Qui
488 2093 627 2147 enim
673 2093 935 2162 ingressus
972 2101 1048 2146 est
1095 2093 1150 2145 in
1181 2093 1410 2162 requiem
1459 2094 1594 2163 ejus.
1637 2093 1742 2149 Per

153 2191 388 2238 mortem
419 2182 790 2252 temporalem.
841 2181 1020 2234 Etiam
1046 2182 1154 2249 ipse
1189 2181 1438 2252 requievit
1466 2183 1530 2235 ab
1575 2183 1742 2253 operi-

149 2273 252 2328 bus
277 2272 410 2327 suis.
447 2272 506 2326 Id
531 2279 617 2327 est
637 2310 652 2335 ,
683 2272 750 2326 ab
777 2271 936 2339 hujus
963 2271 1145 2325 mundi
1173 2271 1468 2327 laboribus.
1501 2270 1742 2328 Festine-

148 2377 275 2415 ntus
303 2378 425 2431 ergo
473 2361 674 2430 ingredi
712 2362 767 2415 in
796 2360 943 2414 illam
985 2361 1234 2431 requiem.
1283 2360 1418 2415 Cum
1456 2361 1738 2418 alacritate

148 2436 358 2506 mentis
381 2466 478 2520 per
503 2450 663 2504 ﬁdem
689 2465 810 2506 cum
836 2451 1090 2520 operibus
1121 2466 1424 2508 curramus.
1475 2450 1634 2507 Vivus
1662 2463 1739 2508 est

149 2543 294 2597 enim
321 2557 490 2596 sermo
513 2540 634 2596 Dei.
685 2540 787 2596 Hic
807 2541 1113 2596 ostenditur
1140 2544 1388 2598 eumdem
1415 2559 1514 2598 nos
1539 2544 1738 2600 habere
1763 2557 1766 2560 '

149 2632 410 2705 iudicem,
463 2631 556 2700 qui
596 2630 716 2686 illos
767 2640 989 2701 propter
1035 2631 1248 2686 illorum
1305 2633 1737 2690 incredulitatem

150 2721 453 2777 damnavit.
485 2719 676 2776 Sermo
703 2720 846 2775 enim
870 2720 968 2774 Dei
993 2720 1160 2776 Filius
1183 2721 1279 2775 Dei
1298 2729 1402 2788 est,
1432 2723 1545 2778 sive
1566 2723 1738 2778 Evan-

149 2813 376 2884 gelium.
409 2813 478 2867 Et
505 2815 702 2883 efficax.
732 2813 789 2868 Id
817 2821 920 2880 est,
955 2821 1148 2883 potens
1175 2814 1242 2868 ad
1265 2813 1599 2870 inferendam
1623 2817 1737 2871 vin-

149 2905 359 2960 dictam
387 2904 472 2958 vel
500 2904 910 2960 beatitudinem.
947 2904 1018 2958 Et
1047 2906 1422 2976 penetrabilior
1457 2908 1600 2962 omni
1623 2907 1737 2976 gla-

148 2994 243 3048 dio
289 2995 521 3064 ancipiti.
567 2995 625 3049 Id
653 3002 756 3059 est,
811 2995 880 3048 ad
906 2994 1202 3049 vindictam
1236 3010 1399 3065 super
1448 3011 1643 3065 corpus
1681 3002 1738 3050 et

148 3085 412 3140 animam.
463 3084 620 3139 Omni
673 3084 870 3155 gladio.
921 3083 1188 3150 Quoniam
1239 3093 1452 3139 tantum
1505 3100 1734 3154 corpora

149 3175 333 3246 gladio
358 3184 632 3230 secantur.
681 3175 929 3245 Ancipiti.
965 3174 1022 3228 Id
1053 3183 1154 3240 est,
1186 3175 1411 3244 bicipiti.
1461 3173 1632 3246 Usque
1662 3177 1731 3231 ad

148 3267 460 3320 divisionem
483 3268 674 3320 animo:
717 3281 778 3319 ac
806 3266 1038 3336 spiritus.
1088 3265 1146 3320 Id
1175 3272 1294 3332 est,
1327 3265 1622 3320 carnalium
1667 3281 1732 3321 ac

149 3357 517 3429 spiritualium
537 3357 954 3428 cogitationum;
983 3358 1085 3412 scit
1119 3359 1264 3412 enim
1289 3365 1344 3412 et
1367 3358 1563 3427 probat
1601 3357 1731 3426 quid

149 3449 385 3504 interest
419 3450 560 3504 inter
583 3449 816 3504 animam
846 3463 910 3503 ac
949 3449 1196 3518 spiritum
1226 3466 1239 3502 :
1275 3464 1384 3503 non
1413 3448 1556 3518 quod
1585 3445 1732 3502 aliud

144 3547 240 3595 est
267 3540 465 3604 anima,
495 3539 639 3594 aliud
677 3539 897 3608 spiritus
924 3579 938 3603 ,
987 3546 1249 3608 quantum
1278 3537 1345 3591 ad
1373 3536 1730 3590 substantiam

141 3628 417 3700 pertinet.
449 3625 763 3697 Compagum
790 3643 992 3698 quoque
1023 3643 1085 3679 ac
1122 3623 1494 3695 medullarum.
1527 3623 1631 3677 Per
1656 3623 1733 3677 si-

140 3720 520 3778 militudinem
563 3720 797 3789 corporis
821 3721 887 3774 de
917 3719 1098 3772 anima
1117 3717 1377 3786 loquitur.
1419 3715 1489 3769 Et
1511 3724 1585 3770 est
1615 3714 1728 3768 dis-

141 3821 348 3867 cretor.
400 3811 543 3866 Idem
574 3825 751 3866 sermo
777 3810 951 3865 vivus.
985 3807 1389 3878 Cogitationum.
1430 3805 1488 3860 In
1526 3806 1727 3860 anima.

142 3905 222 3960 Et
271 3905 638 3958 intentionum.
681 3902 740 3957 In
787 3901 1000 3973 spiritu.
1049 3898 1243 3953 Omnia
1291 3906 1463 3951 autem
1495 3897 1636 3951 nuda
1681 3904 1731 3952 et

143 4005 338 4066 aperta
365 4003 503 4050 sunt.
552 3993 771 4049 Duobus
795 3991 972 4048 modis
1013 4005 1102 4045 res
1147 3987 1442 4058 corporalis
1484 3987 1724 4044 celatur:

141 4088 330 4142 latens
358 4087 457 4141 sub
483 4092 646 4150 tecto,
679 4084 800 4138 ideo
830 4083 962 4138 dicit
995 4081 1140 4136 nuda
1170 4096 1186 4145 ;
1238 4086 1334 4134 aut
1360 4078 1727 4144 conclusione,

141 4181 274 4235 ideo
322 4180 399 4233 ait
428 4184 634 4249 aperta.
687 4175 867 4232 Oculis
915 4175 1049 4245 ejus.
1094 4173 1151 4227 Id
1179 4181 1280 4236 est,
1311 4169 1732 4240 inspectionibus

143 4270 371 4326 divinis.
408 4269 488 4324 Ad
514 4283 667 4338 quem
715 4266 861 4321 nobis
891 4279 1060 4319 sermo
1086 4271 1182 4317 est.
1217 4261 1293 4316 De
1322 4277 1450 4330 quo,
1481 4261 1584 4315 hoc
1625 4267 1727 4326 est,

143 4361 395 4426 Christo,
423 4361 680 4430 quoniam
715 4359 976 4415 reddituri
1005 4371 1190 4413 sumus
1214 4369 1397 4410 coram
1428 4355 1542 4422 ipso
1570 4353 1732 4407 ratio-

142 4468 278 4508 nem
305 4451 373 4507 de
396 4452 646 4508 omnibus
673 4465 792 4521 quae
824 4449 1109 4520 gessimus.
1142 4446 1327 4516 Itaque
1359 4445 1426 4500 ad
1447 4459 1608 4516 quem
1634 4457 1731 4498 no—

139 4545 236 4602 bis
262 4559 441 4600 sermo
468 4553 574 4610 est,
610 4559 675 4600 ac
716 4544 765 4598 si
809 4543 1053 4598 diceret:
1102 4538 1203 4596 Ilio
1244 4539 1386 4595 Deus
1412 4546 1497 4594 est
1521 4539 1588 4594 de
1625 4552 1731 4608 quo

139 4635 446 4705 loquimur.
489 4634 592 4700 Qui
635 4632 917 4704 penetravit
961 4629 1135 4686 caelos.
1194 4629 1366 4684 Morte
1409 4629 1726 4697 sacerdotis,

137 4727 298 4784 ultra
347 4723 521 4778 velum
557 4725 612 4778 in
659 4732 846 4778 sancta
875 4728 1186 4776 sanctorum
1228 4719 1502 4774 intrantis.
1543 4718 1730 4774 Tenta-

135 4825 263 4870 tum
291 4822 465 4866 autem
487 4829 576 4882 per
601 4813 796 4866 omnia.
836 4811 1157 4875 Esuriendo,
1201 4809 1452 4875 sitiendo,
1491 4817 1598 4865 etc.
1645 4811 1728 4864 Ad

137 4904 401 4959 thronum
430 4903 634 4971 gratiae.
674 4900 772 4956 Ubi
801 4899 916 4969 ipse
945 4914 1089 4952 nunc
1117 4897 1286 4962 sedet,
1321 4913 1389 4952 ne
1413 4898 1730 4953 damnemur

137 4999 278 5053 dum
305 4995 517 5050 sedebit
557 4995 610 5048 in
637 4995 831 5047 throno
858 4992 1127 5060 aequitatis
1163 5005 1292 5046 suae.
1337 4987 1402 5045 Ut
1433 4991 1727 5044 misericor-

134 5087 297 5141 diam
323 5102 721 5158 consequamur.
752 5085 810 5141 Id
827 5092 931 5150 est,
946 5092 1290 5154 peccatorum
1316 5083 1724 5153 indulgentiam.

136 5179 216 5235 Et
229 5180 464 5250 gratiam
478 5179 821 5234 inveniamus.
838 5177 975 5232 Vita:
994 5183 1228 5230 ueterum.
1252 5174 1319 5229 In
1334 5175 1534 5229 auxilio
1548 5191 1731 5245 oppor-

131 5285 297 5330 tuno.
333 5271 460 5326 Sive
486 5272 543 5326 iu
568 5271 821 5341 praesenti
850 5277 1114 5339 tempore,
1160 5274 1222 5322 ut
1243 5266 1533 5336 Apostolus
1559 5267 1724 5322 dicit:

129 5362 286 5417 Ecce
315 5377 457 5415 nunc
485 5369 683 5431 tempus
712 5359 1056 5430 acceptabile,
1095 5373 1212 5413 ecce
1238 5373 1376 5412 nunc
1403 5357 1512 5411 dies
1545 5356 1730 5412 salutis

129 5453 233 5526 (II
259 5453 389 5510 Cor.
422 5452 518 5521 γι).
551 5454 660 5509 Aut
687 5455 741 5509 in
773 5454 1012 5524 periculo
1041 5453 1126 5510 die
1143 5451 1335 5523 judicii
1367 5469 1378 5505 :
1430 5459 1492 5505 ut
1520 5450 1733 5518 adiutor

129 5551 193 5604 in
227 5547 751 5620 opportunitatibus,
787 5547 840 5601 in
871 5545 1236 5603 tribulatione.

212 5728 414 5786 Omnis
449 5747 672 5801 namque
701 5658 1372 5800 ροιὲᾖξεῐῖἷωγάοηιίηἱὺυε
1413 5735 1732 5796 assumptus,

125 5842 240 5903 pro
279 5827 582 5882 hominibus
611 5825 945 5885 constituitur
971 5825 1022 5880 in
1048 5825 1128 5881 his
1156 5841 1272 5902 quw
1295 5832 1416 5880 sunt
1443 5823 1511 5879 ad
1539 5821 1729 5889 Deum,

1753 4587 1809 4648 D

1841 2000 1958 2050 mis.
2008 1998 2113 2052 Pro
2143 2008 2330 2054 nostra
2361 2003 2558 2068 salute,
2591 2020 2697 2059 non
2724 2007 2916 2062 timore
2943 2010 3134 2063 mortis
3159 2009 3410 2080 profusis.

1841 2085 1910 2139 Et
1943 2087 2222 2142 exauditus
2246 2099 2341 2143 est.
2387 2090 2434 2144 A
2457 2091 2567 2146 Deo
2608 2093 2796 2157 Patre,
2829 2097 3018 2167 angelo
3047 2114 3169 2152 eum
3214 2099 3415 2154 conﬁr-

1840 2185 2040 2231 mante.
2086 2174 2194 2231 Pro
2225 2195 2319 2232 suo
2367 2182 2669 2235 reverentia.
2705 2184 2852 2239 Illius
2879 2186 3020 2255 apud
3046 2187 3282 2254 Patrem,
3331 2188 3418 2244 vel

1837 2280 1937 2334 pro
1983 2269 2283 2323 reverentia
2329 2269 2508 2325 Patris
2546 2274 2688 2341 apud
2733 2273 2901 2338 illum,
2960 2276 3230 2332 dicendo:
3273 2276 3416 2333 Deus

1840 2371 2008 2422 meus,
2031 2357 2172 2411 Deus
2193 2376 2358 2425 meus,
2388 2378 2550 2430 quare
2575 2378 2656 2416 me
2683 2362 3008 2436 dereliquisti
3028 2366 3054 2420 ν
3111 2366 3208 2422 Est
3235 2377 3418 2423 autem

1838 2449 2138 2503 reverentia
2185 2450 2378 2506 mistus
2403 2451 2676 2509 dilectioni
2710 2451 2914 2524 pavor.
2947 2456 3145 2512 Didicit
3172 2459 3417 2515 obedien-

1839 2537 1986 2591 tiam.
2052 2536 2319 2607 Expertus
2357 2547 2439 2596 est
2487 2542 2869 2608 obedientiam,
2911 2551 3014 2598 ut:
3070 2543 3272 2600 Factus
3302 2547 3417 2601 obe-

1838 2625 1986 2680 diens
2035 2626 2189 2682 Patri
2217 2645 2379 2700 usque
2407 2631 2475 2683 ad
2504 2639 2741 2685 mortem.
2802 2632 2871 2686 Et
2906 2647 3315 2692 consummatus.
3355 2635 3415 2692 In

1837 2718 2119 2788 passione,
2173 2727 2282 2776 ut:
2341 2721 2604 2777 Inclinato
2656 2725 2825 2796 capite
2875 2725 3096 2780 tradidit
3151 2728 3415 2798 spiritum.

1838 2804 2015 2862 Causa
2058 2807 2246 2864 salutis
2283 2820 2522 2866 αξιοι-πω(
2555 2811 2692 2878 Quia
2743 2829 2851 2869 non
2881 2822 3082 2870 aeterna
3129 2816 3274 2872 salus
3319 2833 3417 2887 per

1839 2897 1974 2976 alios
2004 2901 2318 2956 sacerdotes
2342 2901 2772 2957 ministrabatur.
2821 2904 2989 2958 Juxta
3019 2905 3256 2960 ordinem
3283 2907 3415 2962 Mel.

1837 2989 2126 3044 chisedech.
2164 2990 2430 3047 Eusebius
2461 2993 2591 3048 dicit
2620 2993 2675 3048 in
2701 2993 2839 3049 libro
2876 2995 3284 3052 Historiarum:
3316 2999 3415 3056 llic

1837 3077 2224 3134 Melchisedech
2250 3081 2305 3135 in
2335 3081 2532 3138 divinis
2559 3083 2919 3141 voluminibus
2960 3088 3214 3142 sacerdos
3241 3087 3410 3146 fuisse

1835 3167 1932 3224 Dei
1958 3170 2152 3224 summi
2175 3169 2426 3226 refertur.
2455 3171 2560 3226 Sed
2582 3175 2674 3244 qui
2702 3190 2808 3230 non
2835 3175 2954 3230 oleo
2983 3177 3254 3231 communi
3288 3193 3413 3248 per-

1833 3266 2027 3314 unctus
2074 3259 2162 3325 sit,
2195 3273 2370 3330 neque
2410 3261 2501 3330 qui
2529 3276 2598 3317 ex
2622 3263 2964 3318 successione
2991 3265 3205 3335 generis
3229 3280 3413 3321 susce-

1831 3349 1974 3418 perit
2022 3349 2414 3416 sacerdotium,
2467 3351 2608 3406 sicut
2643 3354 2782 3423 apud
2835 3353 3092 3410 Hebrzcos
3136 3353 3255 3410 ﬁeri
3296 3371 3415 3414 mos

1831 3447 1952 3495 erat
1978 3459 1991 3495 :
2039 3450 2096 3496 et
2122 3442 2245 3500 ideo
2271 3444 2567 3499 secundum
2593 3445 2838 3501 ordinem
2864 3446 3033 3516 ipsius
3053 3447 3304 3504 sacerdos
3332 3448 3414 3505 fu-

1831 3540 1988 3588 turus
2014 3535 2211 3590 dicitur
2234 3536 2502 3601 Christus,
2530 3539 2621 3607 qui
2644 3554 2750 3594 non
2772 3539 2877 3594 olei
2917 3540 3158 3608 liquore,
3175 3541 3271 3594 sed
3297 3541 3410 3594 vir-

1833 3631 1944 3678 tute
1957 3623 2194 3680 cmlestis
2209 3625 2431 3695 spiritus
2447 3635 2812 3683 consecretur.
2840 3627 2910 3680 Et
2931 3629 2986 3681 in
3005 3625 3409 3696 interpretabilis

1831 3713 1901 3766 ad
1951 3713 2268 3768 dicendum:
2314 3719 2562 3786 quoniam
2601 3716 2878 3771 imbecilles
2921 3718 3051 3787 facti
3100 3719 3245 3772 estis.
3292 3718 3413 3774 Non

1831 3802 1976 3873 quod
2000 3803 2501 3875 valeretApostolus
2525 3821 2624 3876 per
2648 3805 2898 3876 spiritum
2919 3808 3412 3878 interpretari,{sed

1832 3893 1974 3962 quod
2005 3893 2299 3952 imbecilles
2341 3904 2497 3951 erant
2536 3897 2809 3954 auditores
2836 3900 2905 3953 ad
2935 3899 3261 3957 audiendum
3295 3916 3411 3958 ser-

1831 4000 2066 4042 nionem.

1904 4079 2034 4145 Qua:
2069 4082 2175 4136 sint
2203 4081 2475 4137 elementa.
2517 4083 2692 4139 Rudia
2735 4085 3057 4142 documenta
3082 4087 3226 4142 ﬁdei.
3272 4085 3410 4143 Pro-

1829 4183 1941 4244 pter
1978 4184 2198 4245 tempus.
2242 4175 2379 4242 Quia
2404 4175 2622 4245 Iongum
2650 4185 2861 4249 tempus
2883 4187 2968 4234 est
2996 4194 3064 4234 ex
3090 4195 3197 4249 quo
3225 4179 3406 4235 didici-

1831 4265 1932 4319 stis
1960 4264 2140 4319 Iidem.

1900 4353 2104 4424 Expers
2149 4364 2226 4411 est
2277 4357 2526 4415 sermonis
2573 4360 2822 4430 justitite.
2881 4360 2940 4416 Id
2987 4367 3072 4418 est
3096 4399 3112 4430 ,
3158 4360 3411 4430 perfectae

1831 4442 2095 4500 scientiae.

2431 4556 2658 4616 CAPUT
2693 4558 2782 4614 VI.

1904 4690 2233 4762 Quapropter
2261 4691 2653 4750 intermittentes
2681 4695 3030 4752 inchoationis
3065 4695 3262 4755 Christi
3299 4716 3410 4756 ser-

1829 4802 2053 4840 manem.
2095 4785 2245 4840 Fidei
2285 4786 2522 4854 initium,
2554 4797 2646 4842 aut
2689 4789 2757 4844 de
2795 4789 3166 4848 incarnatione
3206 4802 3260 4848 et
3287 4809 3410 4863 pas—

1827 4877 1980 4932 sione
2019 4877 2136 4946 ejus
2163 4877 2329 4947 loqui.
2374 4878 2455 4930 Ad
2479 4878 2843 4948 perfectionem
2875 4880 3126 4950 feramur.
3173 4881 3254 4936 Ad
3281 4896 3406 4950 per-

1827 4967 2024 5024 fectam
2051 4968 2211 5023 [idem
2253 4983 2376 5023 cum
2406 4968 2562 5024 bonis
2591 4970 2846 5040 operibus
2885 4970 3162 5037 feramur,
3204 4980 3299 5027 aut
3341 4973 3410 5027 de

1833 5060 1950 5130 ejus
1988 5059 2266 5113 nativitate
2303 5059 2548 5129 quaedam
2577 5059 2891 5131 loquamur,
2939 5062 3054 5116 sive
3101 5062 3166 5116 de
3209 5075 3408 5117 arcano

1832 5153 2090 5226 mysterio
2119 5152 2502 5207 incarnationis
2526 5152 2815 5208 Dominica:
2839 5154 3188 5209 disseramus.

1907 5245 2032 5299 Non
2057 5261 2266 5298 rursum
2287 5245 2546 5314 jacientes
2571 5244 2970 5314 fundamentum
2995 5243 3308 5313 panitentia:
3337 5243 3403 5300 ab

1836 5335 2071 5407 operibus
2101 5334 2339 5389 mortuis.
2378 5333 2437 5390 Id
2466 5344 2568 5401 est,
2594 5343 2719 5405 post
2745 5341 3021 5403 acceptam
3049 5332 3216 5388 semel
3242 5333 3404 5390 ﬁdem

1835 5435 1892 5480 et
1910 5426 2305 5498 paenitentiam,
2337 5441 2442 5481 non
2463 5427 2660 5481 iterum
2685 5428 2751 5481 de
2769 5422 3109 5495 poenitentia,
3135 5432 3191 5478 et
3207 5423 3274 5479 de
3298 5423 3404 5478 Iide

1837 5518 2136 5584 Trinitatis,
2165 5526 2219 5572 et
2243 5519 2530 5588 baptismo,
2577 5528 2632 5573 et
2659 5516 3000 5588 impositione
3027 5531 3304 5581 manuum,
3348 5523 3404 5570 et

1837 5611 2250 5674 resurrectione,
2283 5619 2338 5665 et
2375 5610 2579 5678 judicio
2605 5625 2701 5665 vos
2724 5609 3076 5664 instruamus.
3125 5607 3260 5662 Nam
3287 5607 3403 5662 haec

1835 5704 2016 5759 omnia
2058 5703 2210 5772 quasi
2240 5702 2320 5756 Iac
2347 5710 2490 5766 sunt,
2518 5710 2571 5756 et
2611 5701 2676 5755 ad
2708 5699 2920 5755 initium
2950 5699 3073 5756 Iidei
3109 5700 3398 5770 pertinent.

1837 5796 1913 5851 Ab
1959 5795 2196 5866 operibus
2234 5795 2474 5850 mortuis.
2525 5793 2654 5860 Quae
2686 5793 3002 5851 interimunt
3037 5795 3291 5851 animam.
3329 5789 3400 5857 Et
