4046 6332
585 391 692 450 265

1964 377 2230 436 SEDULII
2267 375 2459 433 SCOTI

3731 371 3854 426 εει

587 520 776 564 eorum
820 518 940 573 qua:
968 499 1164 556 Sancta
1194 505 1503 554 sanctorum
1537 495 1806 551 dicuntur.
1836 490 1902 545 Et
1925 491 2160 544 taberna-
2185 493 2238 552 Α
2263 488 2405 542 ﬁcat.
2446 485 2682 540 Aureum
2708 497 2838 539 vero
2868 483 3219 550 thuribulum,
3244 499 3444 554 corpus
3479 483 3685 540 Christi
3715 501 3854 540 cum

587 599 784 656 culum.
830 595 1065 665 Spiritus
1119 593 1420 646 animarum
1483 597 1813 649 sanctarum,
1865 583 2157 652 templique

588 687 938 745 multiformis
965 683 1242 747 Ecclesiae,
1301 682 1353 735 in
1399 695 1505 750 quo
1551 679 1692 732 Deus
1737 677 2020 731 inhabitat.
2072 673 2155 728 Ad

586 779 853 850 oﬁ'erenda
903 789 1140 829 munera.
1179 773 1383 826 Aurum
1423 779 1477 824 et
1505 777 1808 840 argentum.
1843 765 1908 818 Et
1930 764 2152 819 hostias.

586 873 665 929 De
715 868 1077 927 oblationibus
1113 866 1267 920 vivis.
1322 862 1432 917 Nec
1479 878 1588 915 esse
1626 860 1889 914 sacerdos.
1943 857 1999 911 Id
2049 864 2154 923 est,

588 962 701 1032 ipse
741 960 999 1013 Dominus
1027 955 1293 1018 Salvator,
1347 952 1439 1021 qni
1465 952 1542 1006 sic
1596 965 1702 1004 non
1747 956 1889 1002 esset
1909 961 2158 1001 necessa-

589 1052 724 1116 rius,
758 1054 803 1104 si
827 1064 922 1119 per
957 1047 1089 1101 alios
1111 1044 1427 1113 justiﬁeatio
1471 1040 1586 1095 ﬁeri
1610 1046 1808 1108 posset.
1844 1036 1947 1101 Qui
1983 1052 2159 1090 exem-

588 1139 726 1211 plari
772 1147 820 1193 ct
878 1136 1074 1190 umbrw
1106 1129 1665 1197 serviuntcwlestium.
1698 1125 2042 1195 Exemplaria
2077 1124 2159 1178 di-

588 1238 806 1293 cuntur,
863 1225 989 1297 quia
1009 1222 1308 1280 cmlestium
1337 1219 1583 1290 exempla
1604 1217 1981 1272 ostendebant.
2028 1214 2158 1270 Um-

589 1322 702 1376 brze
744 1326 923 1373 autem
961 1319 1017 1372 in
1047 1313 1449 1384 comparatione
1503 1307 1932 1379 supervenientis
1959 1307 2158 1362 verita-

587 1413 676 1467 tis.
730 1408 1043 1464 Caelestium.
1096 1401 1465 1475 Spiritualium
1513 1399 1800 1463 donorum,
1833 1411 1953 1466 qua:
2001 1395 2159 1449 nobis

587 1519 686 1575 per
711 1501 913 1557 Christi
951 1496 1312 1554 sacerdotium
1336 1494 1624 1548 donantur.
1676 1489 1785 1544 Aut
1829 1487 2157 1552 caelestium,

588 1595 644 1650 id
680 1603 782 1658 est,
837 1605 1083 1662 operum,
1135 1587 1260 1658 quia
1285 1599 1351 1640 ex
1383 1585 1466 1638 his
1493 1581 1736 1637 caelestia
1756 1585 2156 1649 promerentur.

591 1681 1028 1740 Tabernaculum.
1073 1678 1360 1749 Exemplar
1406 1674 1677 1731 Ecclesiae.
1731 1671 1920 1726 Facies
1960 1670 2156 1724 omnia.

589 1776 722 1830 Tam
753 1775 818 1829 de
866 1769 1202 1828 tabernaculi
1257 1765 1663 1827 constitutione,
1725 1776 1888 1831 quam
1935 1760 2002 1815 de
2030 1759 2160 1813 hos-

589 1867 682 1921 tiis
721 1863 1002 1920 sacriﬁciis
1045 1876 1164 1930 qua:
1201 1859 1258 1914 in
1282 1873 1350 1913 eo
1387 1855 1810 1911 immolarentur.
1855 1851 2159 1908 Secundum
2185 1839 2234 1898 B

589 1954 872 2026 exemplar.
907 1953 1043 2021 Quia
1082 1952 1233 2021 prius
1265 1948 1494 2004 formam
1523 1947 1640 2016 ejus
1667 1946 1723 2000 in
1743 1951 1925 1999 mente
1943 1958 2162 2013 perspe-

591 2050 671 2103 xit
701 2047 758 2101 in
791 2052 994 2106 monte,
1034 2049 1322 2110 antequam
1349 2038 1526 2106 ipsum
1560 2033 1966 2090 tabernaculum
2011 2033 2158 2087 face-

591 2147 694 2193 ret.
746 2135 901 2190 Nunc
941 2143 1114 2186 autem
1162 2129 1346 2184 melius
1391 2135 1465 2182 est
1537 2127 1751 2182 sortitus
1791 2125 2156 2179 ministerium.

591 2229 669 2284 Ac
710 2229 755 2284 si
790 2228 991 2283 diceret
1020 2242 1034 2277 :
1064 2224 1322 2279 Dominus
1347 2220 1505 2277 Jesus
1529 2219 1780 2275 Christus
1805 2218 1996 2273 melius
2010 2216 2165 2272 sorti-

591 2329 678 2376 tus
706 2326 791 2374 est
834 2314 1192 2371 ministerium
1219 2312 1354 2367 Novi
1394 2310 1750 2374 'l‘estamenti,
1800 2310 1892 2363 ubi
1929 2316 2156 2377 peccata

592 2419 778 2467 nostra
807 2409 1176 2471 remittuntur,
1201 2413 1256 2460 et
1287 2404 1398 2458 vita
1421 2411 1623 2459 aeterna
1650 2401 2005 2472 promittitur,
2054 2415 2162 2455 non

599 2507 813 2554 tantum
831 2497 972 2552 bona
998 2502 1177 2548 terrm.
1203 2491 1346 2547 Nam
1382 2493 1428 2545 si
1467 2491 1599 2545 illud
1623 2491 1770 2560 prius
1801 2489 1953 2560 culpa
1979 2506 2164 2543 vacas-

597 2599 694 2645 set.
739 2588 818 2642 Ac
847 2587 891 2641 si
921 2585 1161 2640 diceret:
1197 2581 1256 2638 Si
1282 2581 1415 2652 legis
1439 2582 1634 2651 prioris
1669 2583 2048 2636 observatores
2083 2579 2164 2634 in-

595 2676 889 2747 culpabiles
935 2681 1134 2739 essent,
1178 2687 1278 2728 nec
1304 2671 1542 2727 secunda
1569 2671 1656 2726 lex
1687 2671 1900 2726 demum
1929 2671 2166 2739 inquire-

595 2780 765 2828 retur.
829 2767 1136 2838 Vituperans
1173 2766 1312 2820 enim
1362 2781 1448 2818 eos
1499 2764 1644 2817 dicit.
1697 2763 1839 2818 Deus
1879 2779 1977 2833 per
2015 2761 2166 2817 lere-

596 2860 760 2916 miam
816 2858 1136 2929 prophetam
1174 2873 1188 2910 :
1232 2855 1301 2910 Et
1359 2854 1749 2910 consummabo.
1800 2855 1940 2926 Lege
1990 2853 2163 2910 veteri

600 2957 936 3015 transeunte,
990 2945 1365 3017 perfectiorcm
1418 2945 1587 3016 legem
1653 2946 2011 3012 introducam,
2071 2944 2165 2999 ubi

599 3057 706 3096 non
733 3039 924 3108 ﬁgura,
971 3034 1064 3090 sed
1116 3035 1315 3090 veritas
1359 3035 1694 3090 ostendetur.
1753 3035 1946 3090 Domui
1994 3034 2160 3089 Juda.

599 3130 853 3189 Ecclesiae
896 3128 1064 3183 Deum
1116 3125 1410 3182 conﬁtenti.
1475 3124 1861 3179 Testamentum
1933 3124 2160 3180 Novum.

2258 579 2552 635 divinitatis
2601 578 2903 647 splendore.
2955 577 3093 633 Area
3117 593 3270 643 vero,
3317 579 3433 647 ipsa
3464 577 3712 632 Ecclesia
3751 593 3853 633 se—

2257 671 2494 725 cundum
2523 669 2810 740 mysticum
2841 683 3074 729 sensum,
3123 667 3301 721 anima
3337 668 3636 722 secundum
3663 678 3857 738 tropo-

2256 764 2488 834 logicum
2517 762 2856 832 exprimitur,
2899 767 2994 814 aut
3020 768 3166 815 certe
3184 774 3310 814 arca
3336 760 3678 815 Testamenti
3705 776 3852 816 caro

2263 851 2562 906 Salvatoris
2613 849 2815 904 Christi
2856 848 3320 914 animadvertitur,
3381 849 3436 902 in
3483 863 3593 918 qua
3638 865 3855 905 manna

2257 942 2558 999 divinitatis
2583 943 2868 998 inhabitat.
2927 939 3073 996 Urna
3095 959 3276 997 aurea.
3325 941 3653 998 Humanitas
3677 943 3853 999 Chri-

2257 1035 2329 1087 sti
2382 1050 2505 1089 cum
2550 1035 2851 1089 divinitate.
2908 1031 3068 1104 Virga
3113 1034 3312 1099 Aaron,
3362 1049 3588 1104 regnum
3635 1034 3854 1090 Christi

2258 1124 2544 1195 signiﬁcat,
2587 1126 2670 1180 vel
2709 1111 2968 1180 vexillum
2992 1124 3187 1179 crucis.
3231 1123 3449 1177 Tabulae
3476 1123 3596 1178 dum
3648 1124 3854 1179 Testa-

2258 1216 2445 1270 menti.
2469 1215 2765 1269 Cherubim.
2784 1214 3066 1270 Plenitudo
3092 1214 3351 1268 scientiae.
3375 1211 3849 1284 Propitiaton’um.

2257 1306 2333 1361 De
2360 1322 2466 1376 quo
2493 1307 2889 1376 propitiabatur
2926 1306 3185 1360 Dominus
3219 1305 3415 1375 populo
3437 1320 3558 1359 suo.
3611 1305 3854 1376 Mystice

2256 1397 2692 1467 propitiatorium
2732 1396 2991 1451 Dominus
3033 1395 3284 1450 Salvator
3331 1396 3676 1465 exprimitur,
3751 1398 3851 1467 qui

2257 1494 2332 1539 est
2364 1487 2667 1556 propitiatio
2686 1502 2785 1556 pro
2809 1487 3033 1556 peccatis
3055 1485 3267 1540 nostris.
3302 1483 3618 1539 Ministeria.
3653 1485 3853 1541 Sacri-

2260 1576 2400 1633 ﬁcia.
2454 1575 2626 1634 Semel
2655 1579 2711 1632 in
2771 1595 2932 1632 anno.
2971 1579 3194 1632 Decima
3231 1578 3318 1633 die
3370 1579 3575 1633 mensis
3623 1581 3853 1650 septimi

2262 1669 2560 1724 secundum
2591 1669 2834 1723 lunarem
2857 1670 3310 1740 supputationem,
3366 1685 3488 1738 qua:
3515 1669 3849 1749 solemnilas

2260 1770 2378 1818 erat
2418 1762 2924 1817 sanctiﬁcationum.
2958 1761 3082 1817 Non
3103 1763 3214 1816 sine
3247 1762 3521 1833 sanguine.
3553 1761 3710 1816 Sicut
3732 1778 3850 1816 non

2262 1853 2379 1909 sine
2413 1855 2673 1925 sanguine
2693 1853 2895 1908 Christi
2941 1869 3040 1908 nos
3083 1853 3346 1922 redempti
3380 1868 3588 1908 sumus.
3629 1851 3747 1907 Hoc
3785 1854 3852 1907 si-

2265 1945 2545 2014 gnificante
2576 1943 2776 2016 Spiritu
2815 1954 3016 1998 sancto.
3039 1943 3330 2014 Propterea
3357 1944 3459 1998 ista
3489 1945 3562 1998 ita
3588 1955 3850 2000 constru-

2261 2044 2351 2090 cta
2393 2044 2516 2090 sunt
2545 2035 2600 2088 in
2624 2034 2849 2105 ﬁguram
2875 2032 3169 2089 Salvatoris
3192 2042 3392 2088 nostrae
3432 2033 3640 2098 salutis,
3685 2036 3841 2104 quod

2261 2128 2510 2183 videlicet
2533 2127 2782 2182 Christus
2811 2134 3088 2197 pateretur
3140 2125 3305 2180 semel
3335 2141 3434 2194 pro
3485 2140 3689 2196 genere
3747 2127 3847 2180 hu-

2264 2232 2443 2272 mano.
2471 2216 2786 2272 Sanctorum
2809 2219 2910 2271 via.
2936 2216 3244 2272 lntroeundi
3266 2215 3318 2270 in
3342 2217 3556 2272 callum.
3592 2215 3662 2270 Et
3680 2218 3854 2286 justi-

2263 2308 2349 2361 tiis
2391 2307 2588 2361 carnis.
2627 2305 2943 2361 Carnalibus
2967 2305 3444 2374 justiﬁeationibus
3468 2322 3563 2376 per
3589 2308 3840 2363 circum-

2270 2402 2548 2458 cisionem.
2581 2400 2704 2454 Non
2730 2401 2890 2470 hujus
2914 2400 3210 2454 creationis.
3241 2400 3537 2455 Terrestris
3583 2400 3849 2456 taberna-

2265 2493 2392 2548 culi.
2427 2492 2496 2545 Et
2556 2493 2689 2545 cinis
2734 2490 2928 2546 vitulw.
2976 2491 3166 2546 Vaccae
3220 2491 3371 2556 rufre,
3421 2507 3609 2558 rosere,
3658 2496 3855 2550 carnis

2265 2583 2487 2640 Christi.
2513 2582 2616 2649 Qui
2635 2600 2729 2654 per
2749 2581 3003 2653 Spiritum
3026 2591 3286 2636 sanctum.
3317 2583 3483 2649 Quasi
3503 2599 3600 2652 per
3619 2584 3846 2654 ignem:

2267 2675 2536 2744 quomodo
2591 2673 2781 2727 hostiae
2815 2672 2962 2741 prius
2989 2672 3168 2742 ignem
3199 2672 3265 2726 de
3291 2673 3428 2727 caelo
3469 2674 3848 2742 accipiebant.

2265 2766 2342 2819 Ab
2393 2764 2632 2837 operibus
2660 2765 2903 2818 mortuis.
2939 2762 3069 2829 Quae
3097 2765 3297 2818 ducunt
3332 2765 3400 2818 ad
3441 2775 3696 2830 mortem,
3742 2767 3852 2821 sic-

2266 2865 2326 2911 ut
2376 2857 2420 2911 si
2477 2856 2597 2924 quis
2641 2856 2697 2909 in
2752 2854 2868 2923 lege
2922 2863 3190 2909 mortuum
3237 2863 3500 2923 tangeret,
3537 2856 3852 2910 mundaba-

2269 2953 2371 3000 tur.
2401 2945 2723 2999 Earumdem
2753 2947 3265 3015 prtrvaricationum.
3328 2946 3458 3012 Qua:
3504 2946 3674 3001 deleri
3739 2965 3854 3004 non

2265 3047 2515 3110 poterant
2545 3038 2908 3093 oblationibus
2935 3039 3227 3107 prioribus.
3259 3037 3356 3092 Ubi
3383 3040 3517 3094 enim
3543 3039 3859 3096 Testamen-

2269 3136 2402 3192 tum,
2451 3143 2592 3181 mors
2618 3144 2819 3182 necesse
2848 3137 2923 3182 est
2958 3129 3241 3183 intercedat
3268 3131 3547 3184 testatoris.
3576 3130 3856 3188 Animalis

601 3217 970 3290 Evangelium,
995 3223 1051 3270 et
1085 3215 1260 3284 legem
1286 3214 1491 3285 gratiae,
1523 3215 1627 3268 hoc
1649 3221 1754 3279 est,
1781 3223 1842 3269 ut
1862 3215 2168 3285 quicunque
2195 3191 2242 3255 (ἶ
2273 3216 2428 3287 cujus
2452 3219 2671 3288 sanguis
2694 3225 2924 3273 testatur
2943 3219 3327 3291 indulgentiam
3346 3229 3713 3291 peccatorum.
3756 3223 3860 3279 Po.

601 3328 670 3369 ex
725 3309 976 3366 omnibus
1009 3307 1261 3376 gentibus
1311 3307 1367 3360 in
1414 3304 1629 3360 Christo
1675 3307 2025 3373 crediderint,
2075 3307 2172 3362 ﬁlii

602 3401 874 3455 Abraham
911 3400 1208 3456 secundum
1235 3399 1568 3468 spiritualem
1617 3397 2018 3469 generationem
2045 3410 2173 3452 vere

603 3489 730 3545 sint.
785 3489 936 3555 Quod
961 3489 1061 3559 feci
1093 3489 1328 3560 patribus
1360 3505 1539 3544 eorum
1592 3489 1648 3542 in
1687 3488 1791 3543 die.
1835 3486 2174 3556 Quinquage-

601 3583 739 3638 simo
767 3589 889 3652 post
928 3580 1134 3636 Pascha
1164 3580 1252 3634 die
1279 3580 1334 3635 in
1361 3586 1541 3634 monte
1567 3578 1718 3634 Sina.
1757 3577 1827 3631 Et
1864 3593 1955 3648 ego
1983 3575 2160 3648 negle-

603 3674 659 3726 xi
685 3690 789 3727 eos.
856 3671 1072 3741 Reliqui
1121 3685 1216 3727 eos
1245 3671 1542 3728 secundum
1576 3668 1841 3724 desideria
1871 3668 2049 3722 cordis
2078 3681 2171 3722 eo-

608 3778 746 3817 rum.
783 3761 911 3815 Post
935 3760 1045 3814 dies
1079 3759 1219 3816 illos.
1263 3759 1474 3816 Veteris
1510 3758 1865 3814 Testamenti.
1903 3756 1973 3811 In
2009 3757 2176 3810 sensi-

610 3854 705 3907 bus
737 3868 938 3906 eorum.
981 3851 1099 3906 Non
1136 3853 1190 3907 in
1244 3851 1440 3906 tabulis
1479 3850 1726 3920 lapideis.
1782 3847 2177 3918 Superscribam

611 3958 720 3995 eas.
752 3941 810 3995 Id
834 3949 937 4006 est,
973 3955 1134 4010 super
1155 3941 1328 4012 legem
1345 3947 1552 3995 naturae
1576 3947 1631 3994 et
1650 3939 1865 3992 litterae.
1883 3939 1927 3992 Α
1952 3938 2172 4007 majore.

567 4071 571 4074 ς
611 4031 808 4095 Divite,
852 4030 1040 4095 nobili,
1085 4045 1232 4086 sene.
1277 4029 1450 4101 Usque
1489 4029 1560 4084 ad
1599 4029 1870 4085 minorem.
1911 4029 2172 4098 Egenum,

610 4118 920 4188 ignobilem,
940 4120 1214 4192 juvenem.

1203 4213 1428 4271 CAPUT
1466 4215 1556 4270 IX.

680 4303 880 4360 Habuit
918 4305 1124 4377 quidem
1145 4314 1193 4360 et
1230 4308 1375 4376 prius
1401 4314 1783 4362 testamentum.
1833 4308 1912 4363 Ac
1939 4308 1986 4363 si
2024 4307 2174 4366 dice-

611 4403 696 4452 ret
727 4415 740 4450 :
770 4395 1013 4452 Fuerunt
1062 4398 1118 4451 in
1152 4397 1506 4453 tabernaculo
1547 4413 1674 4453 vasa
1703 4399 1822 4466 Dei,
1869 4401 2011 4470 quod
2033 4400 2175 4470 apud

608 4488 855 4544 homines
882 4495 1136 4558 magnum
1188 4504 1253 4544 ac
1301 4489 1549 4544 mirabile
1568 4490 1799 4546 videtur.
1857 4491 1963 4546 Sed
1991 4500 2170 4546 tamen

610 4576 700 4630 illa
743 4578 921 4631 omnia
961 4579 1166 4633 umbra:
1201 4586 1358 4634 erant
1389 4580 1651 4635 bonorum
1687 4579 2008 4636 futurorum.
2042 4578 2178 4634 Con-

609 4667 902 4722 stitutiones
943 4666 1181 4722 cultum.
1214 4668 1711 4736 Circumcisionem,
1740 4665 2006 4736 sabbata,
2053 4687 2176 4726 neo-

611 4758 841 4822 menias,
900 4757 1213 4827 hostiasque
1239 4761 1565 4829 corporales.
1622 4760 1976 4831 Sanctumque
2015 4777 2180 4814 swcu-

609 4849 740 4904 lare.
797 4847 1246 4914 Tabernaculum,
1271 4851 1412 4919 quod
1445 4859 1565 4910 erat
1610 4867 1709 4923 pro
1738 4860 1996 4921 tempore.
2051 4851 2170 4906 Non

611 4938 693 4994 sic
725 4937 919 4998 Sancta
985 4946 1298 4998 sanctorum
1341 4951 1561 4997 aeterna.
1618 4941 2033 4996 Tabernaculum
2073 4945 2178 5011 pri-

615 5050 774 5088 mum.
829 5033 982 5101 Quod
1037 5034 1266 5106 mystice
1309 5035 1576 5106 signiﬁcat
1623 5045 1941 5105 prtesentem
1999 5035 2182 5090 Eccle-

616 5129 774 5183 siam.
821 5125 1218 5183 Candelabrum
1250 5142 1379 5183 vero
1416 5142 1635 5183 carnem
1687 5127 1909 5190 Christi,
1974 5137 2182 5195 septem

616 5219 768 5273 donis
796 5218 1032 5288 Spiritus
1088 5219 1259 5274 sancti
1306 5219 1671 5290 resplendens,
1702 5216 1786 5270 vel
1836 5217 1948 5285 ipsa
1974 5225 2181 5283 septem

615 5306 773 5359 dona.
819 5306 888 5360 Et
923 5324 1122 5362 mensa.
1156 5290 1343 5363 .Aurea
1379 5310 1430 5363 in
1487 5306 1787 5376 aquilonari
1810 5313 1962 5373 parte
2002 5306 2183 5358 taber-

612 5395 810 5462 naculi,
869 5398 1181 5469 signiﬁcans
1220 5414 1428 5454 sacram
1472 5397 1806 5466 Scripturam
1837 5413 1849 5448 :
1883 5395 2179 5464 Propositio

614 5500 826 5554 panum.
860 5487 1080 5558 Mystice
1110 5505 1304 5558 corpus
1326 5489 1545 5550 Christi,
1569 5504 1664 5542 seu
1691 5487 1932 5542 doctrina
1966 5498 2182 5556 aposto-

611 5576 716 5634 lica
739 5578 1071 5652 intelligitur.
1121 5580 1272 5647 Quod
1297 5580 1490 5634 dicitur
1511 5579 1708 5634 Sancta
1734 5578 2069 5634 Sanctorum.
2123 5578 2180 5634 In

615 5669 756 5737 quod
809 5670 956 5726 solus
983 5671 1236 5726 sacerdos
1281 5669 1446 5725 semel
1471 5669 1524 5723 in
1562 5685 1703 5724 anno
1747 5671 2026 5725 introibat.
2080 5671 2178 5724 Se-

616 5759 849 5819 cundum
880 5759 1308 5828 tabernaculum,
1339 5759 1675 5822 Hierusalem
1695 5761 1972 5820 cwlestem
2014 5762 2178 5833 signi-

2273 3316 2416 3364 terat
2469 3308 2664 3378 aliquis
2696 3323 2764 3364 ex
2818 3325 2903 3376 eo,
2963 3309 3106 3380 quod
3157 3319 3400 3366 mortuus
3451 3320 3533 3367 est
3573 3311 3855 3380 Christus,

2272 3399 2509 3454 maxime
2536 3414 2644 3453 non
2673 3401 2894 3455 credere
2926 3399 3318 3471 promissiones
3351 3399 3485 3470 ejus.
3523 3401 3724 3456 Paulus
3751 3404 3859 3475 igi-

2274 3496 2364 3544 tur
2411 3487 2657 3556 exempla
2707 3505 2776 3542 ex
2833 3490 3104 3543 communi
3158 3491 3387 3544 assumit
3437 3492 3856 3562 consuetudine,

2274 3580 2468 3649 quibus
2523 3579 2760 3634 ostendit
2812 3587 2940 3633 tunc
2975 3579 3342 3634 ﬁrmissimum
3388 3594 3508 3635 esse
3543 3589 3855 3637 testamen-

2275 3678 2412 3734 tum,
2451 3679 2627 3724 morte
2683 3669 2960 3725 testatoris
3011 3670 3400 3725 intercedente.
3461 3670 3859 3730 Testamentum

2273 3760 2409 3813 enim
2437 3761 2490 3815 in
2523 3762 2740 3816 mortuis
2760 3762 3127 3831 conﬁrmatum
3165 3771 3262 3828 est,
3295 3763 3421 3834 quia
3456 3771 3851 3822 testamentum

2276 3856 2406 3905 tunc
2446 3850 2663 3906 ﬁrmum
2696 3853 2825 3920 erit,
2882 3860 3171 3924 postquam
3210 3855 3373 3910 homo
3404 3856 3469 3911 de
3521 3857 3623 3912 hoc
3650 3861 3859 3915 saeculo

2276 3941 2610 4010 migraverit.
2671 3943 2868 4000 Vivens
2899 3960 3030 4000 vero
3067 3946 3279 4016 quoties
3317 3947 3547 4002 voluerit
3587 3951 3854 4018 mutabit,

2275 4040 2337 4086 ut
2384 4032 2627 4102 sequitur
2653 4033 2896 4106 :Alioqui
2940 4036 3172 4090 nondum
3215 4036 3367 4092 valet.
3423 4037 3558 4105 Quia
3612 4041 3863 4108 quandiu

2275 4123 2410 4178 vivit
2457 4132 2701 4190 testator,
2735 4133 2916 4194 potest
2934 4126 3222 4183 immutare
3259 4130 3608 4196 sententiam,
3632 4138 3685 4184 et
3717 4130 3864 4188 alios

2277 4223 2440 4284 atque
2476 4216 2608 4272 alios
2643 4217 2886 4273 heredes
2931 4218 3128 4275 ducere
3153 4221 3209 4275 in
3239 4221 3611 4278 hzereditatem
3657 4239 3850 4281 suam.

2281 4304 2428 4361 Unde
2460 4323 2550 4361 nec
2573 4309 2815 4377 primum
2846 4308 3076 4378 quidem.
3122 4310 3569 4367 Tabernaculum.
3618 4311 3861 4385 Sangui-

2279 4414 2394 4451 nem
2440 4397 2722 4453 vitulorum
2756 4407 2806 4453 et
2859 4400 3147 4455 hircorum.
3217 4403 3354 4471 Quia
3381 4411 3607 4474 uterque
3632 4408 3865 4476 sanguis

2280 4489 2596 4559 sanguinem
2635 4489 2930 4547 Salvatoris
2964 4491 3253 4560 signiﬁcat.
3289 4492 3421 4548 Cum
3440 4511 3598 4564 aqua.
3625 4494 3866 4565 Mystice

2281 4579 2644 4648 baptismatis,
2667 4581 2752 4636 vel
2771 4597 2966 4652 aquam
2987 4591 3042 4638 et
3068 4585 3388 4656 sanguinem
3415 4587 3480 4641 de
3509 4586 3676 4640 latere
3697 4586 3868 4642 Chri-

2280 4668 2347 4722 sti
2398 4680 2708 4725 manantem
2757 4671 3041 4740 signiﬁcat.
3101 4671 3170 4727 Et
3223 4673 3346 4728 lana
3403 4676 3665 4729 coccinea.
3718 4676 3864 4743 Qua.-

2277 4761 2838 4833 signilicatlenitatem
2867 4763 3146 4818 charitatis
3172 4762 3392 4829 Christi,
3421 4764 3512 4833 qui
3540 4781 3734 4834 passus
3774 4779 3867 4824 est

2274 4869 2372 4923 pro
2400 4852 2572 4915 nobis,
2629 4859 2721 4906 aut
2748 4860 2897 4908 certe
2924 4868 3022 4922 per
3077 4854 3257 4909 lanam
3294 4855 3604 4911 coccineam
3644 4856 3866 4914 Christi

2276 4943 2454 5012 passio
2474 4942 2804 5012 designatur.
2838 4941 2906 4995 Et
2935 4942 3177 5014 hyssopo.
3227 4943 3356 5010 Quae
3380 4944 3549 5001 herba
3581 4946 3869 5003 humilita-

2284 5041 2391 5086 tem
2411 5032 2613 5087 Christi
2633 5031 2905 5103 signiﬁcat
2925 5049 2990 5089 ac
3013 5033 3402 5102 fortitudinem,
3451 5051 3561 5107 qua
3593 5037 3868 5095 interiora

2282 5133 2468 5182 nostra
2505 5135 2822 5196 purgantur.
2854 5127 3038 5197 Ipsum
3087 5145 3289 5199 quoque
3323 5129 3534 5184 librum.
3584 5129 3868 5189 Deutero-

2283 5217 2542 5283 nomium,
2600 5218 2743 5287 quod
2796 5217 3065 5288 signiﬁcat
3097 5219 3446 5290 Evangelium
3476 5231 3869 5279 consecratum

2283 5308 2544 5377 sanguine
2583 5307 2807 5363 Christi.
2836 5308 2937 5364 llic
2959 5318 3042 5364 est
3079 5313 3295 5380 sanguis
3316 5311 3671 5378 Testamenti,
3701 5313 3792 5370 sic
3810 5324 3872 5371 et

2284 5397 2530 5454 Christus
2583 5400 2714 5454 dicit
2752 5417 2764 5452 ε
2800 5397 2904 5453 Hic
2938 5409 3013 5454 est
3042 5404 3254 5473 sanguis
3297 5421 3440 5458 meus
3471 5404 3611 5458 Novi
3670 5405 3869 5462 Testa-

2283 5489 2442 5542 menti
2480 5488 2692 5562 (Matth.
2717 5489 2886 5561 xxvr).
2923 5491 3057 5545 Vasa
3087 5492 3369 5548 ministerii
3403 5494 3714 5563 signiﬁcant
3756 5500 3874 5552 mi-

2282 5581 2483 5636 nistros
2532 5580 2805 5636 Ecclesiae.
2856 5581 3145 5653 Sanguine.
3187 5585 3315 5640 Fide
3336 5588 3605 5656 passionis
3643 5587 3866 5646 Christi

2281 5687 2551 5741 aspersas.
2589 5671 2710 5724 Non
2751 5674 2809 5740 ﬁt
2850 5675 3105 5728 remissio.
3137 5676 3214 5730 Ex
3249 5677 3428 5746 aliqua
3452 5687 3627 5749 parte.
3661 5680 3872 5736 Exeru-

2280 5764 2450 5836 plaria
2491 5763 2772 5821 t‘wlestiunt
2846 5763 3274 5823 Tabernaculum
3302 5777 3358 5826 et
3386 5785 3513 5828 vasa
3539 5771 3867 5837 ministerii.
