4046 6332
267 401 375 458 9.65

1372 412 1703 472 COLLECT.
1734 415 1804 472 IN
1837 414 2055 472 EPIST.
2092 411 2186 469 AD
2223 413 2422 473 ΗΕΒῆ

3418 427 3522 483 266

273 512 374 568 His
404 515 670 570 mandari.
701 514 904 575 Hostiis
929 523 1239 592 praeteritis.
1269 526 1415 584 Nam
1438 531 1554 602 ipsa
1588 532 1838 588 caelestia.
1869 538 1924 599 Α
1945 531 2039 585 tio.
2065 530 2201 599 Quia
2224 546 2332 587 non
2357 529 2629 588 oblatione
2657 547 2777 606 quas
2803 532 3134 593 oﬁ‘erebatur
3164 539 3219 594 in
3243 540 3381 612 lege,
3428 549 3524 603 sed

268 604 448 677 Opera
467 607 604 664 Novi
633 609 988 678 Testamenti,
1019 616 1135 672 sive
1162 624 1580 691 conversamini,
1611 633 1673 680 ut
1699 625 1844 696 Apo-

269 699 442 756 stolus
470 700 636 757 dicit:
669 702 867 760 Nostra
918 713 1239 767 conversatio
1267 713 1324 768 in
1360 715 1499 770 caelis
1547 727 1623 773 est
1673 717 1840 790 (Phil.

269 790 380 864 ιιι),
409 807 531 864 quae
557 803 643 850 est
671 810 800 851 vera
828 796 1258 859 Christianorum
1311 807 1670 880 philosophia.
1727 811 1843 866 Ali-

268 892 399 940 ter:
435 885 704 954 caelestia,
733 888 790 945 id
815 899 924 958 est,
971 909 1122 951 vasa.
1180 895 1286 953 Sed
1323 899 1380 953 in
1409 902 1580 971 ipsum
1635 903 1843 960 caelum.

267 978 437 1046 Quasi
464 981 750 1052 quoddam
799 986 1222 1045 tabernaculum.
1269 990 1340 1048 In
1365 997 1621 1066 sanguine
1649 995 1844 1052 alieno.

269 1071 583 1141 Hircorum,
608 1075 921 1134 vitulorum.
945 1079 1188 1153 Alioquin
1203 1085 1472 1155 Oportebat
1491 1104 1630 1142 eum.
1656 1087 1714 1144 Id
1739 1097 1845 1157 est,

267 1163 317 1220 si
341 1180 451 1219 una
475 1163 593 1234 ejus
620 1166 822 1224 oblatio
841 1172 1100 1227 mundum
1128 1181 1298 1230 totum
1320 1191 1429 1233 non
1459 1177 1697 1235 salvaret
1722 1189 1848 1237 ante

267 1258 576 1330 passionem
621 1258 738 1329 ejus
782 1271 839 1318 et
857 1263 996 1334 'post
1022 1267 1348 1337 passionem,
1389 1269 1676 1340 oportebat
1721 1287 1847 1327 eum

266 1351 385 1421 pati
407 1350 474 1406 ab
499 1352 709 1424 origine
744 1355 950 1423 mundi,
997 1356 1124 1413 dum
1143 1373 1240 1429 per
1267 1360 1508 1432 singulas
1533 1363 1844 1434 generatio-

267 1456 367 1498 nes
413 1443 661 1501 homines
706 1456 1086 1517 peccaverunt,
1147 1451 1273 1521 quia
1302 1467 1520 1523 semper
1559 1453 1847 1509 habuisset

271 1534 419 1604 quod
461 1535 783 1592 redimeret:
812 1540 906 1594 sed
953 1539 1126 1595 noluit
1168 1541 1273 1597 nisi
1311 1552 1373 1598 ut
1418 1543 1588 1600 semel
1634 1552 1846 1600 tantum

268 1643 464 1700 passus
491 1632 751 1686 mundum
779 1631 834 1686 in
870 1636 1388 1692 consummationem
1414 1637 1596 1695 saeculi
1642 1637 1847 1694 libera-

268 1727 372 1774 ret.
404 1719 666 1776 Secundo.
705 1722 764 1777 In
785 1723 873 1778 die
895 1721 1098 1780 iudicii.
1130 1724 1258 1782 Sine
1284 1738 1515 1799 peccato.
1541 1727 1670 1785 Sine
1696 1728 1846 1785 simi-

268 1808 494 1868 litudine
507 1815 688 1870 carnis
705 1814 936 1884 peccati,
958 1823 1050 1871 aut
1061 1817 1177 1874 sine
1187 1818 1457 1876 oblatione
1476 1835 1576 1892 pro
1590 1830 1842 1892 peccato.

267 1901 442 1960 Aliter
471 1923 484 1961 :
522 1907 640 1963 sine
658 1917 903 1978 peccato,
932 1911 1367 1978 exspectantibus
1395 1927 1472 1968 se.

876 1999 1104 2057 CAPUT
1140 2001 1212 2056 Χ.

343 2085 595 2145 Umbram
639 2092 778 2147 enim
827 2091 1021 2146 habens
1067 2090 1152 2145 lea:
1212 2092 1514 2162 futurorum
1570 2093 1846 2162 bonorum,

273 2198 381 2237 non
421 2185 593 2254 ipsam
643 2186 941 2257 imaginem.
975 2185 1220 2256 Speciem
1247 2189 1526 2256 veritatis;
1557 2190 1748 2245 umbra
1775 2198 1850 2246 et-

262 2274 415 2330 enim
430 2275 532 2330 fuit
557 2292 665 2332 non
686 2278 904 2334 veritas.
930 2276 1064 2332 Nam
1093 2280 1508 2350 requiescebant
1523 2290 1748 2351 peccata
1779 2283 1849 2337 ad

265 2374 510 2436 tempus,
533 2384 643 2424 non
667 2371 1099 2426 remittebantur.
1131 2370 1527 2428 Consummare.
1568 2374 1847 2431 Perfectos

261 2454 470 2512 facere.
525 2455 652 2512 Non
699 2469 984 2516 cessassent
1021 2462 1229 2531 offerre.
1279 2461 1397 2518 Non
1446 2463 1641 2518 iterum
1686 2463 1847 2520 oﬁ‘er-

264 2556 408 2615 rent,
429 2549 472 2605 si
489 2565 589 2621 per
611 2567 774 2606 unam
789 2553 1024 2609 hostiam
1040 2553 1286 2609 mundati
1302 2562 1507 2621 essent,
1523 2563 1580 2610 et
1599 2556 1846 2626 quamvis

263 2655 369 2696 nos
398 2655 503 2696 non
532 2657 806 2700 cessemus
833 2643 1049 2712 oﬁ‘erre,
1097 2654 1275 2702 tamen
1300 2647 1532 2717 idipsum
1567 2646 1846 2704 offerimus

265 2732 621 2801 saeriﬁcium,
663 2750 770 2790 non
823 2735 984 2790 alium
1037 2753 1235 2809 agnum
1275 2737 1456 2806 hodie,
1513 2737 1678 2794 alium
1719 2753 1845 2794 cras

264 2820 588 2900 offerentes.
633 2823 1066 2880 Commemoratio
1093 2837 1443 2898 peccatorum.
1500 2829 1843 2884 Commemo-

265 2921 461 2968 rautur
503 2923 746 2984 peccata,
779 2916 904 2971 dum
925 2917 1162 2987 quotidie
1196 2926 1253 2974 et
1281 2934 1380 2990 per
1407 2919 1646 2992 singulos
1672 2935 1845 2977 annos

262 3001 444 3058 hostia
467 3019 565 3075 pro
588 3007 826 3077 peccatis
852 3007 1198 3066 offerebatur.
1255 3011 1364 3067 Nos
1416 3027 1546 3068 vero
1585 3012 1644 3068 in
1689 3028 1843 3069 eom-

263 3100 715 3157 memorationem
751 3102 1040 3160 Dominicae
1077 3104 1243 3161 semel
1288 3106 1556 3176 passionis
1606 3106 1847 3178 quotidie

263 3199 574 3262 nostrasque
621 3191 812 3249 salutis
846 3192 1138 3250 offerimus.
1177 3194 1505 3266 Impossibile
1554 3206 1632 3252 est
1682 3197 1846 3252 enim.

1947 623 2208 692 sanguine
2259 622 2460 680 Christi
2488 623 2832 682 dimittuntur
2867 636 3109 700 peccata.
3142 629 3242 687 llic
3288 637 3526 692 ostendit

1948 712 2256 768 distantiam
2293 714 2587 784 pontiﬁcis,
2645 725 2700 771 et
2739 719 3059 789 sacerdotis,
3101 728 3157 776 et
3192 722 3519 794 hostiarum,

1948 811 2002 857 et
2027 802 2384 872 tabernaculi,
2411 813 2469 861 et
2496 810 2822 876 testamenti,
2861 818 2916 866 et
2952 814 3414 883 repromissionis,
3442 817 3516 873 si-

1949 893 2166 965 quidem
2204 895 2293 951 illa
2317 896 2535 953 fuerunt
2557 901 2895 971 temporalia,
2918 900 3036 958 haec
3057 911 3239 960 autem
3269 916 3474 964 setema
3502 927 3518 977 ;

1949 983 2039 1039 illa
2065 983 2272 1050 formae,
2315 988 2431 1042 hmo
2473 991 2696 1047 veritas.
2730 991 2995 1049 Habentes
3036 995 3215 1068 itaque
3240 998 3518 1067 ﬁduciam.

1949 1072 2179 1146 Pmpter
2205 1077 2578 1134 remissionem
2597 1091 2965 1153 peccatorum,
3004 1095 3060 1142 et
3110 1090 3253 1160 quod
3278 1092 3524 1149 cohaere-

1950 1166 2046 1223 des
2071 1166 2246 1223 effecti
2285 1184 2489 1226 sumus.
2523 1171 2678 1229 Unde
2707 1190 2808 1231 nos
2831 1176 2952 1247 plus
2986 1179 3249 1239 habemus
3270 1183 3524 1241 ﬁduciam

1900 1275 1907 1277 ‘
1949 1274 2048 1330 per
2075 1259 2389 1331 sanguinem
2431 1259 2636 1320 Christi
2664 1268 2936 1336 mundari,
2985 1284 3145 1341 quam
3189 1275 3265 1330 illi
3294 1277 3387 1348 qui
3407 1294 3529 1333 car-

1871 1909 1920 1968 B

1949 1350 2147 1406 naliter
2167 1351 2374 1408 hostias
2414 1351 2727 1411 oﬂ‘erebant.
2785 1358 2850 1414 In
2888 1362 3160 1418 introitum
3201 1377 3522 1423 sanctorum.

1948 1440 2007 1497 In
2035 1442 2315 1501 introitum
2364 1447 2516 1517 regni
2555 1448 2809 1517 caelestis,
2851 1453 2937 1509 vel
2963 1455 3108 1512 ﬁdei.
3135 1456 3308 1524 Quam
3333 1461 3518 1517 initia-

1947 1535 2027 1590 vit
2057 1537 2224 1592 nobis.
2277 1536 2648 1609 Consecravit,
2699 1558 2762 1598 eo
2791 1547 2934 1615 quod
2958 1547 3075 1617 ipse
3099 1551 3310 1621 primus
3333 1553 3424 1610 illa
3441 1556 3528 1610 via

1947 1629 2170 1699 propria
2223 1645 2388 1688 carne
2431 1635 2748 1691 conscendit
2769 1636 2824 1692 in
2872 1640 3060 1696 caelos.
3117 1641 3267 1698 Viam
3320 1663 3526 1701 novam.

1946 1716 2056 1772 Aut
2101 1719 2264 1776 ﬁdem
2307 1723 2528 1792 Christi,
2577 1734 2671 1782 aut
2731 1727 3011 1786 introitum
3060 1735 3211 1806 regni
3265 1737 3528 1794 ccelestis.

1947 1809 2158 1882 Aspersi
2186 1813 2342 1869 corde
2387 1834 2420 1870 a
2463 1818 2782 1874 conscientia
2840 1823 3003 1879 mala.
3056 1824 3193 1894 Quia
3236 1828 3369 1885 ﬁdes
3420 1831 3532 1886 sine

1947 1904 2186 1972 operibus
2206 1916 2415 1964 mortua
2433 1920 2508 1965 est
2534 1910 2676 1983 (Jac.
2706 1915 2790 1987 ιι).
2819 1913 3089 1974 Et'abluti
3115 1937 3322 1993 corpus.
3380 1923 3533 1980 Sicut

1951 1994 2030 2049 illi
2072 1997 2375 2057 ablutiones
2425 2003 2672 2061 carnales
2734 2007 3023 2067 habebant.
3077 2011 3215 2069 Nam
3271 2015 3405 2073 foris
3453 2017 3533 2072 la-

1947 2102 2141 2145 vamur
2202 2107 2375 2164 aqua,
2434 2096 2582 2153 intus
2651 2107 2832 2156 autem
2888 2102 3094 2174 Spiritu
3154 2117 3345 2166 sancto
3374 2149 3389 2178 ,
3432 2119 3527 2165 ut:

1951 2178 2075 2236 Nisi
2097 2185 2214 2255 quis
2242 2197 2454 2242 renatus
2502 2189 2663 2258 fuerit
2704 2209 2768 2248 ea:
2806 2211 2944 2265 aqua
2983 2207 3032 2251 et
3073 2197 3280 2270 Spiritu
3319 2213 3527 2270 sancto,

1947 2278 2054 2327 etc.
2084 2272 2282 2344 '(Joan.
2308 2276 2413 2349 ιιι).

2019 2364 2171 2435 Aqua
2197 2369 2416 2424 munda.
2450 2370 2800 2441 Baptismatis
2827 2391 2966 2447 aqua
3016 2391 3331 2438 consecrata
3363 2400 3394 2438 a
3435 2385 3529 2441 he-

1947 2455 2362 2514 nedictionibus.
2398 2457 2790 2532 Confessionem
2810 2468 2922 2538 spei
2941 2468 3380 2529 indeclinabilem.
3413 2475 3530 2531 Non

1947 2543 2280 2605 declinemus
2303 2551 2372 2607 ab
2397 2567 2483 2619 ea,
2530 2554 2658 2610 dum
2682 2571 2870 2612 verum
2907 2559 3013 2614 erit
3051 2563 3195 2630 quod
3256 2567 3530 2635 promisit,

1946 2639 2088 2730 sicut
2110 2639 2389 2710 Israelitae,
2415 2647 2506 2716 qui
2529 2647 2892 2706 declinabant.
2920 2650 3123 2708 Fidelis
3143 2657 3282 2711 enim
3303 2661 3392 2730 qui
3412 2677 3532 2730 pro-

1948 2729 2110 2784 misit.
2144 2730 2215 2787 Ut
2235 2733 2363 2789 alibi
2385 2734 2561 2792 ﬁdelis
2588 2738 2808 2806 dicitur,
2830 2756 2929 2812 per
2955 2757 3117 2812 quem
3159 2729 3341 2802 vocati
3373 2729 3528 2807 estis.

1947 2817 2015 2872 In
2041 2826 2409 2890 provocatione
2432 2827 2747 2885 dilectionis.
2779 2831 2850 2888 Ut
2889 2837 3260 2909 unusquisque
3298 2840 3530 2899 alterum

1946 2924 2207 2982 provocet
2224 2918 2294 2972 ad
2315 2920 2658 2978 charitalem.
2691 2922 2818 2980 Non
2839 2926 3130 2997 deferenles
3151 2930 3526 2990 collectionem.

1947 3002 2249 3064 Ecclesiam
2296 3011 2352 3066 in
2396 3028 2501 3084 qua
2540 3015 2752 3073 collecti
2779 3033 2964 3077 sumus
3011 3023 3070 3078 in
3099 3039 3207 3081 una
3256 3026 3381 3084 ﬁde.
3417 3028 3526 3086 Sed

1946 3101 2294 3159 consolamini
2336 3106 2570 3164 invicem.
2598 3110 2852 3170 Dicentes
2884 3135 2896 3170 :
2933 3116 3122 3176 Brevis
3145 3129 3233 3176 est
3282 3125 3527 3193 tentatio,

1949 3196 2002 3245 et
2027 3191 2188 3266 longa
2217 3203 2602 3259 remuneratio.
2651 3203 2804 3261 Diem
2852 3212 3375 3285 appropinquantem.
3404 3191 3532 3273 Sive

265 3281 330 3336 Si
357 3281 704 3352 impossibile,
757 3299 854 3340 cur
882 3301 1010 3358 ergo
1047 3285 1318 3343 faciebant
1342 3295 1563 3359 propter
1589 3288 1844 3361 pmﬁgu-
1871 3273 1916 3336 C
1951 3285 2164 3353 mortis,
2211 3288 2324 3345 sive
2363 3290 2572 3360 judicii.
2604 3293 2808 3366 Offerre
2860 3273 2973 3355 Deo
3011 3273 3257 3360 bostiam.
3311 3305 3532 3365 Scilicet

266 3374 570 3430 rationem?
600 3375 720 3432 Non
747 3377 891 3433 enim
917 3379 1118 3436 veritas
1146 3380 1261 3435 sine
1290 3381 1655 3451 praeeuntibus
1707 3381 1845 3454 ﬁgu-

262 3467 346 3522 ris
387 3469 572 3524 venire
617 3469 819 3526 debuit.
879 3469 1142 3527 Introiens
1183 3475 1239 3529 in
1275 3475 1546 3530 mundum.
1591 3474 1841 3534 Christus

264 3576 536 3632 apparens
566 3563 621 3618 in
647 3579 830 3620 carne.
860 3564 1124 3621 Hostiam.
1166 3567 1374 3623 Vivam.
1412 3569 1481 3622 Et
1502 3567 1836 3624 oblationem.

263 3653 351 3707 De
391 3653 517 3708 vino
549 3664 606 3710 et
648 3672 804 3728 pane.
859 3657 1114 3714 Noluisti.
1157 3657 1202 3716 Ο
1229 3660 1409 3716 Pater.
1439 3660 1640 3733 Corpus
1665 3674 1841 3717 autent

263 3743 532 3816 perfecisti
564 3747 706 3802 mihi.
759 3748 967 3820 Corpus
1014 3751 1082 3805 ad
1135 3750 1484 3819 offerendum,
1539 3753 1666 3823 quia
1722 3754 1842 3810 haec

261 3844 353 3891 est
381 3837 555 3893 hostia
594 3839 716 3894 viva
744 3839 856 3896 Deo
884 3841 1121 3911 placens.
1175 3841 1319 3897 Tunc
1342 3843 1474 3898 dixi.
1519 3843 1656 3898 Dum
1704 3853 1841 3900 tem-

257 3941 368 3998 pus
392 3926 513 3994 fuit,
541 3938 600 3984 ut
624 3929 966 3988 auferrentur
1003 3932 1206 3988 umbrae
1226 3932 1475 4004 legalium
1516 3934 1836 3989 hostiarum.

261 4017 336 4073 In
362 4021 530 4090 capite
542 4021 663 4076 libri
680 4024 929 4094 scriptum
949 4033 1026 4078 est
1049 4024 1113 4078 de
1137 4042 1236 4078 me.
1263 4025 1321 4079 In
1354 4023 1837 4094 fronteGeneseos,

258 4118 325 4164 ut
347 4127 360 4163 :
379 4109 447 4164 In
468 4113 725 4184 principio
755 4116 947 4168 creavit
967 4113 1109 4169 Deus
1139 4113 1323 4169 coelum
1344 4124 1393 4169 et
1423 4124 1634 4169 terram.
1669 4115 1834 4171 Item:

258 4201 334 4255 In
363 4204 621 4275 principio
655 4214 769 4259 erat
806 4203 1047 4274 Verbum,
1089 4215 1146 4262 et
1170 4206 1299 4261 illud
1326 4225 1339 4261 :
1371 4206 1526 4262 Liber
1549 4210 1841 4279 generatio-

259 4295 345 4347 nis
371 4293 502 4348 Iesu
531 4293 728 4350 Christi
751 4312 771 4362 ;
799 4305 855 4352 et
890 4297 1053 4352 item:
1087 4297 1281 4352 Beatus
1319 4299 1419 4365 vir,
1457 4298 1548 4368 qui
1576 4315 1680 4352 non
1711 4297 1838 4352 abiit

258 4386 319 4439 in
368 4385 587 4441 consilio
618 4389 917 4458 impiorum.
972 4387 1039 4444 Ut
1091 4390 1287 4460 faciam
1322 4389 1642 4445 voluntatem
1669 4398 1837 4456 tuam,

258 4476 426 4531 Deus.
479 4477 551 4534 Ut
579 4494 779 4550 corpus
811 4481 952 4551 quod
985 4483 1180 4553 aptasli
1208 4481 1341 4537 mihi
1391 4496 1490 4552 pro
1514 4496 1716 4552 genere
1741 4482 1839 4536 hu-

257 4571 427 4623 m‘hno
452 4567 703 4638 offeram,
750 4572 876 4642 quia
920 4573 1035 4628 haec
1062 4579 1148 4630 est
1197 4580 1288 4628 tua
1331 4573 1598 4628 voluntas.
1651 4572 1837 4641 Aufert

257 4659 513 4728 primum,
543 4672 601 4717 ut
624 4679 839 4735 sequens
860 4673 1078 4718 statuat.
1106 4664 1185 4720 Ac
1214 4665 1261 4720 si
1290 4664 1493 4720 diceret
1520 4683 1532 4717 :
1564 4663 1840 4736 Reprobat

259 4748 454 4818 Vetus,
507 4764 564 4810 et
605 4756 839 4812 allirmat
885 4757 1096 4814 Novum
1134 4759 1572 4815 Testamentum.
1603 4757 1757 4814 Sedet
1782 4759 1839 4812 in

258 4843 482 4897 dextera
505 4845 622 4902 Dei.
648 4848 814 4916 Quasi
853 4848 1131 4917 Dominus,
1159 4867 1284 4905 nam
1315 4850 1627 4905 ministrare
1663 4848 1841 4904 famu-

256 4937 440 4992 lorum
473 4945 574 4992 est.
607 4936 936 4994 Contestatur
961 4949 1136 4996 autem
1157 4941 1387 5013 Spiritus
1411 4950 1627 4997 sanctus
1648 4940 1818 4994 nobis.

256 5027 368 5084 Per
397 5025 711 5097 Jeremiam,
741 5045 808 5086 ac
831 5031 874 5086 si
902 5031 1108 5087 diceret
1151 5051 1164 5086 :
1199 5030 1354 5099 Quod
1381 5033 1635 5098 dicimus,
1666 5031 1838 5102 Spiri-

257 5130 354 5180 tus
398 5134 622 5181 sanctus
642 5126 833 5195 dicit;‘
874 5127 1112 5184 diximus
1139 5128 1283 5183 enim
1306 5129 1450 5199 quod
1489 5143 1836 5184 consumma-

255 5218 344 5275 vit
388 5219 446 5275 in
489 5229 756 5277 aeternum
805 5220 1182 5284 sanctiﬁcatos,
1217 5229 1272 5275 et
1322 5222 1425 5277 hoc
1454 5221 1688 5291 Spiritus
1713 5235 1836 5276 san-

256 5318 384 5368 ctus
419 5320 670 5376 testatur,
712 5313 855 5382 quod
894 5313 951 5368 in
976 5311 1127 5368 Novo
1159 5311 1506 5367 Testamento
1528 5329 1635 5368 non
1658 5327 1837 5367 recor-

257 5401 482 5457 dabitur
510 5403 653 5457 Deus
674 5411 1041 5473 peccatorum.
1066 5399 1357 5472 Postquam
1379 5403 1515 5455 enim
1537 5401 1694 5455 dixit.
1727 5399 1833 5456 Or-

255 5494 356 5562 do,
379 5493 511 5550 dicit
536 5495 681 5549 enim
704 5493 1000 5550 Dominus:
1024 5494 1172 5548 Dabo
1195 5493 1328 5565 leges
1353 5511 1494 5549 meas
1515 5494 1571 5547 in
1595 5492 1838 5547 cordibus

254 5601 463 5650 eorum,
515 5594 565 5639 et
610 5585 668 5639 in
712 5584 970 5639 mentibus
1013 5600 1194 5638 eorum
1235 5583 1616 5655 superscribam
1649 5599 1760 5649 eas,
1786 5593 1836 5637 et

253 5682 475 5748 peccata
506 5690 690 5730 eorum
739 5691 844 5728 non
887 5673 1200 5728 recordabor
1247 5673 1494 5743 amplius,
1550 5681 1835 5744 postquam

258 5766 432 5822 dixit:
453 5764 567 5821 Hoc
590 5775 667 5821 est
687 5774 1051 5820 testamentum
1065 5765 1204 5836 quod
1226 5766 1454 5820 testabor
1474 5766 1544 5818 ad
1566 5765 1707 5820 illos.
1739 5764 1837 5820 Ubi

258 5862 389 5930 ergo
428 5862 636 5913 horum.
667 5857 1019 5912 Peccatorum
1048 5858 1312 5914 remissio.
1335 5857 1460 5911 lant
1486 5873 1591 5913 non
1611 5857 1672 5926 ﬁt
1696 5857 1838 5913 obla-

596 5952 869 6014 Ριτιιοι..
914 5953 1074 6017 CIII.

1861 4627 1916 4689 D

1946 3371 2177 3446 legalem
2209 3384 2507 3439 secundum
2532 3395 2772 3444 veterem
2793 3389 3109 3464 legem.Aut
3135 3413 3270 3453 crux
3293 3401 3526 3456 secunda

1945 3470 2102 3526 nobis
2124 3471 2266 3528 ultra
2292 3490 2398 3531 non
2421 3487 2522 3544 est,
2552 3479 2677 3536 huic
2707 3492 2889 3538 autem
2943 3486 3119 3544 simile
3159 3498 3262 3558 est,
3296 3493 3442 3562 quod
3471 3493 3525 3547 in

1947 3564 2321 3632 superioribus
2342 3567 2510 3624 dixit:
2527 3570 2856 3642 Impossibile
2875 3586 2951 3630 est
2973 3580 3109 3632 enim
3129 3597 3237 3645 eos,
3261 3582 3352 3652 qui
3371 3583 3531 3637 semel

1944 3662 2066 3707 sunt
2095 3654 2401 3726 illuminati,
2433 3661 2623 3716 iterum
2670 3668 2929 3720 renovari.
2965 3667 3234 3724 Terribilis
3283 3674 3526 3744 quwdam

1943 3748 2260 3815 exspectatio
2271 3749 2489 3819 judicii.
2509 3751 2567 3808 Si
2588 3763 2766 3810 autem
2791 3761 3124 3828 exspectatio
3146 3762 3405 3820 terribilis
3423 3773 3526 3833 est,

1945 3847 2149 3908 quanto
2176 3843 2350 3914 magis
2380 3844 2494 3915 ipsa
2514 3848 2824 3917 praesentia,
2868 3867 2989 3922 quae
3036 3865 3420 3926 consumptum
3445 3870 3530 3914 est

1942 3931 2328 3991 adversarios?
2368 3953 2478 3995 non
2517 3940 2594 3995 ita
2621 3950 2682 3996 ut
2704 3959 2812 3998 non
2838 3943 2966 4010 sint,
3021 3945 3161 4002 sicut
3195 3963 3387 4004 aurum
3417 3967 3524 4005 non

1943 4029 2286 4084 consumitur
2310 4030 2366 4085 in
2399 4031 2541 4102 igne,
2573 4034 2670 4089 sed
2711 4036 2852 4105 quod
2878 4037 3214 4093 immundum
3246 4049 3331 4096 est
3353 4040 3408 4096 in
3438 4058 3524 4096 eo.

1942 4114 2284 4176 Communem
2312 4124 2599 4179 wstimans.
2624 4125 2829 4184 Putans
2858 4128 2996 4184 nihil
3022 4129 3282 4200 prodesse
3310 4131 3528 4188 ell'usio-

1940 4225 2066 4265 nem
2096 4214 2376 4284 sanguinis
2403 4214 2628 4273 Christi.
2676 4218 2747 4273 Et
2771 4222 2982 4292 spiritui
3021 4224 3208 4294 gratia:
3255 4236 3525 4280 contume-

1940 4300 2066 4356 liam
2094 4304 2297 4374 fecerit.
2327 4306 2553 4379 Legales
2601 4310 2809 4366 hostias
2835 4312 3070 4370 oﬂ‘ercns
3115 4331 3128 4368 :
3158 4315 3246 4370 vel
3274 4333 3380 4371 non
3411 4333 3525 4371 cre-

1939 4393 2076 4448 dens
2095 4397 2474 4453 remissionem
2503 4411 2847 4470 peccatorum
2878 4419 2976 4474 per
3011 4405 3240 4475 gratiam
3291 4405 3532 4474 Spiritus

1940 4487 2138 4540 sancti.
2164 4487 2300 4542 Mihi
2323 4490 2637 4558 vindictam;
2662 4503 2709 4547 et
2735 4511 2828 4564 ego
2851 4477 3158 4550 retribuam.
3193 4497 3521 4563 Vindictam,

1941 4579 2323 4634 contumeliam
2347 4582 2557 4652 spiritui
2581 4585 2768 4656 gratiae
2793 4584 3035 4641 facienti.
3066 4587 3136 4642 In
3177 4605 3365 4643 manus
3394 4590 3522 4644 inci-

1945 4667 2069 4722 dere
2093 4668 2193 4724 Dei
2214 4671 2443 4727 viventis.
2484 4673 2542 4727 ln
2565 4684 2885 4744 potestatem
2906 4678 3094 4749 judicii
3129 4679 3264 4749 ejus,
3292 4684 3380 4754 qui
3402 4683 3521 4736 red-

1947 4759 2032 4814 det
2055 4761 2336 4833 unicuique
2365 4764 2652 4818 secundum
2689 4783 2846 4838 opera
2897 4769 3032 4840 ejus.
3079 4770 3521 4827 Rememoramini

1944 4849 2110 4919 igitur
2131 4854 2380 4922 pristinos
2407 4855 2540 4911 dies.
2566 4855 2679 4912 Hoc
2701 4859 2850 4924 dicit,
2875 4869 2936 4914 ut
2959 4860 3314 4932 perdurantes
3344 4863 3398 4916 in
3426 4863 3523 4916 tri-

1946 4938 2311 4999 bulationibus
2336 4955 2520 5002 essent
2563 4947 2917 5020 longanimes,
2951 4953 3089 5007 sicut
3118 4953 3232 5022 jam
3267 4961 3390 5022 post
3433 4968 3522 5006 ac-

1946 5042 2160 5104 ceptam
2187 5035 2346 5091 ﬁdem
2374 5037 2778 5096 benefecerunt.
2803 5041 2874 5097 Et
2897 5041 2953 5097 in
2985 5043 3149 5097 altero
3193 5043 3400 5113 quidem
3432 5061 3519 5125 0p-

1943 5124 2188 5195 probriis.
2214 5128 2468 5184 Vocibus.
2494 5130 2561 5184 Et
2587 5132 3033 5190 tribulationibus.
3063 5133 3335 5205 Martyriis
3363 5124 3515 5204 pres-

1943 5217 2212 5288 surisque.
2267 5218 2657 5289 Spectaculum.
2709 5225 2939 5294 Propter
2990 5224 3271 5279 manifesta
3318 5238 3515 5296 Oppre-

1941 5308 2081 5363 bria.
2109 5309 2253 5365 Estis
2280 5313 2471 5381 effecti.
2499 5313 2856 5372 Ministrando
2900 5316 3192 5371 tribulatts.
3238 5314 3516 5388 Conﬁden-

1941 5401 2071 5455 tiam
2118 5413 2364 5458 vestram.
2395 5405 2790 5463 Fortitudinem
2819 5407 2962 5473 ﬁdei,
2995 5414 3051 5463 et
3094 5408 3409 5480 patientiam
3459 5411 3513 5464 in

1940 5491 2400 5551 tribulationibus.
2437 5497 2576 5551 Nam
2597 5498 2774 5569 justus
2799 5517 2946 5554 meus
2975 5518 3039 5557 ex
3078 5502 3182 5573 fide
3205 5505 3350 5560 vivit.
3377 5504 3512 5574 Quia

1940 5584 2053 5638 vita
2100 5587 2342 5654 corporis
2371 5589 2571 5654 anima,
2601 5591 2709 5645 vita
2744 5591 2939 5647 animae
2970 5591 3102 5650 ﬁdes
3127 5603 3232 5665 est,
3261 5611 3296 5654 a
3336 5612 3444 5670 qua
3468 5595 3515 5652 si

1943 5673 2068 5745 quis
2092 5689 2151 5731 se
2172 5677 2519 5745 subtraxerit,
2551 5695 2657 5733 non
2681 5680 2912 5749 placebit
2938 5683 3070 5740 Deo.

2539 5771 2762 5829 CAPUT
2815 5773 2905 5829 XI.

2017 5861 2112 5918 Est
2139 5873 2312 5920 autem
2342 5865 2485 5919 ﬁdes.
2519 5865 2576 5920 In
2608 5866 2859 5926 Habacuc
2902 5873 3290 5942 sperandarum
3329 5883 3513 5927 “erum

3001 5972 3039 6030 9
