4012 6336
545 371 644 425 267

1924 364 2199 422 SEDULII
2236 365 2428 426 SCOTI

3707 375 3811 438 268

543 485 868 544 substantia.
897 482 1034 538 Nam
1065 482 1210 552 quod
1243 481 1390 537 videt
1439 481 1581 550 quis,
1609 479 1740 551 quid
1765 480 1980 550 sperat?
2018 477 2128 533 Sed
2154 480 2207 541 A
2231 483 2373 552 quod
2415 481 2581 540 Iacob
2612 484 2842 556 ﬁguram
2883 483 3217 553 Christiani,
3247 485 3392 544 Esau
3438 503 3570 546 vero
3598 489 3812 552 Iudaici

543 581 590 636 si
639 577 786 648 quod
834 590 943 633 non
987 575 1233 631 videmus
1285 589 1601 645 speramus,
1659 587 1757 643 per
1807 574 2126 644 patientiam

543 677 941 739 exspectemus.
997 665 1392 737 Sperandarum
1444 681 1636 718 rerum.
1696 662 2126 735 Syueedochicos

543 765 649 820 hoc
673 763 828 828 dicit,
852 761 919 816 ab
944 761 1141 830 insigni
1163 768 1319 830 parte
1344 759 1502 814 ﬁdem
1531 759 1811 816 deﬁniens.
1838 759 1971 814 Nam
1992 761 2127 816 ﬁdes

541 865 624 914 est
651 855 818 911 trium
843 862 1180 923 temporum:
1207 851 1498 906 creduntur
1519 849 1662 904 enim
1685 850 1957 920 praeterita
1981 851 2124 920 quod

544 947 765 1014 fuerint,
789 943 1080 1017 praesentia
1099 941 1241 1010 quod
1264 940 1392 1005 sint,
1420 937 1602 992 futura
1627 937 1769 1007 quod
1792 946 1972 992 erunt.
1990 937 2126 994 Fide

541 1040 669 1097 Abel
692 1039 952 1110 majorem
977 1035 1204 1090 hostium
1222 1047 1382 1103 quam
1406 1029 1542 1086 Cain
1566 1029 1752 1084 obtulit
1783 1029 1914 1084 Deo.
1942 1029 2125 1084 Melio-

541 1149 681 1192 rem.
711 1131 847 1188 Abel
889 1136 1079 1201 pastor
1111 1126 1292 1182 ovium
1341 1132 1480 1187 erat.
1506 1121 1640 1178 Cain
1673 1137 1801 1178 vero
1843 1121 2120 1190 agricola;

542 1228 638 1284 sed
663 1226 797 1282 Abel
817 1223 1090 1296 primitias
1110 1221 1294 1274 ovium
1317 1217 1428 1274 Deo
1459 1215 1742 1281 oﬁ‘erehat,
1772 1215 2125 1285 praéspiciens

542 1328 598 1376 et
626 1319 874 1381 credens,
907 1315 1050 1385 quod
1075 1313 1328 1369 Christus
1350 1310 1692 1382 postmodum
1721 1317 1978 1378 tanquam
2005 1307 2124 1364 ovis

543 1413 610 1468 ad
630 1410 958 1466 occisionem
979 1407 1287 1461 duceretur.
1319 1399 1426 1458 Per
1443 1417 1602 1473 quam
1625 1399 1976 1454 testimonium
1999 1415 2123 1452 con-

537 1512 746 1558 secutus
772 1510 866 1556 est.
897 1499 972 1556 Ut
1000 1500 1056 1554 in
1087 1496 1384 1567 Evangelio
1411 1493 1695 1565 legitur:A
1721 1493 1975 1562 sanguine
1993 1489 2121 1545 Abel

526 1597 666 1667 justi
706 1610 870 1666 usque
913 1592 982 1646 ad
1033 1591 1342 1660 sanguinem
1385 1586 1660 1641 Zachariae
1699 1584 1796 1654 ﬁlii
1845 1583 2120 1638 Barac/tiae

537 1689 756 1763 (Matth.
806 1684 989 1756 χχιιι).
1045 1681 1420 1738 Testimonium
1477 1678 1780 1748 prohibente
1821 1674 2118 1730 muneribus

535 1786 650 1857 ejus
675 1783 808 1838 Deo.
838 1780 975 1847 Quia
1005 1777 1144 1850 ignis
1169 1773 1531 1830 descendebat
1559 1787 1718 1841 super
1743 1769 1948 1824 hostias
1977 1768 2114 1838 ejus,

2227 575 2406 644 populi
2431 577 2668 648 gerebat.
2699 576 2768 632 Et
2790 577 3054 632 adoravit.
3097 576 3288 634 Iacob.
3322 578 3496 652 Super
3535 582 3814 655 fastigium

2226 665 2385 735 virga:
2408 667 2543 736 ejus.
2573 667 2899 740 Signiﬁcaus
2929 670 3074 742 quod
3102 685 3260 741 reges
3299 670 3469 728 futuri
3504 686 3698 734 essent
3723 678 3816 734 sd-

2225 758 2414 812 orandi
2439 776 2504 813 ex
2526 776 2726 831 genere
2745 760 3191 834 Ioseph,scilicet
3227 778 3297 819 ex
3335 764 3705 836 Ephraim,ut
3726 769 3816 828 Io—

2227 862 2320 901 sue
2335 847 2476 906 ﬁlius
2490 850 2609 906 Non
2624 853 2848 924 mystice
2865 854 3152 926 designans
3167 871 3396 926 regnum,
3410 856 3617 916 Christi
3634 861 3690 916 in
3713 862 3817 919 ﬁne

2225 939 2404 998 saeculi
2432 943 2788 1012 adorandum,
2822 947 2963 1006 sicut
2991 948 3107 1018 ipse
3133 948 3342 1020 virgam
3383 949 3480 1008 ﬁlii
3509 953 3593 1010 sui
3620 955 3818 1016 adora-

2224 1031 2320 1086 vit.
2347 1032 2517 1092 Aliter
2542 1053 2554 1090 :
2588 1034 2646 1090 ln
2671 1037 2776 1094 hoc
2797 1036 2916 1094 loco
2953 1039 3172 1110 quidam
3199 1038 3402 1098 frustra
3437 1041 3705 1104 simulant
3723 1049 3816 1103 ad-

2223 1137 2408 1179 orasse
2430 1122 2599 1182 Jacoh
2623 1128 2990 1186 summitatem
3017 1131 3222 1204 sceptri
3247 1129 3473 1206 Ioseph,
3490 1137 3637 1207 quod
3666 1140 3816 1198 vidc-

2223 1213 2348 1270 licet
2396 1216 2670 1274 honorans
2717 1219 2909 1289 ﬁlium,
2958 1230 3286 1292 potestatem
3330 1224 3449 1296 ejus
3479 1227 3812 1300 adoraverit,

2222 1324 2344 1364 cum
2368 1308 2420 1364 in
2445 1309 2672 1367 Hebrzno
2698 1313 2867 1368 multo
2891 1314 3050 1370 aliter
3078 1315 3314 1388 legatur.
3346 1317 3418 1374 Et
3439 1319 3710 1389 adoravit,
3737 1323 3814 1380 in-

2221 1398 2362 1470 quit,
2397 1399 2569 1455 Israel
2592 1401 2661 1456 ad
2690 1414 2846 1474 caput
2874 1403 3052 1460 lectuli
3071 1408 3175 1474 sui,
3227 1409 3370 1480 quod
3398 1401 3611 1468 scilicet
3660 1421 3815 1486 post-

2221 1501 2382 1558 quam
2409 1487 2695 1559 juraverat
2723 1493 2772 1548 ei
2805 1493 2966 1563 ﬁlius,
3009 1511 3236 1554 securus
3258 1499 3325 1555 de
3351 1500 3619 1571 petitione
3646 1520 3814 1576 quam

2220 1590 2532 1649 rogaverat,
2561 1583 2804 1640 adoravit
2834 1586 3003 1644 Deum
3031 1596 3218 1644 contra
3266 1599 3429 1662 caput
3465 1591 3653 1650 lectuli
3701 1595 3810 1654 sui.

2221 1670 2452 1728 Sanctus
2480 1675 2676 1744 quippe
2703 1675 2812 1731 Deo
2839 1678 3074 1745 deditus,
3102 1688 3157 1734 et
3188 1696 3478 1752 oppressus
3507 1695 3809 1756 senectute,

2219 1762 2298 1817 sic
2321 1763 2554 1820 habebat
2581 1766 2837 1824 lectulum
2859 1784 3015 1826 suum
3046 1773 3306 1844 positum,
3335 1785 3396 1836 ut
3435 1775 3552 1850 ipse
3573 1776 3812 1846 jacentis

535 1844 676 1936 sicut
703 1844 904 1932 dicitur
929 1892 943 1928 :
969 1844 1212 1942 Respexit
1239 1870 1501 1924 Dominus
1549 1867 1618 1920 ad
1661 1865 1810 1931 Abel,
1831 1875 1878 1920 et
1905 1865 1974 1918 ad
2005 1881 2118 1919 mu.
2141 1844 2192 1906 Β
2218 1852 2434 1908 habitus
2459 1854 2662 1924 absque
2691 1855 3002 1916 dillioultate
3036 1861 3102 1918 ad
3129 1863 3430 1924 orationem
3453 1844 3611 1924 esset
3637 1884 3810 1938 parn-

537 1986 662 2024 nera
689 1967 826 2038 ejus,
859 1964 928 2020 ad
949 1963 1083 2020 Cain
1105 1979 1222 2018 vero
1254 1977 1358 2015 non
1383 1960 1623 2030 respexit.
1641 1957 1834 2013 Adhuc
1856 1957 2113 2025 loquitur,

533 2070 630 2118 ut:
668 2060 784 2116 Vox
812 2058 1082 2128 sanguinis
1113 2056 1294 2118 fratris
1318 2053 1396 2107 tui
1432 2054 1625 2107 clamat
1654 2052 1722 2104 ad
1765 2068 1846 2105 me
1887 2050 1950 2103 de
1973 2059 2116 2104 terra

533 2149 958 2228 (Gen.1v).Fide
982 2149 1186 2203 Enoch.
1215 2149 1443 2217 Propter
1471 2145 1632 2200 ﬁdem
1659 2158 1813 2198 suam
1829 2140 2116 2198 transferri

530 2246 750 2311 meruit,
784 2244 1012 2300 credens
1041 2241 1184 2311 quod
1211 2239 1368 2296 Jesus
1421 2237 1764 2308 postmodum
1812 2235 1869 2289 in
1917 2234 2118 2290 caelum

529 2326 892 2396 sublevandos
919 2343 1066 2391 esset
1096 2353 1108 2388 :
1135 2342 1260 2388 ante
1315 2332 1718 2386 translationem
1773 2331 1923 2384 enim
1957 2329 2114 2384 testi-

530 2433 772 2486 monium
796 2427 1005 2490 habuit,
1037 2434 1097 2479 ut
1118 2433 1204 2480 est
1231 2443 1244 2478 :
1279 2422 1576 2477 Ambulavit
1619 2421 1801 2474 Enoch
1842 2436 1958 2474 cum
2005 2419 2115 2474 Do-

529 2523 692 2576 mino.
714 2519 783 2574 Et
802 2518 929 2572 alibi
963 2535 976 2570 :
1011 2515 1079 2569 Et
1102 2513 1298 2585 placuit
1345 2512 1453 2566 Deo
1486 2512 1662 2566 anima
1705 2511 1819 2582 ejus
1849 2509 2002 2583 (Gen.
2032 2510 2110 2580 v).

529 2613 669 2680 Quia
709 2620 786 2666 est
824 2620 873 2664 et
917 2605 1298 2679 inquirentibus
1337 2622 1391 2660 se
1441 2613 1800 2658 remunerator
1822 2603 1902 2671 ﬁt.
1937 2602 1994 2658 In
2025 2602 2112 2658 his

2219 1950 2322 1998 tus.
2347 1944 2418 1998 Et
2441 1945 2504 1999 de
2531 1947 2732 2001 ossibus
2754 1951 2864 2003 suis
2906 1952 3194 2008 mandavit.
3227 1953 3337 2009 Ut:
3372 1955 3654 2012 Extolletis
3688 1977 3810 2014 ossa

2217 2051 2330 2088 mea
2359 2036 2478 2090 hinc
2509 2037 2791 2094 vobiscum.
2821 2040 3045 2112 Mystice
3070 2060 3190 2102 ossa
3236 2045 3438 2120 Ioseph
3467 2064 3535 2110 ex
3562 2049 3806 2125 Λέαγριο

2216 2128 2283 2183 ad
2310 2138 2508 2186 terram
2543 2133 2983 2203 repromissionis
3011 2138 3290 2206 translata,
3311 2141 3620 2212 signiﬁcant
3646 2143 3809 2203 Chri-

2216 2218 2284 2274 sti
2312 2221 2564 2275 mandata
2581 2237 2644 2276 ex
2670 2220 2870 2278 Iudaeis
2895 2225 2950 2280 in
2967 2225 3168 2282 Gentes
3189 2229 3422 2284 exitura.
3439 2225 3576 2286 Fide
3595 2225 3808 2304 Moyses

2215 2322 2390 2380 natus,
2423 2314 2714 2370 occultatus
2743 2326 2816 2371 est
2846 2318 3107 2373 mensibus
3130 2319 3316 2376 tribus.
3337 2321 3625 2393 Signiﬁcat
3647 2324 3809 2384 Chri-

2215 2416 2358 2462 stum
2386 2407 2716 2464 occultatum
2747 2409 2814 2465 ab
2841 2409 3112 2468 Abraham
3150 2429 3320 2486 usque
3345 2415 3412 2469 ad
3439 2414 3609 2471 David
3637 2435 3651 2472 :
3685 2419 3805 2490 pri.

2217 2516 2341 2556 mus
2383 2501 2529 2556 enim
2556 2503 2762 2559 mensis
2790 2511 2902 2571 est;
2953 2506 3149 2562 dehinc
3201 2509 3471 2564 secundus
3516 2514 3729 2572 mensis
3774 2531 3808 2581 ι

2212 2590 2384 2647 David
2408 2609 2579 2664 usque
2610 2595 2678 2650 ad
2701 2597 3229 2668 trausmigrationem
3259 2589 3582 2672 Babylonis;
3609 2607 3808 2666 tertius

2210 2698 2340 2743 vero
2360 2692 2446 2739 est
2466 2699 2498 2738 a
2514 2687 2990 2757 transmigratione
3011 2687 3298 2760 Babylonis
3320 2707 3490 2761 usque
3504 2694 3574 2750 ad
3597 2696 3804 2753 adven.

526 2707 738 2763 duobus
763 2704 938 2760 modis
961 2710 1133 2758 totum
1156 2700 1460 2773 symbolum
1489 2707 1542 2754 et
1569 2698 1782 2768 plenam
1829 2697 1991 2750 ﬁdem
2013 2696 2111 2752 ha-

523 2796 733 2852 bemus.
786 2793 922 2850 Fide
964 2792 1098 2848 Νοε,
1143 2791 1386 2847 Crede
1438 2805 1754 2860 responsum
1793 2804 1824 2842 η
1853 2787 1964 2843 Deo
2011 2804 2106 2843 ac-
2210 2783 2322 2830 tum
2350 2775 2672 2834 Salvatoris.
2707 2777 3090 2849 Improperium
3117 2777 3332 2837 Christi.
3362 2775 3457 2838 Vel
3488 2786 3802 2845 tribulatio-

522 2895 761 2958 ceptum.
794 2883 1006 2940 Aliter:
1033 2883 1289 2939 Prmvidit
1339 2897 1572 2952 namque
1621 2880 1920 2936 Ecclesiam
1953 2880 2107 2935 navi-
2205 2881 2303 2922 "es
2322 2866 2433 2936 P3ti
2457 2882 2555 2938 ΡΙὈ
2581 2866 2820 2934 (Ἀπίδῐον
2848 2867 2932 2923 "el
2962 2868 3016 2923 in
3067 2869 3296 2941 θευηιω
3339 2872 3801 2946 improperiorum

522 2984 770 3048 saturam
824 2990 921 3045 per
952 2989 1105 3029 mare
1153 2972 1338 3029 παρη
1392 2971 1570 3042 huius,
1619 2971 1686 3026 ad
1734 2979 1950 3041 pomum
1977 2971 2104 3026 vim
2205 2958 2430 3027 Christi,
2462 2963 2608 3031 quod
2636 2963 2780 3018 enim
2807 2974 2993 3048 postea
3021 2963 3237 3021 Christo
3267 2969 3472 3035 evenit,
3517 2969 3609 3026 ille
3634 2974 3803 3029 susti-

519 3077 753 3126 aeternet.
798 3065 904 3122 Per
928 3083 1107 3138 quam.
1149 3065 1356 3121 Fidem.
1407 3063 1784 3120 Condemnauit
1828 3062 2102 3118 saeculum,
2205 3050 2384 3108 nebat.
2419 3051 2931 3138 Remunerationem.
2965 3054 3269 3116 Mercedem
3315 3073 3346 3113 a
3388 3057 3630 3116 Christo.
3659 3061 3800 3124 Fide

516 3159 859 3225 Peccatores,
891 3159 984 3230 qui
1010 3174 1118 3213 non
1161 3163 1478 3212 meruerunt
1524 3170 1652 3210 arca
1699 3154 1918 3210 salvari.
1963 3153 2093 3211 Fide

2204 3140 2476 3198 celebravit
2515 3140 2744 3198 Pascha.
2797 3144 2900 3201 Per
2927 3161 3126 3218 agnum
3161 3166 3396 3221 namque
3440 3169 3566 3210 cum
3596 3157 3798 3228 populo

515 3254 606 3324 qui
645 3262 862 3307 vocatur
913 3249 1201 3304 Abraham.
1250 3248 1541 3318 Signanter
1570 3248 1669 3314 ait,
1715 3255 1960 3314 vocatur,
1987 3263 2096 3304 non
2124 3238 2168 3275 “
2201 3238 2463 3298 ίηιθίιειίῑ
2490 3238 2768 3296 (ηπίεῑιιω
2793 3255 2984 3298 verum
3031 3259 3256 3315 θεηυων
3300 3245 3370 3302 de
3396 3263 3505 3319 (Ῑυο
3542 3250 3792 3309 diem!“

514 3343 662 3400 enim
683 3344 763 3400 sie
788 3343 938 3414 prius
957 3342 1255 3398 vocabatur
1281 3343 1495 3411 quando
1521 3342 1776 3408 obedivit,
1802 3344 1898 3398 sed
1924 3343 2098 3399 Abl-as
2198 3332 2412 3392 Etenim
2477 3330 2688 3388 Pascha
2745 3346 2983 3392 nostrum
3049 3338 3353 3398 immolatus
3415 3353 3492 3399 est
3547 3343 3794 3405 Christus

514 3436 642 3491 ham
698 3443 828 3492 tunc
873 3434 1187 3490 nominatus
1214 3442 1316 3489 est.
1348 3432 1554 3488 Haeres.
1606 3433 1738 3488 Noe.
1789 3433 2092 3490 Institutas.

2196 3424 2250 3500 (Ι
2279 3424 2404 3482 Cor.
2435 3423 2512 3493 v).
2539 3424 2796 3482 Pracvidit
2836 3443 3072 3500 namque
3106 3433 3250 3504 quod
3277 3433 3335 3490 hi
3383 3435 3476 3506 qui
3527 3439 3582 3494 in
3613 3444 3793 3498 cruci-

511 3527 696 3583 Mundi
721 3529 912 3584 haeres,
943 3526 1202 3584 media“,
1232 3527 1459 3595 Quando
1501 3529 1701 3583 dictum
1751 3536 1837 3583 εει
1861 3529 1910 3583 εί
1942 3548 1955 3582 ε
1989 3529 2096 3585 Εωί
2194 3515 2362 3572 ﬁxum
2387 3517 2692 3585 crederent,
2721 3520 2776 3574 in
2805 3519 2991 3576 futuro
3014 3523 3254 3579 vindicta
3289 3537 3562 3586 carerent.
3590 3530 3674 3586 Ne
3699 3535 3789 3604 qui

509 3617 574 3673 de
589 3627 729 3672 terra
751 3628 864 3672 tua.
881 3618 1232 3688 Exspectabat
1250 3619 1389 3672 enim
1414 3617 1775 3686 fundamenta.
1791 3619 2089 3687 Christum,

508 3717 564 3764 et
611 3709 902 3778 apostolos,
960 3717 1017 3765 et
1053 3710 1372 3779 prophetas.
1419 3709 1718 3764 Civitatem.
1753 3709 2090 3766 Hierusalem

507 3798 828 3854 ccclestium.
879 3796 1016 3854 Fide
1059 3809 1108 3854 et
1147 3801 1262 3869 ipsa
1294 3797 1452 3853 Sara.
1501 3799 1795 3856 Ecclesiam
1847 3801 2088 3871 gentium

506 3893 746 3960 respexit
769 3892 836 3947 de
861 3908 968 3961 qua
999 3892 1196 3948 dicitur
1221 3910 1234 3946 :
1266 3891 1698 3958 La’tare,sterilis
1727 3910 1844 3962 qua).
1869 3911 1970 3948 non
1993 3911 2089 3964 pa-

506 3984 599 4037 ris.
630 3981 851 4052 Propter
896 3983 1034 4053 quod
1065 3994 1111 4037 et
1141 3985 1207 4038 ab
1253 4001 1382 4039 uno.
1435 3985 1685 4050 Homine,
1717 4001 1784 4038 ex
1810 3985 2084 4041 Abraham

503 4077 711 4133 scilicet
734 4086 788 4130 et
819 4075 976 4141 Sara,
1005 4085 1094 4130 ut:
1129 4075 1299 4130 Erunt
1325 4076 1430 4129 duo
1462 4077 1514 4130 in
1547 4093 1706 4129 carne
1732 4092 1858 4128 una.
1892 4075 1960 4130 Et
1987 4078 2084 4130 hoc

500 4175 757 4220 emortuo.
777 4164 1222 4234 Concupiscentia
1239 4165 1462 4220 carnali.
1478 4165 1646 4220 Juxta
1668 4165 1826 4233 ﬁdem
1847 4164 2082 4234 def-uncti

499 4265 640 4310 sunt.
665 4255 768 4322 Qui
797 4272 970 4326 usque
997 4257 1063 4311 ad
1092 4265 1321 4311 mortem
1349 4255 1508 4311 ﬁdem
1550 4263 1923 4312 servaverunt.
1955 4255 2078 4310 Non

497 4352 770 4423 perceptis.
794 4350 935 4407 Ante
959 4361 1186 4408 mortem
1234 4354 1760 4423 repromissionibus.
1818 4353 1881 4407 Et
1933 4352 2079 4408 salu-

499 4453 687 4499 tantes.
713 4444 963 4502 Dicentes
987 4462 1000 4501 :
1027 4447 1192 4502 Beata
1219 4455 1458 4516 tempora
1478 4448 1696 4517 quando
1714 4449 1830 4503 ham
1847 4457 2074 4504 ventura

2191 3611 2427 3666 vastabat
2457 3613 2829 3684 primogenita.
2863 3614 2920 3669 Id
2953 3625 3052 3679 est,
3107 3616 3348 3689 angelus.
3399 3619 3492 3678 Sic
3539 3623 3789 3682 diabolus

2191 3710 2435 3758 vastator
2457 3711 2561 3768 est,
2586 3718 2615 3756 a
2647 3719 2753 3773 quo
2777 3704 3076 3761 liberamur
3095 3723 3194 3779 per
3211 3709 3531 3784 sanguinem
3557 3716 3785 3778 Christi.

2189 3791 2320 3849 Fide
2366 3795 2749 3864 praedaverunt
2799 3795 3110 3868 Egyptios,
3157 3802 3287 3872 quia
3329 3806 3684 3866 crediderunt
3726 3827 3787 3869 se

2188 3883 2387 3940 iterum
2414 3887 2470 3941 in
2496 3885 2794 3959 Egyptum
2817 3904 2922 3944 non
2947 3906 3280 3951 reversuros.
3304 3895 3442 3954 Fide
3475 3904 3617 3958 muri
3639 3903 3785 3960 Ieri-

2185 3977 2300 4030 cho.
2325 3975 2543 4033 Iericho
2564 3977 2817 4046 defectio,
2833 3981 2918 4036 vel
2940 3981 3067 4044 luna
3095 3985 3502 4060 interpretatur,
3529 3992 3776 4064 ﬁguram

2186 4069 2371 4121 mundi
2398 4076 2606 4124 tenens.
2638 4069 2860 4142 Septem
2905 4089 3032 4131 vero
3065 4077 3244 4145 tubas,
3277 4092 3481 4152 septem
3509 4085 3782 4154 epistolas

2186 4158 2514 4250 apostolicas
2541 4160 2907 4233 intelligimus,
2937 4167 2991 4222 in
3015 4169 3210 4238 quibus
3244 4173 3574 4244 septiformis
3599 4177 3781 4250 Spiri-

2181 4260 2268 4308 tus
2320 4247 2494 4309 sancti
2526 4257 2724 4325 gratia,
2757 4259 3112 4332 doctrinaque
3141 4262 3367 4320 intonat.
3420 4266 3526 4324 Per
3563 4247 3777 4340 septem

2177 4360 2307 4401 vero
2353 4363 2561 4414 muros,
2621 4358 2827 4420 septem
2861 4353 3194 4424 principalia
3217 4356 3345 4412 vitia
3393 4360 3771 4432 designantur.

2177 4435 2311 4491 Fide
2330 4437 2498 4494 Raab.
2525 4439 2654 4507 Quae
2677 4441 2946 4512 signiﬁcat
2965 4444 3262 4502 Ecclesium
3301 4453 3565 4520 gentium,
3592 4459 3772 4512 susci-

501 4545 680 4589 erunt.
709 4537 778 4590 Et
802 4539 847 4591 si
885 4539 1091 4609 quidem
1128 4539 1270 4594 illius
1299 4542 1670 4596 meminissent.
1705 4541 1887 4597 Terrae
1912 4541 2074 4597 Chal—
2097 4591 2150 4616 η
2175 4529 2329 4600 piens
2356 4531 2750 4601 exploratores,
2783 4534 2837 4589 id
2867 4545 2970 4602 est.
3014 4537 3263 4600 doctores
3310 4545 3633 4614 catholicos.
3657 4550 3767 4616 vel.

500 4627 763 4690 datorum,
793 4629 859 4682 de
884 4645 990 4696 qua
1035 4631 1306 4697 exierunt,
1359 4631 1411 4686 id
1455 4641 1558 4698 est,
1591 4633 1657 4687 de
1687 4632 2070 4701 Mesopotamia

496 4716 688 4789 Syria).
722 4716 846 4771 Non
893 4721 1046 4789 pudet
1082 4721 1268 4776 Deum.
1319 4723 1378 4777 ld
1423 4732 1527 4788 est,
1574 4741 1679 4778 non
1722 4723 2070 4780 confunditur

493 4809 636 4864 Deus
666 4808 850 4864 vocari
873 4824 1057 4863 eorum
1085 4810 1246 4874 Deus,
1277 4821 1336 4866 ut
1365 4832 1378 4865 :
1410 4815 1552 4867 Deus
1590 4814 1885 4881 Abraham,
1925 4816 2067 4873 Deus

489 4899 657 4954 Isaac.
690 4897 911 4952 Paravit
940 4900 1076 4953 enim
1102 4899 1206 4954 illis
1239 4901 1376 4956 Deus
1405 4903 1682 4958 civitatem.
1729 4906 2066 4962 Hierusalem

489 4989 784 5046 caelestem.
815 4988 950 5044 Fide
975 4990 1160 5044 obtulit
1187 4991 1452 5046 Abraham
1502 4993 1678 5048 Isaac.
1721 4996 1854 5051 Cum
1883 5005 2060 5053 tenta-

488 5090 656 5148 retur,
688 5090 748 5136 ut
775 5097 790 5136 ε
813 5079 964 5152 Oﬂ‘er
987 5082 1116 5136 mihi
1138 5082 1310 5151 ﬁlium
1355 5093 1501 5138 tuum
1529 5085 1704 5142 Isaac.
1730 5089 1947 5158 Triplex
1967 5107 2060 5145 au-

487 5183 595 5226 tem
623 5175 824 5229 bonum
853 5174 1000 5240 fecit,
1034 5175 1178 5244 quod
1209 5174 1400 5238 ﬁlium,
1429 5183 1485 5231 et
1525 5178 1666 5246 quod
1698 5180 2056 5249 unigenitum,

487 5271 544 5317 et
570 5265 1045 5332 repromissionem
1077 5265 1130 5319 in
1154 5281 1260 5334 quo
1289 5267 1496 5334 accepit
1523 5266 1796 5322 offerebat.
1823 5269 1934 5325 Hoc
1964 5287 2059 5324 au-

484 5363 592 5409 tem
617 5353 816 5408 factum
840 5364 924 5411 est
952 5357 1003 5410 in
1035 5355 1259 5428 ﬁguram
1288 5357 1382 5411 Dei
1425 5357 1622 5423 Patris,
1669 5359 1860 5414 Filium
1901 5377 2054 5416 suum

2096 4591 2150 4651 D

2175 4626 2235 4673 ut
2284 4618 2374 4672 alii
2403 4620 2612 4688 dicunt,
2659 4623 2879 4679 Petrum
2920 4635 2975 4680 et
3027 4626 3276 4699 Paulum,
3308 4649 3403 4688 seu
3432 4637 3566 4693 duas
3595 4638 3766 4710 leges.

2173 4708 2390 4779 Deﬁciet
2411 4714 2551 4768 enim
2572 4731 2654 4768 me
2683 4724 2906 4787 tempus.
2929 4719 3036 4775 Aut
3059 4722 3404 4794 hyperbolica
3430 4727 3634 4785 locutio
3657 4708 3766 4800 est,

2172 4808 2265 4854 aut
2310 4810 2520 4873 tempus
2561 4805 2912 4874 destinatum,
2940 4813 3082 4880 quod
3135 4813 3203 4868 ad
3245 4816 3385 4873 hanc
3413 4821 3764 4880 scribendam

2169 4891 2454 4984 epistolam
2483 4895 2538 4949 in
2560 4897 2723 4951 corde
2751 4915 2849 4954 suo
2877 4906 3173 4973 proposuit.
3202 4905 3281 4961 De
3307 4906 3538 4968 Gedeon.
3569 4913 3627 4969 ld
3651 4925 3764 4984 est,

2168 4982 2295 5050 quid
2346 4986 2520 5040 adhuc
2550 4987 2726 5041 dicam
2759 4989 2823 5044 de
2855 4991 3072 5050 Gedeou
3121 5013 3244 5052 cum
3290 5003 3553 5058 trecentis
3604 4982 3761 5064 viris.

2164 5071 2708 5146 Baraclt._Pugnante
2735 5080 2895 5136 simul
2943 5099 3067 5140 cum
3113 5087 3360 5144 Debbora
3409 5094 3760 5164 pr0phetissa

2165 5172 2355 5218 contra
2383 5164 2620 5222 Sisaram
2644 5167 3031 5228 Chauanzeum.
3049 5174 3257 5247 Iephte.
3285 5177 3558 5237 Oﬁereute
3582 5184 3760 5243 ﬁliam

2164 5267 2317 5307 suam
2345 5266 2639 5314 contraque
2684 5260 2838 5316 Moab
2887 5277 3179 5333 pugnante.
3215 5268 3602 5330 .Obturarerant
3652 5293 3758 5334 ora

2163 5343 2388 5399 leonum.
2443 5347 2512 5402 Ut
2564 5348 2776 5418 Daniel,
2835 5362 2890 5408 et
2945 5343 3196 5428 Samson,
3225 5369 3281 5415 et
3311 5361 3502 5431 David,
3528 5370 3757 5436 quando

2159 5444 2342 5504 pastor
2391 5440 2569 5494 ovium
2597 5440 2716 5496 fuit.
2759 5443 3144 5502 Exstinxerunt
3191 5451 3438 5526 impetum
3485 5457 3641 5528 ignis.
3677 5447 3755 5516 Ut

2159 5537 2270 5583 tres
2297 5532 2450 5598 pueri
2483 5534 2537 5588 in
2567 5537 2782 5592 camino
2803 5538 2962 5609 ignis.
2995 5539 3314 5611 Effugerunt
3351 5547 3516 5602 aciem
3550 5543 3747 5620 gladii.

2159 5619 2309 5675 Sicut
2339 5623 2507 5680 David
2553 5628 2724 5682 aciem
2774 5629 2933 5699 gladii
2997 5632 3178 5712 Saulis
3207 5635 3414 5710 effugit.
3445 5619 3749 5700 Convalue-

2155 5724 2272 5766 runt
2302 5715 2367 5768 de
2415 5718 2740 5786 inﬁmitate.
2799 5722 2868 5777 Ut
2912 5723 3195 5783 Ezechias.
3245 5728 3433 5785 Castra
3473 5743 3746 5794 verterunt

2151 5813 2464 5858 exterarum.
2493 5806 2562 5862 Ut
2590 5808 2827 5876 Gedeon,
2854 5819 2910 5866 et
2929 5811 3211 5884 Ezechias,
3237 5821 3543 5893 caaterique.
3573 5824 3744 5882 Acce-

482 5463 579 5516 pro
625 5455 809 5501 nostra
853 5449 1025 5505 salute
1077 5450 1372 5505 oﬁ'erentis.
1406 5450 1557 5504 Unde
1595 5451 1860 5519 sequitur,
1913 5453 2054 5521 quod

483 5553 600 5592 eum
632 5539 683 5592 in
710 5539 1020 5606 parabolam
1048 5543 1278 5612 accepit,
1311 5543 1413 5596 hoc
1451 5549 1534 5595 est
1563 5542 1615 5594 in
1644 5541 2050 5598 similitudinem

477 5631 676 5687 Christi
720 5632 1003 5686 morientis
1040 5642 1095 5688 et
1137 5634 1490 5706 resurgentis.
1526 5632 1615 5688 Sic
1645 5633 1896 5688 Christus
1927 5636 2002 5688 ait
2031 5654 2044 5688 :

479 5724 743 5778 Abraham
772 5723 897 5777 vidit
920 5723 1058 5777 diem
1084 5744 1276 5792 meum,
1300 5738 1348 5781 et
1377 5729 1584 5798 gavisus
1608 5737 1700 5781 cst.
1727 5728 1857 5782 Fide
1882 5729 2044 5784 etiam

473 5811 538 5865 de
583 5809 779 5869 futuris
818 5810 1096 5867 benedixit
1133 5811 1306 5881 Isaac,
1355 5815 1545 5897 spiritu
1578 5830 2041 5886 prmeognoscens,
