  <div class='ocr_page' id='page_1' title='image "/cluster/home/n/w/nwhite01/storage/ocr_20150623/103/hvd.32044015466816/140.png"; bbox 0 0 4046 6332; ppageno 0'>
   <div class='ocr_carea' id='block_1_1' title="bbox 232 450 337 511">
    <p class='ocr_par' dir='ltr' id='par_1_1' title="bbox 232 450 337 511">
     <span class='ocr_line' id='line_1_1' title="bbox 232 450 337 511; baseline 0 -2"><span class='ocrx_word' id='word_1_1' title='bbox 232 450 337 511; x_wconf 67' lang='grc' dir='ltr'><strong>ἳϐθ</strong></span> 
     </span>
    </p>
   </div>
   <div class='ocr_carea' id='block_1_2' title="bbox 1329 456 2403 521">
    <p class='ocr_par' dir='ltr' id='par_1_2' title="bbox 1329 456 2403 521">
     <span class='ocr_line' id='line_1_2' title="bbox 1329 456 2403 521; baseline -0.002 0"><span class='ocrx_word' id='word_1_2' title='bbox 1329 461 1663 521; x_wconf 85' lang='lat' dir='ltr'><strong>COLLECT.</strong></span> <span class='ocrx_word' id='word_1_3' title='bbox 1705 462 1771 518; x_wconf 85' lang='lat' dir='ltr'><strong>IN</strong></span> <span class='ocrx_word' id='word_1_4' title='bbox 1815 456 2030 520; x_wconf 82' lang='lat' dir='ltr'><strong>EPIST.</strong></span> <span class='ocrx_word' id='word_1_5' title='bbox 2071 465 2163 521; x_wconf 84' lang='lat' dir='ltr'><strong>AD</strong></span> <span class='ocrx_word' id='word_1_6' title='bbox 2202 464 2403 520; x_wconf 81' lang='lat' dir='ltr'><strong>HEBR.</strong></span> 
     </span>
    </p>
   </div>
   <div class='ocr_carea' id='block_1_3' title="bbox 3392 476 3502 547">
    <p class='ocr_par' dir='ltr' id='par_1_3' title="bbox 3392 476 3502 547">
     <span class='ocr_line' id='line_1_3' title="bbox 3392 476 3502 547; baseline 0 0"><span class='ocrx_word' id='word_1_7' title='bbox 3392 476 3502 547; x_wconf 59' lang='lat'><strong>210</strong></span> 
     </span>
    </p>
   </div>
   <div class='ocr_carea' id='block_1_4' title="bbox 229 558 3506 673">
    <p class='ocr_par' dir='ltr' id='par_1_4' title="bbox 229 558 3506 669">
     <span class='ocr_line' id='line_1_4' title="bbox 229 558 3506 669; baseline 0.009 -52"><span class='ocrx_word' id='word_1_8' title='bbox 229 573 416 635; x_wconf 83' lang='lat' dir='ltr'><strong>perunt</strong></span> <span class='ocrx_word' id='word_1_9' title='bbox 468 563 710 620; x_wconf 80' lang='lat' dir='ltr'><strong>mulieres</strong></span> <span class='ocrx_word' id='word_1_10' title='bbox 754 567 819 622; x_wconf 90' lang='lat' dir='ltr'><strong>de</strong></span> <span class='ocrx_word' id='word_1_11' title='bbox 863 573 1238 626; x_wconf 77' lang='lat' dir='ltr'><strong>resurrectione</strong></span> <span class='ocrx_word' id='word_1_12' title='bbox 1287 582 1520 629; x_wconf 88' lang='lat' dir='ltr'><strong>mortuos</strong></span> <span class='ocrx_word' id='word_1_13' title='bbox 1564 590 1707 628; x_wconf 89' lang='lat' dir='ltr'><strong>suos.</strong></span> <span class='ocrx_word' id='word_1_14' title='bbox 1742 572 1814 630; x_wconf 97' lang='lat' dir='ltr'><strong>Ut</strong></span> <span class='ocrx_word' id='word_1_15' title='bbox 1839 577 1892 637; x_wconf 85' lang='grc' dir='ltr'><strong>Α</strong></span> <span class='ocrx_word' id='word_1_16' title='bbox 1914 575 2077 629; x_wconf 79' lang='lat' dir='ltr'><strong>sistis.</strong></span> <span class='ocrx_word' id='word_1_17' title='bbox 2105 574 2185 630; x_wconf 90' lang='lat' dir='ltr'><strong>Ac</strong></span> <span class='ocrx_word' id='word_1_18' title='bbox 2216 576 2262 631; x_wconf 89' lang='lat' dir='ltr'><strong>si</strong></span> <span class='ocrx_word' id='word_1_19' title='bbox 2287 576 2450 642; x_wconf 91' lang='lat' dir='ltr'><strong>dicat,</strong></span> <span class='ocrx_word' id='word_1_20' title='bbox 2475 576 2591 663; x_wconf 83' lang='lat' dir='ltr'><strong>Non</strong></span> <span class='ocrx_word' id='word_1_21' title='bbox 2614 578 2683 634; x_wconf 91' lang='lat' dir='ltr'><strong>ad</strong></span> <span class='ocrx_word' id='word_1_22' title='bbox 2701 578 2919 638; x_wconf 84' lang='lat' dir='ltr'><strong>visibile</strong></span> <span class='ocrx_word' id='word_1_23' title='bbox 2950 591 3007 663; x_wconf 87' lang='lat' dir='ltr'><strong>et</strong></span> <span class='ocrx_word' id='word_1_24' title='bbox 3030 583 3299 659; x_wconf 84' lang='lat' dir='ltr'><strong>palpabile</strong></span> <span class='ocrx_word' id='word_1_25' title='bbox 3323 558 3506 669; x_wconf 66' lang='lat' dir='ltr'><strong>lumen</strong></span> 
     </span>
    </p>
   </div>
   <div class='ocr_carea' id='block_1_5' title="bbox 232 653 1819 731">
    <p class='ocr_par' dir='ltr' id='par_1_5' title="bbox 232 653 1819 731">
     <span class='ocr_line' id='line_1_5' title="bbox 232 653 1819 731; baseline 0.01 -24"><span class='ocrx_word' id='word_1_26' title='bbox 232 653 382 709; x_wconf 89' lang='lat' dir='ltr'><strong>Elias</strong></span> <span class='ocrx_word' id='word_1_27' title='bbox 409 657 693 712; x_wconf 88' lang='lat' dir='ltr'><strong>suscitavit</strong></span> <span class='ocrx_word' id='word_1_28' title='bbox 713 657 883 715; x_wconf 90' lang='lat' dir='ltr'><strong>ﬁlium</strong></span> <span class='ocrx_word' id='word_1_29' title='bbox 898 663 1072 718; x_wconf 65' lang='lat' dir='ltr'><strong>viduae</strong></span> <span class='ocrx_word' id='word_1_30' title='bbox 1086 662 1300 731; x_wconf 84' lang='lat' dir='ltr'><strong>Jonam,</strong></span> <span class='ocrx_word' id='word_1_31' title='bbox 1324 675 1379 721; x_wconf 88' lang='lat' dir='ltr'><strong>et</strong></span> <span class='ocrx_word' id='word_1_32' title='bbox 1405 667 1628 722; x_wconf 63' lang='lat' dir='ltr'><strong>Elisseus</strong></span> <span class='ocrx_word' id='word_1_33' title='bbox 1649 667 1819 723; x_wconf 89' lang='lat' dir='ltr'><strong>ﬁlium</strong></span> 
     </span>
    </p>
   </div>
   <div class='ocr_carea' id='block_1_6' title="bbox 230 746 1820 828">
    <p class='ocr_par' dir='ltr' id='par_1_6' title="bbox 230 746 1820 828">
     <span class='ocr_line' id='line_1_6' title="bbox 230 746 1820 828; baseline 0.009 -27"><span class='ocrx_word' id='word_1_34' title='bbox 230 746 534 804; x_wconf 88' lang='lat' dir='ltr'><strong>Samaritis.</strong></span> <span class='ocrx_word' id='word_1_35' title='bbox 561 750 668 806; x_wconf 81' lang='lat' dir='ltr'><strong>Alii</strong></span> <span class='ocrx_word' id='word_1_36' title='bbox 691 762 865 808; x_wconf 89' lang='lat' dir='ltr'><strong>autem</strong></span> <span class='ocrx_word' id='word_1_37' title='bbox 896 755 1108 812; x_wconf 77' lang='lat' dir='ltr'><strong>distenti</strong></span> <span class='ocrx_word' id='word_1_38' title='bbox 1131 768 1271 812; x_wconf 87' lang='lat' dir='ltr'><strong>sunt.</strong></span> <span class='ocrx_word' id='word_1_39' title='bbox 1300 759 1543 818; x_wconf 77' lang='lat' dir='ltr'><strong>Chlciati</strong></span> <span class='ocrx_word' id='word_1_40' title='bbox 1574 768 1724 828; x_wconf 84' lang='lat' dir='ltr'><strong>sunt,</strong></span> <span class='ocrx_word' id='word_1_41' title='bbox 1757 770 1820 816; x_wconf 88' lang='lat' dir='ltr'><strong>ut</strong></span> 
     </span>
    </p>
   </div>
   <div class='ocr_carea' id='block_1_7' title="bbox 226 838 1818 922">
    <p class='ocr_par' dir='ltr' id='par_1_7' title="bbox 226 838 1818 922">
     <span class='ocr_line' id='line_1_7' title="bbox 226 838 1818 922; baseline 0.007 -27"><span class='ocrx_word' id='word_1_42' title='bbox 226 839 543 899; x_wconf 67' lang='lat' dir='ltr'><strong>Machabrei.</strong></span> <span class='ocrx_word' id='word_1_43' title='bbox 592 844 720 901; x_wconf 84' lang='lat' dir='ltr'><strong>Non</strong></span> <span class='ocrx_word' id='word_1_44' title='bbox 756 850 1116 919; x_wconf 77' lang='lat' dir='ltr'><strong>suscipientes.</strong></span> <span class='ocrx_word' id='word_1_45' title='bbox 1154 851 1210 905; x_wconf 93' lang='lat' dir='ltr'><strong>In</strong></span> <span class='ocrx_word' id='word_1_46' title='bbox 1260 838 1520 922; x_wconf 58' lang='lat' dir='ltr'><strong>prmsehti</strong></span> <span class='ocrx_word' id='word_1_47' title='bbox 1547 850 1681 907; x_wconf 67' lang='lat' dir='ltr'><strong>vita.</strong></span> <span class='ocrx_word' id='word_1_48' title='bbox 1712 852 1818 907; x_wconf 83' lang='lat' dir='ltr'><strong>Alii</strong></span> 
     </span>
    </p>
   </div>
   <div class='ocr_carea' id='block_1_8' title="bbox 224 930 1820 1021">
    <p class='ocr_par' dir='ltr' id='par_1_8' title="bbox 224 930 1820 1021">
     <span class='ocr_line' id='line_1_8' title="bbox 224 930 1820 1021; baseline 0.006 -28"><span class='ocrx_word' id='word_1_49' title='bbox 224 956 346 994; x_wconf 76' lang='lat' dir='ltr'><strong>vero</strong></span> <span class='ocrx_word' id='word_1_50' title='bbox 370 938 602 996; x_wconf 78' lang='lat' dir='ltr'><strong>ludibria</strong></span> <span class='ocrx_word' id='word_1_51' title='bbox 626 954 675 999; x_wconf 87' lang='lat' dir='ltr'><strong>et</strong></span> <span class='ocrx_word' id='word_1_52' title='bbox 698 944 907 999; x_wconf 77' lang='lat' dir='ltr'><strong>verbera</strong></span> <span class='ocrx_word' id='word_1_53' title='bbox 928 930 1146 1019; x_wconf 65' lang='lat' dir='ltr'><strong>experti.</strong></span> <span class='ocrx_word' id='word_1_54' title='bbox 1180 948 1251 1004; x_wconf 94' lang='lat' dir='ltr'><strong>Ut</strong></span> <span class='ocrx_word' id='word_1_55' title='bbox 1276 948 1562 1005; x_wconf 84' lang='lat' dir='ltr'><strong>Jeremias.</strong></span> <span class='ocrx_word' id='word_1_56' title='bbox 1594 950 1820 1021; x_wconf 77' lang='lat' dir='ltr'><strong>Insuper</strong></span> 
     </span>
    </p>
   </div>
   <div class='ocr_carea' id='block_1_9' title="bbox 222 1030 1819 1112">
    <p class='ocr_par' dir='ltr' id='par_1_9' title="bbox 222 1030 1819 1112">
     <span class='ocr_line' id='line_1_9' title="bbox 222 1030 1819 1112; baseline 0.008 -26"><span class='ocrx_word' id='word_1_57' title='bbox 222 1041 274 1087; x_wconf 88' lang='lat' dir='ltr'><strong>et</strong></span> <span class='ocrx_word' id='word_1_58' title='bbox 303 1033 538 1101; x_wconf 84' lang='lat' dir='ltr'><strong>vincula,</strong></span> <span class='ocrx_word' id='word_1_59' title='bbox 577 1044 625 1089; x_wconf 90' lang='lat' dir='ltr'><strong>et</strong></span> <span class='ocrx_word' id='word_1_60' title='bbox 657 1053 911 1093; x_wconf 83' lang='lat' dir='ltr'><strong>carceres.</strong></span> <span class='ocrx_word' id='word_1_61' title='bbox 948 1039 1017 1095; x_wconf 88' lang='lat' dir='ltr'><strong>Ut</strong></span> <span class='ocrx_word' id='word_1_62' title='bbox 1041 1034 1261 1111; x_wconf 70' lang='lat' dir='ltr'><strong>Ioseph.</strong></span> <span class='ocrx_word' id='word_1_63' title='bbox 1310 1030 1556 1112; x_wconf 80' lang='lat' dir='ltr'><strong>Lapidati</strong></span> <span class='ocrx_word' id='word_1_64' title='bbox 1577 1052 1717 1096; x_wconf 87' lang='lat' dir='ltr'><strong>sunt.</strong></span> <span class='ocrx_word' id='word_1_65' title='bbox 1747 1040 1819 1098; x_wconf 89' lang='lat' dir='ltr'><strong>Ut</strong></span> 
     </span>
    </p>
   </div>
   <div class='ocr_carea' id='block_1_10' title="bbox 223 1124 1819 1207">
    <p class='ocr_par' dir='ltr' id='par_1_10' title="bbox 223 1124 1819 1207">
     <span class='ocr_line' id='line_1_10' title="bbox 223 1124 1819 1207; baseline 0.007 -28"><span class='ocrx_word' id='word_1_66' title='bbox 223 1124 455 1181; x_wconf 81' lang='lat' dir='ltr'><strong>Nahoth.</strong></span> <span class='ocrx_word' id='word_1_67' title='bbox 494 1126 638 1183; x_wconf 81' lang='lat' dir='ltr'><strong>Secti</strong></span> <span class='ocrx_word' id='word_1_68' title='bbox 661 1139 805 1184; x_wconf 86' lang='lat' dir='ltr'><strong>sunt.</strong></span> <span class='ocrx_word' id='word_1_69' title='bbox 842 1131 914 1187; x_wconf 90' lang='lat' dir='ltr'><strong>Ut</strong></span> <span class='ocrx_word' id='word_1_70' title='bbox 936 1132 1123 1188; x_wconf 88' lang='lat' dir='ltr'><strong>lsaias.</strong></span> <span class='ocrx_word' id='word_1_71' title='bbox 1171 1134 1299 1189; x_wconf 64' lang='lat' dir='ltr'><strong>Hinc</strong></span> <span class='ocrx_word' id='word_1_72' title='bbox 1336 1151 1434 1206; x_wconf 90' lang='lat' dir='ltr'><strong>per</strong></span> <span class='ocrx_word' id='word_1_73' title='bbox 1462 1132 1716 1207; x_wconf 83' lang='lat' dir='ltr'><strong>syllepsin</strong></span> <span class='ocrx_word' id='word_1_74' title='bbox 1738 1132 1819 1192; x_wconf 83' lang='lat' dir='ltr'><strong>di-</strong></span> 
     </span>
    </p>
   </div>
   <div class='ocr_carea' id='block_1_11' title="bbox 223 1219 1819 1294">
    <p class='ocr_par' dir='ltr' id='par_1_11' title="bbox 223 1219 1819 1294">
     <span class='ocr_line' id='line_1_11' title="bbox 223 1219 1819 1294; baseline 0.008 -22"><span class='ocrx_word' id='word_1_75' title='bbox 223 1226 442 1284; x_wconf 91' lang='lat' dir='ltr'><strong>cuntur,</strong></span> <span class='ocrx_word' id='word_1_76' title='bbox 467 1219 595 1289; x_wconf 85' lang='lat' dir='ltr'><strong>quia</strong></span> <span class='ocrx_word' id='word_1_77' title='bbox 624 1222 774 1276; x_wconf 88' lang='lat' dir='ltr'><strong>verbi</strong></span> <span class='ocrx_word' id='word_1_78' title='bbox 799 1224 991 1293; x_wconf 78' lang='lat' dir='ltr'><strong>gratia,</strong></span> <span class='ocrx_word' id='word_1_79' title='bbox 1017 1241 1123 1280; x_wconf 92' lang='lat' dir='ltr'><strong>non</strong></span> <span class='ocrx_word' id='word_1_80' title='bbox 1176 1226 1334 1281; x_wconf 90' lang='lat' dir='ltr'><strong>multi</strong></span> <span class='ocrx_word' id='word_1_81' title='bbox 1374 1228 1509 1283; x_wconf 87' lang='lat' dir='ltr'><strong>secti</strong></span> <span class='ocrx_word' id='word_1_82' title='bbox 1547 1236 1694 1294; x_wconf 83' lang='lat' dir='ltr'><strong>sunt,</strong></span> <span class='ocrx_word' id='word_1_83' title='bbox 1720 1228 1819 1284; x_wconf 77' lang='lat' dir='ltr'><strong>sed</strong></span> 
     </span>
    </p>
   </div>
   <div class='ocr_carea' id='block_1_12' title="bbox 220 1313 1817 1382">
    <p class='ocr_par' dir='ltr' id='par_1_12' title="bbox 220 1313 1817 1382">
     <span class='ocr_line' id='line_1_12' title="bbox 220 1313 1817 1382; baseline 0.006 -18"><span class='ocrx_word' id='word_1_84' title='bbox 220 1326 363 1366; x_wconf 90' lang='lat' dir='ltr'><strong>unus</strong></span> <span class='ocrx_word' id='word_1_85' title='bbox 394 1319 630 1380; x_wconf 83' lang='lat' dir='ltr'><strong>tantum,</strong></span> <span class='ocrx_word' id='word_1_86' title='bbox 659 1313 713 1368; x_wconf 87' lang='lat' dir='ltr'><strong>id</strong></span> <span class='ocrx_word' id='word_1_87' title='bbox 755 1323 861 1382; x_wconf 90' lang='lat' dir='ltr'><strong>est,</strong></span> <span class='ocrx_word' id='word_1_88' title='bbox 888 1316 1075 1373; x_wconf 83' lang='lat' dir='ltr'><strong>Isaias.</strong></span> <span class='ocrx_word' id='word_1_89' title='bbox 1127 1317 1333 1374; x_wconf 86' lang='lat' dir='ltr'><strong>Tentati</strong></span> <span class='ocrx_word' id='word_1_90' title='bbox 1360 1328 1502 1375; x_wconf 86' lang='lat' dir='ltr'><strong>sunt.</strong></span> <span class='ocrx_word' id='word_1_91' title='bbox 1538 1320 1610 1376; x_wconf 87' lang='lat' dir='ltr'><strong>Ut</strong></span> <span class='ocrx_word' id='word_1_92' title='bbox 1635 1318 1739 1375; x_wconf 80' lang='lat' dir='ltr'><strong>Job</strong></span> <span class='ocrx_word' id='word_1_93' title='bbox 1761 1328 1817 1375; x_wconf 90' lang='lat' dir='ltr'><strong>et</strong></span> 
     </span>
    </p>
   </div>
   <div class='ocr_carea' id='block_1_13' title="bbox 220 1400 1814 1478">
    <p class='ocr_par' dir='ltr' id='par_1_13' title="bbox 220 1400 1814 1478">
     <span class='ocr_line' id='line_1_13' title="bbox 220 1400 1814 1478; baseline 0.007 -21"><span class='ocrx_word' id='word_1_94' title='bbox 220 1400 443 1458; x_wconf 85' lang='lat' dir='ltr'><strong>Tobias.</strong></span> <span class='ocrx_word' id='word_1_95' title='bbox 483 1402 552 1459; x_wconf 87' lang='lat' dir='ltr'><strong>In</strong></span> <span class='ocrx_word' id='word_1_96' title='bbox 579 1406 838 1462; x_wconf 76' lang='lat' dir='ltr'><strong>occisione</strong></span> <span class='ocrx_word' id='word_1_97' title='bbox 857 1406 1025 1478; x_wconf 77' lang='lat' dir='ltr'><strong>gladii</strong></span> <span class='ocrx_word' id='word_1_98' title='bbox 1054 1401 1248 1466; x_wconf 83' lang='lat' dir='ltr'><strong>mortui</strong></span> <span class='ocrx_word' id='word_1_99' title='bbox 1301 1420 1447 1467; x_wconf 87' lang='lat' dir='ltr'><strong>sunt.</strong></span> <span class='ocrx_word' id='word_1_100' title='bbox 1502 1412 1575 1468; x_wconf 90' lang='lat' dir='ltr'><strong>Ut</strong></span> <span class='ocrx_word' id='word_1_101' title='bbox 1601 1412 1814 1468; x_wconf 78' lang='lat' dir='ltr'><strong>Zacha-</strong></span> 
     </span>
    </p>
   </div>
   <div class='ocr_carea' id='block_1_14' title="bbox 219 1496 1815 1575">
    <p class='ocr_par' dir='ltr' id='par_1_14' title="bbox 219 1496 1815 1575">
     <span class='ocr_line' id='line_1_14' title="bbox 219 1496 1815 1575; baseline 0.006 -23"><span class='ocrx_word' id='word_1_102' title='bbox 219 1496 335 1554; x_wconf 85' lang='lat' dir='ltr'><strong>rias</strong></span> <span class='ocrx_word' id='word_1_103' title='bbox 376 1497 521 1556; x_wconf 87' lang='lat' dir='ltr'><strong>ﬁlius</strong></span> <span class='ocrx_word' id='word_1_104' title='bbox 567 1499 772 1558; x_wconf 61' lang='lat' dir='ltr'><strong>Joiadm</strong></span> <span class='ocrx_word' id='word_1_105' title='bbox 812 1503 1145 1570; x_wconf 86' lang='lat' dir='ltr'><strong>sacerdotis,</strong></span> <span class='ocrx_word' id='word_1_106' title='bbox 1189 1504 1284 1575; x_wconf 89' lang='lat' dir='ltr'><strong>qui</strong></span> <span class='ocrx_word' id='word_1_107' title='bbox 1322 1506 1536 1563; x_wconf 88' lang='lat' dir='ltr'><strong>occisus</strong></span> <span class='ocrx_word' id='word_1_108' title='bbox 1561 1506 1815 1562; x_wconf 84' lang='lat' dir='ltr'><strong>estinter</strong></span> 
     </span>
    </p>
   </div>
   <div class='ocr_carea' id='block_1_15' title="bbox 217 1588 1813 1659">
    <p class='ocr_par' dir='ltr' id='par_1_15' title="bbox 217 1588 1813 1659">
     <span class='ocr_line' id='line_1_15' title="bbox 217 1588 1813 1659; baseline 0.008 -18"><span class='ocrx_word' id='word_1_109' title='bbox 217 1588 480 1659; x_wconf 79' lang='lat' dir='ltr'><strong>templum</strong></span> <span class='ocrx_word' id='word_1_110' title='bbox 511 1598 567 1647; x_wconf 91' lang='lat' dir='ltr'><strong>et</strong></span> <span class='ocrx_word' id='word_1_111' title='bbox 594 1591 786 1650; x_wconf 84' lang='lat' dir='ltr'><strong>altare.</strong></span> <span class='ocrx_word' id='word_1_112' title='bbox 821 1591 1207 1651; x_wconf 80' lang='lat' dir='ltr'><strong>Circumierunt</strong></span> <span class='ocrx_word' id='word_1_113' title='bbox 1237 1598 1292 1652; x_wconf 90' lang='lat' dir='ltr'><strong>in</strong></span> <span class='ocrx_word' id='word_1_114' title='bbox 1324 1597 1551 1652; x_wconf 82' lang='lat' dir='ltr'><strong>melotis.</strong></span> <span class='ocrx_word' id='word_1_115' title='bbox 1572 1598 1644 1655; x_wconf 89' lang='lat' dir='ltr'><strong>Ut</strong></span> <span class='ocrx_word' id='word_1_116' title='bbox 1666 1599 1813 1653; x_wconf 86' lang='lat' dir='ltr'><strong>Elias</strong></span> 
     </span>
    </p>
   </div>
   <div class='ocr_carea' id='block_1_16' title="bbox 214 1680 1812 1761">
    <p class='ocr_par' dir='ltr' id='par_1_16' title="bbox 214 1680 1812 1761">
     <span class='ocr_line' id='line_1_16' title="bbox 214 1680 1812 1761; baseline 0.005 -24"><span class='ocrx_word' id='word_1_117' title='bbox 214 1689 272 1737; x_wconf 89' lang='lat' dir='ltr'><strong>et</strong></span> <span class='ocrx_word' id='word_1_118' title='bbox 290 1680 546 1753; x_wconf 84' lang='lat' dir='ltr'><strong>Joannes,</strong></span> <span class='ocrx_word' id='word_1_119' title='bbox 574 1686 775 1757; x_wconf 86' lang='lat' dir='ltr'><strong>aliique</strong></span> <span class='ocrx_word' id='word_1_120' title='bbox 813 1688 989 1745; x_wconf 88' lang='lat' dir='ltr'><strong>multi.</strong></span> <span class='ocrx_word' id='word_1_121' title='bbox 1025 1688 1123 1747; x_wconf 85' lang='lat' dir='ltr'><strong>Est</strong></span> <span class='ocrx_word' id='word_1_122' title='bbox 1175 1698 1360 1745; x_wconf 88' lang='lat' dir='ltr'><strong>autem</strong></span> <span class='ocrx_word' id='word_1_123' title='bbox 1401 1689 1603 1746; x_wconf 87' lang='lat' dir='ltr'><strong>melota</strong></span> <span class='ocrx_word' id='word_1_124' title='bbox 1654 1690 1812 1761; x_wconf 86' lang='lat' dir='ltr'><strong>pellis</strong></span> 
     </span>
    </p>
   </div>
   <div class='ocr_carea' id='block_1_17' title="bbox 213 1775 1813 1852">
    <p class='ocr_par' dir='ltr' id='par_1_17' title="bbox 213 1775 1813 1852">
     <span class='ocr_line' id='line_1_17' title="bbox 213 1775 1813 1852; baseline 0.006 -22"><span class='ocrx_word' id='word_1_125' title='bbox 213 1775 438 1846; x_wconf 88' lang='lat' dir='ltr'><strong>caprina</strong></span> <span class='ocrx_word' id='word_1_126' title='bbox 453 1792 520 1834; x_wconf 80' lang='lat' dir='ltr'><strong>ex</strong></span> <span class='ocrx_word' id='word_1_127' title='bbox 543 1794 652 1835; x_wconf 91' lang='lat' dir='ltr'><strong>uno</strong></span> <span class='ocrx_word' id='word_1_128' title='bbox 672 1778 844 1837; x_wconf 85' lang='lat' dir='ltr'><strong>latere</strong></span> <span class='ocrx_word' id='word_1_129' title='bbox 874 1780 1204 1851; x_wconf 84' lang='lat' dir='ltr'><strong>dependens,</strong></span> <span class='ocrx_word' id='word_1_130' title='bbox 1232 1798 1340 1852; x_wconf 89' lang='lat' dir='ltr'><strong>qua</strong></span> <span class='ocrx_word' id='word_1_131' title='bbox 1369 1783 1626 1838; x_wconf 83' lang='lat' dir='ltr'><strong>monachi</strong></span> <span class='ocrx_word' id='word_1_132' title='bbox 1652 1792 1813 1839; x_wconf 85' lang='lat' dir='ltr'><strong>utun-</strong></span> 
     </span>
    </p>
   </div>
   <div class='ocr_carea' id='block_1_18' title="bbox 211 1854 1808 1942">
    <p class='ocr_par' dir='ltr' id='par_1_18' title="bbox 211 1854 1808 1942">
     <span class='ocr_line' id='line_1_18' title="bbox 211 1854 1808 1942; baseline 0.004 -20"><span class='ocrx_word' id='word_1_133' title='bbox 211 1872 306 1922; x_wconf 85' lang='lat' dir='ltr'><strong>tur</strong></span> <span class='ocrx_word' id='word_1_134' title='bbox 334 1854 594 1940; x_wconf 63' lang='lat' dir='ltr'><strong>rliﬂptii.</strong></span> <span class='ocrx_word' id='word_1_135' title='bbox 622 1869 824 1936; x_wconf 79' lang='lat' dir='ltr'><strong>Quibus</strong></span> <span class='ocrx_word' id='word_1_136' title='bbox 856 1871 1045 1942; x_wconf 85' lang='lat' dir='ltr'><strong>dignus</strong></span> <span class='ocrx_word' id='word_1_137' title='bbox 1074 1888 1180 1926; x_wconf 91' lang='lat' dir='ltr'><strong>non</strong></span> <span class='ocrx_word' id='word_1_138' title='bbox 1213 1881 1327 1927; x_wconf 89' lang='lat' dir='ltr'><strong>erat</strong></span> <span class='ocrx_word' id='word_1_139' title='bbox 1358 1873 1607 1928; x_wconf 81' lang='lat' dir='ltr'><strong>mundus.</strong></span> <span class='ocrx_word' id='word_1_140' title='bbox 1657 1873 1808 1929; x_wconf 71' lang='lat' dir='ltr'><strong>Prte-</strong></span> 
     </span>
    </p>
   </div>
   <div class='ocr_carea' id='block_1_19' title="bbox 1920 656 3508 749">
    <p class='ocr_par' dir='ltr' id='par_1_19' title="bbox 1920 656 3508 749">
     <span class='ocr_line' id='line_1_19' title="bbox 1920 656 3508 749; baseline 0.013 -30"><span class='ocrx_word' id='word_1_141' title='bbox 1920 656 2250 731; x_wconf 84' lang='lat' dir='ltr'><strong>accessistis,</strong></span> <span class='ocrx_word' id='word_1_142' title='bbox 2280 668 2372 722; x_wconf 88' lang='lat' dir='ltr'><strong>sed</strong></span> <span class='ocrx_word' id='word_1_143' title='bbox 2401 667 2467 723; x_wconf 89' lang='lat' dir='ltr'><strong>ad</strong></span> <span class='ocrx_word' id='word_1_144' title='bbox 2520 656 2848 728; x_wconf 88' lang='lat' dir='ltr'><strong>invisibilem</strong></span> <span class='ocrx_word' id='word_1_145' title='bbox 2896 681 2951 729; x_wconf 91' lang='lat' dir='ltr'><strong>et</strong></span> <span class='ocrx_word' id='word_1_146' title='bbox 2990 656 3508 749; x_wconf 78' lang='lat' dir='ltr'><strong>incomprehensibi-</strong></span> 
     </span>
    </p>
   </div>
   <div class='ocr_carea' id='block_1_20' title="bbox 1918 758 3508 841">
    <p class='ocr_par' dir='ltr' id='par_1_20' title="bbox 1918 758 3508 841">
     <span class='ocr_line' id='line_1_20' title="bbox 1918 758 3508 841; baseline 0.01 -27"><span class='ocrx_word' id='word_1_147' title='bbox 1918 758 2027 814; x_wconf 87' lang='lat' dir='ltr'><strong>lem</strong></span> <span class='ocrx_word' id='word_1_148' title='bbox 2058 758 2247 841; x_wconf 78' lang='lat' dir='ltr'><strong>Deum.</strong></span> <span class='ocrx_word' id='word_1_149' title='bbox 2275 759 2459 830; x_wconf 77' lang='lat' dir='ltr'><strong>Ignem</strong></span> <span class='ocrx_word' id='word_1_150' title='bbox 2479 770 2528 815; x_wconf 91' lang='lat' dir='ltr'><strong>et</strong></span> <span class='ocrx_word' id='word_1_151' title='bbox 2545 762 2824 818; x_wconf 84' lang='lat' dir='ltr'><strong>turbinem.</strong></span> <span class='ocrx_word' id='word_1_152' title='bbox 2848 765 2975 821; x_wconf 58' lang='lat' dir='ltr'><strong>Haec</strong></span> <span class='ocrx_word' id='word_1_153' title='bbox 3001 770 3183 824; x_wconf 91' lang='lat' dir='ltr'><strong>omnia</strong></span> <span class='ocrx_word' id='word_1_154' title='bbox 3208 769 3427 841; x_wconf 74' lang='lat' dir='ltr'><strong>fuerunt</strong></span> <span class='ocrx_word' id='word_1_155' title='bbox 3452 776 3508 831; x_wconf 93' lang='lat' dir='ltr'><strong>in</strong></span> 
     </span>
    </p>
   </div>
   <div class='ocr_carea' id='block_1_21' title="bbox 1916 840 3504 933">
    <p class='ocr_par' dir='ltr' id='par_1_21' title="bbox 1916 840 3504 933">
     <span class='ocr_line' id='line_1_21' title="bbox 1916 840 3504 933; baseline 0.016 -33"><span class='ocrx_word' id='word_1_156' title='bbox 1916 856 2103 903; x_wconf 83' lang='lat' dir='ltr'><strong>monte</strong></span> <span class='ocrx_word' id='word_1_157' title='bbox 2134 840 2303 905; x_wconf 69' lang='lat' dir='ltr'><strong>Sinni.</strong></span> <span class='ocrx_word' id='word_1_158' title='bbox 2334 851 2402 905; x_wconf 80' lang='lat' dir='ltr'><strong>Et</strong></span> <span class='ocrx_word' id='word_1_159' title='bbox 2431 853 2568 908; x_wconf 66' lang='lat' dir='ltr'><strong>tubae</strong></span> <span class='ocrx_word' id='word_1_160' title='bbox 2595 872 2802 911; x_wconf 89' lang='lat' dir='ltr'><strong>sonum.</strong></span> <span class='ocrx_word' id='word_1_161' title='bbox 2833 856 2891 913; x_wconf 88' lang='lat' dir='ltr'><strong>1d</strong></span> <span class='ocrx_word' id='word_1_162' title='bbox 2915 868 3019 927; x_wconf 90' lang='lat' dir='ltr'><strong>est,</strong></span> <span class='ocrx_word' id='word_1_163' title='bbox 3049 864 3307 933; x_wconf 70' lang='lat' dir='ltr'><strong>angelicae</strong></span> <span class='ocrx_word' id='word_1_164' title='bbox 3334 840 3504 925; x_wconf 82' lang='lat' dir='ltr'><strong>vocis.</strong></span> 
     </span>
    </p>
   </div>
   <div class='ocr_carea' id='block_1_22' title="bbox 1918 939 3507 1028">
    <p class='ocr_par' dir='ltr' id='par_1_22' title="bbox 1918 939 3507 1028">
     <span class='ocr_line' id='line_1_22' title="bbox 1918 939 3507 1028; baseline 0.014 -34"><span class='ocrx_word' id='word_1_165' title='bbox 1918 939 2217 1016; x_wconf 71' lang='lat' dir='ltr'><strong>Exterritus</strong></span> <span class='ocrx_word' id='word_1_166' title='bbox 2238 960 2375 997; x_wconf 88' lang='lat' dir='ltr'><strong>sum.</strong></span> <span class='ocrx_word' id='word_1_167' title='bbox 2401 944 2597 1003; x_wconf 84' lang='lat' dir='ltr'><strong>Corde.</strong></span> <span class='ocrx_word' id='word_1_168' title='bbox 2620 947 2692 1003; x_wconf 87' lang='lat' dir='ltr'><strong>Et</strong></span> <span class='ocrx_word' id='word_1_169' title='bbox 2717 951 3107 1011; x_wconf 87' lang='lat' dir='ltr'><strong>tremebundus.</strong></span> <span class='ocrx_word' id='word_1_170' title='bbox 3132 954 3396 1028; x_wconf 82' lang='lat' dir='ltr'><strong>Corpore.</strong></span> <span class='ocrx_word' id='word_1_171' title='bbox 3422 960 3507 1016; x_wconf 81' lang='lat' dir='ltr'><strong>Ad</strong></span> 
     </span>
    </p>
   </div>
   <div class='ocr_carea' id='block_1_23' title="bbox 1919 1030 3505 1109">
    <p class='ocr_par' dir='ltr' id='par_1_23' title="bbox 1919 1030 3505 1109">
     <span class='ocr_line' id='line_1_23' title="bbox 1919 1030 3505 1109; baseline 0.014 -21"><span class='ocrx_word' id='word_1_172' title='bbox 1919 1030 2047 1088; x_wconf 87' lang='lat' dir='ltr'><strong>Sion</strong></span> <span class='ocrx_word' id='word_1_173' title='bbox 2069 1040 2312 1091; x_wconf 83' lang='lat' dir='ltr'><strong>montem.</strong></span> <span class='ocrx_word' id='word_1_174' title='bbox 2332 1038 2414 1091; x_wconf 85' lang='lat' dir='ltr'><strong>Ad</strong></span> <span class='ocrx_word' id='word_1_175' title='bbox 2434 1042 2757 1109; x_wconf 67' lang='lat' dir='ltr'><strong>praesentem</strong></span> <span class='ocrx_word' id='word_1_176' title='bbox 2776 1040 3096 1102; x_wconf 71' lang='lat' dir='ltr'><strong>Eculesiam.</strong></span> <span class='ocrx_word' id='word_1_177' title='bbox 3115 1040 3186 1104; x_wconf 83' lang='lat' dir='ltr'><strong>Ei</strong></span> <span class='ocrx_word' id='word_1_178' title='bbox 3208 1030 3505 1109; x_wconf 66' lang='lat' dir='ltr'><strong>Ecclesium</strong></span> 
     </span>
    </p>
   </div>
   <div class='ocr_carea' id='block_1_24' title="bbox 1915 1127 3510 1209">
    <p class='ocr_par' dir='ltr' id='par_1_24' title="bbox 1915 1127 3510 1209">
     <span class='ocr_line' id='line_1_24' title="bbox 1915 1127 3510 1209; baseline 0.017 -31"><span class='ocrx_word' id='word_1_179' title='bbox 1915 1127 2321 1196; x_wconf 81' lang='lat' dir='ltr'><strong>primitivorum.</strong></span> <span class='ocrx_word' id='word_1_180' title='bbox 2358 1131 2743 1203; x_wconf 82' lang='lat' dir='ltr'><strong>Apostolorum</strong></span> <span class='ocrx_word' id='word_1_181' title='bbox 2771 1138 2866 1207; x_wconf 89' lang='lat' dir='ltr'><strong>qui</strong></span> <span class='ocrx_word' id='word_1_182' title='bbox 2912 1140 3075 1209; x_wconf 88' lang='lat' dir='ltr'><strong>primi</strong></span> <span class='ocrx_word' id='word_1_183' title='bbox 3124 1143 3236 1200; x_wconf 89' lang='lat' dir='ltr'><strong>Deo</strong></span> <span class='ocrx_word' id='word_1_184' title='bbox 3262 1147 3510 1204; x_wconf 86' lang='lat' dir='ltr'><strong>credide—</strong></span> 
     </span>
    </p>
   </div>
   <div class='ocr_carea' id='block_1_25' title="bbox 1916 1218 3507 1309">
    <p class='ocr_par' dir='ltr' id='par_1_25' title="bbox 1916 1218 3507 1309">
     <span class='ocr_line' id='line_1_25' title="bbox 1916 1218 3507 1309; baseline 0.015 -38"><span class='ocrx_word' id='word_1_185' title='bbox 1916 1227 2064 1273; x_wconf 89' lang='lat' dir='ltr'><strong>runt.</strong></span> <span class='ocrx_word' id='word_1_186' title='bbox 2088 1218 2283 1276; x_wconf 71' lang='lat' dir='ltr'><strong>Helius</strong></span> <span class='ocrx_word' id='word_1_187' title='bbox 2306 1221 2617 1295; x_wconf 70' lang='lat' dir='ltr'><strong>loquentem.</strong></span> <span class='ocrx_word' id='word_1_188' title='bbox 2640 1227 2776 1295; x_wconf 81' lang='lat' dir='ltr'><strong>Quia</strong></span> <span class='ocrx_word' id='word_1_189' title='bbox 2800 1232 3019 1303; x_wconf 76' lang='lat' dir='ltr'><strong>sanguis</strong></span> <span class='ocrx_word' id='word_1_190' title='bbox 3031 1233 3164 1290; x_wconf 74' lang='lat' dir='ltr'><strong>Abel</strong></span> <span class='ocrx_word' id='word_1_191' title='bbox 3191 1240 3507 1309; x_wconf 86' lang='lat' dir='ltr'><strong>accusabat,</strong></span> 
     </span>
    </p>
   </div>
   <div class='ocr_carea' id='block_1_26' title="bbox 1914 1314 3503 1401">
    <p class='ocr_par' dir='ltr' id='par_1_26' title="bbox 1914 1314 3503 1401">
     <span class='ocr_line' id='line_1_26' title="bbox 1914 1314 3503 1401; baseline 0.013 -34"><span class='ocrx_word' id='word_1_192' title='bbox 1914 1314 2135 1383; x_wconf 74' lang='lat' dir='ltr'><strong>sanguis</strong></span> <span class='ocrx_word' id='word_1_193' title='bbox 2149 1329 2279 1371; x_wconf 89' lang='lat' dir='ltr'><strong>vero</strong></span> <span class='ocrx_word' id='word_1_194' title='bbox 2297 1315 2499 1372; x_wconf 86' lang='lat' dir='ltr'><strong>Christi</strong></span> <span class='ocrx_word' id='word_1_195' title='bbox 2516 1320 2765 1375; x_wconf 83' lang='lat' dir='ltr'><strong>redemit.</strong></span> <span class='ocrx_word' id='word_1_196' title='bbox 2788 1322 2921 1379; x_wconf 89' lang='lat' dir='ltr'><strong>Item</strong></span> <span class='ocrx_word' id='word_1_197' title='bbox 2937 1337 2998 1380; x_wconf 90' lang='lat' dir='ltr'><strong>ut</strong></span> <span class='ocrx_word' id='word_1_198' title='bbox 3017 1334 3100 1382; x_wconf 90' lang='lat' dir='ltr'><strong>est</strong></span> <span class='ocrx_word' id='word_1_199' title='bbox 3125 1328 3256 1384; x_wconf 91' lang='lat' dir='ltr'><strong>illud</strong></span> <span class='ocrx_word' id='word_1_200' title='bbox 3281 1348 3295 1385; x_wconf 91' lang='lat'><strong>:</strong></span> <span class='ocrx_word' id='word_1_201' title='bbox 3314 1328 3503 1401; x_wconf 91' lang='lat' dir='ltr'><strong>Pater,</strong></span> 
     </span>
    </p>
   </div>
   <div class='ocr_carea' id='block_1_27' title="bbox 1916 1404 3506 1500">
    <p class='ocr_par' dir='ltr' id='par_1_27' title="bbox 1916 1404 3506 1500">
     <span class='ocr_line' id='line_1_27' title="bbox 1916 1404 3506 1500; baseline 0.015 -42"><span class='ocrx_word' id='word_1_202' title='bbox 1916 1404 2118 1460; x_wconf 89' lang='lat' dir='ltr'><strong>dimitte</strong></span> <span class='ocrx_word' id='word_1_203' title='bbox 2142 1405 2272 1473; x_wconf 88' lang='lat' dir='ltr'><strong>illis,</strong></span> <span class='ocrx_word' id='word_1_204' title='bbox 2292 1410 2417 1480; x_wconf 86' lang='lat' dir='ltr'><strong>quia</strong></span> <span class='ocrx_word' id='word_1_205' title='bbox 2441 1412 2679 1466; x_wconf 82' lang='lat' dir='ltr'><strong>nesciunt</strong></span> <span class='ocrx_word' id='word_1_206' title='bbox 2702 1414 2831 1491; x_wconf 81' lang='lat' dir='ltr'><strong>auid</strong></span> <span class='ocrx_word' id='word_1_207' title='bbox 2873 1417 3075 1486; x_wconf 80' lang='lat' dir='ltr'><strong>faciunt</strong></span> <span class='ocrx_word' id='word_1_208' title='bbox 3128 1420 3281 1492; x_wconf 90' lang='lat' dir='ltr'><strong>(Luc.</strong></span> <span class='ocrx_word' id='word_1_209' title='bbox 3324 1423 3506 1500; x_wconf 78' lang='lat' dir='ltr'><strong>mn).</strong></span> 
     </span>
    </p>
   </div>
   <div class='ocr_carea' id='block_1_28' title="bbox 1918 1495 3509 1584">
    <p class='ocr_par' dir='ltr' id='par_1_28' title="bbox 1918 1495 3509 1584">
     <span class='ocr_line' id='line_1_28' title="bbox 1918 1495 3509 1584; baseline 0.016 -34"><span class='ocrx_word' id='word_1_210' title='bbox 1918 1495 2003 1551; x_wconf 88' lang='lat' dir='ltr'><strong>Ne</strong></span> <span class='ocrx_word' id='word_1_211' title='bbox 2028 1501 2277 1555; x_wconf 88' lang='lat' dir='ltr'><strong>recusetis</strong></span> <span class='ocrx_word' id='word_1_212' title='bbox 2305 1499 2620 1584; x_wconf 80' lang='lat' dir='ltr'><strong>loquentem.</strong></span> <span class='ocrx_word' id='word_1_213' title='bbox 2671 1503 2970 1563; x_wconf 87' lang='lat' dir='ltr'><strong>Christum.</strong></span> <span class='ocrx_word' id='word_1_214' title='bbox 3017 1511 3183 1584; x_wconf 84' lang='lat' dir='ltr'><strong>Cujus</strong></span> <span class='ocrx_word' id='word_1_215' title='bbox 3214 1532 3314 1569; x_wconf 70' lang='lat' dir='ltr'><strong>vos:</strong></span> <span class='ocrx_word' id='word_1_216' title='bbox 3349 1495 3509 1574; x_wconf 80' lang='lat' dir='ltr'><strong>mouit</strong></span> 
     </span>
    </p>
   </div>
   <div class='ocr_carea' id='block_1_29' title="bbox 1915 1582 3506 1670">
    <p class='ocr_par' dir='ltr' id='par_1_29' title="bbox 1915 1582 3506 1670">
     <span class='ocr_line' id='line_1_29' title="bbox 1915 1582 3506 1670; baseline 0.018 -28"><span class='ocrx_word' id='word_1_217' title='bbox 1915 1597 2133 1646; x_wconf 77' lang='lat' dir='ltr'><strong>terram.</strong></span> <span class='ocrx_word' id='word_1_218' title='bbox 2194 1588 2391 1649; x_wconf 79' lang='lat' dir='ltr'><strong>Montis</strong></span> <span class='ocrx_word' id='word_1_219' title='bbox 2441 1582 2612 1653; x_wconf 72' lang='lat' dir='ltr'><strong>Sinni.</strong></span> <span class='ocrx_word' id='word_1_220' title='bbox 2663 1584 2829 1654; x_wconf 78' lang='lat' dir='ltr'><strong>Tunc.</strong></span> <span class='ocrx_word' id='word_1_221' title='bbox 2880 1582 3107 1669; x_wconf 73' lang='lat' dir='ltr'><strong>Quando</strong></span> <span class='ocrx_word' id='word_1_222' title='bbox 3134 1607 3221 1665; x_wconf 74' lang='lat' dir='ltr'><strong>l&#39;e’x</strong></span> <span class='ocrx_word' id='word_1_223' title='bbox 3248 1598 3372 1667; x_wconf 83' lang='lat' dir='ltr'><strong>data</strong></span> <span class='ocrx_word' id='word_1_224' title='bbox 3403 1621 3506 1670; x_wconf 87' lang='lat' dir='ltr'><strong>est.</strong></span> 
     </span>
    </p>
   </div>
   <div class='ocr_carea' id='block_1_30' title="bbox 1916 1679 3511 1769">
    <p class='ocr_par' dir='ltr' id='par_1_30' title="bbox 1916 1679 3511 1769">
     <span class='ocr_line' id='line_1_30' title="bbox 1916 1679 3511 1769; baseline 0.018 -36"><span class='ocrx_word' id='word_1_225' title='bbox 1916 1679 2077 1737; x_wconf 87' lang='lat' dir='ltr'><strong>Nunc</strong></span> <span class='ocrx_word' id='word_1_226' title='bbox 2104 1695 2299 1740; x_wconf 76' lang='lat' dir='ltr'><strong>autem.</strong></span> <span class='ocrx_word' id='word_1_227' title='bbox 2329 1685 2390 1742; x_wconf 86' lang='lat' dir='ltr'><strong>in</strong></span> <span class='ocrx_word' id='word_1_228' title='bbox 2418 1687 2571 1745; x_wconf 82' lang='lat' dir='ltr'><strong>Novo</strong></span> <span class='ocrx_word' id='word_1_229' title='bbox 2586 1689 2955 1750; x_wconf 87' lang='lat' dir='ltr'><strong>Testamento.</strong></span> <span class='ocrx_word' id='word_1_230' title='bbox 2978 1695 3338 1769; x_wconf 75' lang='lat' dir='ltr'><strong>Repromittit.</strong></span> <span class='ocrx_word' id='word_1_231' title='bbox 3355 1703 3511 1761; x_wconf 57' lang='lat' dir='ltr'><strong>Com;</strong></span> 
     </span>
    </p>
   </div>
   <div class='ocr_carea' id='block_1_31' title="bbox 1913 1780 3508 1866">
    <p class='ocr_par' dir='ltr' id='par_1_31' title="bbox 1913 1780 3508 1866">
     <span class='ocr_line' id='line_1_31' title="bbox 1913 1780 3508 1866; baseline 0.017 -39"><span class='ocrx_word' id='word_1_232' title='bbox 1913 1787 2134 1831; x_wconf 88' lang='lat' dir='ltr'><strong>movere</strong></span> <span class='ocrx_word' id='word_1_233' title='bbox 2160 1785 2360 1834; x_wconf 87' lang='lat' dir='ltr'><strong>terram</strong></span> <span class='ocrx_word' id='word_1_234' title='bbox 2391 1780 2720 1853; x_wconf 64' lang='lat' dir='ltr'><strong>caelumque.</strong></span> <span class='ocrx_word' id='word_1_235' title='bbox 2765 1783 2982 1842; x_wconf 87' lang='lat' dir='ltr'><strong>Dicens.</strong></span> <span class='ocrx_word' id='word_1_236' title='bbox 3032 1787 3090 1843; x_wconf 86' lang='lat' dir='ltr'><strong>In</strong></span> <span class='ocrx_word' id='word_1_237' title='bbox 3131 1788 3331 1864; x_wconf 71' lang='lat' dir='ltr'><strong>Aggmo</strong></span> <span class='ocrx_word' id='word_1_238' title='bbox 3377 1811 3508 1866; x_wconf 88' lang='lat' dir='ltr'><strong>pro-</strong></span> 
     </span>
    </p>
   </div>
   <div class='ocr_carea' id='block_1_32' title="bbox 1911 1863 3506 1947">
    <p class='ocr_par' dir='ltr' id='par_1_32' title="bbox 1911 1863 3506 1947">
     <span class='ocr_line' id='line_1_32' title="bbox 1911 1863 3506 1947; baseline 0.016 -30"><span class='ocrx_word' id='word_1_239' title='bbox 1911 1863 2097 1945; x_wconf 83' lang='lat' dir='ltr'><strong>pheta.</strong></span> <span class='ocrx_word' id='word_1_240' title='bbox 2123 1866 2194 1922; x_wconf 90' lang='lat' dir='ltr'><strong>Et</strong></span> <span class='ocrx_word' id='word_1_241' title='bbox 2228 1886 2322 1941; x_wconf 86' lang='lat' dir='ltr'><strong>ego</strong></span> <span class='ocrx_word' id='word_1_242' title='bbox 2344 1871 2576 1929; x_wconf 84' lang='lat' dir='ltr'><strong>movebo.</strong></span> <span class='ocrx_word' id='word_1_243' title='bbox 2598 1871 2658 1929; x_wconf 84' lang='lat' dir='ltr'><strong>In</strong></span> <span class='ocrx_word' id='word_1_244' title='bbox 2696 1872 2785 1929; x_wconf 88' lang='lat' dir='ltr'><strong>die</strong></span> <span class='ocrx_word' id='word_1_245' title='bbox 2804 1874 3016 1947; x_wconf 73' lang='lat' dir='ltr'><strong>iudicii.</strong></span> <span class='ocrx_word' id='word_1_246' title='bbox 3045 1876 3112 1933; x_wconf 87' lang='lat' dir='ltr'><strong>Ut</strong></span> <span class='ocrx_word' id='word_1_247' title='bbox 3150 1863 3398 1939; x_wconf 68' lang='lat' dir='ltr'><strong>maneani</strong></span> <span class='ocrx_word' id='word_1_248' title='bbox 3422 1902 3506 1942; x_wconf 81' lang='lat' dir='ltr'><strong>ea.</strong></span> 
     </span>
    </p>
   </div>
   <div class='ocr_carea' id='block_1_33' title="bbox 210 1946 3506 2047">
    <p class='ocr_par' dir='ltr' id='par_1_33' title="bbox 210 1946 3506 2047">
     <span class='ocr_line' id='line_1_33' title="bbox 210 1946 3506 2047; baseline 0.012 -51"><span class='ocrx_word' id='word_1_249' title='bbox 210 1970 340 2013; x_wconf 66' lang='grc' dir='ltr'><strong>δεηε</strong></span> <span class='ocrx_word' id='word_1_250' title='bbox 368 1958 619 2015; x_wconf 50' lang='lat' dir='ltr'><strong>videlicet</strong></span> <span class='ocrx_word' id='word_1_251' title='bbox 645 1960 897 2027; x_wconf 55' lang='lat' dir='ltr'><strong>mundus,</strong></span> <span class='ocrx_word' id='word_1_252' title='bbox 944 1969 1167 2030; x_wconf 48' lang='lat' dir='ltr'><strong>propter</strong></span> <span class='ocrx_word' id='word_1_253' title='bbox 1216 1977 1367 2031; x_wconf 63' lang='lat' dir='ltr'><strong>spem</strong></span> <span class='ocrx_word' id='word_1_254' title='bbox 1408 1977 1657 2032; x_wconf 57' lang='lat' dir='ltr'><strong>superna,</strong></span> <span class='ocrx_word' id='word_1_255' title='bbox 1687 1963 1806 2034; x_wconf 56' lang='grc' dir='ltr'><strong>κιο..</strong></span> <span class='ocrx_word' id='word_1_256' title='bbox 1838 1946 1886 2004; x_wconf 91' lang='grc' dir='ltr'><strong>Β</strong></span> <span class='ocrx_word' id='word_1_257' title='bbox 1917 1951 2231 2025; x_wconf 89' lang='lat' dir='ltr'><strong>Specimina</strong></span> <span class='ocrx_word' id='word_1_258' title='bbox 2258 1961 2485 2018; x_wconf 86' lang='lat' dir='ltr'><strong>meliora</strong></span> <span class='ocrx_word' id='word_1_259' title='bbox 2508 1946 2910 2024; x_wconf 82' lang='lat' dir='ltr'><strong>creaturarum.</strong></span> <span class='ocrx_word' id='word_1_260' title='bbox 2928 1957 3235 2029; x_wconf 85' lang='lat' dir='ltr'><strong>Habeamus</strong></span> <span class='ocrx_word' id='word_1_261' title='bbox 3255 1976 3506 2047; x_wconf 82' lang='lat' dir='ltr'><strong>gratiam.</strong></span> 
     </span>
    </p>
   </div>
   <div class='ocr_carea' id='block_1_34' title="bbox 210 2049 1808 2125">
    <p class='ocr_par' dir='ltr' id='par_1_34' title="bbox 210 2049 1808 2125">
     <span class='ocr_line' id='line_1_34' title="bbox 210 2049 1808 2125; baseline 0.003 -20"><span class='ocrx_word' id='word_1_262' title='bbox 210 2049 328 2106; x_wconf 69' lang='lat' dir='ltr'><strong>rite.</strong></span> <span class='ocrx_word' id='word_1_263' title='bbox 381 2050 509 2107; x_wconf 88' lang='lat' dir='ltr'><strong>Non</strong></span> <span class='ocrx_word' id='word_1_264' title='bbox 551 2062 863 2124; x_wconf 80' lang='lat' dir='ltr'><strong>acceperunt</strong></span> <span class='ocrx_word' id='word_1_265' title='bbox 911 2055 1333 2125; x_wconf 81' lang='lat' dir='ltr'><strong>promissionem.</strong></span> <span class='ocrx_word' id='word_1_266' title='bbox 1381 2055 1564 2111; x_wconf 89' lang='lat' dir='ltr'><strong>Donec</strong></span> <span class='ocrx_word' id='word_1_267' title='bbox 1592 2055 1808 2112; x_wconf 83' lang='lat' dir='ltr'><strong>advenit</strong></span> 
     </span>
    </p>
   </div>
   <div class='ocr_carea' id='block_1_35' title="bbox 209 2140 1804 2231">
    <p class='ocr_par' dir='ltr' id='par_1_35' title="bbox 209 2140 1804 2231">
     <span class='ocr_line' id='line_1_35' title="bbox 209 2140 1804 2231; baseline 0.002 -31"><span class='ocrx_word' id='word_1_268' title='bbox 209 2140 484 2201; x_wconf 83' lang='lat' dir='ltr'><strong>Christus.</strong></span> <span class='ocrx_word' id='word_1_269' title='bbox 538 2144 622 2200; x_wconf 88' lang='lat' dir='ltr'><strong>Ne</strong></span> <span class='ocrx_word' id='word_1_270' title='bbox 663 2146 779 2203; x_wconf 85' lang='lat' dir='ltr'><strong>sine</strong></span> <span class='ocrx_word' id='word_1_271' title='bbox 808 2145 956 2202; x_wconf 77' lang='lat' dir='ltr'><strong>nobis</strong></span> <span class='ocrx_word' id='word_1_272' title='bbox 1001 2156 1510 2231; x_wconf 61' lang='lat' dir='ltr'><strong>contaminarentur.</strong></span> <span class='ocrx_word' id='word_1_273' title='bbox 1554 2146 1669 2203; x_wconf 87' lang='lat' dir='ltr'><strong>Hoc</strong></span> <span class='ocrx_word' id='word_1_274' title='bbox 1698 2158 1804 2215; x_wconf 90' lang='lat' dir='ltr'><strong>est,</strong></span> 
     </span>
    </p>
   </div>
   <div class='ocr_carea' id='block_1_36' title="bbox 204 2235 1808 2307">
    <p class='ocr_par' dir='ltr' id='par_1_36' title="bbox 204 2235 1808 2307">
     <span class='ocr_line' id='line_1_36' title="bbox 204 2235 1808 2307; baseline 0.006 -20"><span class='ocrx_word' id='word_1_275' title='bbox 204 2248 281 2287; x_wconf 90' lang='lat' dir='ltr'><strong>ne</strong></span> <span class='ocrx_word' id='word_1_276' title='bbox 309 2242 436 2291; x_wconf 87' lang='lat' dir='ltr'><strong>ante</strong></span> <span class='ocrx_word' id='word_1_277' title='bbox 463 2250 565 2290; x_wconf 90' lang='lat' dir='ltr'><strong>nos</strong></span> <span class='ocrx_word' id='word_1_278' title='bbox 590 2236 646 2291; x_wconf 90' lang='lat' dir='ltr'><strong>in</strong></span> <span class='ocrx_word' id='word_1_279' title='bbox 677 2250 904 2307; x_wconf 80' lang='lat' dir='ltr'><strong>regnum</strong></span> <span class='ocrx_word' id='word_1_280' title='bbox 933 2235 1030 2291; x_wconf 88' lang='lat' dir='ltr'><strong>Dei</strong></span> <span class='ocrx_word' id='word_1_281' title='bbox 1060 2236 1450 2307; x_wconf 64' lang='lat' dir='ltr'><strong>caelestemque</strong></span> <span class='ocrx_word' id='word_1_282' title='bbox 1479 2253 1692 2296; x_wconf 85' lang='lat' dir='ltr'><strong>coenam</strong></span> <span class='ocrx_word' id='word_1_283' title='bbox 1712 2254 1808 2295; x_wconf 80' lang='lat' dir='ltr'><strong>ex-</strong></span> 
     </span>
    </p>
   </div>
   <div class='ocr_carea' id='block_1_37' title="bbox 204 2323 1353 2395">
    <p class='ocr_par' dir='ltr' id='par_1_37' title="bbox 204 2323 1353 2395">
     <span class='ocr_line' id='line_1_37' title="bbox 204 2323 1353 2395; baseline 0.006 -16"><span class='ocrx_word' id='word_1_284' title='bbox 204 2323 382 2395; x_wconf 83' lang='lat' dir='ltr'><strong>irent,</strong></span> <span class='ocrx_word' id='word_1_285' title='bbox 412 2326 585 2385; x_wconf 86' lang='lat' dir='ltr'><strong>donec</strong></span> <span class='ocrx_word' id='word_1_286' title='bbox 610 2343 800 2387; x_wconf 87' lang='lat' dir='ltr'><strong>omnes</strong></span> <span class='ocrx_word' id='word_1_287' title='bbox 825 2329 881 2384; x_wconf 89' lang='lat' dir='ltr'><strong>in</strong></span> <span class='ocrx_word' id='word_1_288' title='bbox 906 2344 1049 2385; x_wconf 89' lang='lat' dir='ltr'><strong>novo</strong></span> <span class='ocrx_word' id='word_1_289' title='bbox 1073 2329 1353 2388; x_wconf 82' lang='lat' dir='ltr'><strong>exiremus</strong></span> 
     </span>
    </p>
   </div>
   <div class='ocr_carea' id='block_1_38' title="bbox 811 2421 1552 2479">
    <p class='ocr_par' dir='ltr' id='par_1_38' title="bbox 811 2421 1552 2479">
     <span class='ocr_line' id='line_1_38' title="bbox 811 2421 1552 2479; baseline 0 0"><span class='ocrx_word' id='word_1_290' title='bbox 811 2421 1041 2479; x_wconf 82' lang='lat' dir='ltr'><strong>CAPUT</strong></span> <span class='ocrx_word' id='word_1_291' title='bbox 1086 2422 1201 2479; x_wconf 77' lang='lat' dir='ltr'><strong>Xll.</strong></span> <span class='ocrx_word' id='word_1_292' title='bbox 1544 2467 1552 2479; x_wconf 87' lang='lat'><strong>.</strong></span> 
     </span>
    </p>
   </div>
   <div class='ocr_carea' id='block_1_39' title="bbox 281 2512 1803 2586">
    <p class='ocr_par' dir='ltr' id='par_1_39' title="bbox 281 2512 1803 2586">
     <span class='ocr_line' id='line_1_39' title="bbox 281 2512 1803 2586; baseline 0.005 -19"><span class='ocrx_word' id='word_1_293' title='bbox 281 2512 510 2585; x_wconf 79' lang='lat' dir='ltr'><strong>Ideoque</strong></span> <span class='ocrx_word' id='word_1_294' title='bbox 529 2523 578 2570; x_wconf 86' lang='lat' dir='ltr'><strong>et</strong></span> <span class='ocrx_word' id='word_1_295' title='bbox 607 2529 722 2571; x_wconf 87' lang='lat' dir='ltr'><strong>nos.</strong></span> <span class='ocrx_word' id='word_1_296' title='bbox 747 2513 1038 2586; x_wconf 79' lang='lat' dir='ltr'><strong>ﬂuensque</strong></span> <span class='ocrx_word' id='word_1_297' title='bbox 1066 2517 1132 2572; x_wconf 86' lang='lat' dir='ltr'><strong>de</strong></span> <span class='ocrx_word' id='word_1_298' title='bbox 1158 2515 1266 2573; x_wconf 85' lang='lat' dir='ltr'><strong>ﬁde</strong></span> <span class='ocrx_word' id='word_1_299' title='bbox 1290 2515 1507 2573; x_wconf 84' lang='lat' dir='ltr'><strong>locutus</strong></span> <span class='ocrx_word' id='word_1_300' title='bbox 1528 2524 1631 2582; x_wconf 88' lang='lat' dir='ltr'><strong>est,</strong></span> <span class='ocrx_word' id='word_1_301' title='bbox 1658 2532 1803 2575; x_wconf 91' lang='lat' dir='ltr'><strong>nunc</strong></span> 
     </span>
    </p>
   </div>
   <div class='ocr_carea' id='block_1_40' title="bbox 206 2604 1801 2679">
    <p class='ocr_par' dir='ltr' id='par_1_40' title="bbox 206 2604 1801 2679">
     <span class='ocr_line' id='line_1_40' title="bbox 206 2604 1801 2679; baseline 0.004 -20"><span class='ocrx_word' id='word_1_302' title='bbox 206 2605 278 2661; x_wconf 85' lang='lat' dir='ltr'><strong>de</strong></span> <span class='ocrx_word' id='word_1_303' title='bbox 332 2604 725 2675; x_wconf 68' lang='lat' dir='ltr'><strong>praedicatione</strong></span> <span class='ocrx_word' id='word_1_304' title='bbox 777 2607 986 2679; x_wconf 88' lang='lat' dir='ltr'><strong>incipit.</strong></span> <span class='ocrx_word' id='word_1_305' title='bbox 1042 2607 1268 2665; x_wconf 83' lang='lat' dir='ltr'><strong>Tantam</strong></span> <span class='ocrx_word' id='word_1_306' title='bbox 1300 2608 1547 2666; x_wconf 79' lang='lat' dir='ltr'><strong>habentes</strong></span> <span class='ocrx_word' id='word_1_307' title='bbox 1592 2610 1801 2667; x_wconf 83' lang='lat' dir='ltr'><strong>nubem.</strong></span> 
     </span>
    </p>
   </div>
   <div class='ocr_carea' id='block_1_41' title="bbox 205 2696 1806 2767">
    <p class='ocr_par' dir='ltr' id='par_1_41' title="bbox 205 2696 1806 2767">
     <span class='ocr_line' id='line_1_41' title="bbox 205 2696 1806 2767; baseline 0.004 -10"><span class='ocrx_word' id='word_1_308' title='bbox 205 2696 629 2767; x_wconf 70' lang='lat' dir='ltr'><strong>lenitudinem,</strong></span> <span class='ocrx_word' id='word_1_309' title='bbox 671 2701 758 2759; x_wconf 89' lang='lat' dir='ltr'><strong>vel</strong></span> <span class='ocrx_word' id='word_1_310' title='bbox 807 2701 1206 2764; x_wconf 83' lang='lat' dir='ltr'><strong>collectionem.</strong></span> <span class='ocrx_word' id='word_1_311' title='bbox 1256 2703 1505 2762; x_wconf 85' lang='lat' dir='ltr'><strong>Testium.</strong></span> <span class='ocrx_word' id='word_1_312' title='bbox 1566 2704 1806 2763; x_wconf 80' lang='lat' dir='ltr'><strong>Pal-riar-</strong></span> 
     </span>
    </p>
   </div>
   <div class='ocr_carea' id='block_1_42' title="bbox 205 2791 1802 2869">
    <p class='ocr_par' dir='ltr' id='par_1_42' title="bbox 205 2791 1802 2869">
     <span class='ocr_line' id='line_1_42' title="bbox 205 2791 1802 2869; baseline 0.004 -20"><span class='ocrx_word' id='word_1_313' title='bbox 205 2791 437 2851; x_wconf 82' lang='lat' dir='ltr'><strong>charum</strong></span> <span class='ocrx_word' id='word_1_314' title='bbox 486 2800 544 2849; x_wconf 85' lang='lat' dir='ltr'><strong>et</strong></span> <span class='ocrx_word' id='word_1_315' title='bbox 588 2795 1000 2865; x_wconf 77' lang='lat' dir='ltr'><strong>prophetarum.</strong></span> <span class='ocrx_word' id='word_1_316' title='bbox 1029 2796 1357 2868; x_wconf 84' lang='lat' dir='ltr'><strong>Depenentss</strong></span> <span class='ocrx_word' id='word_1_317' title='bbox 1398 2816 1550 2854; x_wconf 85' lang='lat' dir='ltr'><strong>omne</strong></span> <span class='ocrx_word' id='word_1_318' title='bbox 1575 2799 1802 2869; x_wconf 84' lang='lat' dir='ltr'><strong>pondus.</strong></span> 
     </span>
    </p>
   </div>
   <div class='ocr_carea' id='block_1_43' title="bbox 203 2883 1806 2960">
    <p class='ocr_par' dir='ltr' id='par_1_43' title="bbox 203 2883 1806 2960">
     <span class='ocr_line' id='line_1_43' title="bbox 203 2883 1806 2960; baseline 0.004 -18"><span class='ocrx_word' id='word_1_319' title='bbox 203 2883 449 2945; x_wconf 82' lang='lat' dir='ltr'><strong>Peccati.</strong></span> <span class='ocrx_word' id='word_1_320' title='bbox 474 2885 594 2944; x_wconf 87' lang='lat' dir='ltr'><strong>Non</strong></span> <span class='ocrx_word' id='word_1_321' title='bbox 615 2888 762 2945; x_wconf 84' lang='lat' dir='ltr'><strong>enim</strong></span> <span class='ocrx_word' id='word_1_322' title='bbox 787 2888 1076 2960; x_wconf 79' lang='lat' dir='ltr'><strong>quisquam</strong></span> <span class='ocrx_word' id='word_1_323' title='bbox 1104 2890 1244 2946; x_wconf 85' lang='lat' dir='ltr'><strong>bene</strong></span> <span class='ocrx_word' id='word_1_324' title='bbox 1273 2890 1444 2947; x_wconf 87' lang='lat' dir='ltr'><strong>currit</strong></span> <span class='ocrx_word' id='word_1_325' title='bbox 1471 2902 1593 2949; x_wconf 87' lang='lat' dir='ltr'><strong>cum</strong></span> <span class='ocrx_word' id='word_1_326' title='bbox 1641 2907 1806 2948; x_wconf 90' lang='lat' dir='ltr'><strong>onere</strong></span> 
     </span>
    </p>
   </div>
   <div class='ocr_carea' id='block_1_44' title="bbox 202 2976 1808 3051">
    <p class='ocr_par' dir='ltr' id='par_1_44' title="bbox 202 2976 1808 3051">
     <span class='ocr_line' id='line_1_44' title="bbox 202 2976 1808 3051; baseline 0.005 -17"><span class='ocrx_word' id='word_1_327' title='bbox 202 2978 382 3050; x_wconf 63' lang='lat' dir='ltr'><strong>gravi.</strong></span> <span class='ocrx_word' id='word_1_328' title='bbox 433 2976 544 3035; x_wconf 79' lang='lat' dir='ltr'><strong>Per</strong></span> <span class='ocrx_word' id='word_1_329' title='bbox 570 2981 885 3051; x_wconf 77' lang='lat' dir='ltr'><strong>patientiam</strong></span> <span class='ocrx_word' id='word_1_330' title='bbox 913 2992 1214 3038; x_wconf 77' lang='lat' dir='ltr'><strong>curramus.</strong></span> <span class='ocrx_word' id='word_1_331' title='bbox 1247 2982 1354 3040; x_wconf 85' lang='lat' dir='ltr'><strong>Per</strong></span> <span class='ocrx_word' id='word_1_332' title='bbox 1395 2984 1562 3051; x_wconf 87' lang='lat' dir='ltr'><strong>viam,</strong></span> <span class='ocrx_word' id='word_1_333' title='bbox 1599 2985 1808 3042; x_wconf 83' lang='lat' dir='ltr'><strong>scilicet</strong></span> 
     </span>
    </p>
   </div>
   <div class='ocr_carea' id='block_1_45' title="bbox 201 3074 1807 3149">
    <p class='ocr_par' dir='ltr' id='par_1_45' title="bbox 201 3074 1807 3149">
     <span class='ocr_line' id='line_1_45' title="bbox 201 3074 1807 3149; baseline 0.005 -18"><span class='ocrx_word' id='word_1_334' title='bbox 201 3081 444 3131; x_wconf 71' lang='lat' dir='ltr'><strong>mortem</strong></span> <span class='ocrx_word' id='word_1_335' title='bbox 463 3074 684 3149; x_wconf 81' lang='lat' dir='ltr'><strong>militiis</strong></span> <span class='ocrx_word' id='word_1_336' title='bbox 708 3077 1091 3134; x_wconf 84' lang='lat' dir='ltr'><strong>mandatorum</strong></span> <span class='ocrx_word' id='word_1_337' title='bbox 1132 3086 1590 3136; x_wconf 77' lang='lat' dir='ltr'><strong>transcurrentes.</strong></span> <span class='ocrx_word' id='word_1_338' title='bbox 1624 3076 1807 3139; x_wconf 86' lang='lat' dir='ltr'><strong>Certa-</strong></span> 
     </span>
    </p>
   </div>
   <div class='ocr_carea' id='block_1_46' title="bbox 168 3166 1806 3242">
    <p class='ocr_par' dir='ltr' id='par_1_46' title="bbox 168 3166 1806 3242">
     <span class='ocr_line' id='line_1_46' title="bbox 168 3166 1806 3242; baseline 0.004 -21"><span class='ocrx_word' id='word_1_339' title='bbox 168 3180 348 3236; x_wconf 16' lang='lat' dir='ltr'><strong>.sten.</strong></span> <span class='ocrx_word' id='word_1_340' title='bbox 405 3166 845 3226; x_wconf 84' lang='lat' dir='ltr'><strong>Tribulationum</strong></span> <span class='ocrx_word' id='word_1_341' title='bbox 899 3183 1390 3242; x_wconf 86' lang='lat' dir='ltr'><strong>pressurarumque</strong></span> <span class='ocrx_word' id='word_1_342' title='bbox 1441 3172 1496 3229; x_wconf 90' lang='lat' dir='ltr'><strong>in</strong></span> <span class='ocrx_word' id='word_1_343' title='bbox 1551 3174 1806 3242; x_wconf 64' lang='lat' dir='ltr'><strong>praesenti</strong></span> 
     </span>
    </p>
   </div>
   <div class='ocr_carea' id='block_1_47' title="bbox 211 3257 1807 3333">
    <p class='ocr_par' dir='ltr' id='par_1_47' title="bbox 211 3257 1807 3333">
     <span class='ocr_line' id='line_1_47' title="bbox 211 3257 1807 3333; baseline 0.004 -19"><span class='ocrx_word' id='word_1_344' title='bbox 211 3257 657 3316; x_wconf 77' lang='lat' dir='ltr'><strong>constitutorum.</strong></span> <span class='ocrx_word' id='word_1_345' title='bbox 706 3261 792 3317; x_wconf 85' lang='lat' dir='ltr'><strong>Ne</strong></span> <span class='ocrx_word' id='word_1_346' title='bbox 830 3261 1145 3333; x_wconf 74' lang='lat' dir='ltr'><strong>fotigemini.</strong></span> <span class='ocrx_word' id='word_1_347' title='bbox 1190 3261 1271 3319; x_wconf 83' lang='lat' dir='ltr'><strong>Ne</strong></span> <span class='ocrx_word' id='word_1_348' title='bbox 1316 3263 1372 3319; x_wconf 88' lang='lat' dir='ltr'><strong>in</strong></span> <span class='ocrx_word' id='word_1_349' title='bbox 1414 3264 1807 3321; x_wconf 81' lang='lat' dir='ltr'><strong>testationibus</strong></span> 
     </span>
    </p>
   </div>
   <div class='ocr_carea' id='block_1_48' title="bbox 1911 2047 3508 2145">
    <p class='ocr_par' dir='ltr' id='par_1_48' title="bbox 1911 2047 3508 2145">
     <span class='ocr_line' id='line_1_48' title="bbox 1911 2047 3508 2145; baseline 0.018 -43"><span class='ocrx_word' id='word_1_350' title='bbox 1911 2047 2049 2105; x_wconf 87' lang='lat' dir='ltr'><strong>Novi</strong></span> <span class='ocrx_word' id='word_1_351' title='bbox 2078 2051 2437 2122; x_wconf 88' lang='lat' dir='ltr'><strong>Testamenti,</strong></span> <span class='ocrx_word' id='word_1_352' title='bbox 2466 2060 2920 2133; x_wconf 86' lang='lat' dir='ltr'><strong>remissionisque</strong></span> <span class='ocrx_word' id='word_1_353' title='bbox 2945 2075 3320 2134; x_wconf 85' lang='lat' dir='ltr'><strong>peccatorum.</strong></span> <span class='ocrx_word' id='word_1_354' title='bbox 3356 2071 3508 2145; x_wconf 78' lang='lat' dir='ltr'><strong>Ignis</strong></span> 
     </span>
    </p>
   </div>
   <div class='ocr_carea' id='block_1_49' title="bbox 1912 2146 2877 2210">
    <p class='ocr_par' dir='ltr' id='par_1_49' title="bbox 1912 2146 2877 2210">
     <span class='ocr_line' id='line_1_49' title="bbox 1912 2146 2877 2210; baseline 0.015 -14"><span class='ocrx_word' id='word_1_355' title='bbox 1912 2157 2245 2203; x_wconf 85' lang='lat' dir='ltr'><strong>consumens.</strong></span> <span class='ocrx_word' id='word_1_356' title='bbox 2270 2146 2506 2207; x_wconf 86' lang='lat' dir='ltr'><strong>Peccata</strong></span> <span class='ocrx_word' id='word_1_357' title='bbox 2532 2153 2877 2210; x_wconf 86' lang='lat' dir='ltr'><strong>comburens.</strong></span> 
     </span>
    </p>
   </div>
   <div class='ocr_carea' id='block_1_50' title="bbox 2506 2240 2913 2301">
    <p class='ocr_par' dir='ltr' id='par_1_50' title="bbox 2506 2240 2913 2301">
     <span class='ocr_line' id='line_1_50' title="bbox 2506 2240 2913 2301; baseline 0.012 -5"><span class='ocrx_word' id='word_1_358' title='bbox 2506 2240 2737 2298; x_wconf 83' lang='lat' dir='ltr'><strong>CAPUT</strong></span> <span class='ocrx_word' id='word_1_359' title='bbox 2778 2244 2913 2301; x_wconf 77' lang='lat' dir='ltr'><strong>XIII.</strong></span> 
     </span>
    </p>
   </div>
   <div class='ocr_carea' id='block_1_51' title="bbox 1979 2324 3508 2409">
    <p class='ocr_par' dir='ltr' id='par_1_51' title="bbox 1979 2324 3508 2409">
     <span class='ocr_line' id='line_1_51' title="bbox 1979 2324 3508 2409; baseline 0.019 -30"><span class='ocrx_word' id='word_1_360' title='bbox 1979 2324 2297 2385; x_wconf 75' lang='lat' dir='ltr'><strong>Mementote</strong></span> <span class='ocrx_word' id='word_1_361' title='bbox 2316 2331 2630 2388; x_wconf 78' lang='lat' dir='ltr'><strong>vinctorum.</strong></span> <span class='ocrx_word' id='word_1_362' title='bbox 2651 2333 2712 2389; x_wconf 89' lang='lat' dir='ltr'><strong>In</strong></span> <span class='ocrx_word' id='word_1_363' title='bbox 2732 2343 2915 2393; x_wconf 79' lang='lat' dir='ltr'><strong>vestra</strong></span> <span class='ocrx_word' id='word_1_364' title='bbox 2936 2339 3330 2401; x_wconf 85' lang='lat' dir='ltr'><strong>misericordia.</strong></span> <span class='ocrx_word' id='word_1_365' title='bbox 3362 2347 3407 2404; x_wconf 87' lang='grc' dir='ltr'><em>Τ</em></span> <span class='ocrx_word' id='word_1_366' title='bbox 3407 2365 3508 2409; x_wconf 83' lang='lat' dir='ltr'><strong>art-</strong></span> 
     </span>
    </p>
   </div>
   <div class='ocr_carea' id='block_1_52' title="bbox 1903 2418 3502 2506">
    <p class='ocr_par' dir='ltr' id='par_1_52' title="bbox 1903 2418 3502 2506">
     <span class='ocr_line' id='line_1_52' title="bbox 1903 2418 3502 2506; baseline 0.018 -38"><span class='ocrx_word' id='word_1_367' title='bbox 1903 2432 2064 2506; x_wconf 80' lang='lat' dir='ltr'><strong>quam</strong></span> <span class='ocrx_word' id='word_1_368' title='bbox 2113 2418 2168 2472; x_wconf 88' lang='lat' dir='ltr'><strong>in</strong></span> <span class='ocrx_word' id='word_1_369' title='bbox 2215 2434 2451 2490; x_wconf 84' lang='lat' dir='ltr'><strong>corpore.</strong></span> <span class='ocrx_word' id='word_1_370' title='bbox 2497 2419 2751 2480; x_wconf 83' lang='lat' dir='ltr'><strong>Forsitan</strong></span> <span class='ocrx_word' id='word_1_371' title='bbox 2786 2422 2903 2482; x_wconf 84' lang='lat' dir='ltr'><strong>haec</strong></span> <span class='ocrx_word' id='word_1_372' title='bbox 2952 2430 3144 2487; x_wconf 87' lang='lat' dir='ltr'><strong>eadem</strong></span> <span class='ocrx_word' id='word_1_373' title='bbox 3194 2436 3502 2506; x_wconf 77' lang='lat' dir='ltr'><strong>patiemini.</strong></span> 
     </span>
    </p>
   </div>
   <div class='ocr_carea' id='block_1_53' title="bbox 1906 2502 3497 2597">
    <p class='ocr_par' dir='ltr' id='par_1_53' title="bbox 1906 2502 3497 2597">
     <span class='ocr_line' id='line_1_53' title="bbox 1906 2502 3497 2597; baseline 0.018 -37"><span class='ocrx_word' id='word_1_374' title='bbox 1906 2502 2233 2593; x_wconf 74' lang='lat' dir='ltr'><strong>Honorabile</strong></span> <span class='ocrx_word' id='word_1_375' title='bbox 2261 2513 2601 2570; x_wconf 81' lang='lat' dir='ltr'><strong>connubium.</strong></span> <span class='ocrx_word' id='word_1_376' title='bbox 2647 2516 3052 2579; x_wconf 83' lang='lat' dir='ltr'><strong>Matrimonium</strong></span> <span class='ocrx_word' id='word_1_377' title='bbox 3092 2502 3396 2597; x_wconf 74' lang='lat' dir='ltr'><strong>legitimum</strong></span> <span class='ocrx_word' id='word_1_378' title='bbox 3441 2534 3497 2589; x_wconf 87' lang='lat' dir='ltr'><strong>in</strong></span> 
     </span>
    </p>
   </div>
   <div class='ocr_carea' id='block_1_54' title="bbox 1906 2600 3504 2683">
    <p class='ocr_par' dir='ltr' id='par_1_54' title="bbox 1906 2600 3504 2683">
     <span class='ocr_line' id='line_1_54' title="bbox 1906 2600 3504 2683; baseline 0.017 -27"><span class='ocrx_word' id='word_1_379' title='bbox 1906 2600 2137 2660; x_wconf 91' lang='lat' dir='ltr'><strong>Domino</strong></span> <span class='ocrx_word' id='word_1_380' title='bbox 2165 2621 2292 2665; x_wconf 89' lang='lat' dir='ltr'><strong>cum</strong></span> <span class='ocrx_word' id='word_1_381' title='bbox 2314 2608 2579 2681; x_wconf 83' lang='lat' dir='ltr'><strong>pudicitia</strong></span> <span class='ocrx_word' id='word_1_382' title='bbox 2606 2608 2726 2670; x_wconf 76' lang='lat' dir='ltr'><strong>ﬁat.</strong></span> <span class='ocrx_word' id='word_1_383' title='bbox 2775 2612 2846 2668; x_wconf 86' lang='lat' dir='ltr'><strong>Et</strong></span> <span class='ocrx_word' id='word_1_384' title='bbox 2896 2616 3100 2674; x_wconf 78' lang='lat' dir='ltr'><strong>thortts.</strong></span> <span class='ocrx_word' id='word_1_385' title='bbox 3137 2618 3355 2683; x_wconf 85' lang='lat' dir='ltr'><strong>Lectus.</strong></span> <span class='ocrx_word' id='word_1_386' title='bbox 3387 2622 3504 2682; x_wconf 84' lang='lat' dir='ltr'><strong>Ins-</strong></span> 
     </span>
    </p>
   </div>
   <div class='ocr_carea' id='block_1_55' title="bbox 1908 2695 3502 2784">
    <p class='ocr_par' dir='ltr' id='par_1_55' title="bbox 1908 2695 3502 2784">
     <span class='ocr_line' id='line_1_55' title="bbox 1908 2695 3502 2784; baseline 0.016 -36"><span class='ocrx_word' id='word_1_387' title='bbox 1908 2695 2231 2755; x_wconf 84' lang='lat' dir='ltr'><strong>maculatus.</strong></span> <span class='ocrx_word' id='word_1_388' title='bbox 2264 2699 2395 2757; x_wconf 90' lang='lat' dir='ltr'><strong>Sine</strong></span> <span class='ocrx_word' id='word_1_389' title='bbox 2420 2702 2804 2762; x_wconf 74' lang='lat' dir='ltr'><strong>fornicatione.</strong></span> <span class='ocrx_word' id='word_1_390' title='bbox 2856 2704 3100 2766; x_wconf 84' lang='lat' dir='ltr'><strong>Contenti</strong></span> <span class='ocrx_word' id='word_1_391' title='bbox 3133 2716 3502 2784; x_wconf 65' lang='lat' dir='ltr'><strong>presentibus.</strong></span> 
     </span>
    </p>
   </div>
   <div class='ocr_carea' id='block_1_56' title="bbox 1908 2787 3509 2875">
    <p class='ocr_par' dir='ltr' id='par_1_56' title="bbox 1908 2787 3509 2875">
     <span class='ocr_line' id='line_1_56' title="bbox 1908 2787 3509 2875; baseline 0.016 -30"><span class='ocrx_word' id='word_1_392' title='bbox 1908 2787 1983 2845; x_wconf 87' lang='lat' dir='ltr'><strong>Ut</strong></span> <span class='ocrx_word' id='word_1_393' title='bbox 2012 2808 2025 2843; x_wconf 89' lang='lat'>:</span> <span class='ocrx_word' id='word_1_394' title='bbox 2050 2789 2234 2847; x_wconf 89' lang='lat' dir='ltr'><strong>Nolite</strong></span> <span class='ocrx_word' id='word_1_395' title='bbox 2260 2795 2493 2866; x_wconf 87' lang='lat' dir='ltr'><strong>cogitare</strong></span> <span class='ocrx_word' id='word_1_396' title='bbox 2522 2795 2588 2852; x_wconf 89' lang='lat' dir='ltr'><strong>de</strong></span> <span class='ocrx_word' id='word_1_397' title='bbox 2623 2798 2876 2855; x_wconf 88' lang='lat' dir='ltr'><strong>crastino.</strong></span> <span class='ocrx_word' id='word_1_398' title='bbox 2930 2797 3364 2875; x_wconf 69' lang='lat' dir='ltr'><strong>Praepositorum.</strong></span> <span class='ocrx_word' id='word_1_399' title='bbox 3404 2807 3509 2869; x_wconf 87' lang='lat' dir='ltr'><strong>Do-</strong></span> 
     </span>
    </p>
   </div>
   <div class='ocr_carea' id='block_1_57' title="bbox 1908 2884 3502 2959">
    <p class='ocr_par' dir='ltr' id='par_1_57' title="bbox 1908 2884 3502 2959">
     <span class='ocr_line' id='line_1_57' title="bbox 1908 2884 3502 2959; baseline 0.013 -22"><span class='ocrx_word' id='word_1_400' title='bbox 1908 2887 2123 2937; x_wconf 88' lang='lat' dir='ltr'><strong>ctorum</strong></span> <span class='ocrx_word' id='word_1_401' title='bbox 2143 2890 2470 2941; x_wconf 89' lang='lat' dir='ltr'><strong>vestrorum.</strong></span> <span class='ocrx_word' id='word_1_402' title='bbox 2498 2884 2655 2944; x_wconf 78' lang='lat' dir='ltr'><strong>Iesus</strong></span> <span class='ocrx_word' id='word_1_403' title='bbox 2687 2885 2928 2946; x_wconf 83' lang='lat' dir='ltr'><strong>Christus</strong></span> <span class='ocrx_word' id='word_1_404' title='bbox 2970 2892 3085 2948; x_wconf 86' lang='lat' dir='ltr'><strong>heri</strong></span> <span class='ocrx_word' id='word_1_405' title='bbox 3132 2905 3181 2951; x_wconf 90' lang='lat' dir='ltr'><strong>et</strong></span> <span class='ocrx_word' id='word_1_406' title='bbox 3208 2896 3384 2955; x_wconf 84' lang='lat' dir='ltr'><strong>hodie.</strong></span> <span class='ocrx_word' id='word_1_407' title='bbox 3419 2900 3502 2959; x_wconf 83' lang='lat' dir='ltr'><strong>Ac</strong></span> 
     </span>
    </p>
   </div>
   <div class='ocr_carea' id='block_1_58' title="bbox 1908 2970 3499 3061">
    <p class='ocr_par' dir='ltr' id='par_1_58' title="bbox 1908 2970 3499 3061">
     <span class='ocr_line' id='line_1_58' title="bbox 1908 2970 3499 3061; baseline 0.014 -33"><span class='ocrx_word' id='word_1_408' title='bbox 1908 2970 1956 3028; x_wconf 89' lang='lat' dir='ltr'><strong>si</strong></span> <span class='ocrx_word' id='word_1_409' title='bbox 1987 2971 2156 3040; x_wconf 86' lang='lat' dir='ltr'><strong>dicat,</strong></span> <span class='ocrx_word' id='word_1_410' title='bbox 2192 2982 2319 3033; x_wconf 90' lang='lat' dir='ltr'><strong>ante</strong></span> <span class='ocrx_word' id='word_1_411' title='bbox 2337 2977 2554 3047; x_wconf 65' lang='lat' dir='ltr'><strong>saecula,</strong></span> <span class='ocrx_word' id='word_1_412' title='bbox 2587 2986 2643 3036; x_wconf 90' lang='lat' dir='ltr'><strong>et</strong></span> <span class='ocrx_word' id='word_1_413' title='bbox 2685 2980 2741 3035; x_wconf 90' lang='lat' dir='ltr'><strong>in</strong></span> <span class='ocrx_word' id='word_1_414' title='bbox 2783 2982 3000 3050; x_wconf 65' lang='lat' dir='ltr'><strong>saecula,</strong></span> <span class='ocrx_word' id='word_1_415' title='bbox 3050 2993 3107 3041; x_wconf 91' lang='lat' dir='ltr'><strong>et</strong></span> <span class='ocrx_word' id='word_1_416' title='bbox 3142 2997 3271 3061; x_wconf 87' lang='lat' dir='ltr'><strong>post</strong></span> <span class='ocrx_word' id='word_1_417' title='bbox 3303 2993 3499 3049; x_wconf 69' lang='lat' dir='ltr'><strong>smeula</strong></span> 
     </span>
    </p>
   </div>
   <div class='ocr_carea' id='block_1_59' title="bbox 1911 3070 3503 3156">
    <p class='ocr_par' dir='ltr' id='par_1_59' title="bbox 1911 3070 3503 3156">
     <span class='ocr_line' id='line_1_59' title="bbox 1911 3070 3503 3156; baseline 0.014 -37"><span class='ocrx_word' id='word_1_418' title='bbox 1911 3070 2129 3156; x_wconf 79' lang='lat' dir='ltr'><strong>semper</strong></span> <span class='ocrx_word' id='word_1_419' title='bbox 2147 3079 2454 3139; x_wconf 87' lang='lat' dir='ltr'><strong>permanet,</strong></span> <span class='ocrx_word' id='word_1_420' title='bbox 2480 3079 2543 3129; x_wconf 88' lang='lat' dir='ltr'><strong>ut</strong></span> <span class='ocrx_word' id='word_1_421' title='bbox 2560 3073 2827 3146; x_wconf 89' lang='lat' dir='ltr'><strong>propheta</strong></span> <span class='ocrx_word' id='word_1_422' title='bbox 2856 3075 2989 3133; x_wconf 88' lang='lat' dir='ltr'><strong>dicit</strong></span> <span class='ocrx_word' id='word_1_423' title='bbox 3014 3093 3030 3131; x_wconf 89' lang='lat'><strong>:</strong></span> <span class='ocrx_word' id='word_1_424' title='bbox 3058 3076 3136 3133; x_wconf 89' lang='lat' dir='ltr'><strong>Tu</strong></span> <span class='ocrx_word' id='word_1_425' title='bbox 3166 3089 3342 3156; x_wconf 75' lang='lat' dir='ltr'><strong>autem</strong></span> <span class='ocrx_word' id='word_1_426' title='bbox 3362 3084 3503 3140; x_wconf 86' lang='lat' dir='ltr'><strong>idem</strong></span> 
     </span>
    </p>
   </div>
   <div class='ocr_carea' id='block_1_60' title="bbox 1909 3154 3510 3249">
    <p class='ocr_par' dir='ltr' id='par_1_60' title="bbox 1909 3154 3510 3249">
     <span class='ocr_line' id='line_1_60' title="bbox 1909 3154 3510 3249; baseline 0.014 -40"><span class='ocrx_word' id='word_1_427' title='bbox 1909 3154 2019 3241; x_wconf 85' lang='lat' dir='ltr'><strong>ipse</strong></span> <span class='ocrx_word' id='word_1_428' title='bbox 2040 3172 2117 3223; x_wconf 89' lang='lat' dir='ltr'><strong>es,</strong></span> <span class='ocrx_word' id='word_1_429' title='bbox 2144 3168 2195 3214; x_wconf 87' lang='lat' dir='ltr'><strong>et</strong></span> <span class='ocrx_word' id='word_1_430' title='bbox 2219 3161 2346 3217; x_wconf 89' lang='lat' dir='ltr'><strong>anni</strong></span> <span class='ocrx_word' id='word_1_431' title='bbox 2369 3161 2447 3217; x_wconf 85' lang='lat' dir='ltr'><strong>tui</strong></span> <span class='ocrx_word' id='word_1_432' title='bbox 2473 3178 2591 3247; x_wconf 17' lang='lat' dir='ltr'><strong>non!</strong></span> <span class='ocrx_word' id='word_1_433' title='bbox 2619 3164 2867 3249; x_wconf 80' lang='lat' dir='ltr'><strong>deﬁcient</strong></span> <span class='ocrx_word' id='word_1_434' title='bbox 2912 3165 3087 3240; x_wconf 90' lang='lat' dir='ltr'><strong>(Psal.</strong></span> <span class='ocrx_word' id='word_1_435' title='bbox 3122 3166 3219 3245; x_wconf 76' lang='grc' dir='ltr'><strong>ει).</strong></span> <span class='ocrx_word' id='word_1_436' title='bbox 3247 3154 3316 3230; x_wconf 84' lang='lat' dir='ltr'><strong>Et</strong></span> <span class='ocrx_word' id='word_1_437' title='bbox 3357 3192 3510 3248; x_wconf 79' lang='lat' dir='ltr'><strong>pere-</strong></span> 
     </span>
    </p>
   </div>
   <div class='ocr_carea' id='block_1_61' title="bbox 1911 3247 3504 3325">
    <p class='ocr_par' dir='ltr' id='par_1_61' title="bbox 1911 3247 3504 3325">
     <span class='ocr_line' id='line_1_61' title="bbox 1911 3247 3504 3325; baseline 0.016 -25"><span class='ocrx_word' id='word_1_438' title='bbox 1911 3247 2098 3318; x_wconf 73' lang='lat' dir='ltr'><strong>prinis.</strong></span> <span class='ocrx_word' id='word_1_439' title='bbox 2121 3248 2299 3307; x_wconf 85' lang='lat' dir='ltr'><strong>Antea</strong></span> <span class='ocrx_word' id='word_1_440' title='bbox 2320 3268 2431 3311; x_wconf 90' lang='lat' dir='ltr'><strong>non</strong></span> <span class='ocrx_word' id='word_1_441' title='bbox 2473 3254 2723 3313; x_wconf 86' lang='lat' dir='ltr'><strong>audistis.</strong></span> <span class='ocrx_word' id='word_1_442' title='bbox 2753 3247 2979 3316; x_wconf 80' lang='lat' dir='ltr'><strong>Abduci.</strong></span> <span class='ocrx_word' id='word_1_443' title='bbox 3009 3259 3055 3315; x_wconf 90' lang='lat' dir='ltr'><strong>A</strong></span> <span class='ocrx_word' id='word_1_444' title='bbox 3095 3278 3226 3319; x_wconf 85' lang='lat' dir='ltr'><strong>vera</strong></span> <span class='ocrx_word' id='word_1_445' title='bbox 3256 3247 3504 3325; x_wconf 78' lang='lat' dir='ltr'><strong>doctrina</strong></span> 
     </span>
    </p>
   </div>
   <div class='ocr_carea' id='block_1_62' title="bbox 204 3326 3507 3429">
    <p class='ocr_par' dir='ltr' id='par_1_62' title="bbox 204 3326 3507 3429">
     <span class='ocr_line' id='line_1_62' title="bbox 204 3326 3507 3429; baseline 0.01 -48"><span class='ocrx_word' id='word_1_446' title='bbox 204 3345 537 3411; x_wconf 40' lang='grc' dir='ltr'><strong>πιδακώδη</strong></span> <span class='ocrx_word' id='word_1_447' title='bbox 567 3326 989 3411; x_wconf 57' lang='grc' dir='ltr'><strong>Νοηδκηιέηεξπ</strong></span> <span class='ocrx_word' id='word_1_448' title='bbox 1014 3369 1177 3424; x_wconf 51' lang='lat' dir='ltr'><strong>mque</strong></span> <span class='ocrx_word' id='word_1_449' title='bbox 1220 3353 1291 3409; x_wconf 62' lang='lat' dir='ltr'><strong>ad</strong></span> <span class='ocrx_word' id='word_1_450' title='bbox 1316 3353 1626 3425; x_wconf 53' lang='lat' dir='ltr'><strong>sanguine,&quot;</strong></span> <span class='ocrx_word' id='word_1_451' title='bbox 1657 3356 1807 3411; x_wconf 58' lang='grc' dir='ltr'><strong>καί,</strong></span> <span class='ocrx_word' id='word_1_452' title='bbox 1832 3326 1877 3390; x_wconf 90' lang='lat' dir='ltr'><strong>C</strong></span> <span class='ocrx_word' id='word_1_453' title='bbox 1906 3342 2174 3429; x_wconf 76' lang='lat' dir='ltr'><strong>separari.</strong></span> <span class='ocrx_word' id='word_1_454' title='bbox 2204 3342 2378 3429; x_wconf 81' lang='lat' dir='ltr'><strong>Quam</strong></span> <span class='ocrx_word' id='word_1_455' title='bbox 2398 3336 2549 3403; x_wconf 84' lang='lat' dir='ltr'><strong>escis.</strong></span> <span class='ocrx_word' id='word_1_456' title='bbox 2580 3346 2787 3429; x_wconf 77' lang='lat' dir='ltr'><strong>Hostiis</strong></span> <span class='ocrx_word' id='word_1_457' title='bbox 2818 3336 3084 3423; x_wconf 80' lang='lat' dir='ltr'><strong>legalibus</strong></span> <span class='ocrx_word' id='word_1_458' title='bbox 3111 3369 3207 3411; x_wconf 90' lang='lat' dir='ltr'><strong>seu</strong></span> <span class='ocrx_word' id='word_1_459' title='bbox 3232 3360 3507 3427; x_wconf 85' lang='lat' dir='ltr'><strong>perversis</strong></span> 
     </span>
    </p>
   </div>
   <div class='ocr_carea' id='block_1_63' title="bbox 203 3440 1807 3517">
    <p class='ocr_par' dir='ltr' id='par_1_63' title="bbox 203 3440 1807 3517">
     <span class='ocr_line' id='line_1_63' title="bbox 203 3440 1807 3517; baseline 0.007 -21"><span class='ocrx_word' id='word_1_460' title='bbox 203 3440 365 3497; x_wconf 87' lang='lat' dir='ltr'><strong>tistis.</strong></span> <span class='ocrx_word' id='word_1_461' title='bbox 394 3440 511 3498; x_wconf 80' lang='lat' dir='ltr'><strong>Hoc</strong></span> <span class='ocrx_word' id='word_1_462' title='bbox 533 3451 642 3510; x_wconf 89' lang='lat' dir='ltr'><strong>est,</strong></span> <span class='ocrx_word' id='word_1_463' title='bbox 665 3444 905 3503; x_wconf 87' lang='lat' dir='ltr'><strong>nondum</strong></span> <span class='ocrx_word' id='word_1_464' title='bbox 928 3447 1256 3517; x_wconf 68' lang='lat' dir='ltr'><strong>sanguinem</strong></span> <span class='ocrx_word' id='word_1_465' title='bbox 1293 3454 1537 3503; x_wconf 86' lang='lat' dir='ltr'><strong>vestrum</strong></span> <span class='ocrx_word' id='word_1_466' title='bbox 1568 3447 1627 3503; x_wconf 87' lang='lat' dir='ltr'><strong>in</strong></span> <span class='ocrx_word' id='word_1_467' title='bbox 1661 3460 1807 3507; x_wconf 79' lang='lat' dir='ltr'><strong>mar-</strong></span> 
     </span>
    </p>
   </div>
   <div class='ocr_carea' id='block_1_64' title="bbox 204 3533 1808 3613">
    <p class='ocr_par' dir='ltr' id='par_1_64' title="bbox 204 3533 1808 3613">
     <span class='ocr_line' id='line_1_64' title="bbox 204 3533 1808 3613; baseline 0.008 -25"><span class='ocrx_word' id='word_1_468' title='bbox 204 3534 352 3605; x_wconf 80' lang='lat' dir='ltr'><strong>tyrio</strong></span> <span class='ocrx_word' id='word_1_469' title='bbox 373 3533 664 3593; x_wconf 67' lang='lat' dir='ltr'><strong>eil‘udistis.</strong></span> <span class='ocrx_word' id='word_1_470' title='bbox 696 3534 808 3591; x_wconf 87' lang='lat' dir='ltr'><strong>Fili</strong></span> <span class='ocrx_word' id='word_1_471' title='bbox 829 3538 922 3603; x_wconf 87' lang='lat' dir='ltr'><strong>mi,</strong></span> <span class='ocrx_word' id='word_1_472' title='bbox 956 3536 1063 3592; x_wconf 84' lang='lat' dir='ltr'><strong>noli</strong></span> <span class='ocrx_word' id='word_1_473' title='bbox 1093 3536 1368 3613; x_wconf 76' lang='lat' dir='ltr'><strong>negligere.</strong></span> <span class='ocrx_word' id='word_1_474' title='bbox 1388 3536 1504 3595; x_wconf 82' lang='lat' dir='ltr'><strong>Hoc</strong></span> <span class='ocrx_word' id='word_1_475' title='bbox 1530 3552 1627 3607; x_wconf 90' lang='lat' dir='ltr'><strong>per</strong></span> <span class='ocrx_word' id='word_1_476' title='bbox 1655 3538 1808 3601; x_wconf 78' lang='lat' dir='ltr'><strong>Salo-</strong></span> 
     </span>
    </p>
   </div>
   <div class='ocr_carea' id='block_1_65' title="bbox 200 3627 1810 3703">
    <p class='ocr_par' dir='ltr' id='par_1_65' title="bbox 200 3627 1810 3703">
     <span class='ocr_line' id='line_1_65' title="bbox 200 3627 1810 3703; baseline 0.001 -20"><span class='ocrx_word' id='word_1_477' title='bbox 200 3642 431 3685; x_wconf 80' lang='lat' dir='ltr'><strong>monetn</strong></span> <span class='ocrx_word' id='word_1_478' title='bbox 457 3628 654 3684; x_wconf 87' lang='lat' dir='ltr'><strong>dicitur</strong></span> <span class='ocrx_word' id='word_1_479' title='bbox 675 3627 861 3702; x_wconf 76' lang='lat' dir='ltr'><strong>(Prov.</strong></span> <span class='ocrx_word' id='word_1_480' title='bbox 892 3629 1001 3703; x_wconf 89' lang='grc' dir='ltr'>ιιι).</span> <span class='ocrx_word' id='word_1_481' title='bbox 1036 3628 1389 3701; x_wconf 83' lang='lat' dir='ltr'><strong>Disciplinam</strong></span> <span class='ocrx_word' id='word_1_482' title='bbox 1420 3628 1656 3687; x_wconf 84' lang='lat' dir='ltr'><strong>Domini.</strong></span> <span class='ocrx_word' id='word_1_483' title='bbox 1692 3629 1810 3687; x_wconf 89' lang='lat' dir='ltr'><strong>Tri-</strong></span> 
     </span>
    </p>
   </div>
   <div class='ocr_carea' id='block_1_66' title="bbox 207 3716 1813 3792">
    <p class='ocr_par' dir='ltr' id='par_1_66' title="bbox 207 3716 1813 3792">
     <span class='ocr_line' id='line_1_66' title="bbox 207 3716 1813 3792; baseline 0.002 -18"><span class='ocrx_word' id='word_1_484' title='bbox 207 3716 573 3780; x_wconf 84' lang='lat' dir='ltr'><strong>bulationem.</strong></span> <span class='ocrx_word' id='word_1_485' title='bbox 623 3719 785 3790; x_wconf 78' lang='lat' dir='ltr'><strong>Cujus</strong></span> <span class='ocrx_word' id='word_1_486' title='bbox 851 3721 1132 3792; x_wconf 82' lang='lat' dir='ltr'><strong>participes</strong></span> <span class='ocrx_word' id='word_1_487' title='bbox 1188 3720 1317 3790; x_wconf 78' lang='lat' dir='ltr'><strong>facti</strong></span> <span class='ocrx_word' id='word_1_488' title='bbox 1376 3722 1519 3779; x_wconf 79' lang='lat' dir='ltr'><strong>estis.</strong></span> <span class='ocrx_word' id='word_1_489' title='bbox 1588 3719 1813 3779; x_wconf 84' lang='lat' dir='ltr'><strong>Scilicet</strong></span> 
     </span>
    </p>
   </div>
   <div class='ocr_carea' id='block_1_67' title="bbox 200 3808 1810 3885">
    <p class='ocr_par' dir='ltr' id='par_1_67' title="bbox 200 3808 1810 3885">
     <span class='ocr_line' id='line_1_67' title="bbox 200 3808 1810 3885; baseline 0 -17"><span class='ocrx_word' id='word_1_490' title='bbox 200 3808 431 3869; x_wconf 83' lang='lat' dir='ltr'><strong>diaboli.</strong></span> <span class='ocrx_word' id='word_1_491' title='bbox 469 3808 652 3871; x_wconf 84' lang='lat' dir='ltr'><strong>Omnis</strong></span> <span class='ocrx_word' id='word_1_492' title='bbox 688 3821 865 3873; x_wconf 71' lang='lat' dir='ltr'><strong>autem</strong></span> <span class='ocrx_word' id='word_1_493' title='bbox 888 3812 1188 3885; x_wconf 85' lang='lat' dir='ltr'><strong>disciplina.</strong></span> <span class='ocrx_word' id='word_1_494' title='bbox 1224 3812 1414 3871; x_wconf 84' lang='lat' dir='ltr'><strong>Omnis</strong></span> <span class='ocrx_word' id='word_1_495' title='bbox 1447 3826 1481 3869; x_wconf 77' lang='lat' dir='ltr'><strong>a</strong></span> <span class='ocrx_word' id='word_1_496' title='bbox 1524 3811 1636 3869; x_wconf 90' lang='lat' dir='ltr'><strong>Deo</strong></span> <span class='ocrx_word' id='word_1_497' title='bbox 1664 3812 1810 3869; x_wconf 87' lang='lat' dir='ltr'><strong>salu-</strong></span> 
     </span>
    </p>
   </div>
   <div class='ocr_carea' id='block_1_68' title="bbox 200 3900 1811 3973">
    <p class='ocr_par' dir='ltr' id='par_1_68' title="bbox 200 3900 1811 3973">
     <span class='ocr_line' id='line_1_68' title="bbox 200 3900 1811 3973; baseline 0.004 -16"><span class='ocrx_word' id='word_1_498' title='bbox 200 3900 447 3957; x_wconf 86' lang='lat' dir='ltr'><strong>berrima</strong></span> <span class='ocrx_word' id='word_1_499' title='bbox 489 3902 782 3959; x_wconf 81' lang='lat' dir='ltr'><strong>correctio.</strong></span> <span class='ocrx_word' id='word_1_500' title='bbox 829 3900 1089 3961; x_wconf 86' lang='lat' dir='ltr'><strong>Fructum</strong></span> <span class='ocrx_word' id='word_1_501' title='bbox 1111 3903 1526 3973; x_wconf 70' lang='lat' dir='ltr'><strong>pacatissimam.</strong></span> <span class='ocrx_word' id='word_1_502' title='bbox 1564 3902 1811 3963; x_wconf 65' lang='lat' dir='ltr'><strong>Eternae</strong></span> 
     </span>
    </p>
   </div>
   <div class='ocr_carea' id='block_1_69' title="bbox 202 3984 1810 4068">
    <p class='ocr_par' dir='ltr' id='par_1_69' title="bbox 202 3984 1810 4068">
     <span class='ocr_line' id='line_1_69' title="bbox 202 3984 1810 4068; baseline 0.004 -21"><span class='ocrx_word' id='word_1_503' title='bbox 202 3992 459 4051; x_wconf 85' lang='lat' dir='ltr'><strong>videlicet</strong></span> <span class='ocrx_word' id='word_1_504' title='bbox 478 3984 767 4051; x_wconf 88' lang='lat' dir='ltr'><strong>mercedis.</strong></span> <span class='ocrx_word' id='word_1_505' title='bbox 789 3994 1061 4050; x_wconf 85' lang='lat' dir='ltr'><strong>Remissas</strong></span> <span class='ocrx_word' id='word_1_506' title='bbox 1097 4012 1311 4051; x_wconf 84' lang='lat' dir='ltr'><strong>manus.</strong></span> <span class='ocrx_word' id='word_1_507' title='bbox 1355 3995 1548 4068; x_wconf 80' lang='lat' dir='ltr'><strong>Pigras</strong></span> <span class='ocrx_word' id='word_1_508' title='bbox 1575 3997 1643 4052; x_wconf 90' lang='lat' dir='ltr'><strong>ad</strong></span> <span class='ocrx_word' id='word_1_509' title='bbox 1670 3997 1810 4054; x_wconf 88' lang='lat' dir='ltr'><strong>bene</strong></span> 
     </span>
    </p>
   </div>
   <div class='ocr_carea' id='block_1_70' title="bbox 204 4086 1801 4161">
    <p class='ocr_par' dir='ltr' id='par_1_70' title="bbox 204 4086 1801 4161">
     <span class='ocr_line' id='line_1_70' title="bbox 204 4086 1801 4161; baseline 0.003 -20"><span class='ocrx_word' id='word_1_510' title='bbox 204 4087 567 4157; x_wconf 79' lang='lat' dir='ltr'><strong>operandam,</strong></span> <span class='ocrx_word' id='word_1_511' title='bbox 591 4096 757 4160; x_wconf 89' lang='lat' dir='ltr'><strong>atque</strong></span> <span class='ocrx_word' id='word_1_512' title='bbox 785 4088 1019 4146; x_wconf 83' lang='lat' dir='ltr'><strong>laxatas.</strong></span> <span class='ocrx_word' id='word_1_513' title='bbox 1050 4086 1121 4145; x_wconf 88' lang='lat' dir='ltr'><strong>Et</strong></span> <span class='ocrx_word' id='word_1_514' title='bbox 1147 4089 1323 4146; x_wconf 88' lang='lat' dir='ltr'><strong>soluta</strong></span> <span class='ocrx_word' id='word_1_515' title='bbox 1346 4107 1536 4161; x_wconf 74' lang='lat' dir='ltr'><strong>genua.</strong></span> <span class='ocrx_word' id='word_1_516' title='bbox 1568 4090 1801 4161; x_wconf 89' lang='lat' dir='ltr'><strong>Propter</strong></span> 
     </span>
    </p>
   </div>
   <div class='ocr_carea' id='block_1_71' title="bbox 206 4177 1807 4251">
    <p class='ocr_par' dir='ltr' id='par_1_71' title="bbox 206 4177 1807 4251">
     <span class='ocr_line' id='line_1_71' title="bbox 206 4177 1807 4251; baseline 0.001 -17"><span class='ocrx_word' id='word_1_517' title='bbox 206 4177 616 4237; x_wconf 80' lang='lat' dir='ltr'><strong>confessionem</strong></span> <span class='ocrx_word' id='word_1_518' title='bbox 664 4178 954 4235; x_wconf 88' lang='lat' dir='ltr'><strong>inﬁrmam.</strong></span> <span class='ocrx_word' id='word_1_519' title='bbox 1009 4179 1233 4251; x_wconf 85' lang='lat' dir='ltr'><strong>Erigite.</strong></span> <span class='ocrx_word' id='word_1_520' title='bbox 1282 4178 1342 4235; x_wconf 87' lang='lat' dir='ltr'><strong>In</strong></span> <span class='ocrx_word' id='word_1_521' title='bbox 1396 4179 1598 4236; x_wconf 88' lang='lat' dir='ltr'><strong>bonum</strong></span> <span class='ocrx_word' id='word_1_522' title='bbox 1648 4195 1807 4249; x_wconf 90' lang='lat' dir='ltr'><strong>opus.</strong></span> 
     </span>
    </p>
   </div>
   <div class='ocr_carea' id='block_1_72' title="bbox 210 4262 1811 4347">
    <p class='ocr_par' dir='ltr' id='par_1_72' title="bbox 210 4262 1811 4347">
     <span class='ocr_line' id='line_1_72' title="bbox 210 4262 1811 4347; baseline -0.001 -19"><span class='ocrx_word' id='word_1_523' title='bbox 210 4271 439 4330; x_wconf 81' lang='lat' dir='ltr'><strong>Gressus</strong></span> <span class='ocrx_word' id='word_1_524' title='bbox 467 4284 655 4332; x_wconf 88' lang='lat' dir='ltr'><strong>rectos.</strong></span> <span class='ocrx_word' id='word_1_525' title='bbox 693 4272 871 4347; x_wconf 87' lang='lat' dir='ltr'><strong>Opera</strong></span> <span class='ocrx_word' id='word_1_526' title='bbox 919 4281 1088 4331; x_wconf 87' lang='lat' dir='ltr'><strong>recta.</strong></span> <span class='ocrx_word' id='word_1_527' title='bbox 1125 4262 1356 4328; x_wconf 84' lang='lat' dir='ltr'><strong>Pedibus</strong></span> <span class='ocrx_word' id='word_1_528' title='bbox 1386 4274 1588 4329; x_wconf 77' lang='lat' dir='ltr'><strong>vestris.</strong></span> <span class='ocrx_word' id='word_1_529' title='bbox 1624 4272 1811 4329; x_wconf 86' lang='lat' dir='ltr'><strong>Sensi-</strong></span> 
     </span>
    </p>
   </div>
   <div class='ocr_carea' id='block_1_73' title="bbox 209 4364 1811 4439">
    <p class='ocr_par' dir='ltr' id='par_1_73' title="bbox 209 4364 1811 4439">
     <span class='ocr_line' id='line_1_73' title="bbox 209 4364 1811 4439; baseline -0.002 -17"><span class='ocrx_word' id='word_1_530' title='bbox 209 4365 337 4423; x_wconf 87' lang='lat' dir='ltr'><strong>bus.</strong></span> <span class='ocrx_word' id='word_1_531' title='bbox 376 4365 444 4421; x_wconf 89' lang='lat' dir='ltr'><strong>Ut</strong></span> <span class='ocrx_word' id='word_1_532' title='bbox 473 4385 579 4423; x_wconf 88' lang='lat' dir='ltr'><strong>non</strong></span> <span class='ocrx_word' id='word_1_533' title='bbox 603 4366 910 4423; x_wconf 86' lang='lat' dir='ltr'><strong>claudicans</strong></span> <span class='ocrx_word' id='word_1_534' title='bbox 931 4367 1048 4439; x_wconf 85' lang='lat' dir='ltr'><strong>quis</strong></span> <span class='ocrx_word' id='word_1_535' title='bbox 1071 4372 1227 4422; x_wconf 88' lang='lat' dir='ltr'><strong>erret.</strong></span> <span class='ocrx_word' id='word_1_536' title='bbox 1252 4365 1400 4420; x_wconf 88' lang='lat' dir='ltr'><strong>Inter</strong></span> <span class='ocrx_word' id='word_1_537' title='bbox 1423 4365 1595 4419; x_wconf 88' lang='lat' dir='ltr'><strong>Deum</strong></span> <span class='ocrx_word' id='word_1_538' title='bbox 1620 4372 1675 4419; x_wconf 88' lang='lat' dir='ltr'><strong>et</strong></span> <span class='ocrx_word' id='word_1_539' title='bbox 1696 4364 1811 4420; x_wconf 84' lang='lat' dir='ltr'><strong>ido-</strong></span> 
     </span>
    </p>
   </div>
   <div class='ocr_carea' id='block_1_74' title="bbox 208 4450 1809 4529">
    <p class='ocr_par' dir='ltr' id='par_1_74' title="bbox 208 4450 1809 4529">
     <span class='ocr_line' id='line_1_74' title="bbox 208 4450 1809 4529; baseline -0.002 -17"><span class='ocrx_word' id='word_1_540' title='bbox 208 4455 350 4523; x_wconf 87' lang='lat' dir='ltr'><strong>lum,</strong></span> <span class='ocrx_word' id='word_1_541' title='bbox 379 4466 440 4512; x_wconf 89' lang='lat' dir='ltr'><strong>ut</strong></span> <span class='ocrx_word' id='word_1_542' title='bbox 467 4458 762 4529; x_wconf 85' lang='lat' dir='ltr'><strong>aliquando</strong></span> <span class='ocrx_word' id='word_1_543' title='bbox 806 4457 997 4526; x_wconf 85' lang='lat' dir='ltr'><strong>Deum,</strong></span> <span class='ocrx_word' id='word_1_544' title='bbox 1029 4450 1322 4529; x_wconf 83' lang='lat' dir='ltr'><strong>aliquando</strong></span> <span class='ocrx_word' id='word_1_545' title='bbox 1367 4455 1571 4512; x_wconf 89' lang='lat' dir='ltr'><strong>idolum</strong></span> <span class='ocrx_word' id='word_1_546' title='bbox 1598 4456 1809 4522; x_wconf 84' lang='lat' dir='ltr'><strong>adoret,</strong></span> 
     </span>
    </p>
   </div>
   <div class='ocr_carea' id='block_1_75' title="bbox 207 4548 1812 4621">
    <p class='ocr_par' dir='ltr' id='par_1_75' title="bbox 207 4548 1812 4621">
     <span class='ocr_line' id='line_1_75' title="bbox 207 4548 1812 4621; baseline -0.002 -15"><span class='ocrx_word' id='word_1_547' title='bbox 207 4549 377 4606; x_wconf 86' lang='lat' dir='ltr'><strong>sicuti</strong></span> <span class='ocrx_word' id='word_1_548' title='bbox 424 4550 519 4621; x_wconf 89' lang='lat' dir='ltr'><strong>qui</strong></span> <span class='ocrx_word' id='word_1_549' title='bbox 565 4549 881 4607; x_wconf 85' lang='lat' dir='ltr'><strong>claudicatis</strong></span> <span class='ocrx_word' id='word_1_550' title='bbox 922 4551 976 4605; x_wconf 91' lang='lat' dir='ltr'><strong>in</strong></span> <span class='ocrx_word' id='word_1_551' title='bbox 1023 4565 1112 4605; x_wconf 88' lang='lat' dir='ltr'><strong>me</strong></span> <span class='ocrx_word' id='word_1_552' title='bbox 1141 4557 1196 4605; x_wconf 91' lang='lat' dir='ltr'><strong>et</strong></span> <span class='ocrx_word' id='word_1_553' title='bbox 1233 4548 1384 4605; x_wconf 88' lang='lat' dir='ltr'><strong>Baal.</strong></span> <span class='ocrx_word' id='word_1_554' title='bbox 1433 4548 1616 4620; x_wconf 86' lang='lat' dir='ltr'><strong>Neque</strong></span> <span class='ocrx_word' id='word_1_555' title='bbox 1656 4548 1812 4603; x_wconf 73' lang='lat' dir='ltr'><strong>radio:</strong></span> 
     </span>
    </p>
   </div>
   <div class='ocr_carea' id='block_1_76' title="bbox 215 4641 1805 4714">
    <p class='ocr_par' dir='ltr' id='par_1_76' title="bbox 215 4641 1805 4714">
     <span class='ocr_line' id='line_1_76' title="bbox 215 4641 1805 4714; baseline 0 -18"><span class='ocrx_word' id='word_1_556' title='bbox 215 4642 623 4698; x_wconf 75' lang='lat' dir='ltr'><strong>amaritudinis.</strong></span> <span class='ocrx_word' id='word_1_557' title='bbox 652 4641 897 4714; x_wconf 82' lang='lat' dir='ltr'><strong>Alicujus</strong></span> <span class='ocrx_word' id='word_1_558' title='bbox 930 4642 1160 4713; x_wconf 85' lang='lat' dir='ltr'><strong>peccati.</strong></span> <span class='ocrx_word' id='word_1_559' title='bbox 1214 4641 1441 4699; x_wconf 84' lang='lat' dir='ltr'><strong>Sursum</strong></span> <span class='ocrx_word' id='word_1_560' title='bbox 1487 4643 1805 4712; x_wconf 87' lang='lat' dir='ltr'><strong>germinans.</strong></span> 
     </span>
    </p>
   </div>
   <div class='ocr_carea' id='block_1_77' title="bbox 1912 3424 3509 3506">
    <p class='ocr_par' dir='ltr' id='par_1_77' title="bbox 1912 3424 3509 3506">
     <span class='ocr_line' id='line_1_77' title="bbox 1912 3424 3509 3506; baseline 0.012 -18"><span class='ocrx_word' id='word_1_561' title='bbox 1912 3425 2197 3493; x_wconf 86' lang='lat' dir='ltr'><strong>doctrinis.</strong></span> <span class='ocrx_word' id='word_1_562' title='bbox 2250 3424 2540 3495; x_wconf 84' lang='lat' dir='ltr'><strong>Habemus.</strong></span> <span class='ocrx_word' id='word_1_563' title='bbox 2597 3424 2707 3497; x_wconf 73' lang='lat' dir='ltr'><strong>Nos</strong></span> <span class='ocrx_word' id='word_1_564' title='bbox 2755 3432 2964 3499; x_wconf 89' lang='lat' dir='ltr'><strong>ﬁdeles.</strong></span> <span class='ocrx_word' id='word_1_565' title='bbox 3029 3424 3249 3500; x_wconf 45' lang='lat' dir='ltr'><strong>Altare:</strong></span> <span class='ocrx_word' id='word_1_566' title='bbox 3299 3446 3509 3506; x_wconf 73' lang='lat' dir='ltr'><strong>Przeter</strong></span> 
     </span>
    </p>
   </div>
   <div class='ocr_carea' id='block_1_78' title="bbox 1882 3514 3507 3603">
    <p class='ocr_par' dir='ltr' id='par_1_78' title="bbox 1882 3514 3507 3603">
     <span class='ocr_line' id='line_1_78' title="bbox 1882 3514 3507 3603; baseline 0.009 -24"><span class='ocrx_word' id='word_1_567' title='bbox 1882 3594 1885 3595; x_wconf 17' lang='grc' dir='ltr'><em>ν</em></span> <span class='ocrx_word' id='word_1_568' title='bbox 1913 3514 2088 3579; x_wconf 86' lang='lat' dir='ltr'><strong>altare</strong></span> <span class='ocrx_word' id='word_1_569' title='bbox 2115 3514 2449 3593; x_wconf 70' lang='lat' dir='ltr'><strong>Iudaeorum,</strong></span> <span class='ocrx_word' id='word_1_570' title='bbox 2476 3520 2617 3585; x_wconf 90' lang='lat' dir='ltr'><strong>unde</strong></span> <span class='ocrx_word' id='word_1_571' title='bbox 2645 3544 2844 3601; x_wconf 90' lang='lat' dir='ltr'><strong>corpus</strong></span> <span class='ocrx_word' id='word_1_572' title='bbox 2865 3541 2922 3587; x_wconf 91' lang='lat' dir='ltr'><strong>et</strong></span> <span class='ocrx_word' id='word_1_573' title='bbox 2951 3534 3269 3603; x_wconf 80' lang='lat' dir='ltr'><strong>sanguinem</strong></span> <span class='ocrx_word' id='word_1_574' title='bbox 3301 3520 3507 3594; x_wconf 88' lang='lat' dir='ltr'><strong>Christi</strong></span> 
     </span>
    </p>
   </div>
   <div class='ocr_carea' id='block_1_79' title="bbox 1911 3608 3505 3688">
    <p class='ocr_par' dir='ltr' id='par_1_79' title="bbox 1911 3608 3505 3688">
     <span class='ocr_line' id='line_1_79' title="bbox 1911 3608 3505 3688; baseline 0.009 -17"><span class='ocrx_word' id='word_1_575' title='bbox 1911 3612 2319 3688; x_wconf 84' lang='lat' dir='ltr'><strong>participamus.</strong></span> <span class='ocrx_word' id='word_1_576' title='bbox 2375 3608 2480 3686; x_wconf 69' lang='lat' dir='ltr'><strong>Qui</strong></span> <span class='ocrx_word' id='word_1_577' title='bbox 2534 3616 2873 3677; x_wconf 87' lang='lat' dir='ltr'><strong>tabernaculo</strong></span> <span class='ocrx_word' id='word_1_578' title='bbox 2920 3612 3237 3680; x_wconf 81' lang='lat' dir='ltr'><strong>deserviunt.</strong></span> <span class='ocrx_word' id='word_1_579' title='bbox 3288 3610 3505 3685; x_wconf 68' lang='lat' dir='ltr'><strong>Veteris</strong></span> 
     </span>
    </p>
   </div>
   <div class='ocr_carea' id='block_1_80' title="bbox 1912 3696 3502 3784">
    <p class='ocr_par' dir='ltr' id='par_1_80' title="bbox 1912 3696 3502 3784">
     <span class='ocr_line' id='line_1_80' title="bbox 1912 3696 3502 3784; baseline 0.008 -21"><span class='ocrx_word' id='word_1_580' title='bbox 1912 3708 2165 3764; x_wconf 87' lang='lat' dir='ltr'><strong>videlicet</strong></span> <span class='ocrx_word' id='word_1_581' title='bbox 2198 3709 2350 3780; x_wconf 75' lang='lat' dir='ltr'><strong>legis.</strong></span> <span class='ocrx_word' id='word_1_582' title='bbox 2376 3696 2644 3765; x_wconf 71' lang='lat' dir='ltr'><strong>Exeamus</strong></span> <span class='ocrx_word' id='word_1_583' title='bbox 2667 3712 2844 3784; x_wconf 86' lang='lat' dir='ltr'><strong>itaque</strong></span> <span class='ocrx_word' id='word_1_584' title='bbox 2870 3708 2941 3768; x_wconf 87' lang='lat' dir='ltr'><strong>ad</strong></span> <span class='ocrx_word' id='word_1_585' title='bbox 2982 3720 3104 3768; x_wconf 89' lang='lat' dir='ltr'><strong>eum</strong></span> <span class='ocrx_word' id='word_1_586' title='bbox 3133 3720 3287 3777; x_wconf 76' lang='lat' dir='ltr'><strong>extra</strong></span> <span class='ocrx_word' id='word_1_587' title='bbox 3303 3728 3502 3783; x_wconf 78' lang='lat' dir='ltr'><strong>castra.</strong></span> 
     </span>
    </p>
   </div>
   <div class='ocr_carea' id='block_1_81' title="bbox 1913 3796 3587 3885">
    <p class='ocr_par' dir='ltr' id='par_1_81' title="bbox 1913 3796 3587 3885">
     <span class='ocr_line' id='line_1_81' title="bbox 1913 3796 3587 3885; baseline 0.001 -24"><span class='ocrx_word' id='word_1_588' title='bbox 1913 3803 2287 3885; x_wconf 84' lang='lat' dir='ltr'><strong>Despicientes</strong></span> <span class='ocrx_word' id='word_1_589' title='bbox 2305 3803 2618 3873; x_wconf 76' lang='lat' dir='ltr'><strong>praesentia,</strong></span> <span class='ocrx_word' id='word_1_590' title='bbox 2651 3813 2708 3863; x_wconf 87' lang='lat' dir='ltr'><strong>et</strong></span> <span class='ocrx_word' id='word_1_591' title='bbox 2728 3814 2975 3862; x_wconf 86' lang='lat' dir='ltr'><strong>amantes</strong></span> <span class='ocrx_word' id='word_1_592' title='bbox 2998 3805 3201 3864; x_wconf 84' lang='lat' dir='ltr'><strong>futura.</strong></span> <span class='ocrx_word' id='word_1_593' title='bbox 3230 3796 3507 3885; x_wconf 75' lang='lat' dir='ltr'><strong>Imprope-</strong></span> <span class='ocrx_word' id='word_1_594' title='bbox 3582 3828 3587 3833; x_wconf 84' lang='grc'><strong>-</strong></span> 
     </span>
    </p>
   </div>
   <div class='ocr_carea' id='block_1_82' title="bbox 1914 3882 3505 3971">
    <p class='ocr_par' dir='ltr' id='par_1_82' title="bbox 1914 3882 3505 3971">
     <span class='ocr_line' id='line_1_82' title="bbox 1914 3882 3505 3971; baseline 0.008 -21"><span class='ocrx_word' id='word_1_595' title='bbox 1914 3898 2054 3953; x_wconf 87' lang='lat' dir='ltr'><strong>rium</strong></span> <span class='ocrx_word' id='word_1_596' title='bbox 2077 3895 2210 3969; x_wconf 83' lang='lat' dir='ltr'><strong>ejus.</strong></span> <span class='ocrx_word' id='word_1_597' title='bbox 2235 3882 2464 3955; x_wconf 81' lang='lat' dir='ltr'><strong>Crucem</strong></span> <span class='ocrx_word' id='word_1_598' title='bbox 2497 3888 2552 3955; x_wconf 82' lang='lat' dir='ltr'><strong>et</strong></span> <span class='ocrx_word' id='word_1_599' title='bbox 2576 3899 2859 3971; x_wconf 86' lang='lat' dir='ltr'><strong>passiones</strong></span> <span class='ocrx_word' id='word_1_600' title='bbox 2880 3901 3084 3959; x_wconf 84' lang='lat' dir='ltr'><strong>varias.</strong></span> <span class='ocrx_word' id='word_1_601' title='bbox 3117 3882 3364 3963; x_wconf 67' lang='lat' dir='ltr'><strong>Hostiam</strong></span> <span class='ocrx_word' id='word_1_602' title='bbox 3384 3882 3505 3963; x_wconf 82' lang='lat' dir='ltr'><strong>lau-</strong></span> 
     </span>
    </p>
   </div>
   <div class='ocr_carea' id='block_1_83' title="bbox 1912 3972 3506 4063">
    <p class='ocr_par' dir='ltr' id='par_1_83' title="bbox 1912 3972 3506 4063">
     <span class='ocr_line' id='line_1_83' title="bbox 1912 3972 3506 4063; baseline 0.006 -18"><span class='ocrx_word' id='word_1_603' title='bbox 1912 3990 2016 4047; x_wconf 87' lang='lat' dir='ltr'><strong>dis.</strong></span> <span class='ocrx_word' id='word_1_604' title='bbox 2068 3976 2183 4046; x_wconf 90' lang='lat' dir='ltr'><strong>Ut:</strong></span> <span class='ocrx_word' id='word_1_605' title='bbox 2226 3978 2454 4050; x_wconf 73' lang='lat' dir='ltr'><strong>Immola</strong></span> <span class='ocrx_word' id='word_1_606' title='bbox 2492 3972 2601 4045; x_wconf 82' lang='lat' dir='ltr'><strong>Deo</strong></span> <span class='ocrx_word' id='word_1_607' title='bbox 2646 3982 2969 4063; x_wconf 81' lang='lat' dir='ltr'><strong>sacri/icium</strong></span> <span class='ocrx_word' id='word_1_608' title='bbox 2999 3992 3197 4053; x_wconf 79' lang='lat' dir='ltr'><strong>laudis.</strong></span> <span class='ocrx_word' id='word_1_609' title='bbox 3243 3978 3506 4055; x_wconf 63' lang='lat' dir='ltr'><strong>Fructum</strong></span> 
     </span>
    </p>
   </div>
   <div class='ocr_carea' id='block_1_84' title="bbox 1913 4070 3503 4150">
    <p class='ocr_par' dir='ltr' id='par_1_84' title="bbox 1913 4070 3503 4150">
     <span class='ocr_line' id='line_1_84' title="bbox 1913 4070 3503 4150; baseline 0.004 -11"><span class='ocrx_word' id='word_1_610' title='bbox 1913 4082 2196 4139; x_wconf 79' lang='lat' dir='ltr'><strong>labiorum.</strong></span> <span class='ocrx_word' id='word_1_611' title='bbox 2230 4081 2396 4150; x_wconf 86' lang='lat' dir='ltr'><strong>Quasi</strong></span> <span class='ocrx_word' id='word_1_612' title='bbox 2423 4070 2656 4141; x_wconf 87' lang='lat' dir='ltr'><strong>vitulum</strong></span> <span class='ocrx_word' id='word_1_613' title='bbox 2686 4084 2798 4139; x_wconf 91' lang='lat' dir='ltr'><strong>Deo</strong></span> <span class='ocrx_word' id='word_1_614' title='bbox 2821 4083 3130 4145; x_wconf 71' lang='lat' dir='ltr'><strong>offerentes.</strong></span> <span class='ocrx_word' id='word_1_615' title='bbox 3168 4072 3239 4143; x_wconf 66' lang='lat' dir='ltr'><strong>Et</strong></span> <span class='ocrx_word' id='word_1_616' title='bbox 3265 4106 3503 4145; x_wconf 82' lang='lat' dir='ltr'><strong>commu-</strong></span> 
     </span>
    </p>
   </div>
   <div class='ocr_carea' id='block_1_85' title="bbox 1912 4164 3505 4249">
    <p class='ocr_par' dir='ltr' id='par_1_85' title="bbox 1912 4164 3505 4249">
     <span class='ocr_line' id='line_1_85' title="bbox 1912 4164 3505 4249; baseline 0.005 -20"><span class='ocrx_word' id='word_1_617' title='bbox 1912 4174 2105 4229; x_wconf 86' lang='lat' dir='ltr'><strong>nionis.</strong></span> <span class='ocrx_word' id='word_1_618' title='bbox 2134 4173 2452 4246; x_wconf 71' lang='lat' dir='ltr'><strong>Largienda:</strong></span> <span class='ocrx_word' id='word_1_619' title='bbox 2471 4175 2848 4249; x_wconf 71' lang='lat' dir='ltr'><strong>eleemosynze.</strong></span> <span class='ocrx_word' id='word_1_620' title='bbox 2875 4164 3218 4236; x_wconf 80' lang='lat' dir='ltr'><strong>Promeretur</strong></span> <span class='ocrx_word' id='word_1_621' title='bbox 3242 4179 3405 4237; x_wconf 85' lang='lat' dir='ltr'><strong>Deus.</strong></span> <span class='ocrx_word' id='word_1_622' title='bbox 3434 4180 3505 4239; x_wconf 88' lang='lat' dir='ltr'><strong>Ut</strong></span> 
     </span>
    </p>
   </div>
   <div class='ocr_carea' id='block_1_86' title="bbox 1912 4256 3503 4343">
    <p class='ocr_par' dir='ltr' id='par_1_86' title="bbox 1912 4256 3503 4343">
     <span class='ocr_line' id='line_1_86' title="bbox 1912 4256 3503 4343; baseline 0.002 -18"><span class='ocrx_word' id='word_1_623' title='bbox 1912 4270 2195 4326; x_wconf 89' lang='lat' dir='ltr'><strong>nobiscum</strong></span> <span class='ocrx_word' id='word_1_624' title='bbox 2246 4270 2317 4327; x_wconf 90' lang='lat' dir='ltr'><strong>sit</strong></span> <span class='ocrx_word' id='word_1_625' title='bbox 2355 4270 2518 4325; x_wconf 89' lang='lat' dir='ltr'><strong>Deus.</strong></span> <span class='ocrx_word' id='word_1_626' title='bbox 2574 4256 2742 4335; x_wconf 79' lang='lat' dir='ltr'><strong>Quasi</strong></span> <span class='ocrx_word' id='word_1_627' title='bbox 2793 4272 3050 4343; x_wconf 84' lang='lat' dir='ltr'><strong>rationem</strong></span> <span class='ocrx_word' id='word_1_628' title='bbox 3105 4258 3169 4327; x_wconf 84' lang='lat' dir='ltr'><strong>de</strong></span> <span class='ocrx_word' id='word_1_629' title='bbox 3226 4273 3503 4329; x_wconf 86' lang='lat' dir='ltr'><strong>animabus</strong></span> 
     </span>
    </p>
   </div>
   <div class='ocr_carea' id='block_1_87' title="bbox 1911 4361 3503 4439">
    <p class='ocr_par' dir='ltr' id='par_1_87' title="bbox 1911 4361 3503 4439">
     <span class='ocr_line' id='line_1_87' title="bbox 1911 4361 3503 4439; baseline 0.001 -20"><span class='ocrx_word' id='word_1_630' title='bbox 1911 4364 2097 4419; x_wconf 79' lang='lat' dir='ltr'><strong>uestris</strong></span> <span class='ocrx_word' id='word_1_631' title='bbox 2127 4363 2406 4421; x_wconf 84' lang='lat' dir='ltr'><strong>reddituri.</strong></span> <span class='ocrx_word' id='word_1_632' title='bbox 2435 4362 2542 4418; x_wconf 87' lang='lat' dir='ltr'><strong>Ut:</strong></span> <span class='ocrx_word' id='word_1_633' title='bbox 2578 4361 2819 4430; x_wconf 77' lang='lat' dir='ltr'><strong>Quorum</strong></span> <span class='ocrx_word' id='word_1_634' title='bbox 2852 4364 3084 4419; x_wconf 89' lang='lat' dir='ltr'><strong>animam</strong></span> <span class='ocrx_word' id='word_1_635' title='bbox 3121 4373 3168 4417; x_wconf 90' lang='lat' dir='ltr'><strong>et</strong></span> <span class='ocrx_word' id='word_1_636' title='bbox 3195 4365 3503 4439; x_wconf 84' lang='lat' dir='ltr'><strong>sanguinem</strong></span> 
     </span>
    </p>
   </div>
   <div class='ocr_carea' id='block_1_88' title="bbox 1912 4454 3497 4529">
    <p class='ocr_par' dir='ltr' id='par_1_88' title="bbox 1912 4454 3497 4529">
     <span class='ocr_line' id='line_1_88' title="bbox 1912 4454 3497 4529; baseline 0.001 -18"><span class='ocrx_word' id='word_1_637' title='bbox 1912 4456 1978 4511; x_wconf 86' lang='lat' dir='ltr'><strong>de</strong></span> <span class='ocrx_word' id='word_1_638' title='bbox 2007 4472 2168 4511; x_wconf 88' lang='lat' dir='ltr'><strong>manu</strong></span> <span class='ocrx_word' id='word_1_639' title='bbox 2198 4464 2367 4510; x_wconf 82' lang='lat' dir='ltr'><strong>uestra</strong></span> <span class='ocrx_word' id='word_1_640' title='bbox 2395 4455 2680 4526; x_wconf 81' lang='lat' dir='ltr'><strong>requiram,</strong></span> <span class='ocrx_word' id='word_1_641' title='bbox 2707 4455 2835 4510; x_wconf 87' lang='lat' dir='ltr'><strong>dicit</strong></span> <span class='ocrx_word' id='word_1_642' title='bbox 2857 4455 3117 4511; x_wconf 84' lang='lat' dir='ltr'><strong>Dominus</strong></span> <span class='ocrx_word' id='word_1_643' title='bbox 3147 4454 3366 4526; x_wconf 70' lang='lat' dir='ltr'><strong>(Ezech.</strong></span> <span class='ocrx_word' id='word_1_644' title='bbox 3390 4459 3497 4529; x_wconf 87' lang='grc' dir='ltr'>ιιι).</span> 
     </span>
    </p>
   </div>
   <div class='ocr_carea' id='block_1_89' title="bbox 1910 4547 3503 4622">
    <p class='ocr_par' dir='ltr' id='par_1_89' title="bbox 1910 4547 3503 4622">
     <span class='ocr_line' id='line_1_89' title="bbox 1910 4547 3503 4622; baseline 0.001 -16"><span class='ocrx_word' id='word_1_645' title='bbox 1910 4550 2056 4611; x_wconf 88' lang='lat' dir='ltr'><strong>Deus</strong></span> <span class='ocrx_word' id='word_1_646' title='bbox 2086 4558 2260 4606; x_wconf 89' lang='lat' dir='ltr'><strong>autem</strong></span> <span class='ocrx_word' id='word_1_647' title='bbox 2304 4549 2469 4620; x_wconf 83' lang='lat' dir='ltr'><strong>pacis.</strong></span> <span class='ocrx_word' id='word_1_648' title='bbox 2512 4547 2622 4603; x_wconf 88' lang='lat' dir='ltr'><strong>Deo</strong></span> <span class='ocrx_word' id='word_1_649' title='bbox 2644 4549 2751 4604; x_wconf 91' lang='lat' dir='ltr'><strong>hoc</strong></span> <span class='ocrx_word' id='word_1_650' title='bbox 2771 4547 3099 4620; x_wconf 74' lang='lat' dir='ltr'><strong>adjungitur,</strong></span> <span class='ocrx_word' id='word_1_651' title='bbox 3142 4549 3269 4618; x_wconf 89' lang='lat' dir='ltr'><strong>quia</strong></span> <span class='ocrx_word' id='word_1_652' title='bbox 3297 4549 3503 4622; x_wconf 84' lang='lat' dir='ltr'><strong>aliquid</strong></span> 
     </span>
    </p>
   </div>
   <div class='ocr_carea' id='block_1_90' title="bbox 1910 4639 3503 4715">
    <p class='ocr_par' dir='ltr' id='par_1_90' title="bbox 1910 4639 3503 4715">
     <span class='ocr_line' id='line_1_90' title="bbox 1910 4639 3503 4715; baseline -0.001 -15"><span class='ocrx_word' id='word_1_653' title='bbox 1910 4642 2271 4700; x_wconf 86' lang='lat' dir='ltr'><strong>dissensionis</strong></span> <span class='ocrx_word' id='word_1_654' title='bbox 2315 4640 2641 4700; x_wconf 85' lang='lat' dir='ltr'><strong>habuerunt.</strong></span> <span class='ocrx_word' id='word_1_655' title='bbox 2702 4639 2972 4696; x_wconf 89' lang='lat' dir='ltr'><strong>Pastores.</strong></span> <span class='ocrx_word' id='word_1_656' title='bbox 3039 4640 3111 4699; x_wconf 92' lang='lat' dir='ltr'><strong>Ut</strong></span> <span class='ocrx_word' id='word_1_657' title='bbox 3154 4658 3168 4696; x_wconf 92' lang='lat'><strong>:</strong></span> <span class='ocrx_word' id='word_1_658' title='bbox 3215 4641 3330 4714; x_wconf 86' lang='lat' dir='ltr'><strong>Ego</strong></span> <span class='ocrx_word' id='word_1_659' title='bbox 3358 4660 3503 4715; x_wconf 81' lang='lat' dir='ltr'><strong>sum</strong></span> 
     </span>
    </p>
   </div>
   <div class='ocr_carea' id='block_1_91' title="bbox 207 4686 3503 4808">
    <p class='ocr_par' dir='ltr' id='par_1_91' title="bbox 207 4686 3503 4808">
     <span class='ocr_line' id='line_1_91' title="bbox 216 4686 3503 4715; baseline 0 -18"><span class='ocrx_word' id='word_1_660' title='bbox 216 4686 623 4698; x_wconf 70' lang='grc' dir='ltr'><strong>-..-....-.....,,.ν.</strong></span> <span class='ocrx_word' id='word_1_661' title='bbox 652 4686 807 4699; x_wconf 68' lang='grc' dir='ltr'><strong>..ην-</strong></span> <span class='ocrx_word' id='word_1_662' title='bbox 836 4686 897 4699; x_wconf 61' lang='grc' dir='ltr'>ι...</span> <span class='ocrx_word' id='word_1_663' title='bbox 931 4686 1160 4713; x_wconf 54' lang='grc' dir='ltr'><strong>γυνη...</strong></span> <span class='ocrx_word' id='word_1_664' title='bbox 1214 4686 1441 4699; x_wconf 66' lang='grc' dir='ltr'><strong>,μην-..-</strong></span> <span class='ocrx_word' id='word_1_665' title='bbox 1487 4686 1805 4712; x_wconf 60' lang='grc' dir='ltr'><strong>υν............,.</strong></span> <span class='ocrx_word' id='word_1_666' title='bbox 1912 4686 2270 4700; x_wconf 77' lang='lat'><strong>........,............</strong></span> <span class='ocrx_word' id='word_1_667' title='bbox 2315 4686 2641 4700; x_wconf 66' lang='grc' dir='ltr'><strong>..-ην-...η-</strong></span> <span class='ocrx_word' id='word_1_668' title='bbox 2702 4686 2728 4694; x_wconf 92' lang='grc'><strong>-</strong></span> <span class='ocrx_word' id='word_1_669' title='bbox 2754 4686 2972 4696; x_wconf 66' lang='grc' dir='ltr'><strong><em>--η-η.</em></strong></span> <span class='ocrx_word' id='word_1_670' title='bbox 3044 4686 3111 4699; x_wconf 67' lang='grc' dir='ltr'><strong>ν-</strong></span> <span class='ocrx_word' id='word_1_671' title='bbox 3154 4686 3168 4696; x_wconf 90' lang='grc'>.</span> <span class='ocrx_word' id='word_1_672' title='bbox 3215 4686 3328 4714; x_wconf 65' lang='grc' dir='ltr'><strong>..ην</strong></span> <span class='ocrx_word' id='word_1_673' title='bbox 3358 4686 3503 4715; x_wconf 12' lang='grc' dir='ltr'><strong>κη...</strong></span> 
     </span>
     <span class='ocr_line' id='line_1_92' title="bbox 207 4686 3503 4808; baseline 0.002 -22"><span class='ocrx_word' id='word_1_674' title='bbox 207 4731 274 4787; x_wconf 89' lang='lat' dir='ltr'><strong>1d</strong></span> <span class='ocrx_word' id='word_1_675' title='bbox 302 4741 409 4799; x_wconf 87' lang='lat' dir='ltr'><strong>est,</strong></span> <span class='ocrx_word' id='word_1_676' title='bbox 439 4733 493 4789; x_wconf 89' lang='lat' dir='ltr'><strong>in</strong></span> <span class='ocrx_word' id='word_1_677' title='bbox 523 4686 837 4805; x_wconf 69' lang='lat' dir='ltr'><strong>superbiam</strong></span> <span class='ocrx_word' id='word_1_678' title='bbox 876 4750 1149 4792; x_wconf 85' lang='lat' dir='ltr'><strong>crescens.</strong></span> <span class='ocrx_word' id='word_1_679' title='bbox 1200 4733 1284 4789; x_wconf 91' lang='lat' dir='ltr'><strong>Ne</strong></span> <span class='ocrx_word' id='word_1_680' title='bbox 1336 4735 1455 4807; x_wconf 87' lang='lat' dir='ltr'><strong>quis</strong></span> <span class='ocrx_word' id='word_1_681' title='bbox 1495 4733 1805 4803; x_wconf 80' lang='lat' dir='ltr'><strong>fornicator.</strong></span> <span class='ocrx_word' id='word_1_682' title='bbox 1832 4686 1888 4747; x_wconf 70' lang='grc' dir='ltr'><strong><em>Β</em></strong></span> <span class='ocrx_word' id='word_1_683' title='bbox 1912 4745 2095 4808; x_wconf 85' lang='lat' dir='ltr'><strong>pastor</strong></span> <span class='ocrx_word' id='word_1_684' title='bbox 2120 4735 2285 4790; x_wconf 87' lang='lat' dir='ltr'><strong>bonus</strong></span> <span class='ocrx_word' id='word_1_685' title='bbox 2307 4718 2489 4805; x_wconf 68' lang='lat' dir='ltr'><strong>(Joan.</strong></span> <span class='ocrx_word' id='word_1_686' title='bbox 2517 4731 2598 4805; x_wconf 67' lang='grc' dir='ltr'><strong>χ).</strong></span> <span class='ocrx_word' id='word_1_687' title='bbox 2630 4728 2944 4789; x_wconf 79' lang='lat' dir='ltr'><strong>Testamenti</strong></span> <span class='ocrx_word' id='word_1_688' title='bbox 2987 4735 3191 4789; x_wconf 67' lang='lat' dir='ltr'><strong>aeterni.</strong></span> <span class='ocrx_word' id='word_1_689' title='bbox 3217 4733 3336 4803; x_wconf 83' lang='lat' dir='ltr'><strong>Non</strong></span> <span class='ocrx_word' id='word_1_690' title='bbox 3356 4735 3503 4793; x_wconf 86' lang='lat' dir='ltr'><strong>enim</strong></span> 
     </span>
    </p>
   </div>
   <div class='ocr_carea' id='block_1_92' title="bbox 208 4825 3500 4900">
    <p class='ocr_par' dir='ltr' id='par_1_92' title="bbox 208 4825 3500 4900">
     <span class='ocr_line' id='line_1_93' title="bbox 208 4825 3500 4900; baseline 0.001 -20"><span class='ocrx_word' id='word_1_691' title='bbox 208 4825 367 4881; x_wconf 86' lang='lat' dir='ltr'><strong>Esau</strong></span> <span class='ocrx_word' id='word_1_692' title='bbox 418 4828 558 4884; x_wconf 89' lang='lat' dir='ltr'><strong>enim</strong></span> <span class='ocrx_word' id='word_1_693' title='bbox 604 4828 905 4887; x_wconf 80' lang='lat' dir='ltr'><strong>fornicator</strong></span> <span class='ocrx_word' id='word_1_694' title='bbox 954 4828 1059 4884; x_wconf 89' lang='lat' dir='ltr'><strong>fuit</strong></span> <span class='ocrx_word' id='word_1_695' title='bbox 1091 4847 1105 4884; x_wconf 88' lang='lat'><strong>:</strong></span> <span class='ocrx_word' id='word_1_696' title='bbox 1144 4844 1271 4887; x_wconf 85' lang='lat' dir='ltr'><strong>nam</strong></span> <span class='ocrx_word' id='word_1_697' title='bbox 1308 4835 1497 4885; x_wconf 88' lang='lat' dir='ltr'><strong>contra</strong></span> <span class='ocrx_word' id='word_1_698' title='bbox 1539 4837 1811 4900; x_wconf 69' lang='lat' dir='ltr'><strong>praecepta</strong></span> <span class='ocrx_word' id='word_1_699' title='bbox 1914 4836 2321 4897; x_wconf 79' lang='lat' dir='ltr'><strong>aeternumerat</strong></span> <span class='ocrx_word' id='word_1_700' title='bbox 2347 4827 2517 4885; x_wconf 79' lang='lat' dir='ltr'><strong>Vetus</strong></span> <span class='ocrx_word' id='word_1_701' title='bbox 2541 4826 2971 4883; x_wconf 84' lang='lat' dir='ltr'><strong>Testamentum.</strong></span> <span class='ocrx_word' id='word_1_702' title='bbox 2997 4826 3150 4898; x_wconf 83' lang='lat' dir='ltr'><strong>Aptet</strong></span> <span class='ocrx_word' id='word_1_703' title='bbox 3176 4845 3265 4882; x_wconf 85' lang='lat' dir='ltr'><strong>vos</strong></span> <span class='ocrx_word' id='word_1_704' title='bbox 3289 4829 3344 4881; x_wconf 89' lang='lat' dir='ltr'><strong>in</strong></span> <span class='ocrx_word' id='word_1_705' title='bbox 3358 4828 3500 4885; x_wconf 88' lang='lat' dir='ltr'><strong>omni</strong></span> 
     </span>
    </p>
   </div>
   <div class='ocr_carea' id='block_1_93' title="bbox 211 4916 3500 4994">
    <p class='ocr_par' dir='ltr' id='par_1_93' title="bbox 211 4916 3500 4994">
     <span class='ocr_line' id='line_1_94' title="bbox 211 4916 3500 4994; baseline -0.001 -20"><span class='ocrx_word' id='word_1_706' title='bbox 211 4920 393 4991; x_wconf 79' lang='lat' dir='ltr'><strong>patris</strong></span> <span class='ocrx_word' id='word_1_707' title='bbox 419 4920 486 4977; x_wconf 81' lang='lat' dir='ltr'><strong>de</strong></span> <span class='ocrx_word' id='word_1_708' title='bbox 509 4921 849 4994; x_wconf 74' lang='lat' dir='ltr'><strong>alienigenis,</strong></span> <span class='ocrx_word' id='word_1_709' title='bbox 878 4923 935 4978; x_wconf 88' lang='lat' dir='ltr'><strong>id</strong></span> <span class='ocrx_word' id='word_1_710' title='bbox 965 4930 1051 4979; x_wconf 88' lang='lat' dir='ltr'><strong>est</strong></span> <span class='ocrx_word' id='word_1_711' title='bbox 1077 4922 1145 4983; x_wconf 83' lang='lat' dir='ltr'><strong>de</strong></span> <span class='ocrx_word' id='word_1_712' title='bbox 1171 4922 1481 4979; x_wconf 89' lang='lat' dir='ltr'><strong>inﬁdelibus</strong></span> <span class='ocrx_word' id='word_1_713' title='bbox 1506 4920 1647 4978; x_wconf 83' lang='lat' dir='ltr'><strong>Heth</strong></span> <span class='ocrx_word' id='word_1_714' title='bbox 1678 4935 1811 4977; x_wconf 84' lang='lat' dir='ltr'><strong>uxo-</strong></span> <span class='ocrx_word' id='word_1_715' title='bbox 1915 4923 2071 4977; x_wconf 77' lang='lat' dir='ltr'><strong>bono.</strong></span> <span class='ocrx_word' id='word_1_716' title='bbox 2094 4920 2283 4976; x_wconf 86' lang='lat' dir='ltr'><strong>Faciat</strong></span> <span class='ocrx_word' id='word_1_717' title='bbox 2302 4930 2399 4977; x_wconf 88' lang='lat' dir='ltr'><strong>vos</strong></span> <span class='ocrx_word' id='word_1_718' title='bbox 2425 4927 2579 4989; x_wconf 74' lang='lat' dir='ltr'><strong>aptos</strong></span> <span class='ocrx_word' id='word_1_719' title='bbox 2604 4933 2724 4975; x_wconf 87' lang='lat' dir='ltr'><strong>esse</strong></span> <span class='ocrx_word' id='word_1_720' title='bbox 2750 4918 2805 4975; x_wconf 90' lang='lat' dir='ltr'><strong>in</strong></span> <span class='ocrx_word' id='word_1_721' title='bbox 2835 4919 2983 4975; x_wconf 88' lang='lat' dir='ltr'><strong>omni</strong></span> <span class='ocrx_word' id='word_1_722' title='bbox 3004 4919 3166 4976; x_wconf 87' lang='lat' dir='ltr'><strong>bono.</strong></span> <span class='ocrx_word' id='word_1_723' title='bbox 3193 4916 3422 4979; x_wconf 76' lang='lat' dir='ltr'><strong>Faciem</strong></span> <span class='ocrx_word' id='word_1_724' title='bbox 3444 4918 3500 4973; x_wconf 88' lang='lat' dir='ltr'><strong>in</strong></span> 
     </span>
    </p>
   </div>
   <div class='ocr_carea' id='block_1_94' title="bbox 212 4998 3498 5087">
    <p class='ocr_par' dir='ltr' id='par_1_94' title="bbox 212 4998 3498 5087">
     <span class='ocr_line' id='line_1_95' title="bbox 212 4998 3498 5087; baseline -0 -18"><span class='ocrx_word' id='word_1_725' title='bbox 212 5024 338 5069; x_wconf 80' lang='lat' dir='ltr'><strong>rem</strong></span> <span class='ocrx_word' id='word_1_726' title='bbox 365 5014 597 5085; x_wconf 51' lang='lat' dir='ltr'><strong>“repit,</strong></span> <span class='ocrx_word' id='word_1_727' title='bbox 628 5021 683 5071; x_wconf 88' lang='lat' dir='ltr'><strong>et</strong></span> <span class='ocrx_word' id='word_1_728' title='bbox 704 5014 829 5087; x_wconf 75' lang='lat' dir='ltr'><strong>iura</strong></span> <span class='ocrx_word' id='word_1_729' title='bbox 857 4998 1206 5086; x_wconf 68' lang='lat' dir='ltr'><strong>primogeniti</strong></span> <span class='ocrx_word' id='word_1_730' title='bbox 1253 5030 1421 5071; x_wconf 86' lang='lat' dir='ltr'><strong>causa</strong></span> <span class='ocrx_word' id='word_1_731' title='bbox 1443 5013 1582 5086; x_wconf 72' lang='lat' dir='ltr'><strong>gulae</strong></span> <span class='ocrx_word' id='word_1_732' title='bbox 1624 5014 1811 5071; x_wconf 88' lang='lat' dir='ltr'><strong>vendi-</strong></span> <span class='ocrx_word' id='word_1_733' title='bbox 1913 5015 2079 5081; x_wconf 69' lang='lat' dir='ltr'><strong>vobis,</strong></span> <span class='ocrx_word' id='word_1_734' title='bbox 2104 5013 2244 5086; x_wconf 85' lang='lat' dir='ltr'><strong>quod</strong></span> <span class='ocrx_word' id='word_1_735' title='bbox 2270 5012 2475 5085; x_wconf 84' lang='lat' dir='ltr'><strong>placeat</strong></span> <span class='ocrx_word' id='word_1_736' title='bbox 2506 5029 2686 5069; x_wconf 87' lang='lat' dir='ltr'><strong>coram</strong></span> <span class='ocrx_word' id='word_1_737' title='bbox 2714 5029 2787 5069; x_wconf 87' lang='lat' dir='ltr'><strong>se.</strong></span> <span class='ocrx_word' id='word_1_738' title='bbox 2820 5012 2890 5068; x_wconf 88' lang='lat' dir='ltr'><strong>Ut</strong></span> <span class='ocrx_word' id='word_1_739' title='bbox 2920 5027 2934 5067; x_wconf 91' lang='lat'><strong>:</strong></span> <span class='ocrx_word' id='word_1_740' title='bbox 2964 5011 3091 5068; x_wconf 87' lang='lat' dir='ltr'><strong>Non</strong></span> <span class='ocrx_word' id='word_1_741' title='bbox 3132 5010 3371 5074; x_wconf 79' lang='lat' dir='ltr'><strong>uolentis,</strong></span> <span class='ocrx_word' id='word_1_742' title='bbox 3405 5028 3498 5068; x_wconf 88' lang='lat' dir='ltr'><strong>ne-</strong></span> 
     </span>
    </p>
   </div>
   <div class='ocr_carea' id='block_1_95' title="bbox 213 5101 3501 5178">
    <p class='ocr_par' dir='ltr' id='par_1_95' title="bbox 213 5101 3501 5178">
     <span class='ocr_line' id='line_1_96' title="bbox 213 5101 3501 5178; baseline -0 -21"><span class='ocrx_word' id='word_1_743' title='bbox 213 5101 322 5159; x_wconf 85' lang='lat' dir='ltr'><strong>dit.</strong></span> <span class='ocrx_word' id='word_1_744' title='bbox 351 5102 459 5169; x_wconf 76' lang='lat' dir='ltr'><strong>Qui</strong></span> <span class='ocrx_word' id='word_1_745' title='bbox 476 5114 686 5176; x_wconf 73' lang='lat' dir='ltr'><strong>prapter</strong></span> <span class='ocrx_word' id='word_1_746' title='bbox 708 5123 874 5163; x_wconf 83' lang='lat' dir='ltr'><strong>unam</strong></span> <span class='ocrx_word' id='word_1_747' title='bbox 920 5122 1112 5161; x_wconf 75' lang='lat' dir='ltr'><strong>escam.</strong></span> <span class='ocrx_word' id='word_1_748' title='bbox 1158 5105 1516 5171; x_wconf 88' lang='lat' dir='ltr'><strong>Lenticulam,</strong></span> <span class='ocrx_word' id='word_1_749' title='bbox 1566 5106 1811 5162; x_wconf 84' lang='lat' dir='ltr'><strong>vendidit</strong></span> <span class='ocrx_word' id='word_1_750' title='bbox 1914 5123 2012 5178; x_wconf 80' lang='lat' dir='ltr'><strong>que</strong></span> <span class='ocrx_word' id='word_1_751' title='bbox 2033 5104 2310 5170; x_wconf 80' lang='lat' dir='ltr'><strong>currentis,</strong></span> <span class='ocrx_word' id='word_1_752' title='bbox 2338 5103 2429 5159; x_wconf 84' lang='lat' dir='ltr'><strong>sed</strong></span> <span class='ocrx_word' id='word_1_753' title='bbox 2449 5103 2743 5161; x_wconf 73' lang='lat' dir='ltr'><strong>miserantis</strong></span> <span class='ocrx_word' id='word_1_754' title='bbox 2768 5102 2873 5163; x_wconf 86' lang='lat' dir='ltr'><strong>Dsi</strong></span> <span class='ocrx_word' id='word_1_755' title='bbox 2897 5112 2995 5158; x_wconf 87' lang='lat' dir='ltr'><strong>est.</strong></span> <span class='ocrx_word' id='word_1_756' title='bbox 3025 5101 3092 5165; x_wconf 82' lang='lat' dir='ltr'><strong>Ut</strong></span> <span class='ocrx_word' id='word_1_757' title='bbox 3113 5101 3397 5171; x_wconf 56' lang='lat' dir='ltr'><strong>suleratis.</strong></span> <span class='ocrx_word' id='word_1_758' title='bbox 3430 5101 3501 5163; x_wconf 90' lang='lat' dir='ltr'><strong>Ut</strong></span> 
     </span>
    </p>
   </div>
   <div class='ocr_carea' id='block_1_96' title="bbox 210 5192 3500 5272">
    <p class='ocr_par' dir='ltr' id='par_1_96' title="bbox 210 5192 3500 5272">
     <span class='ocr_line' id='line_1_97' title="bbox 210 5192 3500 5272; baseline -0.002 -19"><span class='ocrx_word' id='word_1_759' title='bbox 210 5195 491 5269; x_wconf 74' lang='lat' dir='ltr'><strong>primitias</strong></span> <span class='ocrx_word' id='word_1_760' title='bbox 518 5215 668 5259; x_wconf 82' lang='lat' dir='ltr'><strong>suas.</strong></span> <span class='ocrx_word' id='word_1_761' title='bbox 695 5200 792 5258; x_wconf 85' lang='lat' dir='ltr'><strong>Ille</strong></span> <span class='ocrx_word' id='word_1_762' title='bbox 811 5209 994 5258; x_wconf 79' lang='lat' dir='ltr'><strong>autem</strong></span> <span class='ocrx_word' id='word_1_763' title='bbox 1016 5208 1241 5272; x_wconf 83' lang='lat' dir='ltr'><strong>propter</strong></span> <span class='ocrx_word' id='word_1_764' title='bbox 1267 5216 1433 5257; x_wconf 88' lang='lat' dir='ltr'><strong>unam</strong></span> <span class='ocrx_word' id='word_1_765' title='bbox 1462 5215 1642 5255; x_wconf 89' lang='lat' dir='ltr'><strong>escam</strong></span> <span class='ocrx_word' id='word_1_766' title='bbox 1682 5214 1810 5255; x_wconf 87' lang='lat' dir='ltr'><strong>ven—</strong></span> <span class='ocrx_word' id='word_1_767' title='bbox 1912 5196 2074 5253; x_wconf 84' lang='lat' dir='ltr'><strong>avida</strong></span> <span class='ocrx_word' id='word_1_768' title='bbox 2101 5203 2283 5253; x_wconf 87' lang='lat' dir='ltr'><strong>mente</strong></span> <span class='ocrx_word' id='word_1_769' title='bbox 2304 5194 2635 5266; x_wconf 81' lang='lat' dir='ltr'><strong>suscipiatis.</strong></span> <span class='ocrx_word' id='word_1_770' title='bbox 2668 5193 2896 5251; x_wconf 82' lang='lat' dir='ltr'><strong>Verbum</strong></span> <span class='ocrx_word' id='word_1_771' title='bbox 2919 5194 3114 5251; x_wconf 85' lang='lat' dir='ltr'><strong>solatii.</strong></span> <span class='ocrx_word' id='word_1_772' title='bbox 3138 5192 3196 5253; x_wconf 88' lang='lat' dir='ltr'><strong>ld</strong></span> <span class='ocrx_word' id='word_1_773' title='bbox 3216 5199 3319 5258; x_wconf 89' lang='lat' dir='ltr'><strong>est,</strong></span> <span class='ocrx_word' id='word_1_774' title='bbox 3338 5200 3500 5248; x_wconf 71' lang='lat' dir='ltr'><strong>recta:</strong></span> 
     </span>
    </p>
   </div>
   <div class='ocr_carea' id='block_1_97' title="bbox 214 5285 3499 5362">
    <p class='ocr_par' dir='ltr' id='par_1_97' title="bbox 214 5285 3499 5362">
     <span class='ocr_line' id='line_1_98' title="bbox 214 5285 3499 5362; baseline -0.001 -17"><span class='ocrx_word' id='word_1_775' title='bbox 214 5289 303 5346; x_wconf 85' lang='lat' dir='ltr'><strong>dit</strong></span> <span class='ocrx_word' id='word_1_776' title='bbox 331 5291 631 5360; x_wconf 83' lang='lat' dir='ltr'><strong>primitiva,</strong></span> <span class='ocrx_word' id='word_1_777' title='bbox 663 5293 757 5362; x_wconf 86' lang='lat' dir='ltr'><strong>qui</strong></span> <span class='ocrx_word' id='word_1_778' title='bbox 786 5293 982 5349; x_wconf 62' lang='lat' dir='ltr'><strong>animat</strong></span> <span class='ocrx_word' id='word_1_779' title='bbox 1022 5307 1136 5349; x_wconf 69' lang='lat' dir='ltr'><strong>suis</strong></span> <span class='ocrx_word' id='word_1_780' title='bbox 1175 5292 1408 5348; x_wconf 83' lang='lat' dir='ltr'><strong>virtutes</strong></span> <span class='ocrx_word' id='word_1_781' title='bbox 1454 5291 1813 5349; x_wconf 78' lang='lat' dir='ltr'><strong>fornicatione</strong></span> <span class='ocrx_word' id='word_1_782' title='bbox 1913 5288 2338 5360; x_wconf 59' lang='lat' dir='ltr'><strong>praedicationis,</strong></span> <span class='ocrx_word' id='word_1_783' title='bbox 2371 5289 2516 5358; x_wconf 81' lang='lat' dir='ltr'><strong>quod</strong></span> <span class='ocrx_word' id='word_1_784' title='bbox 2549 5287 2803 5345; x_wconf 88' lang='lat' dir='ltr'><strong>solatium</strong></span> <span class='ocrx_word' id='word_1_785' title='bbox 2836 5286 3035 5343; x_wconf 85' lang='lat' dir='ltr'><strong>vestris</strong></span> <span class='ocrx_word' id='word_1_786' title='bbox 3055 5285 3341 5347; x_wconf 85' lang='lat' dir='ltr'><strong>animabus</strong></span> <span class='ocrx_word' id='word_1_787' title='bbox 3359 5303 3499 5358; x_wconf 78' lang='lat' dir='ltr'><strong>pra:-</strong></span> 
     </span>
    </p>
   </div>
   <div class='ocr_carea' id='block_1_98' title="bbox 212 5379 3495 5463">
    <p class='ocr_par' dir='ltr' id='par_1_98' title="bbox 212 5379 3495 5463">
     <span class='ocr_line' id='line_1_99' title="bbox 212 5379 3495 5463; baseline 0 -28"><span class='ocrx_word' id='word_1_788' title='bbox 212 5380 423 5451; x_wconf 77' lang='lat' dir='ltr'><strong>perdit.</strong></span> <span class='ocrx_word' id='word_1_789' title='bbox 452 5380 593 5439; x_wconf 86' lang='lat' dir='ltr'><strong>Nam</strong></span> <span class='ocrx_word' id='word_1_790' title='bbox 619 5384 760 5440; x_wconf 89' lang='lat' dir='ltr'><strong>sicut</strong></span> <span class='ocrx_word' id='word_1_791' title='bbox 783 5400 882 5455; x_wconf 89' lang='lat' dir='ltr'><strong>per</strong></span> <span class='ocrx_word' id='word_1_792' title='bbox 908 5399 1072 5439; x_wconf 86' lang='lat' dir='ltr'><strong>unam</strong></span> <span class='ocrx_word' id='word_1_793' title='bbox 1094 5398 1275 5449; x_wconf 83' lang='lat' dir='ltr'><strong>escam</strong></span> <span class='ocrx_word' id='word_1_794' title='bbox 1303 5382 1463 5439; x_wconf 88' lang='lat' dir='ltr'><strong>unius</strong></span> <span class='ocrx_word' id='word_1_795' title='bbox 1484 5382 1592 5438; x_wconf 89' lang='lat' dir='ltr'><strong>diei</strong></span> <span class='ocrx_word' id='word_1_796' title='bbox 1605 5382 1816 5459; x_wconf 85' lang='lat' dir='ltr'><strong>esuries</strong></span> <span class='ocrx_word' id='word_1_797' title='bbox 1918 5391 2047 5441; x_wconf 86' lang='lat' dir='ltr'><strong>stat.</strong></span> <span class='ocrx_word' id='word_1_798' title='bbox 2073 5381 2401 5455; x_wconf 86' lang='lat' dir='ltr'><strong>Cognoscite.</strong></span> <span class='ocrx_word' id='word_1_799' title='bbox 2448 5382 2526 5441; x_wconf 84' lang='lat' dir='ltr'><strong>illi</strong></span> <span class='ocrx_word' id='word_1_800' title='bbox 2574 5398 2673 5439; x_wconf 88' lang='lat' dir='ltr'><strong>vos</strong></span> <span class='ocrx_word' id='word_1_801' title='bbox 2716 5379 3143 5463; x_wconf 84' lang='lat' dir='ltr'><strong>benefacientes.</strong></span> <span class='ocrx_word' id='word_1_802' title='bbox 3181 5379 3495 5445; x_wconf 85' lang='lat' dir='ltr'><strong>Demissum.</strong></span> 
     </span>
    </p>
   </div>
   <div class='ocr_carea' id='block_1_99' title="bbox 216 5462 3499 5546">
    <p class='ocr_par' dir='ltr' id='par_1_99' title="bbox 216 5462 3499 5546">
     <span class='ocr_line' id='line_1_100' title="bbox 216 5462 3499 5546; baseline 0.002 -19"><span class='ocrx_word' id='word_1_803' title='bbox 216 5470 492 5540; x_wconf 87' lang='lat' dir='ltr'><strong>reﬁcitur,</strong></span> <span class='ocrx_word' id='word_1_804' title='bbox 523 5475 604 5531; x_wconf 88' lang='lat' dir='ltr'><strong>sic</strong></span> <span class='ocrx_word' id='word_1_805' title='bbox 629 5482 687 5530; x_wconf 88' lang='lat' dir='ltr'><strong>et</strong></span> <span class='ocrx_word' id='word_1_806' title='bbox 722 5492 819 5546; x_wconf 91' lang='lat' dir='ltr'><strong>per</strong></span> <span class='ocrx_word' id='word_1_807' title='bbox 865 5476 1279 5531; x_wconf 89' lang='lat' dir='ltr'><strong>fornicationem</strong></span> <span class='ocrx_word' id='word_1_808' title='bbox 1316 5462 1479 5529; x_wconf 83' lang='lat' dir='ltr'><strong>unius</strong></span> <span class='ocrx_word' id='word_1_809' title='bbox 1515 5475 1664 5529; x_wconf 67' lang='lat' dir='ltr'><strong>hora:</strong></span> <span class='ocrx_word' id='word_1_810' title='bbox 1697 5472 1819 5529; x_wconf 89' lang='lat' dir='ltr'><strong>reﬁ-</strong></span> <span class='ocrx_word' id='word_1_811' title='bbox 1918 5477 1965 5532; x_wconf 83' lang='lat' dir='ltr'><strong>A</strong></span> <span class='ocrx_word' id='word_1_812' title='bbox 1995 5493 2083 5532; x_wconf 90' lang='lat' dir='ltr'><strong>me</strong></span> <span class='ocrx_word' id='word_1_813' title='bbox 2103 5478 2171 5531; x_wconf 87' lang='lat' dir='ltr'><strong>ad</strong></span> <span class='ocrx_word' id='word_1_814' title='bbox 2192 5492 2292 5532; x_wconf 90' lang='lat' dir='ltr'><strong>vos</strong></span> <span class='ocrx_word' id='word_1_815' title='bbox 2316 5480 2560 5531; x_wconf 87' lang='lat' dir='ltr'><strong>missum.</strong></span> <span class='ocrx_word' id='word_1_816' title='bbox 2619 5473 2809 5529; x_wconf 83' lang='lat' dir='ltr'><strong>Videbo</strong></span> <span class='ocrx_word' id='word_1_817' title='bbox 2856 5491 2963 5528; x_wconf 78' lang='lat' dir='ltr'><strong>vos.</strong></span> <span class='ocrx_word' id='word_1_818' title='bbox 2992 5473 3049 5528; x_wconf 92' lang='lat' dir='ltr'><strong>ld</strong></span> <span class='ocrx_word' id='word_1_819' title='bbox 3075 5462 3179 5541; x_wconf 85' lang='lat' dir='ltr'><strong>est,</strong></span> <span class='ocrx_word' id='word_1_820' title='bbox 3208 5490 3499 5532; x_wconf 88' lang='lat' dir='ltr'><strong>conversa-</strong></span> 
     </span>
    </p>
   </div>
   <div class='ocr_carea' id='block_1_100' title="bbox 215 5563 3499 5638">
    <p class='ocr_par' dir='ltr' id='par_1_100' title="bbox 215 5563 3499 5638">
     <span class='ocr_line' id='line_1_101' title="bbox 215 5563 3499 5638; baseline 0.001 -20"><span class='ocrx_word' id='word_1_821' title='bbox 215 5563 371 5618; x_wconf 86' lang='lat' dir='ltr'><strong>citur</strong></span> <span class='ocrx_word' id='word_1_822' title='bbox 399 5564 751 5621; x_wconf 88' lang='lat' dir='ltr'><strong>desiderium.</strong></span> <span class='ocrx_word' id='word_1_823' title='bbox 802 5567 955 5623; x_wconf 88' lang='lat' dir='ltr'><strong>Unde</strong></span> <span class='ocrx_word' id='word_1_824' title='bbox 1006 5575 1061 5622; x_wconf 89' lang='lat' dir='ltr'><strong>et</strong></span> <span class='ocrx_word' id='word_1_825' title='bbox 1089 5567 1343 5623; x_wconf 84' lang='lat' dir='ltr'><strong>Salomon</strong></span> <span class='ocrx_word' id='word_1_826' title='bbox 1373 5566 1608 5637; x_wconf 89' lang='lat' dir='ltr'><strong>pretium</strong></span> <span class='ocrx_word' id='word_1_827' title='bbox 1652 5565 1817 5621; x_wconf 89' lang='lat' dir='ltr'><strong>scorti</strong></span> <span class='ocrx_word' id='word_1_828' title='bbox 1922 5572 2124 5626; x_wconf 86' lang='lat' dir='ltr'><strong>tionem</strong></span> <span class='ocrx_word' id='word_1_829' title='bbox 2153 5578 2386 5625; x_wconf 89' lang='lat' dir='ltr'><strong>vestram</strong></span> <span class='ocrx_word' id='word_1_830' title='bbox 2410 5584 2509 5638; x_wconf 88' lang='lat' dir='ltr'><strong>per</strong></span> <span class='ocrx_word' id='word_1_831' title='bbox 2538 5570 2713 5637; x_wconf 88' lang='lat' dir='ltr'><strong>ipsum</strong></span> <span class='ocrx_word' id='word_1_832' title='bbox 2760 5565 3083 5637; x_wconf 85' lang='lat' dir='ltr'><strong>intelligens.</strong></span> <span class='ocrx_word' id='word_1_833' title='bbox 3118 5564 3363 5621; x_wconf 90' lang='lat' dir='ltr'><strong>Salutant</strong></span> <span class='ocrx_word' id='word_1_834' title='bbox 3409 5584 3499 5622; x_wconf 82' lang='lat' dir='ltr'><strong>vos</strong></span> 
     </span>
    </p>
   </div>
   <div class='ocr_carea' id='block_1_101' title="bbox 216 5655 3498 5731">
    <p class='ocr_par' dir='ltr' id='par_1_101' title="bbox 216 5655 3498 5731">
     <span class='ocr_line' id='line_1_102' title="bbox 216 5655 3498 5731; baseline 0.001 -20"><span class='ocrx_word' id='word_1_835' title='bbox 216 5656 358 5729; x_wconf 88' lang='lat' dir='ltr'><strong>pani</strong></span> <span class='ocrx_word' id='word_1_836' title='bbox 382 5661 739 5731; x_wconf 86' lang='lat' dir='ltr'><strong>comparavit.</strong></span> <span class='ocrx_word' id='word_1_837' title='bbox 772 5659 899 5715; x_wconf 88' lang='lat' dir='ltr'><strong>Non</strong></span> <span class='ocrx_word' id='word_1_838' title='bbox 919 5661 1058 5715; x_wconf 90' lang='lat' dir='ltr'><strong>enim</strong></span> <span class='ocrx_word' id='word_1_839' title='bbox 1077 5661 1267 5715; x_wconf 82' lang='lat' dir='ltr'><strong>invenit</strong></span> <span class='ocrx_word' id='word_1_840' title='bbox 1289 5659 1462 5715; x_wconf 87' lang='lat' dir='ltr'><strong>locum</strong></span> <span class='ocrx_word' id='word_1_841' title='bbox 1481 5658 1811 5731; x_wconf 64' lang='lat' dir='ltr'><strong>paenitentiae.</strong></span> <span class='ocrx_word' id='word_1_842' title='bbox 1922 5662 1986 5715; x_wconf 90' lang='lat' dir='ltr'><strong>de</strong></span> <span class='ocrx_word' id='word_1_843' title='bbox 2015 5660 2197 5716; x_wconf 83' lang='lat' dir='ltr'><strong>Italia.</strong></span> <span class='ocrx_word' id='word_1_844' title='bbox 2223 5659 2323 5714; x_wconf 83' lang='lat' dir='ltr'><strong>Hic</strong></span> <span class='ocrx_word' id='word_1_845' title='bbox 2342 5659 2622 5714; x_wconf 88' lang='lat' dir='ltr'><strong>evidenter</strong></span> <span class='ocrx_word' id='word_1_846' title='bbox 2647 5655 2970 5721; x_wconf 81' lang='lat' dir='ltr'><strong>ostenditur,</strong></span> <span class='ocrx_word' id='word_1_847' title='bbox 2984 5659 3125 5727; x_wconf 88' lang='lat' dir='ltr'><strong>quod</strong></span> <span class='ocrx_word' id='word_1_848' title='bbox 3140 5658 3282 5714; x_wconf 89' lang='lat' dir='ltr'><strong>hanc</strong></span> <span class='ocrx_word' id='word_1_849' title='bbox 3294 5658 3498 5729; x_wconf 82' lang='lat' dir='ltr'><strong>cpisto-</strong></span> 
     </span>
    </p>
   </div>
   <div class='ocr_carea' id='block_1_102' title="bbox 220 5751 2564 5825">
    <p class='ocr_par' dir='ltr' id='par_1_102' title="bbox 220 5751 2564 5825">
     <span class='ocr_line' id='line_1_103' title="bbox 220 5751 2564 5825; baseline 0 -18"><span class='ocrx_word' id='word_1_850' title='bbox 220 5751 400 5809; x_wconf 75' lang='lat' dir='ltr'><strong>Becte</strong></span> <span class='ocrx_word' id='word_1_851' title='bbox 446 5756 824 5824; x_wconf 73' lang='lat' dir='ltr'><strong>paenitentiam</strong></span> <span class='ocrx_word' id='word_1_852' title='bbox 868 5771 978 5811; x_wconf 90' lang='lat' dir='ltr'><strong>non</strong></span> <span class='ocrx_word' id='word_1_853' title='bbox 1030 5754 1353 5812; x_wconf 88' lang='lat' dir='ltr'><strong>invenerunt</strong></span> <span class='ocrx_word' id='word_1_854' title='bbox 1400 5754 1650 5825; x_wconf 80' lang='lat' dir='ltr'><strong>lacrymae</strong></span> <span class='ocrx_word' id='word_1_855' title='bbox 1695 5764 1815 5821; x_wconf 65' lang='lat' dir='ltr'><strong>quae</strong></span> <span class='ocrx_word' id='word_1_856' title='bbox 1919 5755 2028 5811; x_wconf 86' lang='lat' dir='ltr'><strong>iam</strong></span> <span class='ocrx_word' id='word_1_857' title='bbox 2056 5755 2242 5811; x_wconf 64' lang='lat' dir='ltr'><strong>Romae</strong></span> <span class='ocrx_word' id='word_1_858' title='bbox 2270 5752 2564 5820; x_wconf 87' lang='lat' dir='ltr'><strong>scripserit.</strong></span> 
     </span>
    </p>
   </div>
   <div class='ocr_carea' id='block_1_103' title="bbox 220 5844 1812 5917">
    <p class='ocr_par' dir='ltr' id='par_1_103' title="bbox 220 5844 1812 5917">
     <span class='ocr_line' id='line_1_104' title="bbox 220 5844 1812 5917; baseline -0.001 -17"><span class='ocrx_word' id='word_1_859' title='bbox 220 5856 399 5901; x_wconf 78' lang='lat' dir='ltr'><strong>causa</strong></span> <span class='ocrx_word' id='word_1_860' title='bbox 427 5844 697 5917; x_wconf 78' lang='lat' dir='ltr'><strong>superbis:</strong></span> <span class='ocrx_word' id='word_1_861' title='bbox 740 5854 798 5904; x_wconf 89' lang='lat' dir='ltr'><strong>et</strong></span> <span class='ocrx_word' id='word_1_862' title='bbox 834 5846 1052 5902; x_wconf 69' lang='lat' dir='ltr'><strong>invidiae</strong></span> <span class='ocrx_word' id='word_1_863' title='bbox 1100 5846 1271 5904; x_wconf 86' lang='lat' dir='ltr'><strong>fuere.</strong></span> <span class='ocrx_word' id='word_1_864' title='bbox 1330 5845 1449 5903; x_wconf 90' lang='lat' dir='ltr'><strong>Non</strong></span> <span class='ocrx_word' id='word_1_865' title='bbox 1475 5844 1614 5907; x_wconf 86' lang='lat' dir='ltr'><strong>enim</strong></span> <span class='ocrx_word' id='word_1_866' title='bbox 1642 5859 1812 5900; x_wconf 88' lang='lat' dir='ltr'><strong>acces-</strong></span> 
     </span>
    </p>
   </div>
  </div>
