4046 6332
569 493 670 550 271

1957 483 2222 541 SEDULI]
2261 482 2456 541 SCOTl

3722 467 3832 522 272

573 608 3832 659 Μ

1667 744 2222 862 SEDULII
2315 739 2731 859 SCOTI

750 972 1528 1043 EXPLANATIUNCULA
1571 971 1679 1034 DE
1719 965 2331 1032 BREVIARIORUM
2375 967 2479 1026 ET
2522 959 3097 1027 CAPITULORUM
3146 951 3705 1029 CANONUMQUE

1910 1067 2478 1130 DIFFERENTIA.
3362 1085 3364 1089 ·

1683 1213 1843 1278 (Mab,
1866 1212 2043 1276 Script.
2065 1211 2262 1263 Collect.
2289 1223 2430 1275 nova,
2451 1219 2569 1263 tom.
2595 1209 2709 1274 IX.)

1224 1418 1518 1479 INCIPIT

709 1559 1144 1624 BREVIARIUM
1182 1555 1560 1616 SECUNDUM
1592 1552 2032 1612 MATTHA‘JUM.

646 1699 916 1756 Nativitas
942 1696 1164 1754 Christi.
1210 1693 1352 1765 Magi
1399 1708 1521 1748 cum
1558 1691 1877 1747 muneribus
1919 1689 2164 1755 veniunt,

557 1800 647 1849 ἐι·
661 1793 889 1863 reliqua.
919 1787 1351 1860 Perquirendum
1399 1793 1481 1840 est
1510 1784 1640 1854 quid
1667 1784 1810 1838 inter
1835 1782 2168 1838 breviarium

580 1894 635 1940 et
663 1883 959 1956 capitulum
987 1890 1147 1951 atque
1177 1896 1442 1938 canonem
1485 1879 1667 1935 distet.
1719 1877 1817 1934 His
1843 1878 2041 1933 etenim
2075 1877 2170 1931 tri-

579 1975 704 2043 bus,
738 1975 893 2045 quasi
937 1975 1266 2045 quibusdam
1318 1973 1581 2038 clavibus,
1629 1980 1827 2027 cuncta
1874 1970 2170 2040 evangelici

581 2069 872 2124 voluminis
897 2083 1098 2123 arcana
1128 2074 1462 2123 reserantur.
1502 2065 1637 2120 Nam
1687 2065 1921 2121 sublatis
1960 2065 2173 2119 brevia-

584 2160 704 2226 riis,
735 2159 985 2231 capitulis
1013 2167 1068 2216 et
1092 2160 1413 2227 canonibus,
1445 2161 1628 2216 omnia
1658 2161 1884 2216 confusa
1914 2168 2073 2217 erunt
2120 2167 2176 2215 et

582 2253 859 2323 ambigua,
892 2259 950 2307 et
991 2267 1112 2323 quae
1151 2259 1281 2308 sunt
1307 2253 1521 2318 eadem,
1569 2253 1656 2307 vel
1692 2254 1892 2319 vicina,
1922 2252 2008 2306 vel
2038 2252 2175 2318 sola,

557 2355 638 2402 ‘et
688 2347 782 2416 qui
825 2361 910 2401 γει
938 2345 1070 2416 quot
1098 2347 1444 2417 evangelista!
1485 2347 1543 2399 in
1573 2345 1906 2415 quibuslibet
1963 2352 2178 2399 senten-

582 2440 674 2495 tiis
709 2439 1028 2505 consonent,
1061 2447 1156 2492 aut
1186 2439 1252 2493 de
1283 2439 1481 2507 quibus
1524 2438 1690 2492 rebus
1719 2438 2046 2503 edisserant,
2077 2437 2180 2492 hoc

581 2537 756 2585 totum
777 2530 900 2584 sine
922 2528 1198 2600 praedictis
1229 2528 1473 2583 clavibus
1511 2527 1876 2599 amphibolum
1909 2528 2033 2583 erit.
2069 2527 2177 2582 Ita-

582 2639 687 2695 que
721 2623 839 2679 hazc
859 2623 965 2677 tria
991 2622 1228 2692 propriis
1256 2621 1582 2677 differentiis
1611 2621 1680 2676 ab
1706 2621 1936 2676 invicem
1970 2621 2176 2675 discer—

586 2731 802 2772 namus.
831 2715 1170 2771 Breviarium
1200 2724 1285 2771 est
1328 2731 1512 2772 rerum
1540 2715 1594 2770 in
1617 2723 1874 2770 contextu
1901 2714 2178 2786 Evangelii

2187 1423 2241 1483 Α
2263 1414 2534 1471 breviario
2553 1491 2566 1501 ἡ
2584 1430 2678 1485 qui
2727 1428 2810 1469 vei
2865 1422 2999 1484 quot
3039 1411 3385 1484 evangelista:
3414 1411 3660 1482 quolibet
3687 1426 3849 1469 sensu

2266 1506 2572 1572 ediderunt,
2598 1521 2775 1577 neque
2801 1505 3160 1576 capitulorum
3188 1518 3448 1560 numerus
3474 1505 3848 1574 perquiritur:

2267 1600 2506 1671 alioquin
2531 1601 2804 1671 quomodo
2832 1599 3106 1656 contextui
3156 1596 3488 1669 evangelico,
3527 1596 3608 1652 sic
3633 1606 3696 1651 et
3737 1598 3853 1654 bre-

2269 1694 2460 1761 viario,
2509 1703 2739 1766 uterque
2784 1709 3042 1750 numerus
3082 1707 3354 1749 canonum
3398 1699 3453 1747 et
3493 1691 3855 1761 capitulorum

2270 1786 2719 1854 superscribendo
2749 1793 3131 1856 apponeretur.
3182 1782 3336 1851 Quod
3357 1783 3485 1852 quia
3516 1798 3625 1838 non
3651 1783 3852 1853 agitur,

2271 1874 2619 1930 manifestum
2657 1884 2743 1930 est
2767 1875 2916 1945 quod
2973 1874 3104 1929 illud
3138 1873 3193 1928 in
3223 1872 3494 1928 breviario
3529 1873 3760 1942 proprie
3786 1874 3857 1927 di-

2273 1967 2459 2032 scitur,
2490 1975 2552 2022 ut
2578 1983 2698 2037 qua:
2725 1967 2780 2022 in
2808 1965 3120 2036 evangelico
3165 1972 3318 2019 textu
3345 1963 3577 2018 diversis
3612 1963 3858 2034 capitulis

2275 2067 2330 2115 et
2357 2059 2654 2115 eanonibus
2680 2058 2962 2130 multiplici
2987 2057 3299 2112 narratione
3319 2063 3688 2127 exponuntur,
3727 2056 3858 2111 eain

2273 2151 2568 2218 breviario,
2603 2151 2758 2221 quasi
2795 2151 3031 2221 quodam
3066 2147 3293 2222 pugillo,
3354 2148 3509 2204 brevi
3560 2149 3861 2204 assertione

2277 2244 2736 2302 demonstrentur.

2348 2337 2483 2391 lllud
2516 2351 2732 2407 quoque
2781 2336 3082 2393 notandum
3135 2336 3281 2406 quod
3333 2336 3476 2392 sicut
3529 2337 3861 2392 breviarium

2280 2429 2397 2485 sine
2422 2445 2630 2486 canone
2653 2438 2706 2484 et
2734 2430 2983 2499 capitulis
3019 2429 3291 2495 consistit,
3313 2428 3394 2484 sic
3414 2436 3471 2483 et
3494 2429 3744 2498 capitula
3763 2430 3866 2484 sine

2278 2518 2549 2575 breviario
2592 2534 2732 2589 saepe
2773 2520 2947 2590 posita
2994 2517 3358 2588 reperiuntur.
3390 2516 3525 2571 Nam
3554 2517 3613 2571 in
3643 2517 3866 2572 exordio

2280 2611 2557 2682 Evangelii
2601 2612 2898 2668 secundum
2927 2610 3255 2678 Matthaeum,
3285 2611 3343 2666 in
3374 2625 3482 2682 quo
3507 2617 3594 2665 ter
3619 2626 3745 2674 xiv,
3778 2612 3869 2667 hoc

2280 2704 2363 2758 est
2409 2719 2518 2758 XLII
2575 2704 2954 2773 generationes
3007 2703 3411 2768 describuntur,
3463 2701 3571 2757 duo
3637 2701 3870 2773 capitula

583 2817 930 2864 narratarum
955 2809 1336 2880 compendiosa
1357 2817 1412 2864 et
1433 2807 1614 2865 brevis
1634 2809 1922 2881 expositio.
1943 2807 2094 2864 Unde
2123 2816 2178 2862 et
2205 2795 2253 2856 Β
2281 2794 2495 2864 duoque
2524 2809 2775 2858 canones,
2804 2794 3000 2850 ῐθηίυε
3022 2793 3273 2848 Videlicet
3300 2809 3367 2848 ac
3403 2793 3647 2848 ἀθοίωυε
3672 2809 3869 2859 canon.

583 2903 917 2958 breviarium
963 2904 1146 2958 brevis
1195 2917 1361 2958 causa
1407 2901 1737 2966 nominatur,
1771 2917 1836 2957 eo
1890 2901 2035 2970 quod
2078 2914 2177 2970 per

585 2997 691 3052 hoc
719 3004 867 3052 totus
899 2995 1314 3067 Evangeliorum
1347 3004 1528 3051 textus
1553 2994 1795 3050 breviter
1820 2994 2176 3064 comprehen-

587 3088 756 3144 ditur.
781 3085 1090 3158 Capitulum
1141 3095 1226 3144 est
1252 3085 1506 3156 quaelibet
1536 3085 1592 3140 in
1625 3084 1934 3156 Evangeliis
1964 3093 2179 3140 senten-

586 3179 662 3234 tia
687 3194 783 3235 seu
812 3180 1074 3236 narratio.
1103 3179 1290 3236 Canon
1328 3187 1414 3235 est
1435 3175 1654 3246 titulus,"
1677 3193 1786 3249 quo
1829 3180 2178 3247 cognoscitur

586 3271 879 3328 concordia
910 3272 1386 3344 evangelistarum,
1429 3270 1485 3325 id
1513 3280 1598 3326 est
1641 3270 1787 3341 quis,
1817 3270 1904 3325 vel
1948 3271 2061 3340 qui,
2092 3269 2178 3324 vel

592 3373 726 3435 quot
775 3365 1119 3437 evangelista:
1172 3363 1596 3435 unumquodque
1648 3363 1942 3434 capitulum
1992 3362 2179 3418 edide-

589 3463 735 3512 runt.
767 3453 849 3512 0b
877 3457 1213 3512 necessarias
1242 3457 1428 3527 itaque
1455 3470 1653 3512 causas
1682 3455 1799 3509 haec
1823 3455 1930 3510 tria
1965 3460 2178 3524 reperta

589 3557 735 3607 sunt.
762 3549 897 3606 Nam
928 3551 1260 3607 breviarium
1309 3549 1378 3606 ob
1404 3551 1508 3605 hoc
1532 3556 1812 3619 repertum
1859 3555 1964 3614 est,
1990 3555 2180 3617 quate-

589 3658 693 3698 nus
740 3642 870 3713 ipsae
896 3656 985 3697 res
1031 3657 1153 3713 qum
1205 3640 1517 3712 evangelica
1550 3639 1822 3695 volumine
1863 3645 2176 3703 narrantur,

557 3737 694 3792 'hoc
737 3737 975 3792 breviter
1020 3736 1302 3807 praemisso
1355 3742 1411 3791 et
1457 3733 1798 3790 considerato
1835 3733 2177 3802 compendio,

586 3827 748 3883 citius
778 3836 836 3883 et
881 3827 1111 3883 lucidius
1159 3836 1465 3899 patescant,
1499 3836 1559 3882 ut
1581 3828 1724 3896 quod
1776 3825 1832 3880 in
1889 3825 2181 3895 Evangelio

586 3920 815 3988 quisque
834 3918 1079 3975 invenire
1108 3919 1399 3984 desiderat,
1428 3918 1829 3974 breviariorum
1865 3916 2177 3972 Considera-

589 4010 740 4063 tione
773 4023 900 4063 cum
950 4023 1162 4062 summa
1208 4007 1469 4064 facilitate
1521 4007 1777 4076 reperiat.
1806 4005 2057 4061 Canones
2111 4004 2180 4060 ob

587 4101 734 4155 hanc
763 4114 986 4155 causam
1007 4100 1210 4170 reperti
1238 4111 1294 4156 et
1315 4101 1493 4156 vocati
1519 4107 1665 4166 sunt,
1697 4106 1964 4169 quatenus
1989 4111 2179 4153 eorum

589 4189 959 4257 distinctione,
995 4192 1286 4247 concordia
1321 4190 1798 4262 evangelistarum,
1856 4188 1910 4242 id
1953 4198 2038 4244 est
2087 4189 2179 4257 qui

587 4291 644 4338 et
687 4290 820 4353 quot
855 4281 1201 4352 evangelista:
1249 4283 1440 4338 eadem
1486 4280 1572 4336 vel
1623 4281 1802 4336 vicina
1841 4279 1922 4334 vel
1960 4278 2074 4336 sola
2124 4279 2178 4333 in

588 4371 897 4445 Evangeliis
943 4373 1181 4444 capitula
1235 4366 1886 4442 dixerunt,'agnoscatur.
1932 4368 2178 4441 Capitula

587 4463 660 4520 ob
688 4463 795 4521 hoc
819 4464 1044 4522 inventa
1072 4473 1129 4521 et
1171 4472 1360 4521 notata
1389 4473 1534 4530 sunt,
1567 4473 1625 4518 ut
1645 4479 1744 4535 per
1786 4466 1903 4520 haec
1932 4463 2185 4534 quaelibet

589 4557 860 4612 sententia
887 4556 975 4612 vel
1004 4558 1250 4614 narratio
1271 4558 1326 4613 in
1352 4557 1592 4628 quolibet
1607 4556 1901 4628 Evangelio
1922 4541 2182 4628 agnosca-

595 4651 703 4698 tur.
728 4643 1033 4702 Notandum
1083 4662 1298 4718 quoque
1327 4648 1472 4718 quod
1501 4662 1604 4704 nec
1627 4646 1926 4718 capitulum
1952 4647 2069 4702 sine
2093 4661 2183 4701 ca-

594 4748 756 4802 none,
794 4749 896 4789 nec
916 4750 1090 4790 canon
1117 4737 1234 4792 sine
1265 4737 1520 4809 capitulo,
1553 4751 1653 4808 per
1691 4743 1863 4792 totum
1904 4736 2183 4806 Evangelii

593 4833 907 4882 contextum
935 4842 1055 4883 esse
1082 4837 1334 4899 possunt,
1365 4829 1492 4899 quia
1527 4829 1644 4884 baac
1673 4827 1778 4883 duo
1823 4825 1926 4882 sibi
1954 4825 2187 4880 invicem

599 4917 1035 4990 inseparabiliter
1061 4933 1306 4975 connexa
1345 4928 1487 4975 sunt.
1535 4919 1690 4975 Licet
1716 4918 1861 4974 enim
1915 4916 2032 4972 ﬁeri
2062 4932 2187 4987 pos-

593 5010 666 5065 sit
693 5015 754 5064 ut
781 5023 850 5065 ex
877 5009 1206 5082 negligentia
1234 5003 1586 5081 scriptorum,
1632 5010 1860 5082 quodvis
1889 5008 2186 5079 capitulum

594 5116 888 5158 numerum
913 5099 997 5158 sui
1029 5103 1255 5160 canonis
1281 5117 1391 5159 non
1420 5103 1619 5158 habeat
1641 5102 2027 5172 subscriptum,
2053 5116 2184 5157 vere

595 5201 780 5250 tamen
802 5194 985 5266 aliquo
1015 5211 1224 5253 canone
1249 5211 1441 5252 carere
1478 5211 1588 5252 non
1622 5195 1842 5267 poterit.
1873 5193 1944 5248 At
1971 5194 2185 5249 brevia-

597 5285 740 5340 rium
761 5285 878 5342 sine
903 5301 1108 5344 canone
1133 5286 1220 5344 vel
1249 5286 1499 5358 capitulis
1533 5287 1874 5357 subscriptis,
1905 5285 2032 5340 licet
2076 5299 2184 5341 non

559 5406 562 5410 ί
595 5378 801 5452 absque
848 5379 1210 5454 capitulorum
1236 5395 1422 5448 sensu,
1475 5379 1743 5437 consistit.
1793 5377 1915 5435 Non
1954 5376 2101 5435 enim
2129 5377 2184 5433 in

2281 2886 2486 2956 absque
2519 2884 2791 2940 breviario
2817 2884 3183 2940 includuntur.
3215 2883 3273 2939 Si
3303 2884 3522 2954 quidem
3552 2884 3608 2938 in
3633 2899 3707 2939 eo
3737 2883 3873 2955 quod

2280 2977 2646 3047 subsequitur,
2685 2977 2880 3031 Christi
2909 2986 3082 3031 autem
3124 2977 3390 3047 generatio
3429 2976 3506 3030 sic
3535 2985 3671 3042 erat,
3709 2986 3774 3032 et
3799 2992 3873 3031 re-

2280 3075 2444 3145 liqua,
2475 3075 2686 3130 initium
2719 3074 2976 3130 breviarii
3005 3073 3306 3128 exorditur.
3345 3071 3482 3126 Nam
3509 3071 3586 3126 ibi
3612 3073 3876 3128 nativitas

2280 3168 2494 3223 Domini
2527 3168 2832 3238 exponitur.
2857 3165 2969 3221 Cur
3013 3173 3196 3220 autem
3235 3181 3345 3221 non
3370 3180 3401 3218 a
3425 3163 3705 3235 principio
3731 3181 3803 3221 xi.
3823 3173 3872 3219 et

2281 3261 2509 3316 duarum
2560 3260 2970 3331 generationum
2999 3258 3326 3314 breviarium
3365 3257 3641 3328 Evangelii
3682 3273 3876 3313 secun-

2281 3353 2409 3408 dum
2432 3351 2742 3408 Matthaaum
2767 3360 2947 3407 sumat
2968 3351 3268 3417 exordium,
3302 3349 3744 3420 investigandum
3780 3359 3873 3405 est.

2279 3443 2503 3500 Poterat
2550 3443 2697 3499 enim
2749 3443 2860 3498 tale
2886 3442 3238 3508 breviarium,
3271 3441 3416 3496 nulla
3464 3441 3774 3499 obsistente
3801 3458 3875 3498 ra-

2281 3539 2452 3605 tione,
2483 3538 2564 3594 sic
2619 3546 2894 3605 constare,
2931 3553 2999 3592 x1.
3034 3538 3263 3592 duarum
3299 3536 3714 3607 generationum
3749 3552 3879 3592 enu-

2252 3633 2530 3699 ‘meratio,
2556 3633 2814 3688 nativitas
2865 3631 3092 3697 Christi,
3120 3639 3176 3686 et
3223 3630 3431 3700 reliqua
3466 3648 3479 3683 :
3515 3630 3609 3684 sed
3649 3639 3877 3700 propter

2282 3726 2584 3781 nativitatis
2621 3724 2916 3781 Dominicae
2945 3723 3349 3790 excellentiam,
3375 3725 3442 3778 ab
3479 3723 3689 3789 ultima,
3718 3724 3781 3778 id
3804 3731 3879 3778 est

2281 3821 2694 3893 quadragesima
2742 3821 2979 3876 secunda
3032 3806 3406 3890 generatione,
3446 3835 3540 3875 seu
3588 3820 3878 3874 nativitate

2283 3915 2603 3982 Salvatoris,
2635 3913 2915 3970 exordium
2964 3914 3219 3969 breviarii
3245 3913 3494 3984 sumpsit.
3523 3910 3634 3967 Nec
3670 3913 3880 3968 mirum

2282 4010 2329 4064 si
2360 4010 2416 4063 in
2456 4009 2726 4064 breviario
2777 4007 2936 4063 sicuti
2967 4007 3215 4078 quaedam
3245 4007 3301 4062 in
3331 4006 3482 4062 brevi
3526 4005 3880 4077 colliguntur,

2283 4101 2359 4156 ita
2379 4101 2633 4157 nonnulla
2657 4116 2822 4156 causa
2848 4101 3130 4156 brevitatis
3157 4101 3500 4165 omittuntur,
3521 4115 3645 4154 cum
3666 4109 3882 4156 utrum«

2207 4166 2252 4229 Ο
2287 4208 2392 4263 que
2423 4191 2683 4248 breviarii
2712 4193 2783 4247 sit
2803 4191 3082 4263 proprium
3109 4191 3383 4260 :alioquin
3404 4189 3742 4245 breviarium
3779 4205 3884 4245 non

2249 4293 2254 4296 '
2287 4285 2390 4342 erit
2423 4285 2776 4342 breviarium.
2805 4282 3110 4339 Notandum
3137 4299 3350 4354 quoque
3375 4284 3430 4338 in
3461 4283 3672 4338 catenis
3713 4297 3885 4338 evan-

2288 4377 2517 4450 gelistis,
2547 4377 2690 4447 quod
2717 4377 2772 4431 in
2818 4376 2903 4431 bis
2948 4375 3194 4446 quaedam
3239 4374 3478 4445 capitula
3530 4382 3583 4430 et
3639 4388 3888 4430 canones

2287 4477 2414 4525 ante
2435 4468 2648 4523 initium
2669 4467 2926 4523 breviarii
2949 4467 3128 4538 posita
3158 4466 3523 4537 reperiuntur,
3540 4473 3601 4520 ut
3628 4465 3684 4521 iu
3720 4481 3888 4522 exor-

2284 4561 2390 4616 diis
2433 4560 2849 4630 Evangeliorum
2903 4559 3093 4626 Marci,
3144 4558 3304 4615 Lucae
3357 4567 3414 4615 et
3464 4557 3716 4624 Joannis,
3763 4569 3891 4632 post

2287 4653 2533 4723 quaedam
2576 4652 2809 4722 capitula
2840 4651 2926 4706 vel
2977 4666 3236 4716 canones,
3287 4650 3442 4706 initia
3485 4649 3888 4706 breviariorum

2291 4742 2666 4799 exordiuntur.
2697 4742 2830 4797 lllud
2855 4758 3070 4811 quoque
3118 4742 3397 4797 sciendum
3435 4748 3520 4796 est
3559 4739 3706 4810 quod
3766 4757 3890 4796 cum

2292 4848 2527 4888 canones
2542 4840 2596 4888 et
2616 4832 2849 4902 capitula
2862 4873 2877 4897 ,
2895 4832 3183 4902 aliquando
3208 4832 3264 4889 in
3283 4831 3573 4903 principio,
3586 4830 3894 4901 aliquando

2294 4925 2350 4980 in
2371 4925 2571 4991 medio,
2605 4939 2998 4994 nonnunquam
3020 4923 3185 4979 etiam
3206 4938 3374 4995 prope
3404 4922 3567 4980 ﬁnem
3591 4921 3898 4992 cujuslibet

2294 5034 2486 5076 sensus
2513 5018 2853 5082 adnotentur,
2880 5015 3156 5072 breviaria
3202 5014 3422 5071 nonnisi
3461 5014 3516 5070 in
3551 5014 3898 5086 primordia-

2291 5113 2434 5168 libus
2487 5125 2741 5166 sensuum
2791 5109 2925 5166 locis
2971 5108 3347 5166 exordiantur.
3388 5105 3544 5164 Unde
3586 5106 3784 5162 evenit
3838 5113 3902 5161 ut

2247 5219 2250 5222 '
2292 5203 2409 5272 ipsa
2435 5199 2706 5256 breviaria
2735 5215 2879 5270 saepe
2905 5199 2960 5256 in
3005 5198 3291 5271 principio,
3331 5195 3620 5267 aliquando
3670 5194 3730 5250 in
3777 5209 3899 5252 me-

2294 5293 2404 5361 dio,
2438 5308 2826 5368 nonnunquam
2875 5292 3042 5348 etiam
3090 5305 3260 5360 prope
3291 5287 3453 5345 tinem
3499 5285 3900 5359 capitulorum,

2295 5390 2389 5448 sed
2417 5398 2598 5446 tamen
2631 5388 2688 5445 in
2713 5385 2982 5459 principio
3015 5399 3295 5453 sensuum,
3323 5383 3544 5440 exordia
3571 5391 3823 5438 sumant.
