4046 6332
263 325 401 385 ηπ.

1077 325 1440 385 EXPOSITIO
1472 327 1544 384 IN
1580 327 2073 388 ARGUMENTUM
2113 330 2366 390 EVANG.
2407 331 2760 391 ΜΔΤἸἩΕΙ.

3434 341 3546 401 274

297 472 3540 508 mm“

1102 582 1823 667 ARGUMENTUM
1886 582 1998 662 IN
2049 583 2657 665 MATTHIEUM
2687 589 2745 665 ³.

1760 737 1919 800 ¹Μιὶ.,
1939 737 2084 801 ibid.)

359 923 642 981 Matthcus
671 923 812 980 sicut
829 924 887 980 in
908 924 1097 982 ordine
1121 925 1330 998 primus
1352 929 1591 999 ponitur,
1619 928 1864 1002 Evange-
1889 933 1945 995 Α
1967 928 2217 986 Christus
2239 937 2344 996 est,
2389 930 2482 1000 qui
2511 929 2684 987 factus
2729 940 2813 987 est
2853 947 2922 988 ex
2969 933 3216 1002 muliere,
3241 935 3418 994 factus
3442 941 3545 996 sub

239 1051 242 1053 λ
286 1016 418 1071 lium
469 1014 527 1070 in
576 1012 758 1071 Iudaea
802 1016 1008 1087 primus
1044 1018 1303 1088 scripsit:
1338 1020 1490 1088 cujus
1537 1020 1750 1074 vocatio
1793 1021 1860 1075 ad

286 1107 457 1163 Deum
478 1120 547 1162 ex
574 1105 874 1177 publicanis
896 1108 1106 1163 actibus
1133 1107 1251 1163 fuit.
1292 1107 1531 1164 Duorum
1559 1118 1776 1179 patrum
1807 1110 1862 1164 in

285 1199 632 1271 generatione
678 1197 880 1255 Christi
927 1200 1194 1272 principia
1249 1217 1581 1272 praesumens
1622 1220 1635 1256 :
1676 1203 1859 1268 unius,

285 1289 438 1359 cujus
481 1289 658 1360 prima
703 1289 1045 1346 circumcisio
1075 1292 1292 1358 carnis;
1324 1291 1566 1359 alterius,
1599 1293 1754 1364 cujus
1779 1308 1864 1348 se-

283 1383 520 1439 cundum
550 1398 646 1439 cor
689 1381 881 1439 electio
935 1382 1038 1438 fuit
1070 1392 1165 1439 :et
1209 1400 1277 1440 ex
1322 1385 1567 1456 utrisque
1614 1386 1864 1457 patribus

282 1474 565 1541 Christus;
595 1474 781 1545 sicque
803 1475 1153 1544 quaternario
1177 1477 1401 1532 denario
1426 1491 1654 1533 numero
1681 1475 1866 1532 trifor-

281 1565 446 1620 miter
465 1564 661 1635 posito,
701 1565 1022 1636 principium
1070 1581 1101 1620 a
1132 1567 1384 1622 credendi
1424 1566 1531 1622 ﬁde
1560 1567 1616 1622 in
1645 1566 1875 1623 electio-.

282 1655 371 1709 nis
404 1662 612 1726 tempus
636 1654 937 1726 porrigens,
975 1671 1044 1710 ex
1084 1655 1358 1736 .electione
1409 1657 1465 1712 in
1513 1657 1865 1726 transmigra-

282 1745 446 1800 tionis
471 1745 614 1800 diem
639 1745 910 1817 dirigens;
938 1755 1100 1818 atque
1128 1762 1162 1802 a
1191 1748 1663 1820 transmigratione
1693 1764 1865 1819 usque

280 1834 352 1889 ad
397 1835 672 1891 Christum
708 1836 989 1902 deﬁniens,
1020 1839 1301 1893 decursam
1350 1839 1610 1894 adventus
1649 1839 1864 1894 Domini

278 1927 520 1981 ostendit
545 1927 948 1996 generationem
983 1945 995 1979 :
1026 1936 1088 1982 ut
1112 1938 1168 1983 et
1197 1943 1422 1983 numero
1447 1930 1789 1985 satisfaceret
1809 1939 1866 1985 et

277 2019 544 2089 tempori;
573 2028 628 2073 et
652 2018 730 2074 sic
754 2019 897 2088 quod
927 2027 1072 2098 esset
1102 2019 1412 2087 ostendens,
1443 2030 1501 2076 et
1525 2021 1622 2076 Dei
1645 2037 1781 2093 opus
1808 2023 1864 2078 in

1969 1021 2106 1092 lege,
2133 1027 2291 1076 natus
2335 1035 2403 1075 ex
2444 1021 2673 1093 virgine,
2709 1037 2899 1094 passus
2945 1025 3001 1080 in
3056 1040 3238 1093 carne,
3279 1029 3461 1086 omnia
3489 1031 3549 1087 in

1971 1125 2134 1165 cruce
2180 1109 2299 1164 ﬁxit
2323 1129 2336 1166 :
2360 1120 2422 1167 ut
2467 1114 2806 1186 triumphans
2832 1133 2896 1172 ea
2924 1117 2980 1173 in
3008 1121 3321 1191 semetipso,
3367 1139 3547 1180 resur-

1970 1214 2104 1270 gens
2126 1201 2180 1255 in
2203 1216 2452 1272 corpore,
2477 1212 2531 1259 et
2566 1204 2744 1262 Patris
2783 1223 2978 1263 nomen
3007 1209 3153 1265 Patri
3174 1213 3465 1272 restituens
3491 1217 3549 1272 in

1971 1290 2128 1356 ﬁliis;
2185 1291 2302 1348 sine
2331 1294 2617 1366 principio,
2647 1297 2763 1352 sine
2788 1297 2916 1366 ﬁne,
2941 1303 3236 1359 ostendens
3281 1321 3450 1361 unum
3491 1325 3551 1364 se

1971 1396 2096 1437 cum
2151 1383 2312 1439 Patre
2340 1401 2480 1453 esse,
2515 1387 2640 1456 quia
2689 1405 2828 1446 unus
2881 1399 2982 1448 est.
3024 1393 3084 1448 In
3113 1411 3219 1466 quo
3260 1396 3548 1470 Evangelio

1968 1474 2102 1529 utile
2129 1484 2211 1531 est
2241 1478 2674 1536 desiderantibus
2711 1481 2880 1540 Deum
2904 1487 2986 1541 sic
3015 1488 3208 1558 prima,
3240 1492 3326 1546 vel
3352 1495 3546 1558 media,

1969 1566 2055 1621 vel
2083 1566 2322 1637 perfecta
2367 1585 2712 1642 cognoscere,
2738 1582 2800 1627 ut
2834 1582 2891 1629 et
2916 1577 3254 1634 vocationem
3295 1583 3547 1652 apostoli,

1971 1665 2027 1711 et
2071 1673 2205 1728 opus
2231 1658 2528 1732 Evangelii,
2559 1670 2614 1716 et
2644 1661 2983 1720 dilectionem
3014 1665 3108 1722 Dei
3141 1669 3198 1722 in
3249 1685 3414 1726 carne
3457 1689 3553 1726 na-

1970 1750 2192 1816 scentis,
2220 1766 2320 1823 per
2368 1753 2621 1809 universa
2652 1754 2892 1826 legentes
2927 1757 3262 1831 intelligant;
3303 1773 3465 1834 atque
3497 1766 3550 1818 in

1971 1856 2036 1896 eo
2061 1857 2168 1911 quo
2195 1846 2516 1915 apprehensi
2565 1857 2709 1916 sunt,
2738 1857 2794 1904 et
2841 1853 3244 1922 apprehendere
3272 1865 3548 1927 expetunt,

1970 1944 2381 2004 recognoscant.
2433 1937 2600 1994 Nobis
2627 1941 2772 1996 enim
2803 1943 2907 2000 hoc
2933 1944 2990 2000 in
3019 1946 3200 2002 studio
3244 1953 3550 2021 argumenti

1972 2022 2095 2088 fuit,
2121 2033 2178 2078 et
2205 2024 2365 2080 ﬁdem
2397 2027 2552 2084 factae
2588 2032 2668 2086 rei
2697 2035 2926 2100 tradere,
2957 2044 3014 2092 et
3042 2039 3320 2108 operantis
3347 2041 3441 2096 Dei
3470 2043 3554 2096 ἰη-

274 2124 340 2164 se
392 2117 726 2174 monstrans,
759 2108 924 2163 etiam
969 2109 1024 2164 in
1073 2111 1160 2166 his
1185 2127 1415 2181 quorum
1449 2128 1619 2182 genus
1664 2115 1863 2184 posuit,
1894 2147 1943 2208 Β
1972 2114 2319 2187 telligendam
2348 2118 2637 2190 diligenter
2665 2139 2786 2180 esse
2818 2126 3227 2198 dispositionem
3255 2135 3548 2204 quaerenti-

273 2198 485 2258 Christi
519 2199 796 2270 operantis
823 2216 851 2254 a
876 2201 1143 2272 principio
1173 2203 1542 2259 testimonium
1570 2219 1678 2260 non
1701 2221 1865 2278 nega-

274 2297 385 2346 ret.
410 2289 652 2356 Quarum
677 2292 914 2346 omnium
938 2307 1118 2346 rerum
1149 2301 1381 2364 tempus,
1402 2295 1558 2361 ordo,
1580 2313 1860 2366 numerus,

269 2381 564 2450 dispositio
582 2381 668 2436 vel
695 2383 856 2450 ratio,
887 2384 1032 2453 quod
1050 2383 1177 2441 ﬁdei
1204 2387 1572 2442 necessarium
1597 2397 1700 2456 est,
1719 2389 1862 2446 Deus

347 2525 374 2554 ει
404 2513 793 2588 Argumentum
824 2517 948 2581 hoc,
990 2517 1045 2571 in
1082 2518 1224 2588 quod
1269 2528 1666 2576 commentatur
1690 2519 1860 2577 Sedu-

269 2584 405 2650 lius,
455 2584 707 2642 exstabat
757 2584 1233 2645 mendosissimum
1277 2591 1417 2661 apud
1473 2590 1856 2660 Sabatierium,

1970 2203 2072 2261 bus
2102 2223 2210 2264 non
2235 2215 2440 2268 tacere.
2531 2243 2538 2252 -

2433 2321 2666 2395 Explicit
2702 2338 3085 2398 argumentum.

1967 2523 2295 2652 Xﬂdsvers.
2320 2527 2384 2582 T.
2407 2526 2497 2596 Ill,
2518 2543 2575 2599 p.
2602 2530 2652 2596 l,
2679 2530 2822 2600 quod
2843 2545 2943 2588 nos
2959 2531 3177 2590 demum
3200 2547 3345 2590 nunc
3365 2546 3548 2590 emen-

300 2728 3539 2768 *πῄ-Ἦ

1014 2838 1651 2956 EJUSDEM
1741 2841 2303 2960 SEDULII
2393 2844 2810 2964 SCOTI

676 3065 756 3128 ΙΝ
803 3065 1366 3131 ARGUMENTUM
1406 3066 1832 3132 SECUNDUM
1876 3068 2368 3134 MATTHEUM
2409 3070 3121 3141 EXPOSITIUNCULA.

1763 3215 1928 3281 (Μαι,
1951 3216 2098 3278 ibid.)

348 3437 492 3495 Inter
519 3443 900 3510 argumentum
924 3444 980 3493 et
1005 3438 1530 3510 argumentationem
1567 3438 1674 3494 hoc
1699 3437 1865 3495 distat
1890 3440 1934 3504 C
1965 3435 2238 3507 praecipua
2273 3435 2416 3492 dona
2446 3436 2672 3510 largitus
2699 3439 2865 3496 fuerit
2895 3457 2910 3495 :
2935 3441 3172 3514 primum
3223 3443 3446 3514 donum,
3488 3449 3556 3525 ﬂ;

269 3533 425 3605 quod
453 3538 827 3603 argumentum
849 3539 935 3586 est
959 3547 1151 3586 sensus
1181 3531 1344 3587 totius
1387 3530 1668 3597 orationis,
1697 3545 1862 3602 argu-

276 3626 543 3682 mentatio
565 3640 695 3680 vero
713 3632 799 3682 cst
821 3624 1126 3696 argumenti
1155 3623 1387 3679 elocutio
1405 3623 1697 3692 verbisque
1717 3637 1864 3677 eom-

275 3717 586 3790 petentibus
607 3717 913 3787 explicatio.
947 3715 1006 3770 In
1045 3715 1377 3787 argumentis
1421 3724 1599 3770 autem
1626 3730 1861 3786 evange-

271 3808 399 3864 licis
428 3807 528 3863 hoc
570 3809 839 3879 praecipue
866 3807 1250 3863 attendendum
1293 3814 1374 3862 est
1400 3805 1542 3876 quod
1587 3807 1644 3860 in
1692 3807 1779 3861 his
1808 3814 1864 3861 et

272 3900 544 3957 sermonis
571 3899 829 3963 brevitas,
853 3909 908 3954 et
935 3911 1188 3954 sensuum
1217 3897 1553 3952 clandestina
1590 3895 1864 3954 subtilitas

271 3992 572 4049 scintillare
600 3993 875 4060 cernitur;
912 3991 1052 4046 unde
1072 3999 1318 4045 nostrum
1340 3999 1562 4060 torpens
1584 3989 1863 4063 ingenium

271 4102 342 4142 ex
375 4086 584 4141 inertia:
629 4101 821 4141 somno
857 4085 1140 4148 suscitant,
1167 4091 1223 4138 et
1259 4091 1386 4140 ante
1426 4082 1713 4138 introitum
1761 4083 1859 4138 do-

271 4179 465 4236 ctrina:
510 4178 832 4250 evangelicae
870 4193 969 4234 nos
995 4175 1404 4232 exercitatiores
1433 4175 1860 4246 evigilantiores-

271 4288 380 4345 que
408 4272 660 4336 reddunt,
704 4286 774 4326 ne
802 4268 1077 4341 lippidulis
1103 4268 1331 4322 fortasse
1380 4265 1575 4332 oculis,
1600 4266 1859 4336 pedibus-

271 4379 382 4436 que
409 4377 666 4419 sensuum
710 4361 1081 4424 titubantibus,
1117 4367 1273 4430 prata
1313 4357 1592 4412 Dominica
1621 4357 1862 4428 segniter

272 4461 612 4525 ineedamus,
641 4457 736 4515 sed
765 4458 1029 4516 illustrata
1053 4456 1254 4511 mentis
1301 4456 1419 4512 acie
1442 4455 1630 4511 florida
1659 4455 1861 4511 Christi

275 4569 429 4619 rura,
452 4553 696 4609 coruscis
715 4551 1143 4624 praecedentibus
1170 4550 1428 4618 lucernis,
1453 4565 1854 4620 percurramus.

272 4645 420 4716 Quid
443 4648 644 4703 etenim
674 4654 800 4702 sunt
824 4651 1142 4716 argumenta
1184 4642 1511 4714 evangelica,
1567 4643 1674 4697 nisi
1714 4657 1860 4712 quae-

275 4741 406 4796 dam
432 4738 732 4794 ccelestium
763 4739 1139 4791 thesaurorum
1163 4735 1542 4806 provenientes
1584 4732 1860 4805 lampades

1965 3528 2120 3595 dem;
2176 3531 2514 3596 secundum,
2570 3533 2964 3603 apostolatum;
3022 3537 3269 3605 tertium,
3321 3540 3551 3599 virtutes

1966 3630 2128 3692 atque
2179 3623 2476 3691 miracula;
2532 3636 2825 3696 quartum,
2883 3628 3189 3698 linguarum
3251 3632 3549 3703 peritiam;

1965 3714 2234 3784 quintum,
2260 3715 2613 3786 Evangelium
2652 3717 2922 3786 scribere;
2954 3728 3184 3788 sextum,
3208 3731 3340 3796 ante
3388 3737 3552 3783 crete-

1964 3820 2056 3861 ros
2077 3805 2438 3877 evangelistas
2464 3807 2699 3877 primum
2722 3823 2842 3864 esse
2888 3809 2942 3863 in
2976 3811 3200 3880 ordine;
3232 3815 3547 3886 septimum,

1963 3898 2213 3968 martyrii
2259 3897 2430 3968 gloria
2469 3899 2738 3953 coronari.
2769 3898 3078 3956 Notandum
3106 3917 3238 3959 vero
3269 3911 3354 3960 est
3401 3907 3546 3976 quod

1965 4005 2088 4046 cum
2131 3989 2245 4059 ipse
2285 3989 2616 4062 evangelista
2639 4005 2708 4046 ex
2736 3989 2880 4046 tribu
2910 3991 3042 4049 Levi
3083 3991 3250 4050 fuisse
3277 3997 3550 4064 tradatur,

1963 4082 2051 4137 hic
2077 4096 2145 4136 ex
2173 4079 2355 4136 Judma
2395 4081 2561 4138 fuisse
2589 4083 2840 4139 refertur.
2875 4083 3029 4152 Quod
3080 4085 3365 4159 tripliciter
3391 4089 3552 4144 intelo

1963 4175 2058 4245 ligi
2101 4175 2301 4247 poterit
2335 4194 2346 4228 :
2379 4187 2473 4231 aut
2498 4177 2644 4232 enim
2687 4192 2755 4232 ex
2796 4187 3028 4250 utraque
3062 4180 3206 4235 tribu
3253 4189 3310 4238 et
3335 4179 3472 4239 Iuda
3495 4193 3554 4240 et

1961 4266 2094 4323 Levi
2138 4279 2292 4322 ortus
2316 4276 2431 4334 est;
2463 4277 2575 4334 aut,
2629 4269 2755 4325 licet
2789 4273 3039 4342 prosapia
3075 4288 3182 4327 non
3207 4274 3280 4328 sit
3305 4275 3420 4344 ipse
3457 4273 3551 4329 Ju-

1963 4360 2131 4426 dzeus,
2181 4369 2363 4416 tamen
2417 4377 2484 4416 ex
2530 4361 2713 4416 Iudaea
2758 4362 2927 4418 fuisse
2976 4365 3257 4429 asseritur,
3295 4380 3360 4420 eo
3407 4369 3549 4438 quod

1962 4447 2104 4504 forte
2129 4457 2381 4519 parentes
2409 4449 2544 4518 ejus,
2575 4452 2846 4521 quomodo
2872 4460 2928 4507 et
2954 4453 3109 4507 multi
3136 4469 3206 4509 ex
3229 4454 3358 4510 Levi
3381 4457 3545 4524 tribu,

1964 4541 2164 4598 ibidem
2189 4540 2586 4596 habitaverunt.
2609 4543 2718 4598 Aut
2747 4543 2790 4597 si
2834 4559 3010 4614 neque
3045 4545 3150 4601 hoc
3171 4553 3259 4602 est
3281 4561 3456 4618 neque
3479 4547 3543 4601 ii-

1963 4634 2072 4702 lud,
2105 4649 2171 4689 ex
2196 4632 2382 4690 Iudaea
2404 4632 2621 4690 Iudaeus
2653 4635 2724 4690 ob
2766 4636 2871 4691 hoc
2889 4637 3280 4714 συνεκδοχικῶς
3302 4639 3548 4694 nomina-

1964 4736 2072 4794 tur,
2103 4743 2169 4784 eo
2197 4727 2343 4799 quod
2369 4742 2557 4784 omnes
2605 4727 2866 4786 lsraelitae
2906 4731 3233 4802 generaliter
3255 4731 3428 4790 Judaei
3449 4748 3546 4803 ap-

275 4829 444 4887 simul
472 4837 525 4886 et
553 4843 732 4885 aureae
765 4828 941 4885 claves
969 4843 1129 4898 gazas
1175 4833 1480 4882 reserantes
1520 4825 1864 4882 Dominicas?
1889 4822 1942 4882 D
1966 4819 2251 4891 pellantur.

271 4921 564 4977 Matthazns
590 4935 658 4976 ex
680 4918 886 4985 Iudaea,
915 4917 1055 4974 sicut
1080 4918 1134 4972 in
1168 4917 1356 4972 ordine
1383 4917 1592 4988 primus
1615 4917 1856 4987 ponitur,

271 5015 351 5068 ita
389 5012 737 5084 Evangelium
762 5012 816 5066 in
844 5009 1026 5066 Iudaea
1052 5009 1258 5080 primus
1286 5009 1522 5080 scripsit.
1553 5008 1736 5064 Primo
1763 5023 1860 5064 no-

271 5103 501 5158 tandum
529 5102 675 5174 quod
703 5104 760 5159 in
787 5101 949 5172 hujus
997 5100 1300 5172 argumenti
1349 5099 1591 5165 exordio,
1643 5115 1718 5154 vn
1756 5098 1862 5153 cir-

273 5194 622 5250 cumstantim
664 5193 900 5260 elucent,
943 5207 1063 5263 quae
1119 5197 1246 5245 sunt
1281 5205 1586 5260 :persona,
1640 5205 1730 5246 res
1774 5189 1861 5244 vel

270 5286 505 5350 factum,
533 5301 722 5353 causa,
748 5293 984 5356 tempus,
1019 5284 1186 5350 locus,
1213 5283 1426 5348 modus,
1453 5283 1697 5339 materia.
1730 5283 1861 5338 Per-

272 5377 792 5449 sonadignoscitur,
824 5391 948 5432 cum
995 5375 1112 5448 ipse
1152 5373 1475 5444 evangelista
1520 5375 1739 5445 proprio
1765 5389 1863 5430 no-

274 5467 430 5523 mine
478 5467 765 5524 Matthaeus
792 5467 1138 5522 nominatur:
1168 5463 1321 5535 cujus
1364 5479 1610 5535 personae
1648 5480 1780 5536 gens
1808 5474 1862 5520 et

275 5559 440 5631 origo
485 5560 832 5626 ostenditur,
878 5573 1002 5614 cum
1053 5558 1194 5613 idem
1238 5556 1522 5613 Matthaeus
1571 5573 1638 5612 ex
1677 5555 1860 5613 Iudaea

276 5651 453 5709 fuisse
499 5660 973 5710 commemoratur.
1033 5649 1144 5707 Nec
1187 5666 1368 5722 parva:
1427 5665 1641 5722 quoque
1688 5650 1862 5706 laudis

277 5743 618 5814 praeconium
643 5744 746 5816 ipsi
771 5758 1017 5814 personae
1043 5742 1347 5799 cumulatur
1371 5761 1387 5797 :
1413 5741 1698 5798 Matthaaus
1715 5758 1860 5798 nam-

285 5847 399 5904 que
415 5833 648 5894 donatus
669 5837 1082 5910 interpretatur,
1105 5835 1161 5891 in
1182 5850 1249 5894 eo
1267 5835 1415 5908 quod
1433 5834 1487 5892 ei
1504 5834 1764 5893 Dominus
1781 5850 1858 5914 vn

2038 4912 2294 4983 Sequitur
2336 4912 2560 4980 factum,
2603 4913 2706 4970 hoc
2731 4922 2814 4970 est
2859 4914 3208 4989 Evangelium
3253 4915 3323 4971 ab
3355 4915 3545 4972 eodem

1966 5003 2218 5058 Matthzeo
2263 5005 2650 5077 conscriptum.
2686 5006 2866 5064 Locus
2888 5006 3018 5064 facti
3043 5008 3384 5072 describitur,
3420 5024 3546 5064 cum

1965 5092 2096 5148 illud
2127 5093 2475 5165 Evangelium
2499 5096 2554 5150 in
2594 5096 2777 5153 Judzea
2801 5097 2970 5155 fuisse
2993 5099 3251 5169 scriptum
3298 5098 3543 5155 declara-r

1967 5192 2072 5240 tur.
2113 5185 2347 5255 Tempus
2369 5188 2644 5259 Evangelii
2673 5191 3049 5247 conscribendi
3069 5190 3392 5259 ostenditur,
3420 5207 3544 5248 cum

1965 5283 2014 5337 is
2051 5281 2337 5338 Matthmus
2385 5284 2594 5352 primus
2643 5294 2768 5340 ante
2821 5285 2958 5339 alios
2988 5283 3349 5352 evangelistas
3380 5302 3538 5342 suum

1967 5373 2314 5445 Evangelium
2353 5376 2639 5447 scripsisse
2667 5377 3001 5446 perhibetur.
3063 5374 3237 5432 Causa
3268 5378 3438 5452 ipsius
3464 5379 3544 5434 fa-

1967 5468 2038 5521 cti
2091 5465 2493 5536 manifestatur,
2548 5484 2671 5523 cum
2719 5466 3060 5537 subiungitur
3089 5484 3101 5520 :
3127 5467 3283 5538 cujus
3329 5469 3540 5525 vocatio

1967 5559 2034 5614 ad
2065 5557 2238 5614 Deum
2289 5575 2355 5615 ex
2402 5559 2705 5630 publicanis
2756 5557 2967 5612 actibus
2995 5557 3115 5613 fuit.
3155 5558 3364 5615 Idcirco
3391 5561 3538 5615 enim

1968 5661 2078 5708 tam
2112 5653 2461 5723 magniﬁcum
2496 5653 2845 5721 divinumque
2882 5666 3017 5722 opus
3058 5653 3372 5725 scripserat,
3415 5652 3543 5722 quia

1967 5758 2035 5799 ex
2078 5743 2382 5814 publicanis
2430 5742 2684 5814 operibus
2732 5743 2788 5798 in
2844 5743 3201 5815 apostolatum
3237 5759 3268 5798 a
3311 5743 3539 5799 Domino

1968 5836 2171 5893 electus
2201 5845 2339 5894 erat.
2380 5836 2567 5906 Itaque
2594 5851 2626 5891 a
2651 5837 2919 5906 perversis
2968 5836 3181 5911 actibus
3202 5840 3535 5905 segregatus,
