4046 6332
524 358 629 432 ,εἴης

1907 362 2172 422 senum
2210 334 2406 421 soon

3682 335 3835 415 τηρ

529 480 596 551 ad
640 486 820 549 actum
862 487 1308 561 evangelicum’a
1353 484 1580 540 Domino
1622 482 1723 536 fuit
1761 487 2000 536 vocatus.
2052 479 2110 533 in
2139 480 2189 539 Α
2215 479 2586 546 generationes
2631 475 2685 532 ln
2707 476 2823 548 ipsa
2852 474 3167 547 genealogla
3195 473 3411 543 posuit;
3466 486 3577 544 quo
3602 486 3791 530 [tumea

527 604 637 661 quo
663 595 720 643 et
742 584 936 641 modus
975 598 1071 638 seu
1097 579 1330 651 qualitas
1354 577 1598 661 ejtiadem
1622 573 1753 635 facti
1775 573 2008 633 latenter
2028 572 2108 625 in-

527 682 777 738 sinuatur
818 696 831 731 :
878 673 1148 747 quomodo
1188 672 1334 727 enim
1382 669 1468 724 vel
1509 667 1764 738 qualiter,
1823 665 1928 719 nisi
1964 662 2109 718 ordi-

526 783 655 831 nate
687 771 775 828 vel
808 769 1099 831 veraciter,
1150 765 1363 833 nisique
1406 761 1681 831 sapienter
1728 773 1884 814 suum
1931 756 2108 810 Evan-

527 871 729 945 gelium
773 862 1176 941 conscripserit,
1229 860 1378 930 quia
1408 871 1537 913 vero
1570 857 1701 921 Deo,
1757 854 1813 908 in
1853 866 1961 921 quo
1984 857 2110 945 sunt

528 938 718 1019 omnes
756 938 1005 1013 thesauri
1050 951 1329 1024 sapientiae
1380 955 1436 1003 et
1484 945 1727 1002 scientiae
1780 938 2105 1006 absconditi,

526 1058 755 1108 vocatus
781 1058 942 1119 atque
960 1045 1163 1101 electus
1192 1040 1326 1097 fuit?
1351 1040 1523 1095 Porro
1541 1035 1858 1108 principalis
1882 1032 2109 1088 materia

527 1141 908 1203 Conscribendi
932 1135 1214 1208 Evangelii
1240 1132 1564 1195 ostenditur,
1594 1143 1718 1184 cum
1740 1125 2104 1182 subiniertur:

533 1252 556 1289 ι
598 1236 829 1293 duorum
863 1239 1078 1305 patrum
1117 1230 1172 1284 in
1209 1224 1558 1300 generatione
1588 1221 1793 1278 Christi
1837 1218 2108 1291 principia

526 1342 881 1400 praesumens.
921 1344 940 1376 ι
974 1321 1092 1377 Non
1121 1321 1265 1376 enim
1293 1319 1361 1372 ab
1392 1316 1498 1370 alia
1520 1312 1770 1377 materia,
1801 1310 1904 1364 nisi
1932 1325 1962 1363 a
1992 1307 2111 1363 Sal-

524 1419 732 1476 vatoris
761 1413 1103 1488 genealogia,
1159 1409 1443 1466 exordium
1478 1403 1756 1476 Evangelii
1785 1401 2110 1457 sumendum

525 1526 647 1567 esse
686 1509 897 1567 censuit
928 1525 943 1561 :
970 1513 1033 1561 ut
1067 1506 1195 1559 dum
1249 1500 1528 1556 Christum
1567 1495 1736 1551 tilium
1777 1501 1833 1549 et
1878 1493 2109 1574 duorum

524 1602 581 1657 id
622 1609 729 1667 est,
781 1598 954 1655 David
983 1604 1039 1653 et
1075 1593 1373 1656 Abraham,
1408 1588 1746 1661 originaliter
1772 1585 2105 1650 ostenderet,

522 1694 703 1765 ipsum
728 1704 850 1748 esse
877 1688 1156 1745 intimaret
1178 1684 1269 1756 qui
1292 1683 1535 1752 utrisque
1565 1678 1810 1752 patribus
1835 1677 2108 1748 quondam

519 1785 819 1859 promissus
868 1779 1068 1836 fuerat.
1118 1775 1349 1831 Abrahae
1392 1773 1634 1844 quidem,
1673 1778 1774 1826 ut:
1805 1768 1875 1825 In
1915 1768 2110 1824 semine

2210 583 2273 623 ro
2297 578 2352 626 et
2382 571 2669 643 decalogns
2721 569 2856 641 legis
2894 577 2952 624 ot
2978 566 3290 638 evangelica
3317 566 3568 622 doctrina
3608 568 3789 636 expri-

2209 663 2394 716 mitur.
2439 661 2694 733 Tempori
2732 676 2949 732 quoque
2992 658 3275 726 satisfecit,
3334 660 3463 715 dum
3510 660 3787 716 Abraham

2208 754 2573 822 patriarcham
2604 753 2660 807 in
2710 752 2935 808 exordio
2978 752 3272 807 Dominicae
3316 752 3647 824 genealogiaz
3691 770 3785 824 po-

2209 846 2337 900 suit.
2382 846 2515 901 Nam
2556 848 2733 917 prima
2763 844 2948 902 mundi
3000 858 3155 913 mtas,
3210 848 3364 916 quasi
3406 848 3650 917 quaedam
3710 848 3794 902 in-

2164 945 2177 955 '
2208 934 2401 1002 fantia,
2466 936 2536 991 ab
2578 937 2752 993 Adam
2786 950 2960 1005 usque
3000 934 3114 990 Noe
3136 936 3503 1005 protenditur.
3542 935 3791 993 Secunda

2209 1036 2360 1093 mtas,
2398 1043 2520 1098 qua:
2566 1035 2649 1084 est
2700 1028 2867 1083 veluti
2895 1028 3068 1096 ipsius
3094 1026 3285 1081 mundi
3338 1029 3597 1097 pueritia,
3626 1046 3660 1084 a
3682 1029 3798 1085 Noe

2210 1134 2382 1190 usque
2407 1121 2475 1175 ad
2507 1118 2780 1175 Abraham
2829 1128 3198 1190 computatur.
3241 1118 3423 1175 Tertia
3469 1130 3621 1188 astas,
3674 1136 3801 1192 qua

2210 1220 2294 1268 est
2323 1214 2478 1284 quasi
2507 1213 2697 1269 ﬂorida
2745 1213 2934 1271 mundi
2981 1212 3369 1276 adolescentia,
3416 1216 3488 1270 ab
3514 1215 3799 1272 Abraham

2208 1321 2383 1375 usque
2403 1307 2471 1363 ad
2501 1307 2670 1363 David
2701 1322 2885 1378 regem
2914 1308 3245 1373 extenditur,
3271 1322 3393 1378 quin
3416 1310 3635 1379 quidem
3662 1319 3797 1366 astas

2210 1400 2406 1455 habilis
2448 1401 2513 1457 ad
2557 1403 2927 1471 generandum
2955 1402 3208 1457 habetur.
3252 1401 3486 1474 Ideoque
3521 1406 3592 1460 ab
3617 1405 3795 1460 Abra-

2211 1494 2356 1559 ham,
2411 1494 2567 1564 quasi
2596 1494 2666 1550 ab
2704 1493 2929 1550 exordio
2972 1494 3356 1551 adolescentiae
3389 1498 3600 1565 mundi,
3662 1498 3797 1554 Mat.

2211 1584 2384 1639 thaeus
2408 1584 2556 1654 ipsas
2583 1585 2961 1656 generationes
2990 1585 3044 1639 in
3074 1587 3392 1658 genealogis
3434 1586 3638 1643 Christi
3669 1603 3804 1643 con-

2211 1688 2471 1750 gruenter
2513 1688 2816 1747 enumerat,
2872 1680 3001 1750 quia
3022 1681 3140 1736 insa
3184 1688 3317 1737 aetas
3343 1682 3415 1737 ad
3437 1682 3800 1739 eenerandam

2213 1770 2452 1826 sobolem
2480 1780 2603 1842 apta
2641 1787 2766 1827 esse
2785 1771 3022 1827 videtur.

521 1848 616 1934 tuo
658 1876 1030 1932 benedicentur
1077 1886 1254 1925 omnes
1285 1868 1452 1922 tribus
1491 1874 1664 1921 terrae.
1716 1862 1888 1917 David
1934 1875 2109 1916 vero:
2139 1848 2188 1909 Β
2288 1862 2587 1933 Sequitur:
2619 1881 2639 1915 ‹
2679 1871 2733 1918 et
2760 1863 2838 1919 sic
2864 1863 3011 1934 quod
3060 1871 3208 1920 esset
3236 1864 3547 1930 ostendens,
3594 1873 3650 1920 et
3680 1864 3809 1921 relic

521 1968 601 2024 De
657 1968 835 2039 fructu
893 1964 1087 2021 ventris
1138 1963 1217 2016 tui
1269 1975 1464 2031 ponam
1516 1973 1673 2029 super
1717 1954 1890 2010 sedem
1940 1962 2106 2007 tuam.

518 2060 600 2115 Ac
624 2074 692 2114 ne
719 2057 843 2129 quis
869 2056 1140 2113 dubitaret
1183 2051 1370 2124 quanti
1398 2049 1578 2105 meriti
1613 2048 1723 2104 sint
1749 2046 1829 2101 illi
1857 2046 1965 2102 duo
1996 2059 2100 2116 pa-

519 2158 654 2216 tres,
721 2163 953 2219 quorum
1001 2145 1265 2217 principia
1327 2141 1612 2196 Matthmus
1676 2140 1730 2194 in
1785 2138 2103 2210 genealogia

442 2230 461 2249 ’
520 2240 724 2296 Christi
763 2239 1124 2309 praesumpsit,
1162 2236 1419 2291 continuo
1464 2232 1687 2303 exponit
1714 2247 1839 2287 cum
1874 2230 2059 2287 subdit
2089 2249 2102 2284 :

525 2350 545 2383 ι
575 2331 758 2397 unius,
782 2331 936 2401 cujus
980 2331 1156 2400 prima
1186 2326 1532 2383 circumcisio
1548 2325 1605 2380 in
1630 2339 1827 2389 carne;
1860 2323 2105 2389 alterius,

521 2422 676 2493 cuius
724 2422 1021 2478 secundum
1061 2436 1157 2476 cor
1197 2418 1391 2474 electio
1424 2416 1544 2471 fuit.
1580 2436 1598 2469 ι
1635 2415 1715 2470 Ex
1756 2415 2110 2485 prmcedenti-

519 2518 644 2581 bus,
682 2516 736 2572 id
776 2524 862 2570 est
884 2514 955 2568 ab
981 2528 1048 2569 eo
1069 2512 1217 2583 quod
1235 2520 1319 2566 est
1340 2509 1630 2582 principia,
1658 2525 1759 2582 per
1780 2509 2105 2582 syilcmsim,

518 2607 846 2679 principium
892 2606 1275 2661 assumendum
1308 2610 1413 2669 est,
1457 2610 1618 2673 atque
1645 2602 1748 2658 ἀπὸ
1776 2609 1943 2658 κοινοῦ
1984 2617 2111 2672 par--

519 2698 789 2770 ticipium,
817 2697 963 2767 quod
995 2705 1083 2755 est
1118 2708 1478 2765 priesumens,
1529 2694 1885 2764 repetendum
1914 2700 2021 2757 est.
2048 2700 2107 2751 ut

521 2791 595 2847 sit
647 2804 840 2845 sensus
882 2788 1121 2854 :unius,
1194 2787 1347 2857 cujus
1408 2785 1584 2857 prima
1639 2785 1986 2841 circumcisio
2049 2784 2106 2837 in

522 2901 729 2951 carne,
790 2884 1118 2956 principium
1184 2896 1548 2952 praesumens,
1614 2881 1872 2953 alterius,
1953 2877 2109 2949 cujus

526 2974 821 3031 secundum
891 2990 986 3030 cor
1053 2972 1248 3030 electio
1315 2971 1452 3039 fuit,
1514 2972 1838 3043 principium
1898 2986 2106 3042 praesu-

523 3085 696 3126 mens.

592 3159 673 3215 0b
698 3175 864 3236 quam
895 3176 1025 3216 vero
1053 3174 1272 3215 causam
1300 3160 1584 3217 Matthaeus
1620 3161 1899 3217 Abraham
1924 3170 1978 3216 et
2001 3162 2108 3218 Da-

2210 1974 2315 2030 qua
2343 1973 2517 2029 usque
2549 1976 2563 2012 :
2598 1976 2617 2009 ι
2648 1973 2757 2014 non
2786 1967 3028 2030 negaret.
3067 1978 3086 2011 ι
3118 1957 3201 2015 Ob
3240 1959 3346 2014 hoc
3379 1959 3654 2030 praecipue
3710 1976 3803 2031 ge-

2207 2049 2510 2121 nealogiam
2533 2048 2734 2106 Christi
2772 2049 3056 2106 Mattbzeus
3077 2048 3374 2118 contexuit,
3433 2058 3494 2105 ut
3521 2067 3630 2107 non
3683 2067 3783 2108 ore

2213 2143 2376 2198 tacito
2399 2151 2626 2213 negaret
2672 2141 3045 2197 testimonium
3100 2139 3325 2198 Christi.
3376 2139 3513 2197 Nam
3545 2145 3797 2200 testimo-

2209 2235 2360 2289 nium
2417 2234 2669 2305 pcrhibet
2697 2233 2765 2289 de
2814 2232 3053 2299 Christo,
3102 2234 3231 2288 dum
3256 2233 3313 2288 in
3338 2234 3454 2304 ipsa
3486 2235 3803 2308 genealogis

2211 2328 2391 2398 ipsum
2436 2325 2605 2380 illium
2640 2324 2812 2380 David
2864 2333 2921 2381 et
2977 2324 3213 2381 Abrahae
3257 2340 3380 2382 esse
3433 2333 3689 2394 testatur,
3754 2337 3806 2385 et

2208 2425 2475 2489 praeterea
2513 2417 2924 2488 conceptionem
2960 2416 3079 2486 ejus
3133 2416 3201 2473 de
3240 2416 3448 2490 Spiritu
3491 2427 3707 2486 sancto,
3754 2429 3806 2477 et

2210 2510 2549 2565 nativitatem
2569 2523 2637 2569 ex
2660 2509 2907 2581 Virgine,
2957 2517 3012 2569 et
3038 2516 3237 2569 cetera
3266 2506 3511 2578 ejusdem
3534 2510 3801 2569 miracula

2209 2601 2265 2659 in
2295 2616 2394 2656 suo
2423 2601 2717 2670 Evangelia
2761 2609 2967 2657 narrat.
3021 2601 3126 2668 Qui
3166 2600 3424 2657 Christus
3472 2616 3583 2657 non
3628 2602 3805 2658 solum

2208 2693 2264 2751 in
2298 2693 2555 2762 apostolis
2584 2691 2721 2753 Novi
2763 2691 3121 2761 Testamenti,
3175 2708 3274 2755 suo
3322 2694 3561 2754 adventu
3617 2695 3794 2753 multa

2210 2784 2394 2839 divina
2422 2794 2705 2863 operatur,
2756 2785 2851 2840 sed
2888 2801 2917 2839 a
2946 2786 3237 2861 principio,
3280 2786 3336 2842 id
3365 2795 3450 2842 est
3478 2801 3510 2841 a
3535 2787 3801 2843 credendi

2210 2876 2335 2942 ﬁde,
2388 2877 2499 2935 hoc
2542 2885 2627 2935 est
2667 2878 2735 2934 ab
2777 2876 3020 2939 Abrahae
3063 2887 3333 2949 tempore,
3395 2879 3563 2934 etiam
3605 2880 3663 2934 in
3717 2880 3803 2935 nis

2208 2969 2538 3038 patriarchis
2571 2978 2628 3023 et
2656 2968 2938 3039 prophetis
2972 2978 3025 3023 et
3048 2968 3232 3039 justis,
3284 2983 3513 3040 quorum
3542 2984 3719 3041 genus
3752 2971 3802 3025 in

2208 3058 2415 3123 Christi
2452 3061 2766 3134 genealogis
2821 3060 3112 3123 Mattheus
3155 3063 3358 3133 posuit,
3414 3062 3470 3117 in
3527 3063 3701 3135 signis
3753 3073 3807 3119 et

2210 3152 2487 3208 miraculis
2512 3152 2883 3221 potentialiter
2918 3161 3181 3223 operatus
3211 3162 3313 3208 est.
3359 3152 3592 3209 Sanctus
3618 3155 3806 3226 itaque

521 3253 610 3307 vid
636 3253 689 3306 in
704 3211 1042 3323 1genealogia
1083 3251 1382 3307 Salvatoris
1419 3253 1795 3323 principaliter
1852 3261 2104 3322 poneret,
2135 3211 2179 3275 Ο
2212 3246 2546 3316 evangelista
2601 3245 2970 3301 testimonium
3004 3246 3297 3317 perhibere
3339 3247 3407 3303 de
3436 3248 3657 3303 Christo
3692 3266 3800 3305 non

520 3344 756 3399 ostendit
796 3344 1030 3400 subdens
1080 3363 1099 3396 ε
1149 3352 1204 3399 et
1248 3360 1317 3399 ex
1358 3346 1604 3415 utrisque
1654 3346 1901 3416 patribus
1944 3345 2109 3402 Chri-

522 3445 658 3495 stus.
707 3458 727 3493 ι
781 3435 1061 3508 Siquidem
1087 3437 1341 3495 Christus
1376 3452 1445 3492 ex
1467 3445 1697 3508 utroque
1724 3447 1902 3508 patre,
1948 3439 2007 3494 id
2027 3448 2112 3503 est

524 3528 801 3587 Abraham
857 3540 917 3589 et
978 3531 1181 3597 David,
1240 3532 1537 3587 secundum
1576 3547 1829 3593 carnem
1887 3542 2113 3590 exortus

519 3628 623 3676 est.
686 3620 985 3693 Oportebat
1032 3623 1176 3682 enim
1222 3630 1282 3677 ut
1312 3621 1560 3695 Salvator
1610 3631 1818 3690 noster,
1858 3626 1950 3695 qui
1990 3627 2104 3697 spi-

520 3713 733 3770 ritualis
780 3715 1214 3774 circumcisionis
1266 3725 1458 3773 auctor
1496 3718 1703 3785 existit,
1756 3716 1913 3786 cujus
1968 3718 2096 3777 lidei

518 3806 660 3863 dono
695 3821 797 3863 nos
837 3808 906 3865 ab
930 3808 1186 3863 omnibus
1234 3810 1475 3878 peccatis
1506 3809 1970 3874 circumcidimus,
2031 3826 2102 3865 ex

516 3898 812 3961 Abraham,
858 3898 1014 3968 citius
1067 3902 1243 3969 prima
1288 3902 1633 3965 circumcisio
1687 3917 1786 3971 per
1834 3901 1996 3958 ﬁdem
2052 3903 2136 3957 in‘

519 4006 686 4047 carne
739 3990 862 4057 fuit,
912 3994 1207 4048 secundum
1256 4009 1479 4049 carnem
1527 3994 1797 4064 originem
1858 3994 2109 4049 duceret.

521 4080 589 4135 Et
629 4082 902 4151 quomodo
947 4083 1090 4138 Deus
1131 4084 1200 4139 de
1231 4084 1340 4138 Deo
1375 4092 1535 4139 natus
1576 4092 1663 4139 est
1702 4084 2001 4139 secundum
2030 4085 2111 4139 di-

520 4172 829 4237 vinitatem,
884 4173 960 4228 ita
997 4181 1053 4228 et
1095 4189 1192 4230 rex
1216 4173 1469 4245 ﬁliusque
1504 4175 1601 4230 Dei
1631 4191 1695 4230 ea
1731 4174 1901 4230 David
1948 4188 2098 4245 rege,

523 4261 681 4332 cuius
723 4263 1022 4323 secundum
1048 4280 1144 4319 cor
1168 4263 1364 4320 electio
1384 4264 1507 4330 fuit,
1540 4272 1859 4321 nasceretur
1911 4278 2107 4321 secun-

524 4356 652 4413 dum
681 4370 923 4415 carnem.
966 4355 1109 4424 Quot
1142 4366 1323 4414 autem
1375 4359 1817 4429 generationibus
1861 4358 2113 4430 genealo-

520 4447 605 4519 gia
656 4445 857 4507 Christi
899 4448 957 4503 in
999 4448 1191 4505 multis
1215 4449 1463 4520 patribus
1489 4451 1815 4516 contexitur,
1859 4451 2111 4522 protinus

521 4546 807 4597 enumerat
848 4539 1133 4597 subdens:
1178 4559 1197 4593 ι
1234 4541 1425 4611 sicque
1475 4542 1829 4612 quaternario
1879 4543 2108 4600 denario

521 4643 753 4685 numero
810 4628 1132 4690 triformiter
1182 4633 1400 4702 posito;
1465 4653 1484 4690 ι
1540 4643 1598 4690 et
1635 4635 1844 4706 reliqua
1885 4651 2106 4704 usque:

528 4739 549 4772 ι
594 4722 1027 4791 generationem.
1059 4743 1080 4780 ι
1100 4723 1285 4791 Facile
1304 4733 1387 4781 est
1408 4727 1553 4796 quod
1576 4726 1937 4798 proloquitur.
1968 4727 2105 4785 Nam

521 4820 624 4885 sic,
661 4820 717 4876 id
743 4828 828 4876 est
870 4829 1079 4875 tantum
1111 4823 1321 4878 duobus
1347 4825 1595 4893 patrihus
1621 4824 1900 4880 Abraham
1920 4832 1978 4880 et
2001 4825 2106 4880 Da-

519 4918 609 4973 vid
636 4919 693 4973 in
722 4919 902 4975 fronte
929 4919 1254 4991 genealogiaa
1285 4921 1626 4990 antepositis,
1675 4928 1760 4975 ter
1779 4935 1896 4985 xrv,
1944 4919 2003 4974 id
2022 4926 2107 4973 est

523 5026 657 5076 mi,
716 5012 1099 5083 generationes
1136 5013 1190 5067 in
1235 5012 1515 5068 Dominica
1561 5013 1874 5084 genealogia
1933 5010 2105 5067 contia

519 5111 742 5158 nentur.
786 5102 968 5174 Atque
994 5105 1050 5158 in
1081 5106 1196 5175 ipsa
1234 5106 1376 5160 serie
1418 5106 1613 5176 triplex
1662 5106 1796 5160 ordo
1833 5103 2106 5176 dignosci-

414 5236 419 5245 .
523 5201 632 5246 tur.
681 5194 897 5251 Primus
921 5212 1015 5251 xiv
1064 5197 1442 5267 generationes
1496 5198 1564 5253 ab
1601 5196 1881 5253 Abraham
1932 5210 2105 5264 usque

522 5283 588 5336 ad
632 5284 823 5339 David.
880 5286 1164 5344 Secundus
1191 5305 1283 5344 xw
1316 5289 1696 5360 generationes
1726 5303 1757 5342 a
1796 5288 1967 5341 David
2014 5303 2105 5342 us-

520 5391 627 5445 que
666 5377 735 5431 ad
787 5380 1321 5451 transmigrationem
1349 5381 1663 5453 Babylonis.
1711 5380 2027 5437 Pestremus
2074 5394 2105 5433 a

521 5468 994 5537 transmigratione
1031 5470 1325 5543 Babylonis
1350 5488 1525 5542 usque
1562 5473 1631 5526 ad
1656 5470 1956 5527 Christum.
1993 5471 2102 5527 Sed

518 5559 665 5613 hunc
684 5574 968 5617 numerum
1001 5578 1068 5617 ac
1098 5564 1358 5634 temporis
1385 5564 1632 5619 ordinem
1664 5577 1772 5617 non
1803 5563 1925 5619 sine
1958 5565 2100 5620 certi

520 5652 765 5722 mysterii
820 5653 1035 5710 ratione
1080 5654 1368 5713 Matthams
1417 5657 1477 5719 in
1532 5655 1734 5712 Christi
1783 5659 2101 5731 genealogis

520 5747 764 5817 digessit,
806 5751 954 5806 unde
989 5752 1258 5822 subditur,
1313 5774 1331 5807 ι
1380 5763 1441 5811 nt
1481 5764 1540 5812 et
1562 5770 1793 5813 numero
1826 5757 2104 5815 satisface-

522 5846 626 5906 ret,
678 5849 736 5899 et
766 5841 1019 5912 tempori.
1058 5862 1080 5895 ι
1114 5842 1350 5902 Numero
1378 5846 1661 5914 satisfecit,
1697 5849 1826 5915 dum
1877 5858 1960 5905 ter
2012 5866 2103 5907 xiv

2211 3340 2475 3410 denegat;
2540 3339 2635 3393 sed
2672 3338 2817 3408 quod
2844 3346 2992 3394 esset
3043 3338 3359 3404 ostendens,
3414 3339 3470 3395 id
3503 3347 3611 3405 est,
3654 3341 3803 3412 quod

2212 3450 2245 3493 a
2301 3433 2529 3495 Omnino
2564 3446 2635 3493 ex
2662 3432 2967 3501 publicanis
3005 3431 3219 3493 actibus
3245 3439 3471 3495 vocatus
3512 3433 3583 3488 sit
3630 3442 3796 3507 atque

2211 3525 2267 3585 in
2293 3524 2658 3595 apostolatum
2685 3523 2910 3590 electus,
2960 3523 3200 3581 ostendit
3225 3537 3285 3581 se
3303 3523 3661 3594 apostolicum
3701 3525 3806 3587 mi.

2212 3618 2501 3679 nisterium
2536 3617 2835 3687 accepisse,
2880 3632 3006 3677 cum
3037 3617 3411 3679 testimonium
3448 3618 3699 3691 perhibet
3741 3619 3808 3681 de

2213 3708 2518 3767 Salvatore.
2552 3708 2622 3763 Et
2662 3707 2921 3779 Deicpus
2965 3706 3051 3767 vel
3097 3707 3449 3781 Evangelium
3498 3708 3703 3770 Christi
3751 3711 3807 3771 in

2213 3818 2272 3865 se
2301 3803 2661 3871 demonstrat.
2695 3801 2822 3867 dum
2868 3801 3045 3870 ipsum
3072 3800 3428 3872 Evangelium
3469 3817 3581 3863 non
3629 3801 3807 3863 solum

2212 3898 2495 3959 Hebraicis
2546 3897 2744 3955 litteris
2795 3895 3103 3966 scripserit,
3168 3896 3264 3961 sed,
3311 3896 3479 3955 etiam
3530 3905 3592 3955 ut
3645 3912 3808 3954 verus

2213 3990 2492 4061 apostolus
2511 3988 2632 4047 aliis
2660 3986 2997 4058 ptmdioavit.
3026 3986 3321 4058 Sequitur:
3358 4006 3380 4041 ι
3414 4003 3650 4059 quarum
3686 4004 3806 4045 om-

2212 4082 2364 4136 nium
2395 4094 2598 4147 rerum,
2635 4098 2656 4141 ι
2696 4087 2759 4139 et
2803 4079 3014 4150 reliqua
3046 4094 3220 4151 usque
3254 4098 3269 4141 ς
3307 4098 3327 4133 ι
3356 4080 3502 4141 Deus
3553 4080 3805 4143 Christus

2212 4182 2314 4231 est.
2359 4194 2380 4225 ι
2418 4173 2553 4233 illud
2580 4172 2725 4242 quod
2751 4174 2833 4235 ait
2864 4192 2878 4231 :
2919 4192 2939 4226 ι
2977 4174 3352 4242 necessarium
3385 4183 3488 4243 est,
3521 4194 3542 4228 ι
3574 4189 3674 4246 per
3702 4175 3807 4248 syl—

2213 4264 2406 4324 lemsilu
2453 4264 2523 4323 ad
2566 4265 2753 4326 omnia
2787 4262 3231 4337 conjungmdum
3262 4273 3349 4323 est
3385 4272 3449 4320 ut
3481 4265 3553 4325 sit
3581 4280 3803 4332 sensus,

2212 4370 2445 4426 quarum
2491 4357 2735 4417 omnium
2771 4370 2955 4418 rerum
2997 4364 3216 4428 tempus
3269 4358 3642 4423 necessariam
3692 4366 3801 4418 est.

2212 4446 2358 4511 Ordo
2385 4464 2598 4519 quoque
2635 4457 2690 4509 et
2715 4463 2977 4511 numerus
3006 4450 3351 4509 necessarius
3375 4458 3481 4509 est.
3508 4450 3805 4523 Dispositio

2213 4539 2297 4594 vel
2338 4539 2477 4597 ratio
2505 4540 2814 4601 necessaria
2845 4548 2949 4601 est,
2981 4539 3134 4609 Quod
3178 4548 3361 4603 autem
3395 4540 3524 4605 ﬁdei
3547 4555 3806 4599 necessa-

2215 4632 2357 4694 rium
2387 4639 2489 4699 est,
2523 4631 2667 4691 Deus
2713 4632 2967 4693 Christus
3001 4644 3089 4691 est
3151 4632 3355 4697 Omnes
3389 4633 3573 4713 itaque
3598 4647 3689 4695 res
3719 4634 3806 4691 di—

2212 4727 2309 4792 cit,
2360 4734 2555 4792 stincta
2611 4742 2733 4798 quae
2763 4726 3012 4797 superius
3036 4727 3095 4785 in
3139 4728 3244 4785 hoc
3287 4736 3611 4801 argumenta
3649 4728 3804 4785 dixe-

2210 4828 2317 4885 rat,
2339 4822 2448 4881 hoc
2466 4829 2569 4886 est,
2599 4820 2746 4889 quod
2770 4818 3055 4883 Matthmus
3066 4836 3135 4877 ex
3169 4819 3354 4879 Iudaea
3369 4822 3581 4893 primus
3616 4820 3677 4877 in
3703 4820 3801 4877 Ju-

2212 4914 2325 4975 daca
2346 4912 2687 4983 evangelium
2716 4912 3018 4980 scripserit,
3060 4914 3202 4984 quod
3218 4931 3250 4970 a
3266 4913 3571 4986 publicanis
3585 4912 3802 4970 actibus

2212 5008 2282 5062 ad
2303 5007 2474 5065 Deum
2496 5014 2722 5067 vocatus
2741 5006 2813 5065 sit
2835 5006 3000 5076 ,quod
3014 5005 3123 5065 duo
3140 5006 3427 5077 principia,
3444 5005 3500 5065 id
3510 5013 3597 5065 est
3622 5005 3803 5065 Abra-

2204 5100 2330 5155 ham
2372 5107 2428 5156 et
2465 5099 2636 5155 David
2665 5099 2723 5157 in
2755 5099 3107 5170 generatione
3132 5097 3335 5157 Christi
3360 5096 3800 5170 pmsumpserit,

2206 5199 2261 5246 et
2281 5190 2492 5261 reliqua
2505 5190 2826 5261 consimilia.
2866 5191 3107 5258 Quarum
3121 5191 3369 5256 omnium
3380 5207 3567 5253 rerum
3582 5201 3801 5262 tempus

2207 5285 2577 5341 necessarium
2606 5293 2711 5351 est,
2759 5286 2817 5341 id
2856 5294 2945 5343 est
2979 5286 3049 5345 ad
3078 5286 3502 5356 dmceiidum
3523 5302 3633 5357 quo
3658 5295 3799 5342 tem-

2204 5396 2339 5452 pore
2361 5381 2477 5437 haec
2495 5390 2649 5453 gesta
2662 5390 2808 5439 sunt.
2825 5381 2920 5447 Ut,
2936 5380 3087 5441 verbi
3101 5381 3274 5452 gratia
3284 5423 3298 5449 ,
3313 5397 3345 5440 a
3358 5389 3607 5451 tempore
3620 5381 3799 5441 Abra-

2209 5475 2336 5529 ham
2378 5475 2549 5531 series
2582 5475 2907 5546 genealogus
2950 5474 3252 5532 Salvatoris
3284 5474 3569 5535 eaon
3605 5475 3794 5542 sumit,

2205 5574 2513 5639 ceteraque
2539 5567 2861 5624 consimilia.

2278 5660 2424 5717 Ordo
2467 5676 2684 5733 quoque
2708 5669 2767 5718 et
2786 5677 3046 5718 numerus
3084 5662 3140 5718 in
3175 5676 3338 5732 supra
3564 5662 3794 5720 evidene

2206 5761 2295 5809 ter
2340 5762 2767 5825 cognoscuntur.
2799 5753 2964 5820 Ordo,
3003 5754 3155 5824 quod
3194 5754 3483 5813 Matthaus
3511 5756 3569 5810 in
3597 5755 3790 5815 ordine

2205 5851 2421 5927 primus
2451 5857 2581 5907 ante
2629 5847 2767 5906 alios
2792 5848 3157 5920 evangelista:
3181 5849 3419 5920 ponium
3480 5849 3619 5905 Item
3642 5850 3789 5922 quod
