4012 6336
193 371 305 454 'tn

1024 383 1384 444 EXPOSITIO
1420 383 1488 440 ΙΝ
1528 382 2016 442 ARGUMENTUM
2053 381 2312 442 EVANG.
2353 382 2705 442 ΜΑΤἸἮΕΙ.

3357 391 3463 449 278

209 515 315 585 ipse
339 508 500 580 prius
517 505 864 578 publicanus,
909 502 1108 558 dehinc
1133 509 1361 556 vocatus
1391 507 1554 569 atque
1576 497 1780 553 electus
1807 499 1859 562 Α
1884 499 2088 553 eduxit.
2132 497 2246 552 Hoc
2293 506 2474 552 autem
2503 497 2653 564 fecit,
2686 513 2791 554 non
2821 498 2876 554 in
2902 499 3130 556 aliorum
3160 503 3462 560 cmlestlum

209 608 275 664 sit
313 599 599 674 apostolus
627 616 642 654 :
676 610 777 654 nec
807 611 918 652 non
955 604 1014 650 et
1031 594 1166 650 ordo
1187 595 1244 650 in
1261 591 1568 663 genealogia
1594 588 1781 645 Salva-

211 698 336 757 toris
382 693 648 756 cernitur,
706 705 832 746 cum
857 687 929 743 ab
965 688 1244 742 Abraham
1295 700 1468 755 usque
1513 684 1582 739 ad
1611 681 1783 736 David

208 802 364 862 atque
393 801 426 844 a
453 786 626 843 David
663 784 718 839 in
748 781 1246 852 transmigrationis
1299 789 1534 847 tempus,
1581 775 1784 831 dehinc

210 897 372 952 usque
398 879 470 934 ad
503 876 805 940 Christum,
841 872 1093 928 ordinata
1118 869 1450 940 genealogus
1472 868 1642 924 series
1660 880 1784 936 per-

210 973 394 1032 currit.
438 969 714 1024 Numerus
767 965 825 1020 in
867 972 954 1019 ter
987 962 1304 1032 replicatur,
1345 960 1400 1016 id
1439 967 1525 1014 est
1561 958 1616 1013 in
1672 971 1782 1012 xui

212 1061 650 1138 generationibus
695 1058 972 1114 elucesett.
1025 1053 1344 1124 Dispositio,
1412 1066 1533 1120 qua:
1579 1048 1786 1120 signiﬁ-

212 1158 418 1216 cantius
458 1154 603 1210 ratio
647 1151 977 1213 nominatur,
1025 1148 1211 1202 abdita
1251 1157 1310 1200 et
1368 1143 1581 1200 occulta
1620 1155 1786 1196 causa

212 1251 374 1321 ipsius
409 1243 674 1315 temporis
708 1241 793 1298 vel
825 1240 1036 1296 ordinis
1078 1254 1172 1294 seu
1205 1235 1415 1292 numeri
1443 1233 1781 1308 intelligitur.

211 1339 334 1396 Nam
359 1352 490 1394 cum
547 1333 820 1390 subtiliter
841 1330 1132 1386 discutitur
1162 1344 1260 1384 cur
1287 1343 1318 1382 a
1346 1335 1590 1396 tempore
1614 1323 1787 1379 Abra-

211 1430 326 1484 ham
369 1440 548 1496 usque
592 1424 660 1478 ad
697 1421 891 1490 David,
937 1421 1132 1476 dehinc
1155 1434 1186 1474 a
1216 1418 1388 1478 David
1420 1417 1490 1472 ad
1533 1415 1787 1472 transmi-

211 1521 535 1592 grationcm,
591 1525 750 1586 atque
776 1530 807 1570 a
835 1512 1316 1582 transmigratiene
1339 1523 1509 1582 usque
1536 1510 1604 1564 ad
1627 1507 1786 1563 Chri-

211 1624 366 1676 stum,
400 1621 616 1680 tempus
663 1617 720 1664 et
755 1608 891 1664 ordo
921 1622 986 1662 ac
1012 1621 1270 1662 numerus
1319 1620 1434 1660 xui
1483 1601 1786 1673 generatio-

210 1722 346 1769 num,
381 1706 438 1759 in
459 1701 776 1775 genealogis
808 1699 1109 1756 Salvatoris
1140 1714 1302 1754 causa
1323 1697 1569 1769 mysterii
1604 1694 1788 1766 dispo—

215 1798 366 1861 nitur,
424 1797 532 1852 hoc
569 1793 744 1850 solum
791 1791 1076 1862 dispositio
1119 1789 1205 1844 vel
1261 1790 1400 1846 ratio
1450 1788 1780 1844 nominatur.

1883 590 1968 644 vel
1996 589 2332 645 terrestrium
2367 590 2644 646 conﬁdens
2687 590 3026 658 fortitudine,
3057 596 3152 650 sed
3180 597 3233 651 in
3267 608 3465 654 semct-

1885 682 2022 750 ipso.
2066 681 2183 748 Quo
2223 682 2495 752 triumpho
2540 692 2784 752 peracto,
2839 684 3008 757 gloria
3049 689 3467 745 resurrectionis

1883 782 1967 828 est
1995 773 2112 844 ejus
2146 775 2453 829 subsecuta.
2514 775 2668 831 Unde
2695 777 2813 847 ipse
2834 792 3123 852 resurgens
3146 781 3200 834 in
3225 795 3456 852 corpore

1885 864 2096 921 cunctis
2137 866 2482 921 credentibus
2531 867 2599 921 ad
2650 869 2819 924 vitam
2874 878 3134 925 reternam
3181 873 3466 942 praedesti-

1885 958 2047 1023 natis,
2098 973 2249 1027 spem
2282 958 2465 1026 glorizn
2492 961 2907 1016 resurrectionis
2961 975 3057 1017 sua
3080 965 3252 1033 prima
3283 979 3466 1020 resur‘

1883 1049 2127 1103 rectione
2176 1052 2629 1118 praemonstravit.
2686 1051 2885 1122 Sicque
2908 1069 3104 1109 nomen
3135 1057 3334 1111 summi
3371 1073 3468 1129 pa-

1888 1141 1988 1194 tris
2019 1140 2074 1194 in
2101 1141 2366 1209 patribus,
2419 1141 2474 1196 id
2501 1150 2608 1208 est,
2664 1144 2924 1201 Ecclesia;
2948 1149 3262 1217 pastoribus
3287 1159 3343 1204 et
3367 1150 3470 1205 do-

1888 1229 2148 1295 ctorihus,
2171 1231 2276 1284 sibi
2299 1230 2437 1285 Filio
2467 1233 2622 1302 quasi
2652 1236 2816 1305 capiti
2845 1236 3119 1305 Ecclesiae,
3172 1237 3239 1294 ad
3267 1242 3351 1296 sui
3377 1255 3474 1297 no-

1886 1321 2050 1375 minis
2100 1321 2326 1392 gloriam
2379 1337 2639 1392 suamque
2691 1327 2758 1380 ad
2809 1328 3097 1400 imaginem
3149 1332 3463 1388 restituens.

1889 1413 1960 1469 Ut
2005 1415 2276 1484 quomodo
2317 1414 2558 1471 cmlestis
2609 1415 2773 1471 Pater
2807 1428 3000 1475 natura
3041 1421 3111 1476 sit
3146 1421 3328 1488 Pater,
3384 1423 3464 1478 sic

1888 1503 2130 1572 ejusdem
2181 1506 2355 1560 Patris
2382 1506 2542 1571 dono,
2589 1517 2837 1577 pastores
2880 1510 3157 1579 Ecclesia,
3194 1527 3294 1585 per
3345 1513 3470 1570 Filii

1888 1598 2226 1668 resurgentis
2250 1598 2501 1668 gratiam,
2539 1600 2852 1669 spirituales
2884 1602 3075 1660 Patres
3102 1605 3471 1662 nominentur.

1889 1687 2173 1754 Quomodo
2221 1699 2404 1744 autem
2436 1706 2637 1746 nomen
2689 1692 2871 1748 Patris
2915 1697 3134 1762 summi,
3189 1698 3472 1754 catholica:

1888 1781 2143 1838 Ecclesiae
2188 1781 2438 1838 Patribus
2487 1784 2581 1852 qui
2623 1785 2765 1840 dono
2801 1787 3022 1855 superni
3068 1789 3332 1860 genitoris
3372 1803 3470 1861 pa-

213 1889 327 1955 Quze
351 1858 608 1957 prorsus
661 1885 842 1944 omnia
879 1858 1188 1954 supradicta
1238 1880 1490 1936 omnibus
1542 1875 1788 1934 veritatis
1815 1858 1864 1920 Β
1891 1881 2002 1929 tres
2038 1874 2408 1941 nominantur,
2457 1890 2556 1945 per
2597 1875 2794 1932 Filium
2841 1858 3100 1933 donatum
3137 1889 3242 1948 est,
3297 1858 3391 1936 sic—
3413 1888 3470 1936 et

213 1979 548 2038 amatoribus
589 1977 660 2036 ad
681 1974 1112 2047 cognoscendum
1153 1973 1284 2032 dicit
1312 1987 1432 2028 esse
1457 1971 1785 2028 necessaria.

215 2073 358 2141 Quod
379 2078 582 2134 ,autem
611 2069 736 2125 ﬁdei
787 2067 1155 2123 necessarium
1194 2074 1300 2130 est,
1351 2064 1493 2119 Deus
1542 2062 1790 2118 Christus

214 2175 304 2232 est,
365 2180 435 2219 ac
483 2163 532 2218 si
570 2163 754 2218 dicat:
788 2161 844 2215 Si
893 2160 1078 2216 omnia
1107 2157 1414 2228 supradicta
1461 2156 1526 2210 de
1572 2155 1791 2211 Christo

215 2254 610 2327 cognoscimus,
629 2252 999 2307 necessarium
1023 2260 1106 2306 εει
1140 2258 1202 2308 ιιι
1224 2266 1292 2310 ca
1316 2263 1416 2319 per
1443 2246 1602 2308 ﬁdem
1629 2245 1789 2306 ﬁrmi-

220 2357 293 2403 ter
349 2348 661 2404 credamus.
709 2345 863 2412 Quod
892 2352 978 2399 cst
1029 2342 1386 2412 autemquod
1429 2339 1651 2395 credere
1699 2338 1790 2393 de-

216 2439 462 2494 beamus?
505 2438 643 2492 lllud
689 2436 933 2507 profecto
984 2435 1128 2505 quod
1155 2435 1298 2489 Deus
1324 2432 1572 2488 Christus
1603 2438 1706 2496 est,
1737 2429 1790 2484 id

214 2540 306 2598 est,
361 2531 512 2601 quod
541 2530 857 2600 unigenitus
905 2527 1094 2592 Filius,
1150 2527 1241 2596 qui
1292 2540 1452 2579 verus
1479 2531 1533 2578 et
1555 2532 1790 2577 reternus

216 2622 342 2677 Deus
363 2631 457 2677 est
488 2617 784 2675 secundum
825 2619 1182 2682 divinitatem,
1227 2616 1369 2671 idem
1391 2630 1604 2685 quoque
1634 2613 1792 2668 Chri-

214 2721 339 2778 stus,
377 2711 432 2766 id
454 2717 563 2776 est,
603 2715 804 2764 unctus
834 2708 906 2763 sit
933 2707 1052 2762 oleo
1073 2705 1274 2761 laetitia:
1298 2719 1408 2775 pra:
1436 2703 1792 2774 participibus

215 2804 320 2860 suis
363 2801 668 2858 secundum
699 2807 1005 2870 susceptam
1055 2798 1472 2853 humanitatem.
1513 2795 1649 2850 Nam
1686 2795 1791 2851 hoc

214 2905 382 2954 totum
436 2895 718 2968 negotium
773 2895 830 2949 in
881 2893 1192 2966 genealogia
1249 2893 1450 2949 Christi
1509 2893 1791 2948 Matthzeus

214 2991 474 3047 ostendit.
517 2987 796 3057 Quomodo
844 2999 1025 3042 autem
1067 2987 1159 3057 qni
1184 2999 1346 3042 verus
1393 2987 1539 3041 Deus
1571 2994 1652 3041 est
1707 3000 1791 3041 se-

214 3082 464 3136 cundum
519 3081 863 3144 divinitatem,
908 3079 1157 3134 Christus
1200 3078 1361 3133 homo
1388 3077 1459 3134 sit
1496 3077 1790 3134 secundum

217 3190 470 3238 carnem,
511 3173 758 3229 continuo
801 3172 1056 3242 explanat
1085 3172 1364 3226 subdens:
1406 3188 1424 3221 ‹
1479 3171 1569 3242 qui
1619 3169 1793 3225 factus

213 3277 293 3325 est
318 3284 386 3323 ex
410 3266 658 3332 muliere,
687 3285 704 3319 ι
725 3275 780 3322 ει
801 3265 1010 3335 reliqua
1030 3279 1200 3336 usque
1233 3282 1245 3318 :
1286 3281 1304 3314 ι
1335 3263 1389 3318 in
1419 3279 1579 3318 cruce
1595 3262 1732 3316 ﬁxit.
1765 3282 1782 3315 ι

216 3359 344 3414 Nam
369 3361 466 3427 qui
495 3359 741 3413 omnium
774 3356 949 3412 {ator
991 3364 1074 3411 est
1103 3355 1396 3409 secundum
1430 3355 1790 3421 divinitatem,

215 3453 325 3522 ipse
373 3449 544 3507 homo
581 3449 760 3505 factus
797 3457 880 3504 est
906 3446 1202 3503 secundum
1249 3455 1449 3502 nostra:
1481 3446 1794 3518 fragilitatis

219 3544 707 3614 participationem.
763 3539 874 3596 Sed
925 3539 1108 3594 carteri
1148 3539 1396 3594 homines
1442 3555 1508 3593 ex
1564 3546 1795 3608 utroque

219 3652 338 3693 sexu
379 3638 560 3702 ﬁunt;
607 3636 725 3706 ipse
775 3647 926 3700 vero,
995 3633 1087 3703 qui
1127 3648 1288 3702 supra
1331 3632 1580 3688 homines
1634 3647 1795 3687 verus

219 3729 348 3786 Deus
383 3738 496 3796 est,
562 3745 669 3784 non
715 3741 784 3782 ex
831 3725 977 3780 virili
1026 3725 1250 3790 semine,
1298 3725 1394 3778 sed
1444 3723 1510 3778 de
1558 3739 1794 3794 superna

217 3821 449 3893 Spiritus
502 3817 600 3876 Dei
625 3820 798 3894 gratia
851 3826 1142 3888 conceptus
1167 3832 1235 3872 ex
1259 3818 1485 3872 muliere
1515 3831 1677 3872 verus
1699 3818 1797 3872 ho-

220 3934 297 3974 mo
330 3927 414 3975 est
469 3913 668 3973 factus.
715 3915 784 3972 Et
816 3915 909 3987 qui
947 3930 1056 3970 sua:
1107 3914 1407 3969 divinitatis
1456 3911 1794 3976 excellentia,

217 4028 417 4069 summa
453 4012 544 4067 lex
573 4025 735 4081 supra
762 4009 935 4080 legem
961 4017 1062 4072 est,
1089 4009 1188 4062 sub
1211 4007 1326 4077 lege
1357 4005 1592 4062 Mosaica
1619 4005 1796 4060 factus

218 4112 311 4158 est.
367 4105 613 4173 ideoque
638 4101 794 4172 quasi
833 4100 938 4172 legi
961 4100 1208 4155 subditus
1249 4107 1438 4154 octavo
1462 4100 1547 4152 die
1568 4099 1800 4153 circum-

217 4195 354 4249 cisus
401 4205 518 4250 est.
566 4193 634 4249 Et
654 4194 782 4264 quia
821 4207 887 4248 ex
935 4191 1164 4246 muliere
1191 4207 1314 4246 eum
1360 4191 1491 4245 dicit
1547 4205 1666 4245 esse
1723 4187 1802 4244 fa-

220 4295 373 4350 ctum,
433 4300 511 4340 ne
573 4285 679 4339 ulla
728 4281 984 4355 nuptialis
1029 4282 1218 4353 copula
1264 4281 1316 4336 in
1361 4283 1462 4336 hoc
1511 4283 1797 4352 cogitetur,

219 4376 385 4448 ipsum
441 4393 518 4432 ex
554 4377 766 4448 virgine
794 4376 960 4430 Maria
1000 4387 1187 4430 natum
1237 4389 1360 4429 esse
1409 4383 1804 4444 consequenter

219 4471 431 4524 asserit.
510 4467 613 4535 Qui
663 4467 789 4520 dum
841 4466 1135 4522 secundum
1174 4464 1510 4520 divinitatem
1558 4463 1802 4534 impossi-

219 4559 335 4614 bilis
363 4569 420 4615 et
455 4555 786 4612 immortalis
818 4556 1038 4621 existat,
1078 4563 1260 4612 tamen
1290 4563 1350 4609 ut
1368 4570 1468 4610 nos
1494 4555 1562 4610 ab
1587 4562 1802 4610 :etcrnae

221 4652 402 4706 mortis
477 4649 732 4719 passione
780 4657 836 4702 et
885 4649 1129 4702 cruciatu
1182 4647 1436 4718 eriperet,
1492 4662 1684 4716 passus
1745 4646 1798 4700 in

218 4755 418 4807 carne,
483 4748 840 4808 spontaneam
902 4753 1002 4808 pro
1054 4737 1209 4792 nobis
1267 4744 1496 4790 mortem
1553 4751 1804 4805 suscepe-

221 4840 318 4894 rat,
376 4829 578 4886 omnia
627 4837 814 4884 nostra
861 4837 916 4884 et
941 4827 1222 4899 originalia
1244 4835 1298 4882 et
1323 4826 1542 4898 propria
1582 4837 1802 4897 peccata

218 4918 269 4974 in
308 4937 486 4980 cruce
516 4919 706 4992 ﬁgens.

283 5011 394 5068 Sed
419 5011 630 5066 audisti
664 5025 885 5082 passum
934 5009 986 5064 in
1013 5025 1198 5076 carne,
1242 5010 1364 5065 audi
1391 5026 1604 5082 quoque
1638 5012 1805 5067 victo-

221 5102 350 5159 riam
381 5103 781 5173 triumphantis
832 5101 1168 5175 gloriamque
1204 5104 1271 5158 ab
1299 5101 1485 5158 inferis
1530 5120 1800 5176 resurgen-

222 5193 303 5247 tis.
335 5193 481 5249 Nam
511 5193 784 5264 sequitur;
807 5211 826 5244 ί
857 5194 1270 5264 uttriumphans
1285 5209 1345 5248 ea
1366 5195 1418 5249 in
1446 5197 1753 5266 semetipso,
1783 5216 1800 5248 ι

219 5293 270 5338 ει
294 5287 513 5358 reliqua
539 5301 713 5357 usque
755 5305 775 5339 ι
814 5286 867 5341 in
895 5287 1041 5342 ﬁliis.
1074 5307 1093 5340 ›
1128 5286 1550 5358 0mnia,inquit,
1577 5289 1628 5342 in
1646 5304 1807 5344 cruce

220 5377 354 5444 ﬁxit,
409 5392 478 5436 ut
519 5381 878 5450 triumpharet
911 5397 994 5448 ea,
1049 5381 1258 5438 scilicet
1297 5389 1516 5452 peccata
1557 5389 1808 5452 peccato-

223 5482 457 5544 rumque
508 5479 801 5539 tormenta,
831 5475 1055 5545 ipsaque
1090 5473 1353 5528 daemonia
1389 5473 1624 5528 vincens.
1659 5471 1808 5528 Tunc

219 5560 363 5615 enim
405 5562 780 5634 triumphator
817 5563 990 5619 factus
1021 5571 1126 5630 est,
1177 5579 1298 5618 cum
1327 5571 1451 5634 post
1495 5564 1807 5635 passionem

221 5664 374 5708 suam
425 5661 490 5710 ει
534 5662 768 5710 mortem
829 5657 895 5712 ad
951 5656 1152 5713 inferos
1226 5658 1578 5724 descendens,
1634 5658 1808 5730 ipsum

219 5744 312 5812 qui
350 5745 604 5800 habebat
642 5747 834 5807 mortis
885 5749 1172 5819 imperium
1221 5765 1316 5806 sua
1347 5760 1519 5805 morte
1552 5752 1801 5818 detraxit,

223 5841 400 5908 atque
451 5838 728 5909 captivam
789 5843 1153 5912 captivitatem
1220 5843 1288 5898 ad
1348 5858 1569 5914 superos
1622 5860 1807 5902 secum

1890 1981 2087 2022 nomen
2113 1966 2256 2034 Filii,
2283 1969 2338 2024 in
2367 1968 2551 2024 multis
2597 1969 2854 2025 Ecclesiae
2900 1971 3048 2038 ﬁliis,
3097 1987 3198 2043 per
3219 1973 3470 2028 eumdem

1891 2060 2227 2132 unigenitum
2273 2059 2468 2114 Filium
2507 2060 2655 2116 Patri
2711 2064 3022 2126 restitutum
3065 2075 3172 2128 est.
3203 2066 3344 2131 Nam
3375 2083 3477 2138 per

1891 2150 2272 2220 Redemptoris
2297 2153 2604 2221 passionem
2641 2161 2981 2225 mortemque
3008 2172 3073 2212 ac
3116 2160 3478 2216 resurrectio-

1891 2261 2040 2312 nem,
2095 2255 2392 2315 utrumque
2435 2245 2638 2306 donum
2669 2247 2928 2305 Ecclesiae
2970 2251 3228 2308 collatum
3271 2265 3374 2320 est,
3422 2263 3483 2310 ut

1890 2336 1946 2391 in
1998 2337 2176 2392 Patris
2237 2346 2292 2392 et
2365 2338 2487 2395 Filii
2555 2341 2806 2411 gratiam,
2873 2342 3028 2398 multi
3113 2354 3224 2400 tam
3289 2355 3475 2416 patres

1891 2443 2052 2497 quam
2084 2427 2180 2481 ﬁlii
2235 2428 2288 2482 in
2337 2428 2578 2484 Ecclesia
2611 2431 2922 2501 spirituales
2975 2435 3197 2505 superni
3239 2437 3482 2493 muneris

1890 2517 2177 2590 largitione
2232 2518 2382 2573 ﬁant.
2447 2519 2707 2591 Sequitur
2747 2539 2760 2576 :
2801 2542 2820 2574 ι
2858 2524 2976 2580 sine
3026 2526 3313 2598 principio,
3366 2528 3485 2586 sine

1892 2609 2018 2674 ﬁne,
2052 2610 2346 2666 ostendens
2369 2625 2535 2664 unum
2573 2625 2632 2666 se
2671 2627 2795 2666 cum
2829 2611 2990 2669 Patre
3045 2629 3166 2674 esse
3189 2616 3316 2692 quia
3344 2633 3484 2674 unus

1891 2711 1993 2757 est.
2030 2721 2049 2755 ι
2115 2701 2299 2756 Brevis
2355 2702 2696 2772 superiorum
2737 2703 3018 2762 conclusio
3065 2720 3189 2762 esse
3233 2709 3477 2774 videtur,

1894 2807 1958 2848 ac
1983 2791 2030 2848 si
2059 2801 2245 2862 aperte
2274 2791 2420 2847 dicat
2459 2812 2472 2847 :
2505 2793 2640 2849 Cum
2666 2795 2917 2854 Christus
2954 2813 3022 2858 ex
3046 2799 3268 2875 Virgine
3293 2803 3364 2856 sit
3392 2818 3486 2857 na-

1894 2894 1998 2949 tus,
2033 2899 2228 2955 passus
2254 2885 2308 2939 in
2332 2901 2519 2954 carne,
2542 2887 2833 2959 omniaque
2855 2889 3054 2948 delicta
3079 2891 3136 2947 in
3163 2908 3325 2948 cruce
3344 2891 3482 2962 ﬁxit,

1896 2985 2060 3049 atque
2089 2994 2151 3033 ea
2179 2978 2523 3050 triumphans
2569 2980 2624 3035 in
2652 2983 2948 3056 semetipso
2993 2985 3210 3058 propria
3233 2983 3287 3038 in
3317 3000 3484 3041 carne

1895 3070 2129 3142 gloriose
2157 3073 2478 3139 resurrexit,
2508 3073 2694 3145 sicque
2723 3075 3030 3146 spirituales
3053 3084 3235 3149 patres
3267 3086 3321 3132 et
3343 3075 3484 3132 ﬁlios

1898 3164 1952 3219 in
2003 3164 2244 3220 Ecclesia
2272 3165 2532 3234 restituit,
2588 3169 2783 3240 hisque
2823 3169 3077 3227 omnibus
3130 3187 3161 3225 a
3190 3169 3338 3228 nullo
3382 3187 3482 3226 an-

1901 3258 2141 3328 gelorum
2173 3259 2560 3330 hominumque
2599 3260 2694 3315 sed
2741 3262 2854 3316 sola
2893 3278 3006 3318 suae
3050 3262 3352 3320 divinitatis
3395 3278 3488 3336 po-

1900 3351 2068 3406 tentia
2101 3351 2286 3423 gestis,
2332 3352 2736 3409 evidentissime
2777 3356 3015 3411 ostendit
3039 3372 3207 3411 unum
3232 3355 3401 3411 Deum
3422 3369 3485 3412 se

1897 3460 2022 3499 cum
2069 3445 2228 3500 Patre
2265 3459 2406 3501 esse.
2439 3445 2556 3501 Non
2584 3449 2856 3518 quomodo
2886 3449 3136 3506 carnales
3159 3448 3257 3504 ﬁlii
3281 3459 3489 3521 tempo-

1900 3537 1998 3591 rali
2044 3537 2219 3606 spatio
2255 3537 2368 3591 suis
2409 3539 2655 3608 patribus
2702 3547 2829 3593 sunt
2871 3547 3031 3594 aetate
3064 3540 3334 3608 minores;
3385 3541 3483 3596 sed

1900 3629 2018 3683 sine
2051 3629 2339 3699 principio,
2375 3631 2491 3685 sine
2530 3630 2654 3695 ﬁne,
2689 3633 2983 3688 secundum
3013 3641 3273 3688 aeternam
3293 3631 3489 3689 divini-

1901 3723 2029 3776 tatis
2077 3723 2462 3787 substantiam,
2525 3737 2666 3776 unus
2721 3723 2836 3794 ipse
2862 3721 3003 3780 Deus
3049 3731 3282 3780 estcum
3306 3723 3487 3782 Patre.

1901 3815 2119 3882 Quare?
2159 3815 2295 3882 Quia
2349 3831 2491 3871 unus
2532 3825 2636 3871 est.
2689 3815 2967 3888 Siquidem
3020 3818 3211 3894 unicus
3268 3830 3354 3877 est
3397 3836 3488 3878 se—

1901 3909 2136 3963 cundum
2196 3915 2444 3962 naturam
2492 3907 2674 3964 Patris
2723 3910 2888 3968 ﬁlius.
2961 3912 3099 3969 Nam
3157 3916 3341 3974 catteri
3389 3914 3489 3975 ﬁlii

1900 4019 2009 4058 non
2057 4010 2292 4069 natura,
2343 4003 2436 4058 sed
2490 4004 2782 4075 adoptione
2845 4015 2901 4062 et
2965 4007 3166 4079 gratia.
3234 4007 3333 4064 ﬁlii
3384 4009 3484 4068 Dei

1901 4098 2274 4152 nominantur.
2328 4097 2427 4152 ilic
2492 4113 2622 4153 vero
2670 4115 2811 4155 unus
2863 4107 2948 4155 est
2973 4109 3167 4157 natura
3196 4099 3386 4160 Filius.

1970 4191 2156 4260 Itaque
2210 4191 2437 4246 decursa
2491 4193 2788 4248 secundum
2846 4192 3156 4249 Matthaeum
3204 4195 3487 4270 Evangelii

1900 4282 2178 4351 periocha,
2207 4282 2454 4352 sequitur
2481 4283 2648 4338 totius
2677 4286 2983 4355 argumenti
3015 4288 3486 4358 anacephaleosis,

1902 4375 1956 4428 id
1996 4382 2079 4428 est
2103 4375 2622 4445 recapituiatio,qua
2653 4377 2943 4446 conscripti
2973 4379 3251 4449 Evangelii
3279 4381 3488 4438 utilitas

1903 4467 2208 4522 ostenditur
2283 4486 2302 4519 ι
2336 4467 2394 4522 ln
2423 4483 2532 4536 quo
2578 4469 2874 4540 Evangelio
2936 4470 3068 4526 utile
3118 4480 3223 4538 est,
3260 4492 3279 4525 ι
3309 4482 3364 4528 ει
3405 4488 3487 4530 re-

1827 4599 1880 4661 D
1905 4557 2052 4628 liqua
2098 4572 2308 4627 usque:
2367 4576 2386 4610 ί
2415 4567 2823 4628 recognoscant.
2864 4580 2883 4612 ι
2921 4560 2978 4615 ln
3029 4562 3146 4632 ipso
3173 4563 3484 4637 Evangelia,

1910 4650 1964 4704 in
2018 4650 2263 4706 doctrina
2304 4649 2509 4704 scilicet
2533 4650 2866 4723 evangelica,
2909 4655 3015 4708 tria
3055 4655 3301 4726 quaedam
3338 4659 3488 4713 utilia

1908 4757 2030 4796 esse
2073 4742 2140 4795 ad
2205 4743 2636 4813 cognoscendum
2684 4743 2900 4798 asserit.
2939 4744 2996 4799 ld
3029 4753 3114 4801 εει
3162 4748 3249 4804 vel
3292 4750 3486 4819 prima,

1910 4837 1994 4889 vel
2014 4835 2210 4902 media,
2258 4835 2343 4891 vel
2392 4834 2672 4905 perfecta:
2721 4847 2778 4891 et
2819 4854 2939 4908 qua:
2983 4849 3112 4894 sunt
3153 4842 3243 4895 illa
3288 4843 3487 4912 prima,

1911 4925 2088 4980 media
2123 4931 2179 4980 et
2220 4922 2479 4994 perfecta,
2534 4926 2782 4995 protinus
2830 4931 3054 5000 exponit
3099 4931 3329 4988 dicens:
3382 4950 3400 4982 ι
3429 4943 3490 4989 ut

1911 5025 1966 5070 et
1990 5015 2324 5070 vocationem
2351 5015 2576 5086 apostoli
2600 5025 2800 5088 etopus
2822 5019 3120 5089 Evangelii,
3143 5040 3163 5073 ι
3185 5029 3240 5076 ει
3259 5021 3486 5093 reliqua.

1907 5106 2089 5161 Primo
2149 5120 2383 5176 namque
2435 5106 2720 5164 Matthaeus
2744 5125 2811 5166 ex
2849 5110 3150 5182 publicanis
3192 5111 3402 5170 actibus
3451 5131 3482 5170 a

1908 5197 2136 5252 Domino
2192 5204 2416 5253 vocatus
2458 5206 2543 5253 est
2585 5206 2646 5254 ut
2695 5210 2837 5256 esset
2878 5201 3170 5272 apostolus.
3232 5200 3484 5262 Secundo

1907 5290 2108 5346 Christi
2158 5289 2504 5362 Evangelium
2544 5293 2613 5348 ab
2647 5295 2836 5350 eodem
2881 5302 2964 5352 est
2989 5295 3376 5369 conscriptum,
3429 5300 3483 5356 in

1909 5396 2016 5450 quo
2064 5396 2289 5451 prorsus
2327 5396 2490 5452 Opere
2529 5382 2727 5438 donum
2772 5381 3026 5454 perfectae
3053 5383 3358 5444 dilectionis
3387 5388 3485 5446 Dei

1909 5473 1967 5528 in
1992 5489 2152 5528 carne
2192 5473 2465 5530 nascentis
2497 5490 2623 5545 erga
2665 5476 2956 5532 humanum
2983 5492 3175 5548 genus,
3214 5494 3313 5549 per
3366 5480 3488 5538 uni-

1907 5578 2063 5617 versa
2103 5564 2242 5620 dicta
2271 5572 2324 5617 et
2355 5564 2498 5620 facta
2528 5563 2829 5631 Dominica,
2884 5566 3110 5636 quilibet
3149 5569 3388 5626 studiose
3417 5568 3492 5625 le-

1909 5665 2098 5728 gentes
2125 5657 2425 5727 intelligere
2467 5666 2711 5726 possunt.
2759 5656 2954 5730 Sicque
2982 5659 3037 5716 in
3065 5663 3256 5716 eodem
3303 5662 3485 5720 Evan-

1907 5749 2044 5821 gelio
2074 5750 2247 5821 ipsum
2279 5749 2560 5804 charitatis
2598 5749 2799 5806 donum
2843 5752 2897 5807 in
2929 5768 3037 5824 quo
3067 5767 3095 5807 a
3125 5751 3237 5808 Deo
3289 5768 3484 5824 appre-

1904 5841 2060 5897 hensi
2082 5849 2209 5898 sunt
2253 5849 2414 5914 atque
2463 5840 2640 5908 electi,
2668 5841 2878 5918 ipsique
2914 5852 3028 5899 toto
3054 5843 3250 5898 mentis
3297 5843 3493 5898 ardore
