4046 6332
516 303 625 363 279

1882 301 2156 361 SEDULII
2196 303 2399 363 SCO'I'I

3679 292 3798 369 ab

517 425 690 480 Deum
729 419 950 488 fontem
999 417 1307 475 dilectionis
1355 418 1765 490 apprehendere
1821 427 2102 488 expetunt,
2133 431 2188 492 Α
2212 419 2628 490 composuimus.
2660 419 2842 475 Prima
2873 434 3037 476 causa
3063 427 3231 475 estut
3257 434 3357 475 nos
3387 418 3563 487 factae,
3599 422 3652 478 id
3679 427 3792 492 est,

514 515 740 586 legendo
769 521 824 569 et
843 511 1235 584 perscrutando
1264 519 1669 582 recognoscant.
1697 511 1850 566 Licet
1871 521 1926 566 et
1947 511 2104 566 aliter

511 609 691 680 prima
724 615 780 663 et
815 605 996 661 media
1022 612 1079 661 et
1120 608 1367 675 perlecta
1397 604 1626 677 intelligi
1655 612 1902 677 possunt,
1935 605 1992 660 id
2019 611 2104 660 est

514 714 744 772 quaeque
767 698 824 754 in
856 697 1104 754 doctrina
1131 696 1462 769 evangelica,
1490 696 1661 760 utilia,
1695 695 1911 751 utiliora
1941 703 2103 765 atque

512 792 821 849 utilissima.
879 789 970 855 Ut,
1015 787 1169 844 verbi
1207 789 1404 858 gratia,
1457 786 1781 860 conjugium,
1845 787 2099 854 viduitas,

510 883 824 955 virginitas,
859 897 979 952 qua:
1031 895 1130 953 per
1193 866 1528 936 tricesimum
1575 889 1631 935 et
1702 879 2102 952 sexagesimum

512 984 678 1047 atque
726 975 1085 1031 centesimum
1129 972 1366 1029 fructum
1403 973 1690 1043 allegorice
1726 973 2097 1044 designantur.

511 1069 689 1125 Aliter
734 1069 910 1139 prima
962 1075 1089 1123 sunt
1132 1081 1197 1122 ea
1234 1082 1355 1136 qua:
1396 1065 1452 1120 in
1487 1065 1783 1136 Evangelio
1829 1081 1861 1120 a
1908 1080 2104 1121 conce-

509 1164 696 1236 ptione
750 1162 979 1232 Domini,
1006 1160 1183 1234 [Cod.,
1228 1174 1294 1215 ac
1339 1160 1651 1230 receptione
1684 1158 1898 1233 Deum]
1930 1174 2102 1230 usque

512 1254 584 1311 ad
627 1253 744 1324 ejus
776 1253 1106 1324 baptismum
1156 1261 1468 1307 narrantur.
1525 1250 1720 1316 Media,
1768 1267 1890 1322 qua:
1919 1267 1950 1306 a
2000 1253 2099 1307 ba-

509 1346 710 1417 ptismo
755 1360 926 1414 usque
953 1346 1023 1401 ad
1065 1345 1354 1400 imminens
1387 1345 1656 1415 passionis
1680 1352 1892 1414 tempus
1929 1343 1985 1398 in
2009 1359 2101 1399 eo-

511 1438 632 1494 dem
649 1438 940 1511 Evangelio
966 1438 1335 1494 continentur.
1360 1435 1632 1504 Perfecta,
1665 1452 1786 1508 quae
1809 1438 1865 1492 in
1894 1438 2099 1494 ultimis

510 1528 788 1599 Evangelii
846 1529 1096 1600 partibus
1140 1528 1206 1583 de
1262 1527 1377 1597 ejus
1426 1529 1679 1600 passione
1715 1537 2000 1599 morteque
2037 1545 2102 1584 ac

509 1623 910 1678 resurrectione
935 1621 1370 1677 conscribuntur.
1400 1621 1688 1692 Sequitur:
1720 1640 1738 1673 ‹
1771 1623 1928 1679 nobis
1954 1623 2101 1679 enim

509 1715 614 1770 hoc
655 1715 712 1769 in
735 1715 916 1770 studio
972 1715 1275 1786 argumenti
1305 1713 1428 1780 fuit,
1467 1735 1485 1768 )
1539 1723 1596 1772 et
1622 1714 1832 1786 reliqua
1878 1731 2050 1786 usque
2082 1734 2094 1769 :

2205 515 2488 586 cujuslibet
2524 525 2690 586 gestae
2726 516 2827 582 rei,
2868 523 2924 570 et
2945 516 3000 570 in
3035 516 3326 589 Evangelio
3349 531 3448 587 per
3478 516 3795 577 Matthaaum

2205 617 2462 675 narratae,
2486 608 2669 674 ﬁdem,
2702 608 2808 664 hoc
2833 616 2934 674 est,
2971 608 3272 680 simplicem
3295 610 3577 667 veritatem
3602 627 3792 669 rerum

2205 712 2476 771 gestarum
2503 741 2519 765 ,
2563 701 2718 756 brevi
2761 714 3011 757 sermone
3058 717 3089 756 a
3137 703 3449 775 genealogia
3493 703 3796 763 Salvatoris

2203 807 2377 863 usque
2423 793 2493 848 ad
2533 791 2780 862 ejusdem
2815 794 3150 864 triumphum
3183 795 3615 862 resurrectionis,
3646 813 3796 852 sum-

2203 884 2392 939 matim
2408 885 2512 940 hoc
2540 893 2860 956 argumento
2874 893 3322 942 monstraremus.
3358 886 3604 943 Secunda
3632 904 3796 945 causa

2204 983 2288 1032 est
2316 985 2377 1031 ut
2403 977 2533 1032 illud
2559 994 2667 1034 non
2713 986 3035 1046 taceremus,
3067 980 3162 1035 sed
3197 981 3381 1052 potius
3413 981 3651 1038 lectores
3690 985 3796 1040 hoc

2202 1079 2520 1141 argumento
2554 1072 2988 1136 admoneremus,
3020 1073 3163 1143 quod
3203 1074 3261 1128 in
3300 1075 3554 1131 omnibus
3588 1092 3713 1147 qua:
3744 1078 3796 1135 in

2201 1163 2494 1236 Evangelio
2537 1165 2606 1220 de
2645 1165 2804 1220 dictis
2837 1173 2892 1220 et
2937 1163 3097 1220 factis
3129 1165 3425 1222 Dominicis
3473 1178 3792 1236 narrantur,

2202 1257 2476 1328 operantis
2507 1257 2606 1312 Dei
2647 1257 2908 1313 mirabilis
2939 1257 3218 1328 dispositio
3259 1274 3290 1313 a
3319 1259 3426 1328 piis
3469 1259 3795 1330 quibusdam

2203 1349 2478 1421 Deumque
2513 1350 2949 1406 desiderantibus
2989 1350 3278 1422 diligenter
3318 1351 3668 1423 intelligenda
3703 1354 3791 1408 sit.

2200 1441 2337 1498 Nam
2381 1441 2436 1497 in
2491 1442 2825 1514 argumentis
2872 1451 3162 1512 utrumque
3209 1443 3577 1498 necessarium
3609 1452 3700 1498 est.
3739 1452 3794 1498 ut

2201 1541 2257 1589 et
2284 1533 2417 1589 ﬁdes
2465 1533 2546 1588 rei
2601 1533 2776 1588 dubire
2795 1531 3079 1599 efﬁciatur,
3107 1541 3163 1588 et
3191 1541 3341 1587 certa
3381 1547 3564 1587 rerum
3598 1533 3796 1586 intelli-

2202 1625 2383 1698 gentia
2401 1632 2751 1686 monstretur,
2784 1623 2909 1694 quia
2944 1623 3069 1679 ﬁdei
3104 1639 3290 1679 rerum
3326 1631 3601 1695 gestarum
3633 1623 3797 1677 intel-

2201 1719 2426 1790 ligentia
2460 1719 2770 1774 necessaria
2799 1727 2884 1774 est
2913 1736 2926 1772 :
2970 1733 3078 1773 non
3121 1718 3270 1773 enim
3306 1719 3504 1774 sulﬁcit
3545 1718 3794 1782 credere,

517 1823 537 1857 ‹
559 1820 670 1861 non
697 1813 900 1862 tacere.
939 1825 958 1860 ι
991 1806 1126 1872 Quia
1152 1815 1527 1879 argumentum
1548 1815 1633 1863 est
1659 1808 1855 1874 oratio,
1889 1809 1968 1863 rei
2007 1809 2104 1865 du-
2130 1815 2178 1876 B
2207 1810 2315 1866 nisi
2349 1811 2514 1866 etiam
2540 1810 2871 1882 intelligatur
2908 1810 3050 1880 quod
3078 1809 3339 1865 creditur.

507 1896 615 1953 biae
637 1896 844 1955 faciens
872 1899 1056 1967 ﬁdem,
1082 1900 1151 1956 ob
1190 1902 1324 1958 duas
1354 1917 1550 1959 causas
1572 1903 1678 1958 hoc
1713 1911 2098 1974 argumentum

2274 1902 2524 1975 {Explicit
2555 1904 2614 1957 in
2659 1911 3026 1975 argumentum
3063 1903 3352 1958 secundum
3382 1901 3725 1960 Matthaeum.

508 2043 3784 2078 mw

1383 2161 2163 2245 'ARGUMENTUM
2242 2163 2352 2242 IN
2423 2160 2878 2240 MARCUM.

1994 2316 2160 2383 (Μαίη
2184 2315 2325 2380 ibid.)

574 2511 788 2570 Marcus
834 2489 1206 2587 evangelista;
1248 2511 1348 2569 Dei
1386 2521 1444 2569 et
1488 2512 1634 2569 Petri
1679 2512 1737 2568 in
1772 2504 2100 2584 baptismate

503 2605 649 2661 ﬁlius
678 2611 842 2677 atque
887 2604 944 2660 in
979 2604 1164 2660 divino
1200 2617 1452 2660 sermone
1480 2603 1799 2675 discipulus,
1835 2604 2093 2660 sacerdo-

503 2695 643 2750 tium
702 2694 759 2749 in
800 2693 966 2750 Israel
1009 2709 1195 2766 agens,
1254 2695 1554 2751 secundum
1594 2707 1819 2750 carnem
1878 2693 2089 2762 Levita,

501 2801 800 2846 conversus
863 2788 933 2844 ad
976 2787 1140 2844 ﬁdem
1188 2786 1391 2844 Christi
1437 2785 1791 2858 Evangelium
1846 2785 1901 2840 in
1940 2784 2092 2840 ltalia

502 2876 740 2952 scripsit,
765 2877 1057 2934 ostendens
1085 2878 1142 2934 in
1181 2892 1249 2934 eo
1276 2877 1407 2948 quid
1433 2887 1490 2933 et
1524 2876 1711 2950 generi
1749 2890 1847 2932 suo
1871 2876 2093 2932 deberet

500 2976 557 3023 et
585 2966 824 3025 Christo.
853 2967 989 3024 Nam
1009 2969 1222 3024 initium
1251 2969 1502 3040 principii
1526 2969 1585 3024 in
1612 2984 1744 3024 voce
1766 2968 2095 3039 prophetica:

500 3061 912 3119 exclamationis
936 3063 1247 3130 instituens,
1297 3063 1545 3119 ordinem
1568 3060 1823 3118 Leviticae
1868 3060 2093 3116 electio-

499 3155 587 3210 nis
617 3156 871 3222 ostendit,
919 3163 979 3211 ut
1005 3156 1306 3228 praedicans
1345 3153 1608 3212 Joannem
1651 3155 2094 3225 praedestinatum

499 3242 672 3298 ﬁlium
696 3245 991 3312 Zachariae,
1052 3247 1106 3300 in
1125 3261 1258 3302 voce
1277 3245 1451 3318 angeli
1512 3245 1888 3300 annuntiantis
1935 3244 2100 3298 emis-

502 3351 645 3403 sum,
674 3351 785 3393 non
837 3338 1011 3394 solum
1065 3338 1298 3395 Verbum
1329 3355 1459 3395 caro
1487 3337 1713 3405 factum,
1765 3338 1860 3394 sed
1891 3347 1946 3393 et
1970 3353 2096 3394 cor-

499 3445 601 3500 pus
629 3431 845 3486 Domini
878 3431 933 3486 in
972 3433 1154 3508 omnia
1184 3447 1284 3504 per
1312 3432 1539 3489 verbum
1569 3430 1765 3487 divinae
1793 3432 1945 3487 vocis
1973 3432 2093 3486 ani-

498 3531 707 3580 matum
738 3525 897 3582 initio
936 3526 1262 3599 evangelicae
1288 3526 1692 3598 praedicationis
1735 3527 2046 3583 ostenderet
2076 3543 2090 3579 :

502 3621 562 3670 ut
585 3615 679 3685 qui
716 3617 833 3675 hac
857 3617 1044 3690 legens
1070 3620 1254 3687 sciret,
1283 3619 1378 3674 cui.
1404 3619 1620 3674 initium
1661 3619 1841 3675 carnis
1875 3619 1932 3674 in
1982 3619 2094 3674 Deo

499 3713 557 3762 et
620 3707 751 3765 Jesu
846 3711 1185 3768 advenientis
1250 3711 1619 3768 habitaculum
1675 3725 1803 3768 caro
1872 3710 2094 3766 deberet

500 3811 816 3869 agnoscere,
854 3811 1017 3872 atque
1050 3804 1105 3859 in
1127 3819 1187 3860 se
1213 3805 1443 3860 verbum
1477 3805 1648 3870 vocis,
1709 3805 1855 3874 quod
1883 3804 1939 3859 in
1964 3819 2092 3859 con-

501 3893 822 3951 sonantibus
850 3897 1185 3964 perdiderat,
1239 3898 1527 3954 inveniret.
1579 3897 1821 3967 Denique
1868 3906 1924 3952 et
1967 3911 2091 3968 pcr-

501 3983 635 4040 fecti
672 3985 953 4058 Evangelii
999 4005 1135 4060 opus
1185 3991 1417 4056 intrans,
1443 4000 1498 4046 et
1526 4007 1556 4046 a
1577 3991 1845 4061 baptismo
1873 3990 2091 4046 Domini

501 4079 805 4150 praedicare
856 4083 1027 4138 Deum
1067 4085 1348 4152 inchoans,
1389 4100 1498 4140 non
1552 4084 1838 4151 laboravit,
1891 4083 2091 4138 nativi-

507 4177 675 4225 tatem
706 4173 908 4241 carnis,
949 4191 1113 4246 quam
1160 4176 1217 4232 in
1254 4177 1528 4248 prioribus
1578 4176 1807 4245 viderat,
1855 4176 2034 4232 dicere
2076 4192 2091 4240 ;

2206 2510 2302 2569 sed
2336 2519 2482 2567 totus
2507 2511 2562 2567 in
2597 2509 2789 2584 primis
2836 2507 3228 2580 expositionem
3262 2508 3488 2576 deserti,
3527 2508 3797 2581 jejunium

2205 2603 2419 2658 numeri
2450 2644 2464 2668 ,
2498 2603 2851 2658 tentationem
2896 2600 3114 2664 diaboli,
3153 2601 3631 2671 congregationem
3675 2603 3798 2659 bes-

2207 2693 2427 2760 tiarum,
2460 2701 2516 2748 et
2554 2692 2922 2749 ministerium
2958 2690 3184 2762 protulit
3223 2691 3538 2763 angelorum
3569 2712 3582 2746 :
3614 2703 3678 2749 ut
3721 2696 3798 2749 in-

2203 2786 2434 2842 stituens
2479 2800 2580 2842 nos
2626 2786 2695 2842 ad
2739 2785 3164 2856 intelligendum,
3199 2799 3263 2840 ac
3293 2785 3503 2857 singula
3538 2785 3597 2841 in
3643 2787 3797 2844 brevi

2204 2877 2571 2949 compingens,
2623 2891 2726 2933 nec
2773 2877 3151 2932 auctoritatem
3193 2875 3351 2932 factae
3400 2877 3480 2932 rei
3526 2878 3795 2945 demeret,

2197 2976 2253 3024 et
2284 2967 2614 3038 perﬁciendo
2638 2967 2789 3040 operi
2819 2966 3210 3039 plenitudinem
3257 2981 3365 3022 non
3405 2975 3652 3038 negaret.
3684 2967 3792 3025 De-

2197 3062 2362 3134 nique
2402 3069 2713 3133 amputasse
2750 3061 2852 3118 sibi
2902 3069 3026 3132 post
3064 3061 3225 3118 ﬁdem
3277 3061 3529 3133 pollicem
3570 3061 3794 3130 dicitur,

2197 3163 2260 3210 ut
2288 3155 2591 3211 sacerdotio
2644 3154 2908 3224 reprobus
2943 3154 3252 3210 haberetur.
3286 3151 3393 3210 Sed
3421 3161 3637 3210 tantum
3665 3171 3798 3212 con-

2199 3249 2439 3305 sentiens
2483 3247 2608 3305 ﬁdei
2655 3249 3038 3318 praedestinata
3085 3246 3260 3320 potuit
3313 3248 3528 3316 electio,
3575 3257 3638 3305 ut
3690 3264 3794 3305 nec

2202 3343 2282 3398 sic
2343 3342 2399 3396 in
2447 3356 2612 3414 opere
2635 3342 2790 3398 verbi
2829 3341 3083 3411 perderet
3126 3336 3272 3413 quod
3305 3340 3458 3413 prius
3513 3351 3794 3398 meruerat

2199 3433 2256 3489 in
2301 3447 2514 3503 genere.
2563 3431 2699 3487 Nam
2745 3432 3089 3488 Alexandria:
3130 3433 3414 3504 episcopus
3461 3430 3586 3499 fuit,
3640 3433 3792 3503 cujus

2197 3540 2297 3596 per
2321 3524 2532 3596 singula
2557 3540 2692 3596 opus
2730 3524 2869 3580 scire
2891 3566 2906 3592 ,
2938 3523 3215 3596 Evangelii
3244 3524 3302 3580 in
3327 3540 3387 3580 se
3418 3523 3565 3580 dicta
3605 3524 3790 3594 dispo-

2195 3633 2347 3684 nere,
2383 3625 2440 3672 et
2477 3616 2816 3684 disciplinam
2849 3617 2905 3671 in
2952 3631 3012 3671 se
3033 3615 3170 3687 legis
3205 3630 3523 3688 agnoscere,
3556 3624 3613 3672 et
3650 3615 3793 3671 divi-

2198 3729 2325 3769 nam
2347 3713 2403 3768 in
2454 3726 2620 3768 carne
2664 3709 2881 3766 Domini
2926 3709 3226 3782 intelligere
3264 3720 3536 3777 naturam,
3568 3725 3690 3782 qua:
3737 3711 3792 3765 in

2198 3820 2297 3861 nos
2357 3805 2596 3875 primum
2659 3803 2888 3874 requiri,
2939 3801 3135 3858 dehinc
3197 3802 3458 3873 inquisita
3523 3801 3780 3857 volumus

2199 3897 2441 3969 agnosci,
2495 3896 2758 3952 habentes
2796 3895 3103 3952 mercedem
3153 3895 3588 3952 exhortationis:
3648 3911 3786 3965 quo-

2199 3989 2348 4043 niam
2392 3988 2484 4061 qui
2542 3987 2777 4058 plantat,
2816 3994 2872 4041 et
2898 3986 2990 4058 qui
3039 3986 3198 4058 rigat,
3247 4001 3414 4042 unum
3462 3992 3640 4052 sunt;
3690 3987 3788 4058 qui

2201 4090 2380 4138 autem
2420 4082 2816 4137 incrementum
2853 4087 3094 4151 praestat,
3119 4081 3263 4138 Deus
3299 4087 3402 4136 est.

2641 4171 2877 4245 Explicit
2917 4181 3302 4245 argumentum.

1252 4427 1888 4548 EJUSDEM
1975 4425 2536 4541 SEDULII
2622 4420 3038 4536 SCOTI

767 4647 1060 4714 INCIPIT
1099 4649 1887 4716 EXPLANATIUNCULA
1929 4647 2013 4712 IN
2055 4641 2621 4710 ARGUMENTUM
2663 4641 3089 4706 SECUNDUM
3129 4639 3492 4706 MARCUM.

573 4893 688 4949 Hoc
714 4898 1094 4962 argumentum
1115 4905 1284 4962 genus
1317 4891 1660 4962 olliciumque
1689 4899 1744 4949 et
1769 4890 2090 4947 electionem
2115 4891 2172 4952 D
2196 4888 2600 4958 interpretatur.
2651 4904 2670 4938 ‹
2699 4885 2795 4941 Dei
2841 4895 2896 4940 et
2945 4885 3095 4942 Petri
3135 4885 3191 4940 in
3249 4886 3574 4956 baptismate
3639 4885 3785 4942 ﬁlius

503 4983 666 5040 Marci
694 4982 1036 5054 evangelistm
1061 4983 1234 5053 prima
1260 4984 1343 5038 sui
1373 4990 1530 5053 parte
1557 4983 1817 5052 declarat,
1844 4979 2082 5038 secunda

503 5077 855 5133 intentionem
936 5075 1176 5146 ejusdem
1261 5076 1606 5147 evangelista:
1685 5076 1740 5130 in
1801 5075 2086 5131 scribendo

503 5169 705 5225 Christi
743 5167 1036 5239 Evangelia
1065 5169 1322 5236 ostendit,
1347 5169 1509 5224 tertia
1539 5169 1708 5238 ipsius
1760 5167 1927 5223 Marci
1973 5166 2088 5235 epi-

501 5265 759 5328 scopatus
774 5259 1089 5329 dignitatem
1129 5275 1255 5315 cum
1286 5259 1461 5316 laudis
1497 5259 1769 5331 praeconio
1809 5255 2082 5313 describit.

501 5350 784 5407 Postremo
829 5351 1056 5422 qualiter
1080 5367 1178 5422 per
1224 5352 1434 5423 singula
1477 5352 1655 5421 ipsum
1689 5365 1823 5421 opus
1863 5365 2088 5420 evange-

507 5441 671 5498 licum
712 5442 1015 5516 intelligere
1039 5445 1334 5500 debeamus
1363 5445 1636 5499 admonet.
1668 5443 1855 5514 Itaque
1888 5458 2089 5499 nomen

505 5542 562 5590 et
617 5532 847 5591 cilicium
911 5536 1080 5607 ipsius
1125 5551 1370 5608 personae
1436 5537 1490 5590 in
1541 5535 1844 5606 argumenti
1910 5534 2089 5590 fronte

507 5631 746 5701 ponitur,
801 5650 926 5689 cum
962 5634 1174 5688 Marcus
1210 5632 1538 5705 evangelista
1585 5632 1701 5702 ipse
1748 5631 2080 5700 designatur.

513 5739 533 5773 ι
579 5722 792 5780 Marcus
835 5725 1163 5796 evangelista
1196 5743 1208 5778 :
1241 5745 1259 5778 ι
1302 5725 1516 5780 Marcus
1564 5723 1791 5780 Hebraeo
1834 5735 2084 5778 sermone

510 5817 759 5872 excelsus
789 5815 1026 5883 dicitur;
1053 5818 1381 5889 evangelista
1417 5816 1606 5874 Graece
1648 5819 1788 5875 bona
1832 5815 2086 5873 nuntians

2190 4983 2422 5053 atquein
2447 4981 2625 5037 divino
2639 4995 2886 5036 sermone
2911 4980 3224 5052 discipulus.
3257 5001 3276 5034 ›
3305 4980 3386 5037 Ob
3407 4981 3512 5036 hoc
3533 4981 3785 5037 excelsus

2191 5075 2390 5130 merito
2435 5081 2492 5129 et
2533 5073 2864 5145 evangelista
2901 5075 3020 5131 ﬁeri
3061 5076 3380 5146 promeruit,
3423 5075 3553 5146 quia
3599 5075 3782 5133 divina

2191 5177 2485 5242 praestante
2512 5170 2685 5238 gratia
2728 5170 2879 5240 prius
2915 5169 3242 5241 baptismate
3279 5170 3335 5224 in
3369 5168 3592 5225 Christo
3622 5183 3784 5223 rena-

2194 5268 2302 5325 tus,
2339 5259 2394 5314 in
2440 5258 2622 5315 divina
2661 5260 2926 5329 sapientia
2964 5259 3262 5314 instructus
3305 5267 3409 5314 est.
3460 5257 3552 5314 Sic
3592 5267 3779 5312 autem

2193 5351 2629 5422 distinguendum
2653 5359 2753 5418 est,
2791 5360 2852 5406 ut
2893 5351 3069 5422 primo
3096 5351 3476 5421 pronuntietur
3503 5367 3524 5402 ‹
3559 5349 3780 5406 Marcus

2189 5443 2543 5511 evangelista,
2575 5463 2594 5495 ι
2625 5457 2688 5498 ac
2718 5442 2909 5497 deinde
2935 5441 3331 5497 subinferatur:
3372 5462 3390 5493 ε
3422 5441 3517 5497 Dei
3542 5450 3598 5497 et
3627 5439 3777 5496 Petri

2188 5538 2244 5592 in
2281 5537 2607 5606 baptismate
2646 5536 2807 5591 ﬁlius.
2842 5556 2861 5589 ι
2895 5536 3106 5592 Marcus
3142 5537 3283 5592 ﬁlius
3322 5537 3418 5592 Dei
3455 5543 3541 5591 est
3582 5537 3634 5591 in
3671 5537 3774 5591 ba-

2187 5628 2465 5698 ptismate,
2493 5631 2620 5700 quia
2642 5630 2980 5701 baptismatis
3007 5632 3155 5688 fonte
3183 5634 3238 5689 in
3261 5635 3374 5689 Deo
3404 5641 3643 5697 renatus,
3676 5647 3778 5703 per

2185 5718 2490 5790 adoptionis
2533 5723 2762 5794 gratiam
2798 5722 2968 5778 Filius
3002 5723 3100 5779 Dei
3129 5724 3378 5780 elﬁcitur.
3417 5724 3586 5779 Filius
3620 5722 3772 5778 Petri

2183 5813 2239 5871 iu
2272 5814 2596 5888 baptismate
2631 5835 2751 5877 esse
2777 5819 2996 5890 dicitur,
3049 5820 3178 5892 quia
3202 5820 3272 5878 ab
3310 5820 3428 5892 ipso
3458 5818 3769 5893 baptizatus
