4046 6332
1056 357 1424 420 EXPOSITIO
1457 356 1529 417 IN
1563 354 2056 417 ARGUMENTUM
2089 355 2344 416 EVANG.
2383 357 2614 417 MARCI.

3351 369 3459 425 282

208 485 268 534 et
294 475 613 542 instructus,
643 483 789 530 recte
823 473 1118 546 spiritualis
1140 477 1258 547 ejus
1285 474 1430 532 ﬁlius
1455 476 1785 532 nominatur.
1815 471 1870 534 Α
1892 473 2106 529 Domini
2147 475 2416 546 quondam
2454 475 2636 531 fuerat
2679 476 3032 546 praedictum;
3067 477 3172 535 hoc
3208 487 3292 536 est
3318 481 3462 551 quod

208 569 291 625 De
340 583 447 638 qua
490 582 551 622 re
576 565 901 636 Apostolus:
945 564 1417 638 Filiolimci,quos
1455 566 1646 621 iterum
1665 581 1791 636 par-

209 658 350 714 turio
411 656 576 712 donec
613 655 865 726 formetur
905 653 1142 710 Christus
1181 656 1236 710 in
1271 656 1433 710 vobis.
1468 674 1487 708 ‹
1523 653 1790 710 Sacerdo-

1890 567 1962 624 sit
1985 567 2205 637 angelus
2231 575 2356 623 ante
2391 567 2582 624 faciem
2623 569 3219 640 Domini‘praimissus,
3259 583 3316 627 et
3356 589 3463 628 vox

1891 658 2114 713 verbum
2152 657 2331 713 Patris
2359 675 2712 730 praecurrens.
2755 659 2865 714 Cur
2891 668 3072 715 autem
3099 661 3154 715 in
3182 677 3316 717 voce
3338 677 3466 732 pro-

213 751 348 807 tium
394 749 449 802 in
505 745 671 803 Israel
715 763 882 818 agens
931 747 1224 802 secundum
1273 761 1492 802 carnem
1528 745 1734 800 Levita.
1766 763 1786 796 ι
1888 747 2119 819 phetica:
2142 747 2565 815 exclamationis,
2598 751 2808 805 initium
2839 751 3008 822 ipsius
3034 753 3282 824 principii
3311 753 3457 809 Mar-

210 841 509 896 Pristinum
536 838 872 895 sacerdotale
905 837 1138 894 ofﬁcium
1175 846 1230 893 et
1269 839 1521 894 nobilitas
1555 835 1791 892 carnalis

208 932 479 1003 prosapia:
504 929 745 1000 ejusdem
760 929 924 985 Marci
946 929 1269 996 ostenditur,
1304 938 1365 983 ut
1385 945 1494 984 non
1513 929 1790 985 immerito

210 1025 282 1080 ad
343 1024 550 1094 apicem
600 1021 896 1094 spiritualis
943 1029 1000 1076 et
1049 1019 1448 1076 excellentioris
1506 1017 1796 1074 sacerdotii

208 1114 554 1186 postmodum
595 1113 1022 1179 transcenderet,
1064 1111 1156 1181 qui
1177 1111 1328 1182 prius
1365 1111 1583 1166 carnale
1617 1125 1796 1166 sacer-

209 1203 420 1259 dotium
462 1202 606 1272 juste
651 1217 715 1258 ac
757 1201 994 1273 legitime
1023 1201 1080 1256 in
1119 1199 1285 1256 Israel
1325 1201 1536 1272 agebat,
1572 1215 1696 1256 cum
1728 1215 1796 1256 ex

209 1292 342 1350 Levi
384 1292 704 1349 sacerdotali
753 1293 900 1348 tribu
951 1298 1102 1348 ortus
1147 1301 1251 1348 est.
1299 1291 1407 1348 Sed
1465 1293 1685 1362 quando
1730 1300 1787 1348 et

211 1387 304 1442 ubi
332 1385 679 1458 Evangelium
709 1385 1006 1456 scripserit,
1058 1385 1458 1441 demonstratur
1488 1401 1613 1442 cum
1663 1371 1795 1442 sub-

213 1479 401 1534 ditur:
459 1496 477 1529 ‹
511 1493 801 1534 conversus
864 1478 932 1532 ad
969 1476 1130 1533 fidem
1170 1477 1374 1534 Christi
1433 1477 1796 1550 Evangelinm

212 1571 271 1627 in
297 1571 452 1626 Italia
480 1571 717 1642 scripsit.
741 1571 915 1638 Tunc,
939 1571 1136 1642 inquit,
1165 1571 1518 1644 Evangelium
1546 1573 1793 1643 scripsit,

212 1673 499 1734 postquam
552 1663 621 1719 ad
669 1662 832 1719 fidem
893 1661 1097 1719 Christi
1146 1679 1438 1720 conversus
1504 1673 1604 1721 est.
1660 1663 1796 1719 Nam

213 1761 506 1824 antequam
541 1753 701 1808 fidem
733 1751 937 1810 Christi
977 1755 1299 1826 perciperet,
1332 1756 1494 1829 digna
1530 1757 1598 1812 de
1637 1756 1797 1812 Chri-

1892 854 1990 894 cus
2013 838 2312 905 inchoaret,
2344 855 2506 896 causa
2533 843 2836 897 ostenditur
2857 859 2978 898 cum
3005 843 3251 899 subditur
3283 863 3297 898 :
3336 862 3354 895 ‹
3399 851 3460 899 ut

1891 927 2190 996 praedicans
2207 928 2643 998 praedestinatum
2663 929 2924 988 Joannem
2945 931 3115 987 filium
3134 933 3428 1000 Zacharize,
3441 954 3459 988 ι

1894 1027 1950 1076 et
1975 1019 2181 1089 reliqua
2217 1035 2388 1090 usque
2418 1040 2430 1076 :
2467 1040 2485 1072 ‹
2518 1024 2845 1079 ostenderet.
2882 1045 2902 1078 )
2939 1025 3075 1079 Dum
3099 1026 3291 1081 beatus
3322 1025 3464 1080 Mar-

1894 1126 1990 1166 cus
2018 1109 2280 1166 Joannem
2323 1127 2712 1182 praecursorem
2756 1115 2967 1172 Domini
3003 1117 3287 1187 przedicat,
3320 1118 3464 1188 quod

1895 1201 2118 1273 angelus
2145 1207 2216 1258 sit
2249 1212 2374 1257 ante
2403 1202 2614 1270 faciem,
2640 1207 2694 1262 id
2735 1215 2838 1274 est,
2878 1207 3218 1264 manifestam
3252 1208 3467 1279 appari-

1897 1293 2099 1348 tionem
2148 1295 2540 1352 incarnationis
2586 1295 2806 1364 Christi,
2861 1300 3192 1370 prtemissus,
3241 1308 3296 1356 et
3331 1297 3473 1369 quod

1894 1399 1999 1440 vox
2031 1385 2103 1440 sit
2128 1386 2354 1442 verbum
2391 1387 2592 1455 Patris,
2624 1392 2995 1460 conceptione,
3035 1393 3338 1460 nativitate,
3381 1381 3474 1446 do-

1895 1476 2091 1541 ctrina,
2144 1476 2489 1546 baptismate,
2541 1494 2902 1550 przecurrens,
2958 1482 3034 1538 ibi
3076 1481 3264 1554 procul
3312 1481 3474 1536 dubio

1894 1580 2004 1620 non
2030 1562 2202 1620 solum
2230 1563 2467 1621 Verbum
2484 1609 2498 1634 ,
2532 1567 2586 1622 id
2610 1577 2697 1622 est
2721 1569 2938 1624 unicum
2964 1569 3062 1624 Dei
3087 1569 3286 1624 Filium
3303 1610 3317 1635 ,
3355 1585 3476 1624 car-

1895 1671 2020 1711 nem
2043 1658 2338 1728 sumpsisse
2367 1659 2626 1726 ostendit,
2652 1660 2746 1715 sed
2775 1667 2830 1715 et
2855 1676 3040 1715 veram
3063 1662 3298 1716 animam
3327 1662 3471 1716 inse-

1893 1750 2208 1821 parabiliter
2235 1752 2486 1808 habuisse
2516 1752 2774 1808 declarat.
2808 1752 2926 1809 Non
2961 1754 3104 1809 enim
3126 1753 3280 1822 juxta
3305 1755 3478 1809 haere-

212 1855 301 1901 sto
341 1846 579 1902 scribere
611 1862 716 1901 non
742 1854 976 1917 poterat.
1006 1846 1183 1904 Locus
1211 1849 1588 1905 conscribendi
1604 1848 1793 1904 ‘Evan-
1823 1830 1873 1892 Β
1900 1842 2066 1898 ticam
2087 1844 2432 1914 pravitatem,
2463 1843 2666 1900 Christi
2695 1845 2947 1900 divinitas
2966 1844 3136 1900 solam
3161 1845 3276 1900 sine
3297 1845 3478 1899 anima

211 1937 339 2005 gelii
394 1937 546 1994 Italia
595 1951 717 1992 esse
776 1945 1134 2004 monstratur,
1187 1939 1243 1993 in
1292 1954 1396 2008 qua
1437 1939 1615 2009 ipsum
1663 1954 1797 2010 opus

213 2031 482 2102 scriptum
516 2031 688 2086 fuisse
718 2031 988 2086 traditur:
1017 2046 1129 2086 non
1161 2032 1304 2103 quod
1341 2032 1528 2089 Italico
1579 2032 1666 2087 vel
1691 2032 1800 2088 Ro-

210 2137 397 2188 mano,
445 2123 540 2179 sed
559 2121 748 2178 Graeco
769 2136 1034 2188 sermone,
1069 2124 1433 2194 conscriptum
1469 2125 1560 2181 sit.

287 2211 397 2267 Cur
421 2220 601 2268 autem
629 2212 844 2269 Marcus
869 2212 1220 2285 Evangelium
1243 2216 1542 2288 scripserit,
1577 2217 1798 2273 demon-

208 2311 424 2358 stratur
437 2317 562 2358 cum
584 2302 925 2374 subjungitur
943 2321 956 2356 :
980 2321 998 2353 ι
1021 2300 1324 2359 Ostendens
1338 2305 1392 2359 in
1405 2320 1470 2360 eo
1488 2321 1650 2377 opere
1667 2307 1798 2378 quid

208 2394 405 2465 generi
432 2410 530 2450 suo
555 2395 774 2451 deberet
796 2403 851 2450 et
888 2386 1126 2451 Christo.
1162 2417 1181 2448 ι
1227 2397 1363 2452 Nam
1401 2414 1525 2455 cum
1554 2399 1670 2470 ipse
1696 2400 1798 2457 Le-

209 2485 330 2538 vita
355 2491 506 2550 erat,
537 2499 604 2540 ex
628 2500 735 2556 qua
762 2487 906 2542 tribu
931 2487 1086 2542 multi
1111 2489 1392 2558 prophetae
1416 2490 1524 2545 orti
1555 2489 1793 2561 fuerant,

212 2589 374 2630 suum
405 2574 754 2646 Evangelium
779 2592 810 2631 a
831 2592 966 2634 voce
986 2579 1304 2649 prophetica
1334 2580 1438 2636 rite
1475 2581 1750 2638 inchoavit
1778 2603 1793 2639 :

211 2675 271 2722 et
309 2674 568 2738 tanquam
595 2665 839 2723 Levitam
861 2708 876 2736 ,
924 2669 991 2725 de
1020 2668 1228 2725 Joanne
1266 2669 1509 2741 Baptista
1548 2671 1800 2729 similiter

211 2756 404 2812 Levita
443 2765 500 2812 et
532 2756 797 2814 Altissimi
835 2761 1124 2831 prOpheta,
1155 2763 1332 2833 ipsum
1358 2764 1647 2834 oportebat
1671 2779 1799 2835 pro-

211 2849 428 2918 phetica
483 2863 616 2906 voce
665 2849 1037 2908 testimonium
1090 2853 1394 2924 perhibere.
1444 2853 1585 2921 Quin
1632 2855 1800 2911 etiam

215 2954 340 2996 cum
365 2938 616 2996 Christus
641 2956 753 2996 non
781 2941 956 2998 solum
981 2958 1049 2999 ex
1077 2944 1223 3000 tribu
1245 2943 1403 3013 Juda,
1433 2946 1529 3002 sed
1554 2962 1624 3003 ex
1652 2947 1798 3003 tribu

215 3046 434 3103 quoque
484 3030 615 3086 Levi
669 3034 853 3090 carnis
899 3035 1165 3105 originem
1211 3037 1384 3104 duxit,
1428 3038 1532 3109 ipsi
1569 3038 1798 3096 Domino

213 3123 490 3180 Leviticus
537 3125 872 3196 evangelista
917 3127 1130 3183 debitor
1167 3137 1288 3184 erat
1320 3137 1382 3184 ut
1417 3128 1534 3199 ejus
1561 3129 1799 3202 Evange-

1900 1948 2121 1990 carnem
2142 1977 2157 2002 ,
2203 1936 2296 1990 sed
2347 1944 2516 1991 totum
2563 1937 2838 1992 hominem
2866 1937 3160 1993 secundum
3196 1951 3394 2007 corpus
3421 1943 3479 1992 et

1899 2027 2139 2081 animam
2168 2028 2478 2096 assumpsit.
2510 2026 2571 2081 In
2607 2043 2672 2083 eo
2710 2035 2890 2082 autem
2927 2029 3071 2098 quod
3099 2027 3174 2082 ait
3223 2044 3242 2077 ‹
3276 2039 3475 2096 corpus

1899 2119 2111 2176 Domini
2162 2119 2219 2173 in
2252 2120 2433 2173 omnia
2460 2135 2560 2190 per
2582 2121 2805 2176 verbum
2848 2121 3042 2175 divina:
3076 2120 3226 2175 vocis
3270 2120 3480 2180 anima-

1901 2221 2047 2280 tum,
2078 2233 2098 2266 ›
2141 2228 2249 2268 non
2277 2211 2421 2267 aliud
2445 2211 2533 2266 ibi
2561 2212 2787 2266 verbum
2819 2225 2980 2280 quam
3012 2209 3248 2266 divinam
3289 2222 3479 2264 vocem

1899 2301 2201 2375 intelligere
2226 2309 2461 2374 Oportet,
2488 2307 2550 2355 ut
2582 2300 2654 2356 sit
2675 2314 2885 2365 sensus,-
2916 2315 3014 2371 per
3029 2299 3262 2354 verbum
3282 2297 3477 2353 divinae

1897 2395 2068 2461 vocis,
2098 2411 2195 2465 per
2218 2397 2394 2467 ipsum
2423 2392 2842 2462 verbum,.quod
2873 2391 3008 2447 nihil
3031 2391 3175 2445 aliud
3199 2398 3284 2446 est
3311 2403 3475 2460 quam

1898 2487 2082 2542 divina
2095 2502 2217 2543 vox.
2235 2484 2474 2541 Verbum
2492 2497 2725 2553 namque
2735 2482 2913 2538 Patris
2936 2482 2990 2538 id
3004 2483 3178 2552 ipsum
3194 2491 3277 2536 est
3287 2488 3342 2536 et
3353 2493 3478 2534 vox.

1897 2575 2098 2644 Patris,
2125 2591 2224 2648 per
2242 2576 2385 2646 quod
2405 2574 2630 2629 verbum
2654 2570 2924 2643 quomodo
2949 2569 3131 2626 omnia
3158 2568 3303 2624 facta
3332 2575 3479 2633 sunt,

1898 2668 1976 2725 sic
1995 2669 2176 2724 anima
2197 2666 2400 2723 Christi
2428 2671 2610 2721 creata
2629 2670 2733 2720 est.
2755 2661 2838 2720 0b
2857 2663 2962 2718 hoc
2985 2674 3219 2731 namque
3241 2658 3472 2714 dicitur:

1905 2778 1924 2812 ι
1962 2774 2160 2832 corpus
2189 2757 2407 2815 Domini
2435 2757 2492 2812 in
2517 2757 2829 2826 omniaper
2854 2755 3082 2810 verbum
3108 2752 3304 2807 divinae
3330 2751 3481 2807 vocis

1901 2852 2223 2908 animatum.
2265 2871 2284 2903 ι
2323 2847 2524 2904 Audito
2569 2848 2749 2917 itaque
2777 2845 2926 2902 verbi
2955 2844 3042 2900 vel
3066 2846 3216 2899 vocis
3243 2842 3480 2908 nomine,

1897 2959 2008 3000 non
2052 2943 2211 2999 nobis
2255 2941 2493 2997 carnalis
2545 2938 2876 2997 consuetudo
2922 2937 3236 3008 obstrepat,
3279 2941 3339 2989 ut
3379 2933 3483 2988 tale

1903 3036 2130 3092 verbum
2169 3033 2257 3090 vel
2282 3047 2474 3089 vocem
2514 3032 2696 3089 Patris
2725 3031 3044 3102 cogitemus,
3093 3027 3274 3098 qualia
3316 3025 3481 3081 verba

1903 3126 2153 3183 sonantia
2180 3132 2236 3181 et
2268 3123 2581 3180 transitoria
2617 3119 2962 3193 proferimus.
3007 3119 3114 3175 Sed
3151 3119 3254 3175 hoc
3283 3117 3477 3173 melius

215 3215 348 3272 lium
390 3217 783 3273 conscriberet.
826 3217 980 3274 Unde
1014 3219 1266 3275 subditur
1294 3239 1308 3275 :
1362 3239 1382 3273 ‹
1415 3198 1544 3276 nam
1584 3198 1800 3279 initium
1827 3198 1873 3264 Ο
1904 3216 1962 3272 in
1987 3215 2336 3288 sequentibus
2360 3214 2723 3269 advertemus-

213 3307 472 3378 principii
511 3309 568 3363 in
615 3323 749 3365 voce
795 3309 1126 3381 propheticae
1172 3310 1586 3368 exclamationis
1638 3314 1797 3369 insti-

219 3392 400 3464 tuens,
432 3398 681 3455 ordinem
709 3399 962 3456 Levitica:
981 3401 1259 3457 electionis
1281 3403 1533 3458 ostendit.
1569 3424 1588 3458 ι
1623 3404 1803 3462 Claret

215 3502 455 3558 namque
503 3490 648 3560 quod
703 3490 894 3547 beatus
938 3490 1150 3548 Marcus
1196 3493 1440 3549 debitum
1486 3493 1801 3552 Levitarum

221 3576 588 3634 ministerium
611 3579 666 3634 in
695 3595 859 3652 opere
887 3582 1197 3653 evangelica
1227 3583 1641 3651 demonstravit,
1673 3586 1801 3641 dum

221 3684 337 3725 non
363 3669 491 3726 alibi
515 3674 794 3731 exordium
831 3675 916 3730 sui
943 3675 1224 3750 Evangelii
1253 3694 1418 3750 quam
1447 3680 1502 3734 in
1529 3680 1804 3752 propheti-

219 3763 304 3818 cis
339 3761 565 3834 eloquiis
608 3764 874 3823 instruere
925 3769 1274 3836 procuravit,
1327 3779 1384 3825 et
1430 3771 1587 3840 quasi
1630 3771 1804 3828 bonus

217 3855 404 3929 opifex
439 3865 494 3912 et
513 3858 842 3916 architectus
872 3875 1038 3932 super
1069 3862 1455 3934 prophetarum
1483 3862 1803 3921 fundamen-

220 3955 336 4003 tum
375 3963 511 4018 opus
537 3950 905 4022 evangelicum
934 3961 1254 4008 construere
1287 3954 1452 4024 coepit
1479 3972 1494 4009 :
1527 3969 1636 4010 non
1660 3955 1805 4025 quod

217 4042 500 4114 propheta
519 4057 588 4098 ex
611 4044 732 4099 aliis
760 4044 1005 4100 tribubus
1029 4045 1138 4100 orti
1168 4061 1277 4103 non
1308 4054 1510 4114 essent,
1551 4047 1646 4102 sed
1675 4048 1804 4118 quia
1827 4112 1830 4114 γ

218 4135 493 4206 prmcipue
528 4134 785 4193 Levitica:
824 4137 989 4192 tribui
1019 4137 1314 4194 secundum
1345 4137 1669 4194 electionem
1697 4139 1805 4195 Do-

219 4225 355 4280 mini
393 4227 769 4297 propheticum
821 4228 1191 4284 ministerium
1239 4229 1418 4286 fuerat
1464 4247 1799 4288 concessum.

221 4315 341 4372 Non
368 4332 501 4389 ergo
526 4319 681 4389 quasi
706 4335 804 4390 per
830 4321 1074 4390 rapinam
1105 4321 1402 4378 indebitum
1434 4323 1536 4378 sibi
1564 4324 1806 4379 ministe-

222 4408 366 4463 rium
408 4408 618 4466 Marcus
670 4413 973 4482 usurpavit,
1019 4415 1115 4470 sed
1148 4413 1304 4484 juxta
1341 4415 1658 4472 electionem
1693 4432 1805 4474 suae

221 4503 489 4573 prosapia:
512 4503 861 4576 Evangelium
891 4506 1128 4563 scribere
1154 4507 1452 4565 inchoavit.

295 4593 450 4662 Quod
478 4610 610 4652 vero
635 4596 711 4651 ait
743 4614 762 4647 ‹
795 4597 1008 4653 initium
1032 4598 1303 4670 principii,
1335 4619 1354 4652 ι
1388 4599 1603 4657 difﬁcile
1624 4610 1710 4659 est
1735 4602 1805 4658 ad

225 4687 658 4758 intelligendum.
691 4687 830 4744 Nam
855 4689 1016 4759 hujus
1062 4691 1366 4761 argumenti
1391 4703 1656 4763 repertor,
1686 4694 1802 4750 usi-

230 4777 403 4832 tatius
428 4778 607 4835 dicere
630 4787 845 4850 poterat
874 4799 887 4835 :
921 4780 1133 4836 initium
1157 4780 1458 4852 Evangelii,
1488 4783 1571 4837 vel
1599 4784 1804 4854 princi-

221 4869 376 4938 pium
403 4867 681 4941 Evangelii
723 4884 740 4925 :
787 4871 880 4926 sed
923 4871 1098 4942 magis
1135 4871 1383 4946 abstruse
1417 4887 1580 4942 quam
1607 4873 1806 4927 usitate

222 4961 408 5032 eloqui
437 4961 623 5018 voluit.
660 4961 951 5019 Sciendum
982 4971 1067 5020 est
1102 4963 1288 5034 itaque
1325 4965 1466 5020 hanc
1493 4965 1804 5020 distantiam

222 5069 347 5110 esse
397 5055 539 5110 inter
583 5056 910 5128 principium
936 5063 992 5111 et
1033 5055 1281 5123 initium,
1311 5057 1455 5127 quod
1481 5057 1806 5128 principium

222 5144 410 5216 plures
442 5145 500 5199 in
528 5161 586 5202 se
611 5146 910 5203 sententias
936 5147 1364 5216 comprehendit,
1393 5147 1604 5202 initium
1627 5156 1808 5203 autem

223 5252 356 5307 pars
383 5243 469 5291 est
493 5237 776 5309 principii,
824 5237 879 5292 id
917 5244 1002 5292 est
1027 5235 1279 5306 quaelibet
1307 5237 1630 5292 sententiola
1659 5238 1810 5308 prin-

224 5327 420 5398 cipalis
449 5327 592 5382 intra
618 5328 796 5398 ipsum
833 5327 1159 5399 principium
1197 5326 1469 5382 conclusa.
1499 5327 1640 5398 Ergo
1665 5329 1812 5398 prin-

223 5419 433 5491 cipium
455 5419 732 5489 Evangelii
767 5420 1060 5476 secundum
1091 5419 1332 5475 Marcum
1357 5427 1530 5476 totum
1560 5420 1690 5474 illud
1727 5421 1811 5475 in-

226 5512 536 5587 telligamus
580 5515 724 5586 quod
771 5515 827 5571 in
868 5524 1100 5586 quatuor
1140 5514 1527 5586 principalibus
1559 5515 1811 5585 capitulis

227 5605 299 5662 de
341 5603 552 5664 Joanne
579 5596 832 5680 Baptista
871 5608 1124 5665 refertur.
1169 5607 1388 5664 Initium
1415 5622 1545 5663 vero
1591 5609 1811 5665 inchoa-
1843 5669 1848 5672 ,

227 5707 478 5754 mentum
515 5715 636 5757 esse
687 5701 854 5772 ipsius
899 5701 1173 5774 principii,
1210 5701 1264 5756 id
1313 5709 1396 5757 est
1437 5701 1810 5774 propheticum

231 5788 375 5848 illud
417 5789 732 5854 vaticinium
763 5793 907 5865 quod
946 5793 1014 5852 de
1064 5794 1183 5865 ipso
1225 5791 1434 5852 Joanne
1476 5808 1812 5866 praecor-scre

1970 3310 2109 3366 Nam
2142 3310 2408 3366 subditur.
2456 3328 2474 3360 ‹
2509 3307 2581 3364 Ut
2609 3308 2703 3378 qui
2742 3307 2859 3362 haec
2895 3306 3077 3377 legens
3109 3303 3274 3360 sciret
3305 3302 3413 3376 cui,
3455 3321 3474 3354 ι

1902 3408 1958 3458 et
1983 3401 2190 3472 reliqua
2219 3415 2390 3470 usque
2419 3416 2434 3453 :
2471 3417 2492 3450 ‹
2521 3387 2808 3454 inveniret.
2840 3417 2860 3451 ι
2887 3395 3032 3452 Ordo
3053 3395 3344 3450 verborum
3365 3399 3480 3448 est:

1901 3495 1975 3552 Ut
2007 3495 2100 3566 qui
2122 3495 2238 3552 haec
2262 3493 2450 3564 legens
2489 3492 2653 3548 sciret
2677 3491 2770 3562 qui
2798 3490 3020 3546 deberet
3039 3487 3179 3544 scire
3202 3494 3260 3542 et
3284 3485 3482 3558 pradi-

1901 3604 2028 3646 care
2064 3602 2366 3670 agnoscere
2385 3586 2599 3641 initium
2642 3583 2822 3640 carnis
2867 3583 2923 3637 in
2953 3581 3203 3645 Domino,
3235 3586 3291 3633 et
3329 3591 3480 3644 caro,

1902 3681 1960 3738 id
1995 3687 2081 3736 est
2119 3668 2485 3734 habitaculum
2526 3674 2653 3731 Jesu
2697 3671 3062 3737 advenientis;
3122 3677 3287 3740 atque
3321 3668 3376 3724 id
3423 3683 3483 3725 se

1901 3771 2128 3826 verbum
2155 3769 2306 3824 vocis
2334 3766 2634 3832 inveniret,
2663 3764 2808 3835 quod
2844 3764 2900 3818 in
2928 3760 3350 3818 consonantibus
3376 3759 3482 3816 sci-

1901 3862 2030 3918 licet
2075 3861 2197 3916 aliis
2241 3857 2582 3930 evangelistis
2634 3856 2962 3927 perdiderat.
2999 3854 3235 3926 Aptum,
3285 3853 3514 3926 inquit,

1904 3960 2112 4010 eratut
2140 3951 2352 4007 Marcus
2390 3948 2582 4004 Levita
2613 3948 2679 4003 de
2709 3947 2936 4002 Domino
2962 3945 3264 4013 Salvatore,
3292 3946 3386 4016 qui
3415 3961 3482 4004 ex

1903 4042 2034 4098 Levi
2076 4050 2228 4096 ortus
2257 4048 2360 4106 est,
2417 4038 2711 4104 scriberet,
2747 4046 2809 4092 ut
2840 4036 3088 4108 quisquis
3128 4036 3246 4092 habe
3284 4035 3480 4107 legeret

1903 4133 2284 4206 principatum,
2315 4130 2562 4188 ordinem
2587 4138 2642 4184 et
2661 4128 2930 4200 quoddam
2955 4126 3298 4200 privilegium
3323 4123 3483 4186 Levi-

1904 4229 2027 4283 ticae
2062 4225 2338 4282 electionis
2374 4231 2743 4302 pernosceret.
2775 4222 2911 4278 Nam
2950 4239 3070 4294 qua:
3099 4222 3482 4295 congruentius

1905 4331 2069 4388 quam
2097 4315 2298 4370 Levitae
2327 4329 2473 4380 caro,
2507 4315 2561 4370 id
2587 4322 2670 4370 est
2699 4314 2932 4370 carnalis
2957 4315 3208 4385 prosapia
3229 4322 3284 4368 et
3305 4313 3480 4382 origo,

1908 4407 2097 4464 debuit
2119 4419 2410 4478 agnoscere
2435 4405 2649 4460 initium
2675 4404 2950 4460 sumendae
2974 4403 3156 4458 carnis
3177 4404 3234 4456 in
3257 4401 3484 4457 Domino

1904 4498 1993 4556 vel
2022 4498 2078 4554 in
2105 4499 2314 4552 unitate
2337 4511 2583 4568 personae
2600 4497 2847 4552 Domini?
2871 4495 3001 4562 Qua:
3013 4493 3308 4550 Salvatoris
3332 4508 3480 4559 caro,

1909 4592 2039 4664 quid
2063 4591 2206 4647 aliud
2231 4591 2457 4647 dicenda
2482 4598 2568 4645 est
2594 4606 2758 4660 quam
2783 4587 2932 4650 Jesu,
2951 4589 3008 4644 in
3041 4589 3185 4644 hunc
3225 4587 3480 4643 mundum

1911 4684 2244 4740 advenientis
2274 4682 2661 4750 habitaculum,
2694 4683 2787 4754 qui
2812 4682 3001 4738 habitu
3029 4680 3209 4739 carnis
3235 4681 3484 4736 inventus

1910 4784 1996 4832 est
2017 4784 2078 4831 ut
2100 4775 2298 4830 homo?
2325 4774 2433 4829 Illis
2460 4774 2605 4828 enim
2633 4773 2977 4846 evangelistis
3000 4774 3092 4844 qui
3124 4788 3191 4828 ex
3218 4771 3348 4827 Levi
3376 4769 3481 4826 orti

1911 4877 2054 4936 sunt,
2090 4876 2152 4923 ut
2179 4868 2460 4923 Matthaeus
2514 4875 2570 4922 et
2608 4867 2837 4934 Marcus,
2865 4867 3080 4940 dignius
3109 4880 3271 4936 quam
3323 4869 3483 4917 caete-

1912 4962 2010 5028 ris,
2040 4961 2360 5032 mysterium
2403 4961 2788 5016 incarnationis
2815 4961 3059 5027 Domini,
3099 4973 3168 5013 ex
3201 4954 3330 5012 Levi
3351 4969 3484 5024 quo-
3521 4977 3524 4982 ·

1912 5069 2040 5127 que,
2060 5055 2306 5119 oriundi,
2357 5054 2594 5110 scribere
2643 5056 2989 5126 congruebat.
3033 5052 3230 5122 Aptum
3270 5062 3484 5118 quoque

1911 5155 2133 5214 eratjut
2169 5147 2359 5202 eadem
2392 5147 2632 5203 Levitica
2673 5163 2820 5213 caro,
2857 5147 2940 5201 vel
2983 5145 3194 5200 Marcus
3237 5141 3329 5213 qui
3362 5157 3482 5198 car-

1911 5241 2092 5297 nalem
2120 5242 2381 5312 originem
2412 5259 2476 5298 ex
2506 5243 2650 5298 tribu
2676 5243 2808 5299 Levi
2836 5247 3093 5305 traxerat,
3123 5239 3179 5294 in
3205 5254 3283 5306 se,
3315 5239 3372 5294 id
3400 5249 3486 5296 est

1913 5334 1969 5389 in
1999 5349 2097 5389 suo
2126 5334 2308 5390 animo
2332 5343 2387 5389 et
2423 5335 2720 5401 intellectu,
2764 5335 2985 5389 verbum
3023 5331 3171 5386 vocis
3197 5332 3481 5390 inveniret.

1916 5423 2019 5479 Ubi
2044 5424 2200 5480 nobis
2227 5433 2309 5480 est
2352 5425 2736 5482 advertendum
2775 5424 2917 5494 quod
2962 5424 3209 5493 quamvis
3249 5421 3484 5481 Joannes

1912 5515 2152 5588 Baptista
2195 5533 2327 5585 vox,
2372 5527 2427 5573 et
2455 5519 2701 5575 Christus
2737 5516 2963 5572 verbum
3002 5517 3327 5585 nominetur,
3375 5534 3482 5574 non

1912 5617 2095 5665 tamen
2124 5609 2370 5667 Christus
2395 5612 2543 5668 vocis
2575 5611 2660 5666 vel
2688 5608 2910 5665 Joannis
2933 5651 2948 5677 ,
2980 5610 3073 5665 sed
3102 5611 3280 5682 potius
3308 5609 3484 5666 Patris

1913 5701 2151 5760 Verbum
2175 5712 2258 5761 est
2276 5704 2359 5760 vel
2378 5704 2564 5760 Filius.
2586 5703 2876 5758 Possumus
2897 5710 3078 5760 tamen
3102 5701 3285 5760 Jesum
3309 5703 3483 5772 ipsum

1912 5797 2140 5854 verbum
2203 5796 2388 5867 vocis,
2450 5793 2634 5852 Jesum
2679 5794 2972 5866 incongrue
3024 5795 3204 5858 dicere
3258 5793 3482 5850 verbum
