4046 6332
1968 288 2237 354 sanum
2272 288 2470 353 scen

3734 296 3846 358 284

568 414 817 482 Joannis,
846 413 943 484 qui
971 427 1075 470 vos
1100 413 1435 480 mihinatur,
1462 413 1588 483 quia
1617 412 1855 469 Verbum
1886 412 1972 467 vel
1994 410 2151 468 Chri—
2175 415 2229 476 Α
2248 422 2375 467 esse
2397 420 2711 486 agnoverat.
2745 414 2919 471 Totas
2956 408 3139 487 itaque
3166 412 3368 472 dicitur
3407 410 3494 472 vei
3539 412 3736 489 plenus
3760 424 3847 478 vel

570 516 735 585 stum,
761 506 1054 579 praeundo
1106 507 1454 577 praedicabat.
1510 504 1646 561 Nam
1697 506 1923 560 verbum
1976 506 2148 571 vocis,

568 603 797 659 verbum
820 600 905 656 vel
941 615 1246 656 sermonem
1269 641 1285 668 ,
1337 614 1500 671 quem
1524 614 1631 655 vox
1665 598 1926 670 loquitur,
1966 600 2151 655 dicere

565 708 877 767 possumus.
907 691 1028 751 Non
1051 691 1195 762 quod
1219 690 1454 749 Joannes
1474 692 1606 749 illud
1635 694 1855 747 verbum
1880 690 2148 762 genuerit,

569 786 664 842 sed
695 785 839 855 quod
885 791 1141 853 tanquam
1170 798 1293 848 vox,
1344 785 1520 853 ipsum
1552 783 1809 846 Verbum,
1857 783 1941 838 vel
1992 782 2150 838 Chri-

565 886 742 944 stum,
785 877 1157 949 prophetando
1192 878 1566 933 antecesserit.
1603 876 1736 944 Quis
1767 877 1912 932 enim
1938 875 2149 932 dubitet

564 971 709 1041 quod
734 985 840 1026 vox
864 978 1053 1025 nostra
1077 970 1229 1040 prius
1259 978 1435 1036 sonat,
1469 976 1530 1025 ut
1553 970 1895 1040 postmodum
1922 971 2147 1026 verbum

571 1060 748 1116 audiri
771 1061 978 1130 possit?

634 1150 769 1207 illud
806 1159 985 1206 autem
1012 1151 1154 1221 quod
1180 1149 1259 1206 ait
1307 1168 1320 1202 ε
1379 1167 1399 1203 ι
1453 1148 1596 1220 quod
1635 1149 1689 1203 in
1718 1151 2144 1207 consonantibus

559 1240 890 1312 perdiderat,
926 1262 946 1296 ι
999 1242 1154 1312 quasi
1202 1240 1592 1297 inextricabilis
1620 1242 1795 1296 nodus
1836 1256 1958 1296 esse
1997 1240 2146 1297 vide-

561 1342 669 1388 tur.
722 1334 858 1389 Nam
901 1336 949 1390 si
983 1335 1144 1406 hujus
1179 1333 1482 1405 argumenti
1522 1333 1748 1389 effector
1788 1334 1869 1389 sic
1915 1334 2140 1401 diceret,

558 1427 703 1497 quod
746 1430 1170 1484 consonantibus
1213 1427 1563 1498 prodiderat,
1620 1432 1681 1481 ut
1727 1434 1873 1483 esset
1920 1443 2137 1496 sensus,

2251 506 2544 577 perfectus,
2576 509 2700 578 quia
2743 505 2899 579 plena
2924 514 2979 563 et
3005 507 3243 580 perfecta
3278 502 3347 564 de
3373 504 3605 565 Domino
3630 510 3839 568 retulit.

2248 599 2309 653 in
2336 598 2527 671 primis
2553 599 2771 666 dicitur,
2800 600 2885 655 vel
2931 600 2984 654 in
3022 600 3416 672 principalibus
3444 595 3728 673 Evangelii
3761 607 3843 661 sui

2250 691 2385 747 locis
2414 711 2426 746 :
2458 709 2567 760 non
2595 692 2740 747 enim
2768 708 2867 763 per
2894 693 3078 747 omnia
3118 694 3172 748 in
3200 693 3397 750 mediis
3424 708 3605 764 neque
3634 696 3691 750 in
3714 696 3844 752 ulti-

2252 785 2357 839 mis
2377 784 2530 851 locis,
2568 791 2712 840 totus
2737 790 2851 839 tota
2878 784 3124 859 protulit,
3152 798 3276 841 cum
3314 784 3484 841 multa
3527 786 3584 841 in
3616 788 3841 857 quibus-

2249 875 2372 929 dam
2402 881 2517 931 tota
2544 874 2923 945 praetermisit,
2973 876 3068 932 sed
3098 877 3153 931 in
3189 877 3382 951 primis
3409 887 3558 935 totos
3584 881 3704 935 hzec
3730 889 3839 937 tota

2246 951 2485 1021 breviter
2532 968 2805 1033 narravit;
2861 969 3256 1039 expositionem
3305 969 3560 1026 videlicet
3610 972 3835 1039 deserti,

2239 1057 2509 1130 jejunium
2535 1062 2769 1133 numeri,
2810 1064 3165 1118 tentationem
3211 1059 3427 1129 diaboli,
3464 1066 3839 1136 congregatio-

2245 1163 2371 1205 nem
2393 1150 2715 1223 bestiarum,
2753 1161 2807 1208 et
2838 1150 3198 1208 ministerium
3226 1153 3561 1225 angelorum.
3608 1153 3714 1210 Ubi
3744 1170 3838 1213 no-

2244 1241 2466 1297 tandum
2489 1258 2656 1313 quare
2677 1244 2942 1316 jejunium
2966 1244 3200 1311 numeri,
3232 1253 3286 1300 ct
3314 1260 3420 1301 non
3440 1246 3618 1317 potius
3649 1263 3836 1303 nume-

2244 1346 2365 1389 rum
2385 1333 2575 1403 jejunii
2605 1336 2823 1409 dixerit,
2839 1336 2941 1393 nisi
2966 1338 3091 1408 quia
3113 1336 3441 1394 eminentior
3468 1346 3554 1394 est
3576 1352 3835 1395 numerus

2243 1438 2407 1494 quam
2448 1425 2734 1497 jejunium.
2776 1426 2892 1483 Non
2926 1428 3082 1483 ‘enim
3128 1441 3388 1484 numerus
3433 1437 3660 1500 propter
3702 1428 3837 1505 jeju-

557 1521 703 1591 quod
754 1521 967 1577 Marcus
1013 1523 1119 1576 hoc
1176 1522 1401 1576 verbum
1455 1521 1642 1586 vocis,
1693 1520 1779 1575 vel
1829 1535 2137 1577 sermonem
2245 1516 2430 1584 nium,
2484 1518 2576 1573 sed
2624 1526 2847 1589 propter
2887 1525 3158 1574 sacratum
3202 1534 3520 1585 numerum,
3566 1517 3833 1590 ieiunium

555 1608 807 1677 Joannis,
856 1612 1024 1666 etiam
1052 1612 1175 1667 aliis
1215 1610 1561 1683 evangelistis
1597 1611 1758 1667 simul
1791 1628 1915 1668 cum
1958 1613 2140 1669 Marco
2242 1608 2373 1663 illud
2413 1616 2492 1664 tot
2520 1609 2729 1664 dierum
2754 1618 2809 1664 et
2834 1608 3073 1665 noctium
3101 1610 3276 1666 fuerat
3304 1618 3657 1666 transactum.
3700 1609 3835 1665 Nam

555 1703 1000 1767 consonantibus,
1057 1698 1520 1769 manlfestaverat,
1571 1702 1744 1760 facilis
1782 1698 2139 1776 intelligentia
2168 1764 2211 1776 _
2244 1700 2705 1773 quadragenarius
2743 1716 3003 1758 numerus
3044 1717 3301 1775 magnum
3332 1700 3386 1758 in
3413 1717 3473 1759 se
3509 1704 3831 1776 mysterium

554 1804 719 1851 esset.
767 1794 875 1851 Sed
918 1764 1043 1851 cum
1088 1808 1194 1850 non
1238 1764 1542 1867 prodiderat
1581 1797 1677 1852 sed
1718 1764 2034 1867 perdiderat,
2084 1797 2140 1853 in
2166 1764 2215 1826 Β
2240 1764 2504 1859 continet,
2533 1800 2587 1848 et
2628 1792 2696 1849 ab
2738 1794 2842 1849 hoc
2867 1793 3002 1849 illud
3026 1764 3291 1866 jejunium
3332 1793 3540 1875 preprii
3567 1764 3720 1865 juris
3755 1805 3835 1852 est

553 1887 956 1960 exemplaribus
997 1887 1259 1956 scriptum
1304 1888 1566 1954 habetur,
1606 1886 2027 1958 perquirenduni
2057 1891 2141 1943 est
2239 1880 2408 1955 ipsius
2433 1884 2851 1955 quadragenarii
2890 1886 3122 1941 numeri.
3165 1882 3275 1942 Cur
3308 1894 3489 1942 autem
3532 1896 3682 1943 totus
3722 1890 3833 1945 haec

554 1978 824 2049 quomodo
862 1976 1074 2033 Marcus
1102 1979 1207 2033 hoc
1235 1978 1460 2033 verbum
1504 1977 1653 2033 vocis
1696 1978 1749 2032 in
1794 1976 2141 2033 consonanti-
2240 1986 2354 2033 tota
2381 1977 2706 2048 protulerit?
2734 1996 2753 2029 ‹
2787 1976 2861 2034 Ut
2880 1976 3191 2045 instituens,
3216 1974 3414 2049 inquit,
3446 1994 3545 2051 nos
3580 1980 3650 2035 ad
3682 1979 3831 2037 intel-

560 2070 664 2127 bus
696 2071 820 2127 aliis
857 2069 1202 2142 evangelistis
1234 2068 1548 2142 perdiderit.
1593 2069 1674 2124 An
1724 2068 1864 2126 forte
1905 2070 1961 2141 in
2007 2069 2139 2140 ipsis
2238 2064 2552 2136 ligendum,
2590 2086 2610 2119 ι
2664 2073 2719 2123 et
2764 2067 2972 2138 reliqua
3021 2082 3237 2139 usque:
3293 2086 3314 2121 ‹
3362 2082 3471 2126 non
3521 2082 3773 2144 negaret.
3806 2090 3824 2125 ι

557 2162 665 2219 hoc
684 2164 909 2219 verbum
933 2164 1085 2219 vocis
1114 2174 1220 2218 non
1264 2164 1563 2228 invenerat,
1592 2171 1656 2218 ut
1683 2164 1789 2218 hoc
1809 2164 1880 2219 sit
1907 2164 2142 2234 perdere
2237 2156 2439 2226 Aptum
2468 2171 2704 2226 namque
2729 2164 2847 2213 erat
2870 2167 2931 2212 ut
2956 2156 3167 2229 singula
3191 2158 3470 2216 Dominica
3498 2170 3652 2233 gesta
3675 2165 3827 2235 quasi

555 2254 699 2326 quod
726 2263 811 2312 est
833 2270 939 2312 non
964 2257 1241 2312 invenire?
1262 2255 1487 2312 Constat
1508 2270 1745 2327 namque
1769 2255 1913 2325 quod
1935 2264 2139 2326 myste.
2238 2246 2295 2301 in
2325 2247 2475 2301 brevi
2511 2247 2716 2318 pugillo
2745 2249 2860 2331 sive
2887 2246 3079 2304 tabella
3110 2250 3465 2321 astringeret,
3513 2253 3643 2324 quia
3693 2256 3829 2311 sicut

550 2347 697 2403 rium
748 2348 1136 2403 incarnationis
1189 2345 1395 2403 Christi
1441 2345 1655 2401 Marcus
1707 2345 1856 2401 Petri
1908 2343 2139 2415 apostoli
2237 2338 2372 2395 nihil
2405 2348 2491 2395 est
2518 2331 2848 2397 fastidiosius
2876 2340 3215 2415 prolixitate,
3244 2343 3328 2399 ita
3360 2343 3492 2400 nihil
3518 2354 3606 2401 est
3624 2349 3829 2421 gratius

548 2437 868 2507 discipulus,
920 2446 1033 2492 tam
1060 2451 1129 2492 ex
1164 2437 1483 2508 prophetica
1513 2450 1676 2507 quam
1723 2448 1791 2491 ex
1824 2435 2134 2507 apostolica

547 2528 792 2584 doctrina
834 2535 1169 2598 perceperat.
1212 2527 1415 2583 Tamen
1449 2528 1676 2583 verbum
1724 2527 1919 2583 divinat
1961 2529 2132 2596 vocis,

549 2620 635 2677 vel
664 2618 960 2686 Christum,
995 2619 1293 2676 secundum
1322 2618 1578 2675 deitatem
1608 2619 1840 2677 Verbum
1870 2632 1993 2675 esse
2030 2618 2135 2674 Pa-

549 2713 688 2780 tris,
731 2713 787 2768 in
841 2713 1268 2769 consonantibus
1316 2712 1661 2784 evangelistis
1688 2753 1703 2778 ,
1749 2708 1835 2768 vel
1880 2711 2133 2767 Mattbteo

548 2810 605 2861 et
650 2803 819 2872 Luca,
851 2802 944 2876 qui
991 2804 1287 2861 secundum
1332 2805 1618 2874 quosdam,
1659 2810 1719 2858 ut
1762 2800 2131 2860 ecclesiastica

550 2894 682 2951 dicit
715 2893 964 2962 historia,
996 2903 1122 2950 ante
1159 2894 1399 2951 Marcum
1426 2895 1603 2967 primo
1629 2907 1727 2951 sua
1757 2895 2133 2966 conscripsere

550 2987 863 3061 Evangelia,
894 2995 1254 3045 monstratum
1280 3004 1386 3045 non
1414 2988 1712 3054 invenerat,
1733 2989 2001 3059 siquidem
2024 2989 2131 3045 hoc

548 3079 699 3135 verbi
722 3080 1039 3152 mysterium
1064 3079 1354 3150 aliquando
1372 3079 1780 3139 monstrandum
1809 3080 1910 3135 soli
1930 3078 2125 3135 Joanni

546 3181 809 3249 tanquam
836 3174 996 3230 altius
1037 3174 1240 3229 volanti
1274 3172 1466 3244 aquilae
1500 3171 1678 3229 fuerat
1714 3174 2121 3230 reservandum.

545 3264 761 3321 Etcum
803 3263 1014 3322 Marcus
1037 3276 1225 3321 vocem
1254 3263 1559 3329 clamantis,
1590 3266 1695 3321 hoc
1725 3271 1809 3320 est
1835 3263 2120 3331 Joannem,

541 3368 732 3411 vocem
762 3353 929 3411 fuisse
959 3355 1182 3422 dictum,
1211 3355 1373 3410 etiam
1399 3353 1521 3410 aliis
1549 3354 1895 3425 evangelistis
1925 3368 2121 3410 censos

539 3448 815 3516 nantibus,
839 3450 1137 3516 invenerat,
1162 3448 1438 3505 Christum
1461 3462 1673 3520 quoque
1699 3451 1925 3522 verbum
1950 3450 2120 3516 vocis,

538 3541 667 3599 licet
695 3558 803 3599 non
835 3544 887 3598 in
916 3540 1144 3599 aliorum
1187 3542 1426 3617 scriptis,
1472 3549 1652 3598 tamen
1686 3542 1740 3604 in
1765 3556 1846 3608 se,
1884 3541 1939 3597 id
1959 3548 2044 3598 cst
2068 3542 2122 3597 in

539 3646 637 3693 sua
680 3645 884 3704 mente,
930 3637 1116 3708 procul
1158 3637 1322 3694 dubio
1363 3638 1587 3694 invenit.
1637 3638 1895 3706 Quamvis
1941 3638 2124 3709 itaque

538 3726 754 3785 Marcus
797 3729 852 3783 in
880 3729 1303 3785 consonantibus
1345 3729 1712 3801 evangelistis,
1743 3729 1828 3785 vel
1870 3728 2121 3787 Matthteo

536 3828 593 3875 et
618 3820 792 3886 Luca,
824 3820 1000 3893 ipsum
1026 3820 1287 3876 Joannem
1317 3822 1539 3875 nomine
1574 3821 1723 3875 vocis
1751 3829 2120 3890 nuncupatum

538 3925 660 3967 esse
688 3911 984 3977 invenerat,
1013 3920 1196 3969 tamen
1217 3912 1441 3968 verbum
1468 3910 1637 3979 vocis,
1664 3911 1749 3967 vel
1774 3914 1995 3968 unicum
2023 3913 2118 3969 Dei

537 4000 761 4072 Filium,
791 4003 1009 4059 nomine
1039 4001 1201 4059 Verbi
1226 4004 1586 4075 designatum,
1616 4004 1673 4058 in
1699 4005 2120 4060 consonantibus

538 4093 884 4165 evangelistis
911 4109 1018 4149 non
1057 4094 1290 4167 legerat,
1329 4094 1455 4150 dum
1492 4109 1666 4166 neque
1705 4096 1880 4151 adhuc
1927 4095 2119 4151 beatus

537 4182 777 4241 Joannes
817 4198 1075 4241 arcanum
1128 4187 1296 4257 ipsius
1334 4187 1498 4243 Verbi
1544 4187 1858 4259 mysterium
1900 4188 2118 4260 scriptis

2153 3125 2201 3191 C

2236 2429 2415 2485 lucida
2451 2431 2739 2486 brevitate.
2771 2430 2842 2487 Ut
2880 2447 2983 2488 nec
3022 2433 3103 2488 sic
3137 2434 3517 2491 auctoritatem
3552 2436 3720 2494 facta:
3754 2439 3827 2496 rei

2236 2522 2501 2578 demeret.
2541 2520 2933 2580 Auctoritatem
2977 2526 3221 2583 nominat
3258 2529 3536 2586 auctorale
3566 2533 3825 2609 magiste-

2235 2613 2396 2680 rium,
2424 2628 2531 2684 quo
2576 2629 2641 2670 ex
2680 2630 2779 2672 ore
2816 2615 2962 2673 Petri
3003 2620 3234 2689 apostoli
3281 2620 3347 2677 de
3369 2620 3531 2681 dictis
3563 2632 3623 2679 et
3670 2623 3829 2704 factis

2233 2704 2529 2761 Dominicis
2571 2707 2786 2764 Marcus
2820 2707 2999 2765 fuerat
3045 2708 3362 2769 instructus.
3408 2712 3553 2787 Ergo
3588 2718 3733 2777 sicut
3760 2734 3823 2778 ex

2232 2797 2544 2867 magisterio
2580 2797 2726 2854 Petri
2755 2801 2988 2874 apostoli
3017 2803 3188 2874 ipsam
3228 2804 3427 2862 factam
3454 2822 3594 2879 rem,
3627 2810 3696 2879 id
3722 2819 3822 2881 est,

2231 2897 2440 2960 gestam
2464 2893 2800 2949 Dominicam
2831 2894 3117 2967 historiam
3149 2895 3363 2967 didicit,
3395 2901 3473 2957 sic
3498 2902 3813 2973 decurtans,

2231 2989 2393 3053 prout
2439 2982 2676 3054 Spiritus
2707 2997 2927 3043 sanctus
2958 2986 3073 3057 ejus
3103 2988 3435 3055 intellectum
3461 2995 3823 3071 gubernabat,

2211 3074 2484 3130 ‘eamdem
2508 3075 2788 3131 historiam
2811 3077 3006 3134 litteris
3034 3080 3289 3148 tradidit,
3318 3092 3375 3137 et
3392 3090 3573 3140 tamen
3603 3085 3672 3142 de
3692 3088 3822 3165 ipsis

2229 3181 2350 3238 qua
2381 3167 2697 3236 scripserat,
2738 3166 2967 3226 tacendo
2994 3178 3048 3225 et
3070 3171 3296 3228 celan‘do
3321 3174 3455 3229 nihil
3477 3176 3816 3251 dempserat.

2227 3257 2426 3329 Sicque
2445 3272 2547 3315 suo
2562 3260 2713 3330 operi
2735 3261 3048 3333 evangelico
3071 3264 3401 3334 perficiendo
3427 3267 3821 3343 plenitudinem

2224 3364 2335 3406 non
2378 3352 2634 3422 negavit,
2675 3352 2804 3408 dum
2841 3355 3063 3425 plenum
3106 3368 3242 3429 Opus
3288 3368 3355 3417 ex
3400 3362 3659 3419 omnibus
3701 3380 3820 3437 qua:

2232 3443 2479 3500 scribere
2500 3453 2759 3516 coeperat,
2790 3445 2919 3502 licet
2943 3448 3095 3504 brevi
3120 3465 3390 3520 sermone,
3421 3452 3672 3529 perfecit.

2295 3535 2534 3592 Marcum
2565 3537 2744 3609 itaque
2782 3540 2850 3594 ad
2880 3555 3014 3611 opus
3050 3544 3418 3616 evangelicum
3457 3545 3645 3605 divina
3678 3565 3819 3621 prae-

2222 3626 2580 3684 destinatione
2603 3628 2771 3685 fuisse
2794 3629 3026 3686 electum
3046 3674 3060 3699 ,
3095 3642 3150 3690 et
3185 3636 3328 3707 quod
3352 3637 3495 3695 nulla
3525 3643 3819 3700 occasione

2221 3721 2625 3791 praedestinatio
2669 3720 2883 3779 Domini
2928 3728 3102 3797 possit
3146 3730 3417 3803 impediri,
3467 3737 3818 3797 attendamus

2221 3813 2278 3868 in
2304 3828 2373 3869 eo
2411 3815 2559 3884 quod
2590 3816 2854 3886 sequitur.
2894 3836 2913 3869 ‹
2948 3818 3190 3893 Denique
3223 3831 3530 3899 amputasse
3556 3828 3660 3885 sibi
3687 3839 3816 3900 post

2221 3904 2384 3961 ﬁdem
2397 3906 2646 3976 pollicem
2668 3904 2888 3975 dicitur,
2916 3928 2935 3963 ι
2954 3916 3010 3965 et
3030 3911 3237 3983 reliqua
3257 3929 3461 3991 usque:
3483 3935 3502 3968 ι
3524 3920 3817 3992 episcopus

2219 3993 2341 4051 fuit.
2378 4014 2398 4048 ι
2435 3997 2550 4052 Mos
2578 3996 2758 4053 fuerat
2799 3998 3054 4056 Hebraici
3082 4002 3263 4073 populi
3313 4012 3374 4065 ut
3419 4007 3599 4064 nullus
3659 4010 3815 4067 inho-

2219 4096 2433 4143 nestam
2480 4088 2687 4146 habens
2734 4091 2789 4147 in
2833 4107 3062 4163 corpore
3090 4095 3378 4163 maculam,
3435 4099 3503 4154 ad
3553 4104 3815 4160 sacerdo-

2216 4178 2354 4233 tium
2401 4181 2726 4250 pcrveniret.
2775 4181 2893 4250 Quo
2942 4185 3170 4256 mystice
3234 4187 3568 4247 insinuatum
3620 4202 3703 4250 est
3749 4206 3816 4253 ut

537 4285 968 4345 monstraverat;
1001 4278 1145 4350 quod
1174 4287 1352 4335 tamen
1376 4280 1611 4335 Verbum
1642 4281 1696 4335 in
1721 4296 1802 4347 se,
1835 4280 1886 4337 id
1917 4291 2018 4350 est,
2060 4282 2115 4337 in

2231 4284 2380 4326 nemo
2420 4281 2769 4343 peccatorum
2803 4274 3032 4331 maculis
3063 4278 3467 4336 contaminatus
3495 4282 3809 4342 sacerdotio

540 4380 642 4425 suo
686 4368 979 4441 intellectu,
1012 4370 1190 4433 divina
1217 4370 1488 4428 revelante
1512 4373 1704 4444 gratia,
1752 4371 1963 4430 Marcus
1991 4388 2114 4446 pro-
2218 4360 2412 4432 diem
2446 4363 2536 4417 δίε·
2590 4363 2745 4430 Ουοά
2774 4364 2989 4421 Marcus
3022 4368 3317 4424 secundum
3359 4370 3601 4435 litteram
3630 4384 3813 4433 atten-

537 4459 627 4517 cul
654 4460 817 4518 dubio
856 4463 1157 4519 invenerat.
1203 4463 1389 4533 Neque
1431 4465 1575 4519 enim
1605 4473 1848 4520 sanctum
1880 4480 2111 4541 evange-
2134 4485 2191 4548 Ι)
2215 4454 2372 4548 deus,
2394 4463 2615 4548 propter
2660 4456 3022 4548 humilitatem
3064 4462 3364 4532 amputavit
3393 4464 3495 4520 sibi
3528 4465 3806 4538 pollicem.

534 4549 717 4605 listam
743 4591 759 4617 ,
805 4552 898 4622 qui
926 4553 1184 4624 templum
1213 4554 1309 4609 Dei
1341 4553 1571 4610 eiectum
1604 4563 1753 4619 erat,
1794 4554 2108 4626 mysterium
2134 4545 2172 4548 ”
2212 4559 2282 4599 ne
2304 4545 2578 4616 fastigium
2612 4546 2857 4603 melioris
2896 4550 3185 4607 sacerdotii
3216 4554 3371 4623 quasi
3395 4552 3511 4625 jam
3541 4558 3809 4629 reprobus

535 4639 690 4695 verbi
720 4639 913 4695 divinae
937 4642 1086 4696 vocis
1109 4640 1332 4708 latebat,
1352 4642 1599 4713 quamvis
1624 4642 1850 4697 aliorum
1873 4657 2109 4714 evange—
2211 4637 2552 4693 ascenderet.
2579 4637 2685 4694 Sed
2712 4639 2768 4694 in
2789 4655 2853 4695 eo
2880 4641 2998 4713 ipso
3020 4656 3129 4712 quo
3165 4656 3225 4699 se
3245 4644 3523 4721 indignum
3548 4651 3808 4709 sacerdo-

533 4729 784 4787 listarum
809 4731 1028 4803 scriptis
1052 4733 1156 4788 hoc
1176 4734 1400 4789 verbum
1426 4749 1535 4789 non
1561 4734 1841 4789 didicerat.
2210 4730 2290 4784 tio
2324 4731 2652 4798 aestimavit,
2697 4733 2872 4803 magis
2913 4733 3090 4791 factus
3134 4745 3219 4793 est
3259 4739 3473 4817 dignus.
3513 4739 3655 4800 Nam
3710 4760 3805 4800 se-

606 4826 911 4898 Sequitur:
953 4846 974 4880 ‹
1014 4827 1255 4901 Denique
1289 4838 1345 4886 et
1387 4831 1615 4903 perfecti
1653 4831 1928 4905 Evangelii
1975 4848 2110 4904 opus
2214 4823 2450 4878 cundum
2498 4824 2735 4879 divinam
2792 4826 3323 4895 praedestinationem
3368 4847 3477 4887 non
3523 4840 3804 4907 utcunque

532 4916 763 4987 intrans,
802 4932 821 4973 ι
861 4926 919 4976 et
943 4920 1145 4991 reliqua
1175 4938 1381 4993 usque:
1418 4942 1437 4976 ‹
1472 4925 1695 4995 protulit
1718 4927 2043 4998 angelorum.
2084 4947 2103 4980 ι
2215 4915 2472 4970 sacerdos
2504 4915 2591 4969 V81
2621 4916 2829 4982 ἀοοῐοτν
2872 4916 2985 4979 88d.
3013 4919 3177 4974 Etiam
3229 4922 3662 4992 praeclarissima:
3705 4943 3803 4983 ur-

530 5008 836 5066 Peri'ectum
859 5011 1209 5084 Evangelium
1232 5016 1430 5072 dicitur
1458 5019 1600 5088 quod
1628 5034 1727 5088 per
1752 5021 2041 5075 triennium
2057 5030 2111 5077 et
2210 5005 2296 5061 bis
2321 5004 2664 5062 Αῗθκίιηάτίίθ
2688 5008 2973 5080 episcopus
2999 5012 3229 5081 815m“:
3263 5023 3323 5069 ιη
3345 5019 3437 5087 (illi
3468 5017 3658 5074 (ἴτωεο
3683 5033 3802 5075 Ser-

531 5103 695 5158 semis
722 5112 844 5175 post
877 5115 1188 5176 perceptum
1228 5106 1295 5162 ab
1324 5107 1530 5164 Joanne
1570 5111 1894 5181 baptismum
1936 5129 2107 5183 usque

532 5194 600 5249 ad
634 5203 843 5266 tempus
874 5212 985 5253 suae
1022 5200 1290 5269 passionis
1330 5208 1386 5254 et
1423 5203 1839 5258 resurrectionis
1878 5203 1945 5257 ab
1992 5204 2108 5273 ipso

529 5281 762 5339 Domino
802 5285 981 5342 fuerat
1027 5290 1400 5359 praedicatum.
1460 5291 1689 5360 Ideoque
1733 5305 1831 5361 per
1874 5292 2107 5348 hominis

529 5375 761 5433 formam
810 5379 1023 5437 Marcus
1050 5382 1383 5454 designatur,
1424 5392 1546 5437 cum
1590 5399 1653 5439 ea
1683 5386 1951 5455 przecipue
1986 5402 2106 5458 qua:

529 5470 692 5527 homo
719 5470 967 5530 Christus
995 5475 1051 5529 in
1073 5491 1236 5531 carne
1256 5483 1518 5547 gesserat,
1550 5476 1787 5531 breviter
1811 5479 2102 5543 enarravit,

528 5562 732 5620 omisso
781 5565 988 5621 scilicet
1032 5567 1216 5633 Verbi,
1249 5567 1390 5638 quod
1416 5573 1499 5623 est
1527 5568 1794 5635 Christus,
1825 5572 2101 5642 mysterio,

529 5666 691 5726 atque
715 5658 899 5713 carnis
924 5656 1235 5727 genealogis
1271 5674 1434 5728 quam
1465 5658 1518 5713 in
1546 5659 1816 5729 prioribus
1840 5661 2105 5733 evangeli-

528 5749 648 5815 stis,
693 5748 745 5804 id
787 5756 889 5815 est,
936 5748 1189 5804 llattbmo
1215 5758 1269 5804 et
1298 5749 1462 5817 Luca,
1509 5751 1741 5822 pleniter
1775 5752 2102 5824 descriptam

2212 5111 2372 5151 mone
2424 5097 2775 5169 Evangelium
2834 5101 3154 5171 scripserat,
3186 5103 3392 5165 Graecis
3451 5106 3650 5164 ibidem
3698 5109 3799 5164 ha-

2211 5189 2509 5246 bitantibus
2545 5197 2599 5245 et
2647 5192 2858 5247 cunctis
2903 5191 3101 5248 Africa:
3129 5197 3403 5266 gentibus,
3436 5198 3591 5269 quasi
3631 5206 3798 5255 terra:

2213 5285 2519 5359 inaquoste,
2550 5285 2714 5340 divini
2753 5286 3021 5356 dogmatis
3060 5285 3260 5344 fluenta
3290 5289 3644 5349 ministraret.

2281 5377 2378 5433 His
2407 5378 2686 5450 expositis,
2729 5379 2907 5434 brevis
2944 5381 3250 5452 argumenti
3287 5381 3564 5439 conclusio
3607 5383 3795 5442 subdi-

2208 5478 2330 5526 tur:
2353 5489 2373 5523 ‹
2393 5471 2544 5542 cujus
2565 5486 2662 5542 per
2677 5471 2884 5543 singula
2900 5486 3035 5543 cpus
3053 5473 3211 5540 scire,
3237 5493 3254 5526 ι
3281 5482 3334 5529 et
3356 5474 3563 5546 reliqua
3581 5468 3752 5544 usque
3774 5492 3790 5528 :

2215 5581 2235 5616 ‹
2253 5563 2500 5619 Volumus
2520 5563 2755 5635 agnosci.
2780 5582 2797 5616 ι
2820 5561 2915 5618 His
2942 5565 3275 5621 sententiolis
3295 5567 3544 5631 omnibus
3562 5567 3789 5621 verbum

2210 5658 2354 5731 quod
2405 5667 2489 5715 cst
2529 5657 2765 5713 volumus
2797 5672 2894 5729 per
2933 5672 3157 5729 zeugma
3207 5660 3631 5720 subnectendum
3679 5666 3785 5715 est.

2208 5754 2284 5812 Ut
2310 5753 2383 5810 sit
2408 5766 2618 5820 sensus,
2648 5752 2802 5823 cujus
2827 5764 2925 5821 per
2945 5751 3154 5823 singula
3182 5766 3316 5823 opus
3343 5752 3484 5809 scire
3510 5751 3781 5815 volumus,
