4046 6332
244 386 350 448 285

1120 386 1482 447 EXPOSITIO
1518 389 1589 448 IN
1621 378 2115 453 “(imm
2148 393 2402 454 EVANG.
2445 394 2673 456 ΙιυϐλΕ.

237 510 295 560 et
330 496 607 579 Evangelii
637 501 692 560 in
715 514 773 559 se
799 498 941 559 dicta
973 500 1261 574 disponere
1298 502 1563 572 volumus,
1593 512 1649 562 et
1688 507 1818 563 divi-
1841 512 1895 574 Α
1918 517 2174 578 prestat,
2223 512 2364 571 Deus
2389 520 2502 569 .est.
2533 531 2553 566 ι
2594 513 2750 571 nunc
2792 524 3014 581 sensum
3043 517 3362 589 'Apttstolus
3413 524 3488 583 ita

234 609 359 655 nam
405 594 457 650 in
486 606 649 650 carne
671 592 769 650 Dei
793 592 1094 665 intelligere
1120 602 1369 650 naturam
1391 596 1659 663 volumus,
1687 612 1808 668 quae

233 701 332 745 nos
402 686 638 761 primum
690 685 894 757 requiri
953 687 1243 750 volumus.
1301 687 1499 743 dehinc
1550 687 1807 759 inquisita

231 778 454 855 agnosci
498 778 764 834 volumus.
793 777 945 846 Quod
984 793 1115 835 vero
1144 779 1241 846 ait,
1293 780 1627 851 disciplinam
1676 780 1809 851 legis

231 888 333 929 nos
366 870 421 927 in
453 868 636 929 Marco
678 884 991 947 agnoscere,
1034 878 1143 927 tam
1196 873 1541 943 propheticas
1589 880 1807 929 senten-

229 962 334 1020 tias
364 978 525 1035 quam
558 963 867 1019 testimonia
915 979 981 1019 ex
1023 963 1201 1021 divina
1250 966 1365 1037 lege
1421 976 1653 1040 sumpta,
1685 968 1807 1024 ubi-

226 1070 439 1127 cunque
466 1053 520 1113 in
563 1052 858 1124 Evangeiio
896 1050 1063 1111 Marci
1111 1056 1548 1124 introducantur,
1585 1075 1694 1115 non
1724 1059 1807 1115 in-

223 1164 461 1220 congrue
492 1146 806 1217 accipimus.
838 1144 993 1217 Stepe
1042 1162 1276 1219 namque
1324 1150 1543 1205 nomine
1580 1150 1715 1222 legis
1748 1157 1804 1207 et

224 1240 461 1299 Mosaica
496 1238 605 1306 lex,
631 1245 688 1293 et
716 1238 1023 1310 prophetia,
1060 1249 1115 1295 et
1144 1240 1401 1312 psalmus,
1432 1242 1801 1314 designantur.

220 1335 411 1410 Itaque
435 1330 598 1405 hujus
637 1332 941 1410 argumenti
989 1342 1236 1407 repertor
1259 1347 1359 1405 pro
1402 1347 1501 1390 suo
1531 1334 1716 1391 labore
1745 1350 1804 1392 se

222 1428 530 1485 mercedem
586 1432 938 1496 accepturum
1016 1433 1235 1497 sperat,
1296 1426 1373 1481 ita
1428 1426 1800 1500 subjungens:

225 1537 248 1572 ι
288 1517 549 1574 habentes
583 1519 887 1577 mercedem
930 1517 1325 1573 exhortationis
1352 1531 1367 1572 :
1397 1519 1488 1590 qui
1515 1518 1721 1590 plantat
1744 1527 1799 1576 et

216 1608 313 1681 qui
363 1609 540 1685 rigat,
589 1623 756 1664 unum
802 1617 966 1676 sunt,
1025 1609 1119 1682 qui
1173 1616 1353 1665 autem
1398 1611 1797 1668 incrementum

228 1753 2653 1783 mm

1911 598 2101 652 scribit
2140 615 2154 653 :
2199 598 2313 670 Ego
2356 600 2608 673 planum,
2633 604 2822 676 Apollo
2876 608 3087 680 rigavit,
3121 608 3266 669 Deus
3311 619 3505 671 autem

1909 689 2286 747 incrementum
2322 694 2485 750 dedit.
2523 695 2814 766 Apostolus
2840 698 3066 771 plantat,
3097 700 3227 763 dum
3244 702 3299 765 in
3326 702 3488 760 vinea

1910 777 2220 849 Dominica,
2252 786 2339 841 vel
2367 787 2422 843 in
2460 786 2661 847 Christi
2700 790 2942 853 Ecclesia
2964 830 2981 859 ,
3011 793 3169 857 ﬁdem
3195 797 3487 861 rudicando

1909 872 2161 933 laborat:
2186 876 2380 946 Apollo
2420 896 2571 953 vero,
2602 891 2711 943 tam
2740 885 3061 955 baptismate
3102 904 3263 959 quam
3296 891 3486 951 subsc-

1911 966 2096 1034 quenti
2119 967 2516 1028 exhortationis
2543 972 2809 1041 doctrina.
2842 977 3061 1035 eosdem
3082 977 3273 1049 irrigat
3299 998 3311 1035 :
3340 979 3484 1041 Deus

1907 1065 2091 1115 tamen
2123 1060 2520 1121 incrementum
2548 1064 2672 1122 ﬁdei
2699 1068 2813 1125 suis
2832 1067 3079 1127 ﬁdelibus
3100 1070 3306 1129 tribuit.
3340 1071 3483 1140 Ergo

1906 1156 1961 1203 et
1988 1150 2081 1218 qui
2126 1150 2335 1220 plantat
2383 1160 2439 1208 et
2490 1155 2582 1223 qui
2644 1156 2807 1229 rigat,
2861 1174 3027 1221 unum
3079 1170 3226 1231 sunt,
3264 1162 3390 1234 quia
3431 1163 3485 1220 id

1907 1241 2083 1311 ipsum
2117 1243 2365 1310 credunt,
2393 1244 2447 1301 id
2487 1246 2665 1316 ipsum
2696 1248 3042 1311 desiderant;
3069 1252 3116 1311 si
3152 1253 3371 1324 quidem
3400 1253 3483 1307 in-

1905 1334 2191 1404 quirendo,
2227 1337 2571 1407 inveniendo,
2624 1343 2960 1403 exhortando
2980 1385 2994 1414 .
3037 1348 3298 1415 docendo,
3339 1349 3486 1409 veri-

1905 1433 2071 1484 tatem
2120 1431 2523 1500 apprehendere
2588 1433 3019 1497 desiderabiliter
3073 1448 3351 1510 exoptant.
3400 1440 3481 1497 Ex

1906 1518 2104 1588 quibus
2145 1529 2203 1577 et
2247 1538 2388 1579 unus
2424 1523 2526 1581 fuit
2570 1525 2729 1595 hujus
2757 1532 3065 1599 argumenti
3104 1540 3365 1603 repertor.

2057 1610 2204 1693 Finit
2234 1615 2291 1671 in
2329 1626 2691 1686 argumentum
2724 1619 3012 1683 secundum
3041 1621 3307 1683 Harum.

2751 1758 3469 1793 ,Ψ

1161 1861 1887 1942 ARGUMENTUM
1966 1866 2075 1945 ΙΝ
2155 1865 2530 1951 LUCAM.

1699 2015 1858 2083 (MIL,
1880 2015 2029 2082 ibid.)

287 2191 464 2251 Lucas
484 2191 707 2255 natione
729 2190 919 2265 Syrus,
955 2188 1361 2258 Antiochensis,
1386 2198 1505 2251 arte
1534 2191 1795 2262 medicus,
1826 2192 1875 2253 B
1904 2190 2069 2246 tionis
2105 2192 2161 2246 in
2200 2189 2419 2249 Christo
2455 2194 2717 2266 impletae,
2780 2199 3082 2267 repetendae
3132 2212 3166 2256 ι
3206 2206 3421 2276 princip
3442 2218 3481 2262 ο

209 2283 514 2356 discipulus
536 2283 923 2360 apostolorum,
944 2290 1132 2356 postea
1156 2296 1285 2341 vero
1312 2281 1539 2341 Paulum
1582 2293 1800 2345 secutus

207 2390 387 2446 usque
414 2376 486 2433 ad
509 2376 816 2446 passionem
842 2373 983 2446 ejus,
1003 2373 1250 2435 serviens
1275 2373 1505 2435 Domino
1534 2375 1655 2433 sine
1688 2376 1799 2433 cri-

208 2469 362 2531 mine
408 2468 561 2540 (nam
589 2482 767 2539 neque
813 2480 1040 2523 uxorem
1070 2480 1312 2536 unquam
1340 2465 1567 2531 habuit,
1618 2480 1799 2536 neque

208 2558 419 2634 ﬁlios),
466 2559 809 2633 septuaginta
854 2565 910 2617 et
960 2566 1195 2639 quatuor
1239 2572 1507 2621 annorum
1550 2557 1687 2615 obiit
1739 2556 1795 2613 in

207 2653 462 2727 Bithynia
488 2650 680 2725 plenus
728 2649 935 2721 Spiritu
962 2658 1172 2711 sancto.
1214 2646 1337 2719 Qui,
1370 2664 1491 2709 cum
1516 2647 1631 2721 jam
1660 2648 1794 2705 scri-

206 2755 301 2818 pta
348 2753 535 2809 essent
583 2743 908 2818 Evangelia;
958 2758 1057 2819 per
1110 2742 1421 2802 Matthaeum
1472 2742 1692 2815 quidem
1739 2742 1794 2799 in

206 2838 418 2907 Iudaea,
443 2854 546 2910 per
571 2837 813 2899 Marcum
858 2842 1042 2893 autem
1068 2834 1127 2893 in
1172 2834 1365 2907 Italia,
1416 2843 1603 2895 sancto
1641 2832 1795 2893 insti-

206 2935 374 3004 gante
424 2928 634 3003 Spiritu
660 2968 677 2997 .
724 2928 784 2987 in
838 2924 1060 2987 Achaiae
1106 2926 1356 2997 partibus
1412 2926 1518 2985 hoc
1575 2922 1796 2998 scripsit

205 3022 562 3095 Evangelium
585 3037 601 3075 :
628 3016 942 3093 signiﬁcans
971 3018 1137 3081 etiam
1158 3018 1274 3091 ipse
1294 3017 1347 3075 in
1376 3015 1646 3093 principio
1668 3026 1794 3079 ante

205 3117 315 3183 alia
340 3130 464 3177 esse
502 3112 798 3191 descripta.
842 3112 976 3181 Cui,
999 3120 1159 3175 extra
1186 3127 1252 3171 ea
1285 3128 1405 3184 quae
1454 3112 1590 3173 ordo
1628 3127 1793 3170 evan-

202 3210 392 3283 gelicae
416 3206 791 3281 dispositionis
813 3206 1081 3281 exposcit,
1118 3221 1184 3264 ea
1213 3207 1451 3265 maxime
1491 3209 1792 3269 necessitas

205 3304 415 3363 laboris
451 3303 573 3375 iuit,
601 3311 665 3363 ut
686 3303 925 3375 primum
960 3301 1165 3363 Graecis
1204 3302 1450 3361 ﬁdelibus
1487 3304 1637 3362 omni
1665 3321 1792 3376 pro-

203 3399 518 3471 phetatione
537 3397 751 3457 venturi
770 3398 827 3453 in
846 3412 1067 3457 carnem
1096 3397 1190 3457 Dei
1213 3397 1417 3459 Christi
1445 3398 1791 3463 manifeStata

202 3492 661 3559 bnmanitate,ne
698 3488 943 3559 Judaicis
976 3490 1177 3551 fabulis
1196 3492 1387 3549 attenti
1416 3492 1471 3553 iu
1500 3491 1617 3557 solo
1653 3491 1788 3565 legis

1904 2282 2207 2339 nativitatis
2229 2283 2480 2341 humana;
2496 2295 2740 2357 potestas
2763 2289 3028 2359 permissa
3055 2296 3142 2347 est
3164 2304 3180 2346 t
3202 2301 3265 2349 ut
3293 2296 3480 2367 requi-

1899 2376 2146 2431 rentibus
2188 2377 2586 2433 demonstraret
2634 2380 2687 2433 in
2731 2394 2840 2450 quo
2881 2384 3296 2453 apprehendens
3340 2397 3478 2455 erat,

1897 2480 1999 2538 per
2024 2465 2238 2522 Nathan
2266 2468 2465 2524 Filium
2505 2470 2729 2525 introitu
2754 2474 3089 2529 recurrentis
3112 2475 3169 2530 in
3193 2477 3363 2532 Deam
3387 2491 3478 2547 go—

1898 2557 2198 2615 nerationis
2223 2559 2480 2626 admisso,
2510 2560 2911 2631 indisparabiiis
2940 2564 3033 2619 Dei
3059 2580 3072 2618 ε
3096 2573 3157 2621 ut
3179 2566 3481 2636 pmdicans

1896 2650 1953 2706 in
1988 2650 2299 2707 hominibus
2326 2650 2601 2707 Christum
2634 2668 2814 2720 suum,
2862 2655 3093 2723 perfecti
3139 2670 3279 2728 opus
3306 2659 3480 2715 homi—

1894 2741 1981 2798 nis
2007 2743 2187 2799 redire
2237 2744 2293 2798 in
2335 2756 2395 2799 se
2421 2757 2521 2815 per
2553 2742 2726 2800 ﬁlium
2769 2744 2996 2814 faceret,
3048 2749 3140 2817 qui
3179 2762 3282 2819 per
3310 2750 3478 2807 David

1891 2845 2105 2907 patrem
2147 2835 2489 2893 venientibus
2535 2838 2643 2893 iter
2680 2840 2955 2910 praebebat
3002 2841 3059 2895 in
3096 2841 3334 2897 Christo.
3379 2842 3475 2899 Cui

1892 2929 2054 2986 Luca:
2075 2943 2184 2985 non
2223 2929 2496 2987 immerito
2516 2933 2681 2988 etiam
2709 2934 3123 2993 scribendorum
3153 2939 3478 3009 apostolico-

1892 3040 2015 3081 rum
2039 3025 2271 3082 Actuum
2299 3034 2541 3097 potestas
2570 3028 2626 3083 in
2655 3029 2916 3100 mysterio
2939 3032 3101 3085 datur
3125 3048 3142 3085 :
3180 3032 3380 3088 utnDeo
3420 3034 3475 3088 in

1891 3114 2065 3175 Deum
2101 3119 2278 3191 pleno,
2316 3129 2372 3177 et
2393 3121 2504 3178 ﬁlio
2527 3123 2847 3193 perditionis
2887 3126 3189 3194 exstincto,
3228 3129 3475 3184 oratione

1890 3210 1960 3266 ab
1985 3210 2242 3281 apostolis
2273 3212 2439 3279 facta,
2467 3223 2615 3270 sorte
2649 3214 2863 3271 Domini
2897 3214 3180 3274 electionis
3216 3232 3474 3275 numerus

1890 3303 2287 3376 complerctur;
2337 3306 2526 3377 sicque
2556 3307 2757 3364 Paulus
2784 3311 3306 3367 consummationem
3350 3326 3474 3383 apo-

1888 3395 2096 3451 stolicis
2118 3395 2345 3452 Actibus
2373 3398 2546 3464 daret,
2561 3414 2723 3471 quem
2748 3399 2839 3456 diu
2867 3409 3058 3457 contra
3082 3401 3361 3457 stimulum
3384 3416 3472 3458 re-

1890 3484 2260 3542 calcitrantem
2298 3487 2557 3543 Dominus
2580 3489 2849 3560 elegisset.
2882 3489 3038 3557 Quod
3077 3491 3381 3562 legentibus
3409 3506 3475 3548 ac

204 3583 481 3645 desiderio
520 3554 861 3649 tollerentur,
907 3597 981 3643 ne
1027 3582 1112 3641 vel
1158 3583 1431 3641 haereticis
1481 3554 1678 3643 fabulis
1706 3554 1787 3639 vet
1813 3554 1859 3617 (ἶ
1892 3579 2293 3648 requirentibus
2322 3577 2491 3633 Deum
2519 3581 2621 3635 etsi
2661 3554 2760 3650 per
2794 3554 3007 3653 singula
3049 3554 3291 3657 expediri
3317 3596 3348 3636 a
3375 3596 3475 3637 no-

202 3672 394 3732 stultis
412 3672 877 3735 sollicitationibus
896 3674 1107 3735 seducti
1129 3674 1442 3733 exciderent
1470 3689 1501 3735 a
1532 3673 1784 3745 veritate,

201 3764 518 3825 elaboraret
542 3784 556 3821 :
579 3764 776 3829 dehinc
797 3775 856 3829 ut
881 3767 936 3823 in
958 3767 1227 3841 principio
1248 3766 1545 3839 Evangelii,
1562 3766 1786 3825 Joannis

201 3859 488 3923 nativitate
516 3867 863 3938 praesumpta,
902 3860 990 3918 cui
1019 3859 1367 3933 Evangelium
1414 3861 1699 3929 scriberet,
1729 3871 1786 3920 et

1889 3669 1977 3727 bis
2012 3672 2143 3726 utile
2189 3672 2387 3737 fuerat,
2420 3672 2598 3727 sciens
2631 3680 2813 3727 tamen
2838 3688 2947 3742 quo
2986 3679 3299 3741 operantem
3329 3672 3475 3744 agri-

1890 3762 2063 3818 colam
2092 3769 2337 3833 0porteat
2383 3762 2448 3816 de
2492 3760 2760 3818 fructibus
2807 3764 2920 3818 suis
2967 3764 3151 3829 edere,
3182 3764 3473 3821 vitavitnus

1886 3853 2155 3925 publicam
2183 3853 2573 3920 curiositatem,
2596 3868 2665 3909 ne
2698 3869 2805 3910 non
2836 3861 2946 3910 tam
2968 3854 3272 3911 volentibus
3298 3856 3469 3911 Deum

201 3962 261 4010 tn
305 3966 417 4026 quo
458 3951 661 4011 electus
691 3954 979 4020 scriberet,
1021 3952 1289 4013 indicaret
1326 3972 1340 4013 :
1371 3962 1685 4017 contestans
1724 3955 1780 4011 in
1884 3944 2215 4014 Videremur,
2244 3960 2406 4017 quam
2428 3946 2835 4003 fastidientibus
2860 3951 3133 4019 prodesse.

198 4058 265 4107 se
290 4044 555 4114 completa
601 4060 721 4103 esse
749 4060 870 4116 qua
914 4053 1102 4105 essent
1127 4046 1195 4103 ab
1224 4045 1344 4103 aliis
1374 4046 1643 4103 inchoata.
1685 4046 1784 4104 Cui

201 4134 329 4195 ideo
352 4144 481 4208 post
506 4136 836 4212 baptismum
854 4137 979 4201 Filii
1008 4140 1129 4208 Dei,
1150 4155 1185 4199 a
1209 4138 1543 4213 perfectione
1561 4156 1786 4213 genera-

2343 4060 2573 4135 Explicit
2612 4070 2995 4135 argumentum.

207 4281 3465 4313 Μ

936 4405 1568 4522 EJUSDEM
1659 4407 2216 4528 SEDULII
2305 4408 2724 4529 SCOTI

716 4625 1401 4694 mOSlTlUNCULA
1444 4630 1527 4693 IN
1578 4630 2142 4695 ARGUMENTUM
2188 4630 2610 4695 SECUNDUM
2653 4627 2945 4694 LUCAM.

1689 4775 1855 4840 (Mai,
1873 4775 2020 4839 ibid.)

1810 4890 1881 4903 —

273 4953 336 5013 In
378 4953 539 5027 hujus
582 4954 886 5033 argumenti
916 4952 1163 5025 exordio,
1192 4952 1535 5028 evangelista:
1560 4969 1777 5021 nomen,
1804 4958 1859 5019 D
1885 4953 2236 5008 eminentiam
2266 4954 2693 5009 transcenderat.
2733 4951 2891 5009 Unde
2913 4959 2971 5008 et
3007 4950 3179 5023 Syros
3226 4950 3448 5006 nottiina

193 5063 395 5122 genus,
414 5047 682 5120 patria,-et
708 5062 797 5105 ars
816 5048 1073 5115 humana,
1106 5045 1453 5117 caelestisque
1475 5045 1778 5117 disciplina,

192 5140 443 5197 breviter
474 5140 780 5201 ostenditur
805 5154 927 5198 cum
954 5138 1155 5196 dictum
1179 5146 1261 5194 est
1288 5153 1303 5193 :
1336 5157 1356 5190 ι
1389 5138 1563 5193 Lucas
1590 5138 1781 5211 Syrus,

191 5230 607 5305 Antiochensis.
646 5244 763 5295 arte
792 5233 1056 5300 medicus,
1076 5230 1371 5304 discipulus
1395 5232 1781 5302 apostolorum,

192 5336 393 5397 postea
434 5326 663 5389 Paulum
717 5336 935 5387 secutus
961 5338 1135 5401 usque
1175 5326 1243 5381 ad
1292 5325 1595 5397 passionem
1644 5323 1781 5395 ejus,

193 5418 450 5475 serviens
480 5417 711 5477 Domino
761 5417 879 5475 sine
927 5415 1176 5473 crimine.
1231 5435 1249 5467 ι
1298 5412 1424 5469 Haec
1458 5413 1635 5468 omnia
1669 5429 1784 5467 ma-

195 5525 368 5584 gnam
392 5512 736 5585 evangelista:
778 5509 993 5565 laudem
1017 5507 1326 5565 ostendunt.
1354 5504 1507 5562 Unde
1528 5515 1582 5559 et
1608 5504 1786 5561 Lucas

196 5602 426 5661 elevans
464 5603 546 5663 vel
594 5616 928 5674 consurgens
974 5601 1377 5675 interpretatur,
1430 5596 1556 5669 quia
1603 5596 1786 5655 divina

194 5702 499 5767 praestante
522 5694 720 5768 gratia,
748 5692 816 5750 de
846 5691 992 5749 vitiis
1015 5691 1083 5747 ad
1102 5692 1363 5748 virtutum
1394 5689 1627 5746 culmina
1658 5700 1789 5743 con-

197 5801 461 5858 surgens,
491 5802 557 5843 ac
590 5788 837 5845 veritatis
879 5786 1051 5845 lucem
1103 5783 1328 5843 elevatis
1375 5782 1572 5839 mentis
1616 5781 1788 5838 oculis

198 5878 426 5948 videns,
457 5894 526 5936 ex
562 5880 827 5953 corporali
860 5878 1101 5950 medico,
1150 5881 1205 5937 in
1262 5878 1560 5953 spiritualis
1592 5876 1789 5935 medici

1886 5050 1994 5109 tus,
2040 5044 2184 5113 quod
2215 5044 2604 5114 interpretatur
2635 5045 2915 5111 sublimis,
2947 5043 3159 5099 scilicet
3186 5042 3308 5097 ﬁdei
3353 5055 3471 5100 me-

1884 5134 2005 5189 ritis
2036 5136 2375 5190 sublimatus.
2416 5135 2516 5192 Hic
2565 5150 2631 5191 ex
2681 5136 3016 5208 paupertatis
3060 5133 3295 5201 silentio,
3326 5136 3470 5204 quod

1886 5228 2173 5283 Antiochia
2220 5235 2399 5294 sonat,
2428 5230 2497 5284 ad
2543 5230 2881 5299 evangelicas
2929 5227 3157 5282 delicias
3178 5226 3471 5283 translatus

1887 5332 1992 5388 est,
2037 5330 2096 5377 ut
2145 5322 2293 5393 quod
2326 5322 2479 5393 prius
2504 5334 2726 5394 propter
2771 5321 3004 5392 inopiam
3044 5319 3285 5375 scientiae
3313 5320 3471 5391 longo

1887 5416 2105 5472 silentio
2149 5416 2438 5488 propalare
2464 5433 2572 5473 non
2613 5424 2846 5488 poterat,
2877 5414 3221 5485 postmodum‘
3260 5414 3468 5470 caelesti

1890 5506 2134 5563 doctrina
2177 5509 2464 5580 opulentus
2511 5507 2755 5573 eﬂbctns,
2808 5508 3097 5562 thesauros
3144 5506 3468 5580 evangelica:

1891 5599 2151 5655 doctrina:
2178 5600 2403 5673 largiter
2429 5603 2785 5673 dispensaret.
2815 5599 2915 5656 Hic
2956 5601 3208 5672 primitus
3254 5607 3472 5685 aposto:

1889 5692 2067 5748 lorum
2106 5693 2431 5766 discipulus,
2480 5701 2665 5764 postea
2714 5692 2944 5750 Paulum
2989 5695 3309 5766 magistrum
3338 5708 3469 5765 gen-

1890 5785 2047 5851 tium,
2078 5784 2233 5857 quasi
2258 5787 2505 5857 gentilis,
2535 5792 2589 5841 et
2618 5786 2772 5857 virgo
2801 5787 3067 5859 virginem
3081 5793 3319 5864 .secutus
3360 5783 3469 5841 itte-

1893 5886 1998 5947 rat,
2036 5892 2147 5936 non
2176 5886 2386 5934 tantum
2432 5877 2501 5934 ad
2526 5877 2804 5950 Evangelii
2854 5879 3327 5950 pradioationel,
3369 5873 3469 5933 sed
