4046 6332
560 389 664 449 υτ

567 593 723 652 Pauli
747 568 850 648 sub
893 585 1107 643 Nerone
1129 583 1378 655 principe
1409 577 1822 637 confessionem.
1869 570 2024 641 Quod
2063 568 2145 624 di-

567 694 710 750 citur
751 707 770 741 ι
818 687 1063 744 serviens
1099 683 1331 740 Domino
1369 681 1487 737 sine
1523 677 1769 742 crimine,
1806 695 1826 729 ι
1873 670 2144 745 signiﬁcat

567 786 713 857 quod
739 782 892 855 virgo
919 781 1178 844 intactus,
1207 776 1324 832 sine
1366 771 1740 829 fornicationis
1762 768 1913 834 vitio,
1941 772 2146 823 castam

570 879 788 937 duxerit
819 877 1011 932 vitam.
1058 871 1199 929 Hine
1249 861 1395 940 apte‘
1424 867 1706 938 sequitur:
1743 881 1762 915 ι
1795 876 1922 942 nam
1970 873 2147 929 neque

573 985 802 1027 uxorem
839 980 1080 1038 unquam
1129 962 1337 1018 habens
1377 973 1556 1029 neque
1593 956 1759 1021 ﬁlios,
1807 951 2147 1022 septuaginta

572 1073 628 1122 et
655 1072 886 1135 quatuor
930 1069 1197 1114 annorum
1237 1051 1374 1109 obiit
1411 1051 1468 1105 in
1508 1047 1762 1118 Bithynia
1798 1044 1990 1115 plenus
2020 1041 2147 1113 Spi-

573 1157 684 1212 ritu
741 1161 950 1212 sancto.
1005 1171 1025 1205 ι
1086 1147 1254 1206 Valde
1308 1156 1674 1213 consequens,
1715 1153 1836 1193 esse
1895 1138 2146 1201 videtur,

572 1254 633 1303 ut
668 1247 715 1303 si
751 1259 976 1302 uxorem
1028 1256 1137 1298 non
1189 1236 1416 1303 habuit,
1458 1235 1598 1290 ﬁlios
1643 1246 1859 1303 quoque
1896 1246 2004 1284 non
2047 1231 2148 1284 ha-

574 1338 745 1394 beret.
810 1333 963 1404 Quod
1013 1339 1194 1390 certus
1243 1342 1507 1384 annorum
1569 1324 1685 1394 ejus
1743 1338 2000 1378 numerus
2055 1322 2150 1377 de-

578 1430 870 1495 scribitur,
923 1441 1033 1483 non
1079 1430 1239 1479 vacat
1290 1437 1321 1476 a
1368 1418 1649 1491 mysterio.
1700 1415 1833 1471 Nam
1900 1415 2153 1471 denarius

580 1535 838 1576 numerus
870 1526 1094 1590 propter
1121 1513 1436 1584 decalogum
1473 1509 1861 1582 perfectionem
1887 1510 2150 1580 designat.

580 1610 932 1681 Septenarius
983 1622 1243 1664 numerus
1290 1601 1660 1675 septiformem
1705 1601 1936 1670 Spiritus
1981 1599 2156 1656 sancti

580 1703 810 1772 gratiam
840 1700 1114 1772 exprimit.
1160 1697 1348 1767 Itaque
1393 1694 1521 1764 quia
1560 1693 1736 1748 Lucas
1777 1691 1911 1760 legis
1939 1691 2156 1746 decalo-

581 1801 726 1864 gum,
767 1798 1059 1864 praestante
1094 1788 1330 1860 Spiritus
1376 1785 1550 1841 sancti
1591 1784 1782 1855 gratia,
1817 1783 2152 1855 impleverat,

580 1892 727 1940 recte
756 1884 812 1938 in
837 1882 956 1954 ejus
988 1882 1150 1936 aetate
1178 1879 1269 1934 hic
1303 1892 1564 1933 numerus
1606 1883 1930 1946 supputatur
1963 1894 1974 1928 :
2013 1873 2158 1929 unde

577 1983 635 2030 et
660 1974 867 2046 Spiritu
895 1982 1082 2030 sancto
1106 1974 1300 2044 plenus
1330 1986 1451 2027 esse
1480 1968 1734 2025 refertur.

650 2066 770 2134 Quo
813 2081 943 2122 vero
995 2074 1269 2136 tempore,
1299 2062 1385 2118 vel
1417 2077 1524 2132 quo
1576 2060 1725 2126 loco,
1771 2074 1867 2115 seu
1909 2072 2010 2128 pro
2053 2072 2161 2128 qua

579 2176 768 2227 causa,
806 2176 964 2217 suum
1011 2159 1289 2229 scripserit
1332 2155 1706 2226 Evangelium,
1759 2169 1888 2209 mox
1918 2151 2162 2208 declara-

579 2264 670 2310 tur
715 2268 856 2308 cum.
887 2250 1135 2307 subditur
1166 2269 1178 2304 :
1210 2268 1230 2302 ι
1262 2249 1355 2320 qui
1398 2263 1521 2303 cum
1565 2245 1682 2315 jam
1733 2246 1936 2314 scripta
1982 2251 2164 2299 essent

583 2333 894 2418 Evangelia,
943 2360 1042 2416 per
1091 2325 1404 2399 Matthaaum
1440 2339 1660 2410 quidem
1701 2339 1759 2392 in
1809 2336 2015 2402 Iudaea,
2065 2350 2165 2407 per

586 2439 826 2497 Marcum
863 2444 1047 2493 autem
1071 2427 1130 2490 iri
1156 2433 1333 2501 Italia,
1367 2439 1554 2489 sancto
1592 2429 1884 2501 instigante
1932 2428 2162 2499 Spiritu,

585 2531 641 2586 in
661 2530 880 2586 Achaiae
915 2529 1160 2600 partibus
1188 2527 1293 2584 hoc
1327 2525 1547 2596 scripsit
1568 2521 1926 2593 Evangelium
1949 2562 1962 2584 ,
1990 2521 2163 2592 signi-

586 2619 755 2676 ﬁcans
783 2620 950 2676 etiam
986 2620 1123 2691 ipse,
1165 2618 1220 2674 in
1269 2615 1536 2688 principio
1573 2622 1700 2670 ante
1745 2613 1974 2667 aliorum
2002 2625 2167 2666 evan-

589 2714 900 2785 gelistarum
938 2712 1233 2784 Evangelia
1261 2711 1366 2766 alia
1387 2725 1511 2766 esse
1545 2709 1838 2779 descripta.
1875 2726 1894 2761 ι
1933 2707 2167 2777 Tempus

589 2814 647 2863 et
689 2804 839 2862 locus
866 2803 1243 2862 conscribendi
1270 2801 1548 2874 Evangelii
1593 2807 1692 2865 est,
1727 2799 1852 2869 quia
1883 2806 2008 2868 post
2034 2797 2167 2852 Mat-

591 2900 793 2955 thaaum
831 2907 888 2955 et
911 2897 1172 2965 Marcum,
1202 2898 1259 2952 in
1284 2897 1490 2952 Achaia
1521 2910 1679 2950 suum
1730 2892 1948 2962 scripsit
1990 2891 2170 2946 Evan-

590 2990 812 3062 gelium.
837 2990 1012 3046 Causa
1037 2988 1416 3047 conscribendi
1446 2985 1724 3058 Evangelii
1754 2991 1838 3040 est
1863 2983 2008 3054 quod
2034 2997 2169 3037 non-

589 3082 693 3138 nisi
731 3083 1023 3154 instigante
1049 3090 1237 3139 sancto
1287 3080 1492 3151 Spiritu
1522 3079 1654 3135 illud
1698 3093 1833 3149 opus
1882 3075 2168 3146 scripsisse

589 3175 1017 3231 commendatur.
1047 3173 1154 3231 Sed
1187 3183 1243 3230 et
1277 3174 1436 3229 aliam
1472 3173 1824 3242 multiplicem
1849 3170 2018 3228 fuisse
2041 3186 2170 3228 cau-

595 3283 711 3322 sam
752 3265 994 3337 ejusdem
1025 3266 1203 3336 operis
1230 3266 1406 3321 adhuc
1453 3264 1724 3329 declarat,
1751 3264 1828 3318 ita
1880 3262 2117 3318 subdens
2152 3281 2164 3318 :

601 3376 618 3408 ι
654 3355 762 3422 cui,
807 3363 963 3411 extra
1002 3370 1067 3412 ea
1102 3370 1223 3426 qua:
1255 3354 1388 3410 ordo
1431 3354 1756 3426 evangelicm
1803 3351 2171 3422 dispositionis

593 3447 868 3520 exposcit,
915 3467 932 3500 ι
965 3456 1019 3504 ει
1043 3448 1249 3534 reliqua
1277 3461 1449 3518 usque
1482 3464 1496 3500 :
1537 3464 1557 3498 ι
1611 3445 1937 3501 elaboraret.
1975 3463 1993 3496 ι
2027 3443 2172 3500 Ordo

593 3539 677 3597 vel
698 3541 838 3598 ratio
869 3539 1193 3613 evangelicae
1245 3538 1613 3609 dispositionis
1661 3536 1792 3592 illud
1843 3536 2173 3606 exposcebat

596 3639 655 3686 ut
692 3647 800 3688 non
850 3630 1026 3687 solum
1070 3639 1216 3698 tres,
1268 3630 1322 3685 id
1369 3636 1453 3685 est
1488 3627 1772 3683 Matthaeus
1801 3667 1817 3692 ,
1867 3625 2082 3682 Marcus
2118 3634 2176 3681 et

594 3725 852 3794 Joannes,
895 3727 991 3782 sed
1017 3728 1199 3798 potius
1245 3734 1476 3797 quatuor
1498 3724 1842 3795 evangelistae
1863 3765 1878 3790 ,
1919 3722 2174 3792 adjuncto

595 3819 800 3874 scilicet
855 3817 1024 3885 Luca,
1078 3817 1278 3873 Christi
1342 3817 1716 3890 Evangelium
1741 3817 2170 3872 conscriberent.

600 3906 718 3965 Hoc
768 3924 1003 3981 namque
1051 3910 1194 3979 apud
1245 3909 1416 3965 Deum
1458 3918 1584 3963 ante
1614 3917 1858 3977 tempora
1895 3907 2175 3963 smeularia

602 4001 779 4055 fuerat
810 4000 1272 4070 praedestinatum,
1300 4001 1406 4056 hoc
1431 4000 1778 4070 postmodum
1818 4015 1918 4068 per
1944 4007 2179 4068 quatuor

594 4091 909 4145 animalium
956 4089 1162 4145 formas
1188 4090 1590 4162 praeﬁguratum
1638 4088 1742 4144 fuit
1783 4098 1838 4144 et
1877 4098 2174 4145 ostensum.

606 4181 713 4240 Sed
749 4189 948 4254 praeter
984 4181 1076 4238 illa
1105 4183 1513 4253 praedestinata,
1550 4181 1895 4254 praeﬁgurata
1919 4190 1974 4238 et
2000 4190 2180 4238 osten-

603 4290 666 4330 sa
683 4315 699 4342 ,
739 4289 859 4346 quae
879 4274 948 4329 ad
969 4274 1214 4331 ordinem
1243 4274 1567 4346 evangelicae
1593 4274 1964 4345 dispositionis
2009 4275 2178 4346 perti-

601 4375 753 4434 nent,
776 4382 840 4422 ea
875 4366 1113 4422 maxime
1141 4368 1450 4424 necessaria
1485 4375 1542 4423 et
1586 4366 1866 4438 multiplex
1893 4383 2057 4424 causa
2082 4368 2184 4423 hu-

591 4457 683 4528 jus
708 4458 1003 4531 evangelici
1029 4458 1232 4515 laboris
1259 4459 1489 4527 exstitit,
1523 4468 1790 4530 quatenus
1813 4460 2018 4517 Graecis
2049 4460 2181 4518 ﬁde-

1945 356 2220 420 sanum
2255 355 2454 418 SCOTI

563 504 750 568 etiam,
781 497 927 571 quod
954 503 1043 552 est
1082 491 1244 550 laude
1274 489 1607 564 praclarius,
1637 497 1812 557 usque
1857 481 1928 538 ad
1967 479 2138 550 ipsius
2164 474 2220 537 Α
2239 469 2624 546 Evangelium,
2665 468 2763 571 sed
2814 466 2938 571 sola.
2968 465 3104 536 legis
3145 463 3475 571 constitutam
3485 455 3812 571 persuadent

2241 576 2362 620 esse
2381 563 2659 620 sectanda.
2689 559 2892 617 Contra
2924 558 3026 613 hos
3051 553 3382 623 evangelista
3401 549 3680 607 Christum
3700 547 3814 615 jam

2241 661 2429 711 natum
2453 653 2620 710 fuisse
2643 652 2897 717 ostendit,
2920 656 2978 706 et
2995 649 3099 704 hoc
3133 646 3244 702 non
3272 646 3390 701 sine
3421 643 3631 699 idoneis
3654 641 3805 696 testi-

2240 743 2343 799 bus
2371 743 2589 809 astruit,
2629 743 2724 798 sed
2749 741 2899 797 omni
2929 737 3345 810 prophetatione
3389 731 3818 790 indubitabiliter

2245 834 2530 904 approbat,
2559 839 2622 887 ut
2649 845 2810 886 omne
2835 846 2899 885 os
2927 829 3218 900 reprobum
3244 825 3577 882 obstruatur.
3602 822 3672 877 Et
3697 837 3818 878 cum

2246 922 2491 978 nonnulli
2512 921 2757 978 haeretici
2783 920 3060 976 Christum
3083 918 3140 973 in
3165 916 3425 973 mundum
3446 912 3684 978 venisse,
3715 928 3822 967 non

2246 1022 2427 1071 tamen
2452 1029 2637 1070 veram
2668 1028 2889 1070 carnem
2935 1010 3206 1077 habuisse,
3236 1009 3336 1065 sed
3357 1009 3654 1064 athereum
3702 1020 3825 1060 cor-

2246 1123 2347 1178 pus
2382 1122 2541 1162 suum
2591 1106 2659 1161 de
2701 1103 3014 1161 caelestibus
3061 1101 3294 1157 traxisse
3343 1097 3786 1169 dogmatizabant
3808 1136 3824 1162 ,

2249 1213 2359 1253 non
2408 1197 2590 1252 minus
2608 1197 2709 1252 hos
2735 1210 2897 1266 quam
2917 1194 3038 1250 illos
3066 1193 3210 1248 idem
3228 1190 3430 1246 vitulus
3457 1187 3825 1260 spiritualibus

2251 1287 2505 1344 cornibus
2541 1287 2834 1354 convincit,
2859 1287 2988 1342 dum
3031 1284 3308 1340 Christum
3354 1282 3648 1338 secundum
3711 1295 3828 1334 car-

2252 1396 2377 1436 nem
2399 1389 2455 1436 et
2481 1389 2803 1452 conceptum
2827 1388 2882 1436 et
2902 1395 2969 1435 ex
3003 1378 3173 1434 Maria
3213 1377 3423 1449 virgine
3445 1383 3638 1438 natum,
3660 1374 3830 1430 fuisse

2253 1475 2471 1530 asserit.
2503 1473 2584 1531 Ob
2627 1475 2731 1530 hoc
2754 1474 2937 1544 itaque
2964 1480 3223 1528 cornutus
3251 1470 3580 1542 evangelista
3618 1468 3832 1524 labora-

2256 1565 2354 1632 vit,
2383 1582 2453 1622 ne
2488 1565 2580 1621 alii
2599 1565 2866 1622 laborent.
2893 1565 3000 1620 Bos
3023 1563 3286 1636 spirituali
3312 1562 3450 1634 stylo
3475 1567 3736 1616 exarante
3760 1560 3832 1614 la-

2255 1659 2488 1726 boravit,
2528 1673 2597 1714 ne
2641 1657 2814 1714 Graeci
2871 1657 3055 1713 ﬁdeles
3103 1671 3135 1710 a
3183 1655 3415 1711 veritate
3469 1654 3834 1718 discederent,

2258 1749 2662 1820 Christumque,
2716 1749 2808 1818 qui
2842 1755 2928 1804 est
2969 1746 3190 1812 veritas,
3231 1744 3639 1815 relinquerent,
3676 1751 3735 1798 et
3780 1743 3836 1799 in

2259 1843 2460 1899 erroris
2487 1840 2716 1897 ﬂexibus
2753 1841 3083 1896 laborarent.

2329 1933 2450 1988 Alia
2475 1949 2689 2004 quoque
2723 1947 2852 2005 pars
2880 1947 3057 1988 causa:
3078 1928 3381 1986 ostenditur
3408 1944 3532 1985 cum
3553 1929 3836 1985 subditur:

2268 2045 2286 2078 ι
2319 2026 2516 2082 dehinc
2535 2035 2596 2081 ut
2616 2026 2670 2082 in
2690 2026 2956 2097 principio
2978 2025 3275 2096 Evangelii,
3300 2045 3319 2079 ι
3336 2032 3392 2079 et
3411 2023 3618 2094 reliqua
3639 2038 3836 2092 usque:

2269 2137 2288 2170 ι
2317 2119 2591 2173 inchoata.
2623 2137 2644 2171 ι
2669 2117 2789 2173 Non
2810 2117 3003 2183 solum,
3025 2117 3217 2186 inquit,
3238 2125 3458 2188 propter
3476 2114 3696 2171 Graecos
3721 2113 3842 2169 ﬁde-

2262 2210 2342 2265 les
2366 2209 2541 2264 Lucas
2578 2210 2636 2265 in
2671 2223 2836 2280 Opere
2873 2207 3183 2279 evangelico
3211 2207 3508 2274 laboravit,
3541 2207 3638 2263 sed
3665 2216 3722 2262 et
3746 2207 3843 2261 alia

2266 2319 2433 2360 causa
2465 2301 2709 2374 ejusdem
2755 2300 2934 2371 operis
2967 2301 3190 2366 etstitit,
3240 2301 3344 2356 hoc
3391 2307 3496 2368 εει,
3543 2299 3690 2371 quod
3737 2300 3846 2369 ipse

2265 2397 2442 2453 Lucas
2471 2413 2501 2451 a
2529 2397 2689 2452 beato
2719 2395 3017 2466 Theophilo
3057 2394 3360 2466 postulatus
3396 2401 3534 2461 erat,
3581 2403 3845 2464 quatenus

2265 2491 2469 2547 Christi
2492 2488 2839 2561 Evangelium
2876 2487 3274 2553 conscriberet,
3302 2488 3446 2558 quod
3483 2494 3541 2542 et
3577 2485 3759 2542 Lucas
3799 2488 3847 2542 in

2265 2587 2531 2658 prooemio
2553 2586 2637 2640 sui
2665 2583 2940 2655 Evangelii
2976 2583 3198 2650 indicat,
3226 2581 3281 2637 id
3304 2591 3387 2637 est
3412 2581 3770 2652 Evangelium
3798 2595 3850 2636 se

2267 2677 2568 2749 Theophila
2592 2686 2852 2748 poscente
2876 2675 3128 2740 edidisse,
3156 2682 3209 2729 et
3236 2673 3378 2745 quod
3398 2673 3456 2727 in
3480 2670 3691 2744 Spiritu
3730 2687 3851 2726 san-

2267 2778 2355 2826 cto
2379 2770 2447 2825 ad
2468 2769 2573 2824 hoc
2599 2767 2963 2823 ministerium
2993 2765 3198 2821 electus
3227 2763 3426 2830 fuerat,
3451 2772 3772 2819 contestans
3801 2763 3850 2817 in

2267 2879 2327 2920 se
2361 2862 2626 2933 completa
2665 2876 2788 2917 esse
2830 2859 3144 2932 Evangelia,
3182 2873 3301 2931 quae
3347 2857 3416 2913 ab
3461 2857 3582 2913 aliis
3625 2859 3851 2927 pseudo-

2268 2956 2614 3030 evangelistis
2640 2962 2797 3012 erant
2834 2971 2941 3010 non
2967 2952 3236 3022 perfecta,
3269 2951 3363 3007 sed
3389 2965 3555 3021 prave
3578 2951 3848 3005 inchoata.

2271 3050 2378 3105 Sed
2420 3050 2477 3104 in
2502 3049 2769 3120 principio
2798 3048 2880 3104 sui
2909 3045 3188 3116 Evangelii
3218 3059 3328 3101 non
3364 3043 3570 3099 Christi
3605 3043 3853 3114 genealo-

2272 3143 2416 3216 giam
2463 3141 2774 3212 proposuit,
2830 3138 3098 3210 quomodo
3143 3136 3422 3192 Matthteus
3471 3135 3529 3190 in
3573 3150 3675 3190 suo
3729 3134 3855 3190 fecit

2273 3233 2584 3306 Evangelia,
2609 3234 2701 3289 sed
2727 3232 2907 3304 potius
2943 3230 3168 3286 Joannis
3208 3238 3462 3298 tanquam
3500 3229 3855 3299 pmcursoris

2274 3328 2490 3384 Domini
2511 3327 2818 3392 nativitate,
2841 3341 3004 3395 quam
3031 3323 3087 3378 in
3115 3321 3236 3379 aliis
3257 3322 3580 3394 descriptam
3604 3336 3728 3379 esse
3752 3338 3854 3378 non

2273 3419 2504 3484 viderat,
2523 3427 2875 3488 praesumpta,
2897 3417 2976 3472 sic
3003 3416 3234 3472 tandem
3249 3424 3373 3487 apto
3395 3416 3654 3486 temporis
3675 3416 3857 3471 ordine

2275 3519 2616 3580 conservato,
2645 3511 2850 3568 Christi
2874 3510 3214 3566 nativitatem
3241 3516 3334 3564 aut
3360 3508 3730 3582 genealogiam
3748 3509 3857 3579 ple-

2275 3607 2419 3663 niter
2445 3605 2741 3662 enarravit.
2779 3603 2930 3660 Unde
2957 3603 3234 3673 sequitur:
3261 3619 3282 3653 ‹
3317 3601 3406 3657 cui
3447 3600 3570 3656 ideo
3615 3609 3741 3672 post
3766 3600 3855 3654 ba-

2273 3701 2533 3771 ptismum
2565 3697 2692 3754 Filii
2739 3695 2856 3764 Dei,
2887 3717 2906 3750 )
2940 3703 2998 3752 et
3024 3695 3233 3766 reliqua
3270 3708 3474 3766 usque:
3528 3712 3549 3745 ς
3591 3695 3855 3764 permissa

2276 3807 2377 3851 est.
2404 3814 2422 3846 ›
2449 3793 2566 3849 Non
2591 3801 2743 3849 caret
2765 3793 2973 3847 ratione
2994 3792 3136 3862 quod
3164 3797 3287 3860 post
3307 3787 3509 3845 Christi
3531 3789 3857 3858 baptismum

2274 3887 2453 3945 Lucas
2471 3887 2712 3959 ejusdem
2737 3883 3034 3940 Salvatoris
3053 3883 3419 3955 genealogiam
3440 3881 3708 3939 edisserit.
3734 3881 3857 3937 Haec

2277 3994 2512 4050 namque
2531 3979 2760 4034 facultas
2777 3976 3083 4049 repetenda:
3103 3975 3400 4030 nativitatis
3419 3975 3686 4038 humanae,
3702 3988 3860 4028 evan-

2279 4069 2486 4139 gelistae
2535 4085 2564 4123 a
2603 4069 2831 4123 Domino
2871 4083 3127 4123 concessa
3157 4076 3260 4132 est,
3294 4074 3350 4122 et
3379 4066 3624 4136 quamvis
3671 4080 3704 4118 a
3753 4065 3859 4119 ﬁne

2281 4162 2690 4233 septuagesima:
2711 4169 2768 4216 et
2794 4161 3036 4232 septimae
3065 4159 3426 4232 generationis
3445 4159 3500 4212 in
3521 4156 3738 4213 Christo
3761 4157 3860 4211 im-

2279 4255 2470 4325 pletae,
2516 4254 2631 4324 ipsa
2678 4252 2849 4307 series
2890 4249 3215 4321 genealogite
3260 4263 3356 4320 per
3394 4247 3532 4303 ﬁlios
3575 4247 3632 4302 in
3678 4256 3861 4318 patres

2281 4344 2619 4401 ascendendo
2665 4342 2929 4409 recurrit,
2972 4356 3078 4396 non
3123 4340 3342 4412 proprio
3373 4347 3555 4394 tamen
3591 4338 3862 4411 principio

2281 4446 2451 4496 caret.
2479 4437 2696 4493 Etenim
2724 4452 2755 4491 a
2783 4435 3072 4508 principio,
3101 4435 3156 4490 id
3179 4442 3263 4490 est
3287 4433 3523 4499 Christo,
3549 4433 3644 4504 qui
3671 4440 3758 4488 est
3783 4441 3861 4488 to-

605 4550 747 4606 libus
760 4522 972 4608 venvturi
995 4551 1052 4608 in
1077 4567 1297 4609 carnem
1319 4552 1416 4609 Dei
1442 4522 1646 4610 Christi
1666 4553 2011 4609 manifestata
2031 4562 2179 4611 esset
2207 4567 2251 4630 ρ
2284 4531 2396 4630 ii“?
2434 4529 2729 4630 Freaﬁonis
2776 4527 3137 4630 ιπξοοίιξίυω,
3186 4524 3501 4630 mtrograda
3549 4522 3861 4626 genealogia

604 4642 912 4700 humanitas

680 4734 787 4791 Sed
835 4737 978 4793 unde
1021 4737 1113 4794 illa
1167 4738 1641 4794 manifestarctur?
1672 4758 1690 4789 ι
1727 4736 1917 4805 Omni,
1968 4739 2177 4808 inquit,

602 4830 1047 4902 prophetatione,
1080 4849 1099 4883 ι
1130 4830 1185 4886 id
1213 4841 1315 4897 est,
1347 4846 1445 4901 per
1465 4845 1680 4886 omnem
1707 4831 2180 4900 prophetationem

604 4921 697 4976 illa
748 4921 926 4977 fuerat
976 4919 1340 4976 manifestata.
1370 4919 1526 4987 Nam,
1577 4929 1638 4976 ut
1686 4921 1878 4976 beatus
1915 4919 2092 4975 Lucas
2124 4921 2180 4975 in

607 5013 832 5070 exordio
871 5013 955 5070 sui
985 5013 1262 5084 Evangelii
1301 5013 1532 5084 pleniter
1562 5021 1770 5080 narrat,
1805 5015 2089 5084 conceptio
2126 5021 2182 5068 et

608 5106 864 5162 nativitas
900 5105 1209 5171 ‘Dominica,
1241 5113 1298 5161 et
1325 5105 1394 5160 ab
1423 5103 1746 5175 archangelo
1796 5105 2178 5175 praenuntiata,

605 5204 661 5251 et
690 5197 759 5252 ab
783 5198 932 5253 omni
974 5212 1128 5264 sexu,
1185 5208 1294 5252 tam
1346 5196 1478 5250 viris
1531 5210 1694 5264 quam
1729 5193 1965 5260 feminis,
2002 5202 2058 5248 et
2114 5193 2181 5248 ab

605 5286 810 5357 angelis
832 5288 1280 5359 hominibusque,
1325 5289 1696 5342 demonstrata
1727 5295 1830 5342 est.
1873 5285 1977 5339 Sed
2005 5285 2058 5338 in
2096 5284 2182 5341 his

606 5379 858 5434 omnibus
901 5381 971 5436 ob
999 5380 1103 5436 hoc
1130 5379 1457 5450 evangelista
1490 5393 1590 5450 pro
1638 5377 1816 5432 studio
1860 5375 2177 5441 elaboravit,

608 5487 680 5528 ne
713 5472 856 5528 idem
904 5472 1079 5530 Graeci
1116 5473 1303 5529 ﬁdeles
1327 5487 1500 5541 nuper
1525 5472 1580 5526 in
1624 5468 1839 5525 Christo
1866 5469 2058 5534 renati,
2083 5468 2175 5523 ιιι-

611 5565 781 5624 daicis
834 5564 1030 5622 fabulis
1086 5566 1485 5638 deciperentur.
1547 5563 1773 5619 Constat
1829 5562 1976 5617 enim
2041 5559 2186 5632 quod

611 5675 786 5732 usque
812 5659 992 5716 adhuc
1029 5661 1243 5730 reprobi
1282 5657 1452 5714 Judaei
1495 5655 1772 5712 Christum
1801 5657 1856 5709 in
1883 5669 2049 5708 carne
2090 5667 2183 5708 ve-

607 5753 753 5810 nisse
781 5754 1083 5825 denegant,
1111 5759 1168 5807 et
1211 5751 1374 5806 alium
1405 5750 1683 5806 Christum
1736 5753 2021 5802 venturum
2065 5759 2186 5800 esse

609 5843 956 5925 conﬁngunt:
972 5842 1198 5913 ideoque
1221 5852 1400 5914 spreta
1425 5841 1626 5900 Christi
1650 5838 1823 5913 gratia
1845 5852 2184 5911 nequaquam

2286 4623 2494 4694 incipit,
2529 4629 2592 4675 ut
2625 4620 2894 4690 quomodo
2919 4618 2984 4672 ad
3004 4627 3212 4689 patrem
3238 4615 3560 4688 principium
3595 4615 3858 4681 recurrit,

2285 4717 2366 4772 sic
2394 4731 2425 4770 a
2454 4714 2670 4771 Christo
2695 4713 2964 4787 principio
2999 4709 3282 4784 exordium
3310 4711 3426 4781 ipsa
3451 4709 3860 4781 generationum

2287 4809 2457 4863 series
2483 4814 2679 4860 sumat.

2358 4896 2653 4966 Sequitur:
2701 4914 2720 4945 ι
2750 4902 2811 4949 ut
2839 4893 3235 4965 requirentibus
3273 4892 3701 4957 demonstraret,
3742 4911 3763 4944 ι
3810 4900 3866 4948 ει

2286 4989 2496 5060 reliqua
2544 5001 2752 5058 usque:
2793 5005 2812 5038 ‹
2853 4985 3253 5056 indisparahilis
3297 4984 3412 5040 Dei.
3453 5005 3472 5038 ι
3514 4983 3784 5039 Studiosis
3813 4995 3866 5038 et

2285 5079 2638 5152 prudentibus
2665 5077 2990 5150 evangelista
3031 5079 3281 5133 intimare
3315 5077 3526 5133 curavit
3556 5078 3610 5131 in
3639 5091 3745 5146 quo
3776 5093 3866 5130 ar-

2285 5187 2422 5227 cano
2446 5172 2703 5243 mysterio
2737 5186 2844 5226 non
2881 5187 2980 5242 per
3021 5170 3398 5237 Salomonem,
3427 5169 3695 5240 quomodo
3721 5169 3865 5222 Mat-

2287 5267 2477 5332 thaeus,
2505 5265 2598 5320 sed
2618 5279 2716 5334 per
2734 5264 2945 5320 Nathan
2968 5265 3136 5319 ﬁlium
3163 5264 3351 5329 David,
3378 5263 3658 5317 introitum
3680 5276 3868 5316 recur-

2285 5358 2455 5412 rentis
2476 5358 2530 5411 in
2552 5355 2717 5411 Deum
2740 5357 3101 5428 generationis
3131 5353 3575 5426 apprehenderat.
3601 5351 3708 5408 Sed
3728 5367 3869 5420 quo-

2285 5449 2447 5505 modo
2490 5449 2608 5518 ipsa
2652 5448 2962 5520 genealogia
3006 5449 3061 5503 in
3107 5447 3274 5502 Deum
3309 5445 3568 5511 recurrit,
3615 5427 3868 5516 protinus

2286 5542 2592 5597 declaratur
2611 5557 2735 5597 cum
2757 5541 3036 5596 subditur:
3065 5558 3083 5591 ι
3120 5539 3382 5604 admisso;
3423 5559 3441 5592 ›
3478 5539 3583 5594 hoc
3610 5546 3716 5602 est,
3737 5552 3868 5591 cum

2287 5638 2612 5696 admissione
2639 5651 2732 5690 seu
2763 5635 3068 5704 receptione
3100 5635 3153 5688 in
3193 5634 3361 5702 ipsam
3385 5631 3752 5701 genealogiam
3783 5631 3869 5683 in-

2263 5729 2636 5802 dispertibilis
2662 5727 2779 5793 Dei,
2803 5727 2856 5781 id
2881 5735 2964 5782 est
2987 5725 3180 5781 summi
3205 5724 3403 5790 Patris,
3435 5725 3524 5795 qui
3548 5735 3633 5778 est
3660 5737 3691 5776 a
3726 5719 3873 5776 Filio

2287 5824 2683 5902 inseparabilis.
2722 5823 3000 5892 Tanquam
3023 5819 3267 5891 apertius
3289 5817 3491 5873 diceret
3516 5837 3529 5872 :
3563 5817 3702 5884 Apte
3723 5814 3870 5870 Deus
