4046 6332
197 453 311 510 289

859 434 1066 495 LIBER
1102 431 1193 492 DE
1229 423 1671 489 RECTORIBUS
1710 419 2145 484 CHRISTIANIS
2184 416 2326 474 MAI.
2355 442 2427 457 —-
2459 411 2849 472 PREFATIO.

3353 409 3461 469 290

200 565 367 622 Pater
392 561 449 616 in
475 555 678 616 Christi
719 553 1031 628 geneaIOgia
1075 549 1376 607 admittitur
1397 588 1412 613 ,
1443 561 1568 602 cum
1606 542 1778 599 Adam
1804 543 1859 605 Α
1881 539 2059 595 locum
2095 537 2245 593 Judaa
2276 532 2566 606 proditoris
2589 531 2954 603 suppleverat.
2994 526 3151 586 Unde
3189 529 3462 587 duodena-

203 656 352 713 ﬁlius
397 654 454 708 in
494 649 684 707 eadem
732 644 1047 719 genealogia
1093 640 1500 714 pronuntiatur,
1537 635 1793 708 quoniam

202 748 325 821 ipse
347 744 512 801 Pater
538 757 569 796 a
593 739 729 795 Filio
761 734 1138 808 inseparabilis
1180 741 1282 790 est.
1329 729 1434 786 Alii
1477 741 1709 797 namque
1739 732 1797 779 et

204 817 329 897 loco
354 845 410 892 et
435 845 678 906 tempore
717 847 748 886 a
789 829 916 886 ﬁliis
942 828 1054 884 suis
1085 833 1213 881 sunt
1239 821 1617 894 dispertibiles.
1659 817 1796 885 Quia

206 949 341 992 vero
361 944 608 989 summus
625 928 789 983 Pater
813 938 1027 995 semper
1048 922 1102 976 in
1123 919 1282 985 Filio,
1302 927 1357 972 et
1375 916 1543 972 Filius
1563 915 1616 969 in
1635 913 1798 968 Patre

207 1023 644 1098 inseparabiliter
668 1028 872 1085 manet,
897 1019 952 1072 in
973 1016 1162 1072 eadem
1187 1013 1282 1068 ﬁlii
1307 1013 1472 1068 etiam
1503 1007 1800 1066 secundum

211 1138 435 1183 carnem
466 1116 781 1193 genealogia
809 1121 964 1185 pater
988 1108 1200 1166 admitti
1227 1106 1433 1163 debuit.
1475 1102 1802 1173 Perquiren-

153 1205 156 1207 λ
209 1216 344 1273 dum
369 1192 551 1269 tamen
577 1217 662 1265 est
695 1223 791 1264 cur
818 1221 917 1276 per
942 1201 1154 1256 Nathan
1183 1198 1355 1253 ﬁlium
1392 1193 1583 1258 David,
1630 1192 1800 1246 intro-

211 1311 328 1366 itus
352 1303 683 1364 recurrentis
704 1301 757 1356 in
770 1300 940 1354 Deum
965 1293 1330 1369 generationis
1348 1287 1584 1346 exordiri
1605 1286 1797 1352 fertur,

213 1419 341 1462 cum
366 1417 475 1457 non
507 1399 574 1453 ab
604 1396 721 1468 ipso
744 1393 980 1458 Nathan,
1008 1390 1102 1445 sed
1131 1388 1310 1460 potius
1336 1401 1366 1440 a
1392 1383 1610 1440 Christo
1633 1380 1803 1436 series

216 1492 629 1569 generationum
652 1499 936 1543 recurrere
962 1481 1169 1552 incipit.
1201 1478 1318 1533 Nisi
1338 1476 1475 1531 forte
1497 1473 1800 1538 introitum,

215 1564 328 1645 non
359 1586 525 1641 totius
553 1579 876 1654 genealogire
905 1575 1118 1632 initium
1140 1613 1155 1639 ,
1188 1571 1284 1628 sed
1321 1567 1560 1640 quolibet
1600 1566 1654 1620 in
1682 1564 1804 1619 loco

219 1679 277 1735 in
308 1647 604 1748 quemlibet
629 1647 860 1743 patrem,
910 1663 1271 1739 generationis
1316 1660 1619 1732 ingressum
1648 1647 1813 1710 intel-‘

167 1829 181 1841 ,
220 1774 388 1844 ligere
410 1769 685 1825 debemus.
720 1762 1018 1834 Sequitur:
1059 1767 1120 1813 ut
1159 1776 1177 1808 ι
1217 1756 1518 1827 praedicans
1547 1751 1604 1806 in
1633 1747 1808 1804 homi-

219 1838 386 1918 nibus
406 1859 683 1916 Christum
704 1869 880 1916 suum,
913 1871 932 1904 ›
963 1858 1018 1905 et
1038 1847 1246 1917 reliqua
1274 1859 1444 1914 usque
1469 1862 1480 1896 :
1517 1860 1535 1893 ‹
1571 1842 1625 1896 in
1651 1838 1809 1895 Chri-

1895 632 2010 688 rius
2049 645 2323 694 numerus,
2365 628 2459 700 qui
2485 626 2746 698 mysticus
2774 631 2887 690 est,
2937 621 3118 678 divina
3157 619 3478 692 disponente

1897 724 2193 795 Sapientia,
2225 722 2329 778 fuit
2368 720 2697 792 completus;
2739 726 2801 773 ut
2842 732 2950 773 non
2988 723 3200 770 tantum
3226 713 3480 770 undecim

1896 817 1992 873 sed
2030 816 2210 888 potius
2253 814 2534 871 duodecim
2581 810 2809 882 apostoli
2846 817 3047 866 essent.
3097 804 3478 862 Duodenarius

1897 909 2096 981 quippe
2120 921 2376 963 numerus
2404 920 2662 978 magnum
2686 904 2739 959 in
2777 917 2837 958 se
2864 901 3107 957 continet
3138 899 3481 972 mysterium,

1898 1019 2059 1074 quem
2086 1011 2196 1058 tres
2237 1008 2462 1071 quater,
2507 1007 2601 1054 aut
2639 1005 2869 1068 quatuor
2917 1003 3030 1060 ter,
3079 999 3482 1050 consummant.

1897 1096 2139 1165 Illudque
2184 1093 2442 1148 nimirum
2488 1091 2731 1146 insinuat
2766 1087 2910 1159 quod
2952 1094 3153 1141 sanctae
3199 1079 3486 1139 Trinitatis

1899 1187 2032 1243 ﬁdes
2054 1202 2152 1258 per
2181 1193 2414 1256 quatuor
2445 1182 2632 1238 mundi
2659 1182 2849 1253 plagas
2883 1193 2979 1234 ore
3019 1176 3316 1249 apostolico
3345 1190 3483 1247 prae-

1901 1280 2073 1336 dicari
2115 1279 2362 1341 deberet,
2405 1275 2497 1346 qui
2541 1272 2908 1329 duodenarius
2955 1283 3213 1326 numerus
3256 1277 3385 1323 tunc
3427 1265 3485 1320 in
3513 1292 3526 1307 -

1902 1370 2156 1443 apostolis
2183 1369 2416 1442 plenitcr
2457 1367 2635 1421 fuerat
2676 1364 3012 1434 completus,
3057 1363 3169 1416 Deo
3211 1360 3267 1415 in
3310 1359 3482 1414 Deum

1901 1464 2080 1536 pleno,
2108 1469 2162 1516 et
2190 1460 2300 1515 ﬁlio
2327 1458 2650 1530 proditionis
2685 1455 2974 1518 exstincto,
3006 1467 3132 1509 cum
3155 1457 3278 1522 post
3297 1449 3487 1503 trium-
3519 1468 3527 1475 ·

1902 1553 2117 1625 phalem
2143 1547 2558 1606 resurrectionis
2587 1555 2644 1601 et
2669 1543 3004 1601 ascensionis
3030 1540 3326 1597 Dominicze
3367 1537 3486 1609 glo-

1905 1645 2040 1699 riam
2070 1641 2321 1699 Christus
2351 1639 2461 1695 Deo
2489 1638 2702 1710 plenus,
2729 1633 3008 1706 discipulis
3033 1631 3248 1696 claruit,
3279 1630 3495 1700 quando

1906 1738 2068 1792 iidem
2089 1733 2359 1806 discipuli,
2381 1732 2500 1787 viso
2517 1730 2746 1786 Domino
2767 1726 2912 1798 pleni
2940 1732 3097 1781 erant
3122 1722 3332 1788 laetitia,
3348 1717 3494 1791 pleni

1908 1829 2312 1900 Scripturarum
2342 1823 2589 1888 scientia,
2617 1819 2764 1892 pleni
2791 1831 3006 1900 quoque
3039 1822 3218 1870 musto
3245 1812 3497 1883 spiritua-

224 1893 386 1918 uwus
406 1893 683 1916 υιιιιοιυ...
705 1893 880 1916 sum",
914 1893 931 1904 .
965 1893 1017 1905 ν.
1041 1893 1246 1917 ,νη-κ
1279 1893 1441 1914 “1--
1470 1893 1480 1896 -
1664 1893 1703 1895 μ
2031 1893 2048 1900 _

223 1963 330 2010 sto.
377 1971 395 2005 ›
428 1951 592 2006 Pater
612 1948 754 2002 inter
781 1943 1031 2000 homines
1056 1938 1333 1994 Christum
1359 1949 1513 1989 suum
1532 1931 1807 2004 praedicat,
1837 1924 1885 1984 B
1911 1921 1981 1976 lis
2007 1919 2226 1991 gratiae;
2257 1931 2362 1986 qua
2396 1911 2732 1985 plenitudine
2779 1893 2945 1964 miser
2987 1904 3154 1960 Judas
3195 1903 3402 1966 caruit,
3435 1906 3500 1954 ut

223 2061 336 2103 non
367 2043 542 2100 solum
587 2053 710 2095 cum
741 2037 808 2091 ad
843 2036 1036 2088 horam
1069 2026 1408 2098 baptismatis
1437 2040 1542 2078 vox
1582 2029 1808 2093 paterna

223 2139 295 2194 de
317 2136 460 2192 nube
487 2129 721 2189 intonuit
748 2127 964 2182 dicens:
996 2123 1077 2177 Tu
1105 2136 1166 2175 es
1190 2118 1360 2174 Filius
1384 2131 1538 2171 meus
1565 2113 1811 2179 dilectus,

221 2231 288 2288 in
316 2239 368 2286 te
394 2227 527 2282 mihi
552 2220 897 2294 complacuit,
925 2216 1019 2273 sed
1046 2222 1102 2269 et
1125 2211 1365 2284 quotidie
1394 2224 1564 2278 usque
1591 2207 1660 2262 ad
1688 2222 1816 2262 con-

221 2320 652 2381 summationem
681 2312 893 2376 saeculi,
934 2305 1268 2378 unigenitum
1307 2301 1505 2358 Filium
1545 2309 1659 2355 toto
1683 2299 1815 2354 orbe

221 2425 503 2474 terrarum
549 2426 647 2481 per
673 2422 770 2462 ora
804 2405 1086 2460 doctorum
1130 2396 1498 2468 evangelizat,
1546 2400 1815 2463 quatenus

225 2523 367 2580 opus
394 2501 620 2576 perfecti
650 2496 906 2560 hominis,
949 2492 1004 2547 id
1053 2497 1154 2555 est,
1205 2503 1340 2558 opus
1377 2486 1496 2551 Dei,
1546 2483 1689 2553 quod
1735 2488 1820 2537 est

227 2598 506 2674 perfectus
534 2596 696 2650 homo
725 2591 792 2645 ad
828 2585 1116 2657 imaginem
1155 2581 1238 2636 sui
1281 2575 1579 2636 conditoris
1606 2589 1819 2630 recrea-

230 2704 342 2756 tus,
371 2689 547 2745 redire
568 2687 622 2741 in
649 2699 708 2739 se
735 2697 833 2753 per
857 2679 1056 2735 Filium
1090 2673 1276 2739 faciat,
1306 2670 1436 2726 dum
1475 2681 1634 2723 nemo
1670 2665 1820 2720 venit

233 2787 306 2843 ad
335 2784 573 2847 Patrem,
602 2778 708 2834 nisi
738 2791 834 2849 per
862 2773 1080 2837 Filium,
1109 2767 1378 2840 quomodo
1403 2776 1562 2820 nemo
1582 2761 1732 2817 venit
1753 2759 1821 2814 ad

233 2879 456 2941 Filium,
481 2874 585 2929 nisi
616 2871 772 2926 Pater
805 2865 1035 2924 traxerit
1057 2879 1200 2918 eum.
1231 2861 1311 2916 Ad
1334 2860 1439 2914 hoc
1460 2856 1603 2912 enim
1630 2852 1826 2908 attinet

237 2975 369 3033 illud
399 2971 541 3042 quod
561 2969 808 3039 protinus
841 2960 1184 3032 adiungitur:
1224 2974 1244 3008 ι
1283 2944 1383 3023 Qui
1415 2969 1513 3025 per
1536 2950 1705 3006 David
1729 2965 1824 3020 pa-

241 3077 380 3132 trem
405 3039 749 3120 venientibus
782 3057 885 3112 iter
909 3052 1184 3126 praebebat
1203 3049 1258 3103 in
1287 3047 1524 3102 Christo.
1564 3063 1582 3095 ›
1611 3040 1744 3096 Nam
1770 3039 1825 3093 in

241 3175 312 3216 eo
335 3157 476 3229 quod
507 3153 792 3210 Matthaeus
812 3164 910 3219 per
932 3153 1116 3216 patres
1145 3143 1200 3198 in
1235 3139 1374 3195 ﬁlios
1410 3137 1604 3193 seriem
1633 3147 1826 3206 genea-

239 3227 402 3323 logiae
447 3245 744 3305 Salvatoris
789 3246 1038 3304 enarrat,
1082 3237 1185 3292 hoc
1213 3230 1517 3304 specialiter
1555 3227 1827 3292 insinuat,

1910 2026 2036 2066 cum
2064 2010 2190 2063 vitae
2215 2016 2493 2061 auctorem
2517 2003 2680 2058 morti
2709 1999 2953 2064 tradidit,
2995 1997 3110 2066 ipse
3136 1994 3306 2049 vitam
3338 1991 3498 2047 amit-

1912 2109 2075 2167 teret,
2115 2115 2179 2154 ac
2203 2097 2499 2168 pessimam
2543 2094 2645 2149 sibi
2690 2100 2950 2162 tanquam
2997 2088 3266 2160 pessimus
3311 2083 3504 2138 mortis

1913 2193 2253 2250 occasionem
2280 2188 2567 2245 inveniret.
2602 2185 2861 2254 Sequitur
2886 2200 2901 2237 :
2940 2182 3126 2251 sicque
3152 2179 3350 2235 Paulus
3378 2191 3501 2232 con-

1914 2285 2329 2342 summationem
2357 2279 2667 2351 apostolicis
2693 2276 2917 2331 Actibus
2955 2273 3128 2328 daret.
3171 2271 3293 2336 Sic,
3327 2269 3380 2323 id
3419 2274 3503 2322 est

1915 2391 1977 2436 ut
2020 2381 2195 2436 Lucas
2243 2375 2612 2447 apostolorum
2664 2371 2832 2425 Actus
2878 2365 3196 2431 scribendo,
3238 2364 3292 2417 in
3338 2359 3506 2416 Paulo

1916 2475 2062 2546 ipsos
2087 2472 2256 2526 Actus
2289 2465 2616 2540 apostolicos
2662 2466 3085 2523 consummaret,
3118 2455 3173 2510 id
3205 2463 3291 2510 est
3318 2454 3372 2508 in
3400 2468 3509 2522 quo

1918 2565 2036 2636 ipso
2067 2564 2227 2618 ﬁnem
2254 2561 2471 2616 illorum
2504 2556 2725 2620 faceret,
2759 2567 2920 2622 quem
2964 2549 3054 2604 diu
3095 2554 3286 2603 contra
3319 2544 3509 2599 stimu-

1919 2659 2032 2714 lum
2054 2654 2489 2712 recalcitrantem
2517 2648 2776 2704 Dominus
2797 2644 3069 2717 elegisset.
3093 2640 3208 2696 Hoc
3231 2638 3304 2693 ita
3327 2643 3510 2709 potest

1922 2749 2148 2820 intelligi
2175 2746 2320 2817 quod
2340 2744 2571 2800 fortasse
2596 2739 2861 2796 Dominus
2889 2735 3114 2791 Paulum
3137 2733 3192 2788 in
3213 2731 3333 2788 loco
3360 2729 3511 2784 Juda:
3589 2754 3592 2757 -

1925 2845 2108 2900 statim
2135 2841 2408 2912 elegisset,
2445 2836 2549 2891 nisi
2590 2832 2734 2905 quod
2769 2832 2860 2886 diu
2891 2836 3080 2885 contra
3110 2823 3389 2882 stimulum
3415 2821 3513 2876 Dei

1926 2933 2321 2992 recalcitrahat.
2371 2929 2478 2985 Sed
2504 2930 2622 2983 hate
2657 2932 2852 2981 cuncta
2883 2917 3311 2992 diligentioribus
3352 2927 3517 2984 expo-

1930 3030 2103 3084 nenda
2133 3024 2508 3094 relinquimus,
2532 3036 2601 3076 ne
2630 3021 2686 3074 in
2709 3017 2929 3088 vulgum
2957 3021 3152 3069 cuncta
3178 3011 3296 3065 haec
3316 3011 3520 3077 myste-

1927 3124 2009 3180 ria
2035 3121 2318 3194 propalare
2340 3118 2640 3172 videamur.
2665 3111 2820 3169 Unde
2842 3109 3007 3163 etiam
3032 3103 3194 3173 hujus
3214 3097 3518 3172 argumenti

1932 3192 2180 3284 repertor
2212 3208 2534 3267 subintulit:
2571 3224 2591 3257 ι
2631 3203 2785 3271 Quod
2812 3198 3118 3272 legentibus
3146 3211 3209 3250 ac
3235 3192 3520 3262 requiren-

245 3283 402 3323 Ιυῦιῶ
448 3283 744 3305 υαιναυυιισ
789 3283 1038 3304 νιιιιιιυ-ν,
1084 3283 1185 3292 ην-
1213 3283 1389 3304 -rv-h,
1418 3283 1425 3284 ,
1799 3283 1825 3292 γ’
1997 3283 2011 3284 7

245 3361 372 3404 cum
399 3358 496 3414 per
521 3338 702 3396 Patris
724 3334 973 3390 notitiam
1003 3326 1318 3400 pervenitur
1343 3323 1408 3377 ad
1431 3321 1648 3376 Filium.
1677 3316 1736 3372 In
1767 3330 1831 3370 eo
1857 3290 1901 3352 ε
1934 3307 2079 3362 tibus
2108 3305 2298 3371 Deum,
2335 3323 2354 3356 ι
2390 3312 2446 3358 et
2474 3299 2680 3369 reliqua
2707 3309 2912 3366 usque:
2942 3310 2961 3344 ι
2996 3289 3283 3362 prodesse.
3316 3304 3335 3338 ι
3362 3283 3512 3347 Ηωον

1602 3411 1611 3414 ’
1706 3406 1757 3414 “““
1817 3405 1832 3414 “
1936 3399 1947 3410 “
2071 3399 2104 3414 ’⁸
2198 3411 2278 3414 ΑΑ-
2307 3395 2389 3414 ίὶι-
2445 3391 2697 3414 —-----nn—2-
2739 3387 2869 3414 ...ΠΛ
2912 3383 3125 3414 ηιιξιειιιιτι
3173 3378 3350 3414 flagrat
3388 3382 3448 3414 ιιί
3489 3389 3512 3414 Ω

248 3452 382 3493 vero
402 3405 567 3506 -quod
590 3432 767 3486 Lucas
798 3441 896 3497 per
930 3422 1069 3477 ﬁlios
1100 3421 1154 3475 in
1184 3425 1368 3490 patres
1406 3411 1671 3475 recurrit,
1704 3405 1835 3463 illud

252 3497 456 3600 procul.
473 3522 635 3578 dubio
669 3518 875 3576 indicat
901 3515 1029 3586 quia
1068 3525 1230 3566 nemo
1255 3507 1324 3562 ad
1354 3504 1578 3560 Patrem
1604 3497 1713 3554 nisi
1740 3511 1838 3568 per

252 3619 458 3675 Filium
486 3615 651 3671 venit.

339 3709 630 3784 Sequitur:
665 3725 682 3757 ι
719 3704 803 3760 cui
840 3702 1001 3757 Luem
1040 3713 1148 3753 non
1188 3691 1459 3748 immerito
1501 3686 1668 3743 etiam
1702 3682 1840 3738 scri-

256 3778 997 3869 bendorum-apostolicorum
1020 3791 1252 3844 Actuum
1278 3789 1518 3854 potestas
1551 3778 1606 3832 in
1641 3781 1846 3845 myste—

259 3897 343 3953 rio
376 3895 556 3950 datur.
596 3911 615 3944 ›
651 3889 769 3945 Non
813 3887 929 3942 sine
969 3880 1154 3937 arcani
1190 3875 1366 3948 gratia
1394 3866 1664 3943 mysterii,
1702 3865 1844 3919 idem

261 3988 442 4044 Lucas
486 3985 654 4040 Actus
695 3976 1018 4049 conscripsit
1058 3969 1416 4043 apostolicos,
1449 3962 1535 4018 cui
1580 3960 1724 4015 Deus
1769 3953 1846 4010 illi

264 4088 524 4148 tanquam
559 4073 923 4145 apostolorum
949 4067 1145 4123 dilecto
1168 4059 1446 4131 discipulo,
1478 4055 1570 4127 qui
1601 4066 1848 4109 nonnun-

265 4186 430 4244 quam
454 4167 621 4241 gestis
658 4179 845 4222 eorum
875 4162 1164 4221 intererat,
1197 4155 1336 4209 hanc
1363 4155 1690 4222 potestatem
1715 4160 1847 4200 con-

267 4243 527 4322 cesserat.
577 4260 732 4329 Quod
773 4256 1020 4328 protinus
1062 4247 1378 4323 mysterium
1427 4243 1682 4316 panditur
1727 4254 1852 4294 cum

269 4356 636 4416 subinfertur:
676 4372 695 4404 ι
728 4360 788 4408 ιιι
824 4351 936 4406 Deo
978 4349 1033 4403 in
1071 4346 1241 4400 Deum
1275 4340 1466 4411 pleno,
1514 4357 1532 4390 ι
1567 4342 1622 4390 et
1646 4332 1853 4400 reliqua

271 4465 482 4523 usque:
523 4467 542 4499 ‹
578 4446 838 4502 Dominus
867 4441 1169 4512 elegisset.»
1201 4432 1340 4489 Nota
1364 4427 1591 4486 historia
1619 4431 1726 4489 est,
1751 4423 1855 4477 sic-

276 4556 336 4601 ut
357 4517 429 4601 in
468 4543 692 4598 Actibus
734 4536 1098 4609 apostolorum
1137 4528 1391 4592 refertur,
1424 4521 1567 4593 quod
1613 4517 1856 4574 oratione
1883 4521 1936 4580 1)

277 4635 349 4691 ab
373 4630 632 4705 apostolis
657 4604 825 4692 facta,
867 4623 1064 4680 cecidit
1086 4635 1206 4676 sors
1243 4630 1404 4687 super
1428 4609 1729 4673 Matthiam,
1759 4604 1848 4676 qui

361 4785 387 4813 δ
417 4771 692 4826 Hactenus
714 4764 896 4822 Codex
925 4761 1046 4817 Vat.
1077 4755 1193 4814 Pal.
1219 4768 1343 4809 saec.
1371 4765 1448 4815 ιχ,

287 4845 461 4900 tarius
494 4841 561 4897 ad
595 4841 970 4908 argumentum
1001 4826 1243 4885 Joannis.

1477 4745 1718 4814 adeoque
1737 4744 2223 4807 contemporaneus
2268 4728 2382 4782 fere
2425 4718 2643 4780 Sedulio
2689 4716 2832 4790 ipsi;
2882 4709 3220 4771 desideratur

1934 3399 2140 3470 inquit,
2188 3395 2398 3452 occulta
2445 3391 2700 3464 mysteria
2739 3387 2870 3444 utile
2911 3383 3128 3455 quidem
3173 3378 3352 3434 fuerat
3388 3382 3451 3429 ut
3489 3389 3523 3428 a

1936 3492 2092 3546 nobis
2137 3505 2235 3562 per
2277 3485 2488 3557 singula
2531 3487 2956 3553 exponerentur,
3003 3472 3148 3543 quod
3190 3477 3371 3524 tamen
3416 3479 3524 3518 non

1937 3557 2177 3657 egimus,
2209 3581 2441 3637 scientes
2470 3576 2614 3647 quod
2653 3578 2969 3643 operantem
3003 3561 3325 3635 agricolam,
3357 3557 3419 3616 id
3441 3561 3526 3610 est

1943 3647 2219 3735 doctorem
2248 3671 2563 3745 quemlibet,
2594 3670 2844 3737 oporteat
2869 3675 2976 3715 non
2999 3664 3210 3712 tantum
3237 3652 3304 3707 de
3333 3647 3526 3703 alienis

1947 3768 2040 3824 sed
2066 3766 2230 3821 etiam
2261 3764 2326 3818 de
2357 3760 2470 3816 suis
2499 3756 2763 3811 fructibus
2796 3748 3030 3822 propriis
3054 3745 3234 3809 edere,
3257 3747 3527 3812 quatenus

1947 3859 2225 3930 copiosum
2255 3852 2440 3908 afferat
2465 3849 2718 3905 fructum.
2749 3843 2892 3899 Nulli
2933 3853 3167 3908 namque
3199 3833 3423 3890 dubium
3451 3837 3536 3886 est

1948 3951 2092 4024 quod
2120 3948 2226 4004 cibi
2251 3945 2442 4002 alienis
2471 3940 2722 3998 dentibus
2751 3931 3046 3993 commoliti
3079 3940 3339 3985 nauseam
3369 3936 3532 3995 gene-

1949 4015 2090 4102 rent.
2122 4042 2276 4109 Quod
2304 4056 2373 4096 ne
2401 4037 2515 4104 ﬁat,
2546 4052 2645 4092 nos
2671 4033 2947 4103 vulgarem
2985 4025 3220 4080 vitamus
3251 4015 3536 4075 curiosita-

1952 4149 2082 4205 tem,
2117 4152 2188 4193 ne
2215 4132 2512 4190 fastidiosis
2530 4124 2823 4184 lectoribus
2843 4121 2965 4192 plus
2989 4117 3178 4172 alienae
3204 4106 3538 4170 curiositatis

1953 4233 2106 4298 vitio,
2131 4244 2291 4301 quam
2317 4225 2536 4300 proprio
2557 4221 2832 4278 elaborata
2853 4214 3030 4271 studio
3058 4205 3421 4280 cupientibus,
3444 4199 3540 4256 sed

1959 4294 2768 4395 potius-veritatisiamatoribus
2790 4316 2848 4364 et
2874 4299 3282 4375 inquisitoribus
3303 4294 3540 4364 aliquam

1962 4415 2249 4472 utilitatem
2280 4408 2528 4465 conferre
2549 4406 2856 4462 videremur
2890 4414 2937 4452 ιι.

2113 4526 2344 4598 Explicit
2371 4524 2429 4579 in
2456 4527 2821 4593 argumentum
2854 4509 3139 4569 secundum
3168 4503 3384 4562 Lucam.

3276 4710 3550 4758 commen-

2453 4909 3538 4953 ...Μ

300 4941 2341 5012 __________________________—

1353 5046 1358 5050 ’
1504 5065 1731 5149 MAII
1809 5061 1938 5140 PR
1956 5045 2339 5134 IEFATIO

569 5302 582 5314 ,
1183 5231 1188 5236 ’
1217 5227 1488 5288 SEDULII
1525 5218 1831 5284 OPUSCUI

1929 5202 2240 5271 POLlTlCO
2280 5191 2646 5267 SEQUENTI.

556 5362 594 5396 ⁸
1484 5361 1632 5423 Μαίη
1659 5355 1897 5422 Ξρὶοίιοα.
1917 5351 2082 5410 Βοω..
2105 5352 2222 5397 tom.
2247 5335 2408 5400 Vill.)

1569 5476 2287 5506 ___..____——-

382 5615 426 5674 1.
453 5613 648 5672 Utrum
669 5603 876 5666 Sedulii
899 5599 1047 5659 Scoti
1067 5611 1201 5669 opus
1226 5596 1291 5650 de
1311 5586 1611 5674 [tectoribus
1633 5581 1890 5674 (Effffstff:

315 5655 576 5759 πεῖρῖειο
601 5681 1014 5759 muleram.
1041 5655 1331 5759 ριιῖςιξςτξιξεετ
1351 5658 1628 5759 animi;

317 5723 817 5826 32:23?
857 5723 1072 5826 editumr
1084 5723 1326 5826 diceret,
1361 5741 1416 5789 et
1452 5739 1634 5826 tamen

426 5793 509 5812 ια.
654 5793 817 5809 ww.
859 5793 1061 5802 ηπ---
1096 5793 1201 5796 --η
1252 5793 1257 5794 ,
1315 5793 1324 5803 ,

357 5793 598 5896 inasque
629 5822 880 5896 omnibus
915 5818 1154 5896 ignotum
1192 5816 1338 5896 erat,
1358 5816 1568 5896 Διιιξιιιιιὶ
1582 5799 1637 5852 in
1665 5793 1899 5896 publicis

364 5864 669 5956 ibiiotheci‘s
688 5935 702 5960 ,
731 5891 871 5963 quod
900 5864 1065 5963 sciam
1085 5924 1100 5950 ,
1131 5864 1396 5963 exstabat.
1536 5864 1897 5963 hoc“

329 5937 1504 6028 Sii'ii'éﬁéiii'ds‘ﬁékv{digiiprolegomene
1532 5943 1600 5998 ad
1623 5937 1902 5997 Sedulium

1995 5572 2287 5635 seniorem,
2317 5561 2524 5646 (δειλοὶ,
2555 5569 2704 5612 num.
2737 5550 2824 5633 ϐξ.
2861 5564 2881 5600 ι
2915 5538 3219 5606 Goldastus,
3250 5548 3313 5595 ut
3338 5553 3406 5596 ex

1995 5648 2119 5692 ιιρη-
2151 5656 2284 5692 num
2305 5637 2394 5692 45.
2423 5635 2610 5692 liquet,
2639 5618 2950 5692 possidebat
2976 5627 3234 5692 m__s._opus
3261 5609 3466 5692 Seduhi
3489 5625 3572 5689 In:

1995 5629 2120 5709 beo,
2151 5629 2284 5697 num
2305 5629 2402 5701 45,
2423 5634 2610 5702 liquet,
2639 5629 2950 5696 possidebat
2976 5629 3080 5670 ms.
3101 5629 3234 5684 opus
3261 5629 3466 5667 Senum
3489 5629 3572 5663 1n—

1999 5717 2258 5784 serimmn
2287 5710 2351 5762 de
2367 5677 3573 5784 -ηιξςιίῖηὲτιξ,ΡτὲιξξξέιῗξεὲἓΞἹθἨῗίὶίὲιῗ.ἠξ¹ὶ¹ξ

2367 5751 2890 5844 έξῦὲίῥίίιηεὲκιιιᾳάξίᾖ
2918 5765 2976 5815 et
2998 5754 3170 5844 inﬁmi
3204 5751 3575 5844 mvilvolulrnen

2003 5816 2977 5914 ἕὲἒὶῗπῖἱ¹ῖιῖιῗειῖιῖ”ιῖὲῖέἓῖἷδθάιιιὲμω
3003 5828 3066 5914 49
3093 5816 3578 5914 R¢¢‘?*?P.“£_E!:f‘:

2004 5889 2706 5985 invenientibus
2732 5901 2920 5976 regulis
2945 5899 3130 5972 quibus
3160 5904 3232 5952 est
3265 5911 3341 5948 res
3367 5889 3578 5962 publica
