4046 6332
599 362 702 421 295

1979 348 2249 410 SEDULII
2282 348 2476 410 SCOTI

597 475 800 532 militer
821 470 1135 543 subjiciunt,
1162 475 1315 525 tanto
1339 466 1511 540 magis
1536 466 1605 523 ad
1630 465 1876 538 gloriosae
1897 464 2177 536 dignitatis
2203 467 2257 528 Α
2279 464 2428 520 nium
2451 462 2741 519 verborum
2777 441 2905 517 folia
2931 460 3202 532 profluere
3229 461 3468 530 devitet;
3505 472 3702 536 quarto
3734 482 3866 524 cum

600 565 950 623 eminentiam
987 560 1289 618 sublimiter
1328 559 1641 616 ascendunt.
1679 557 1810 626 Quis
1849 565 2031 612 autem
2069 571 2188 610 non‘

599 664 829 719 miretur
853 666 1086 731 quantos
1109 657 1345 712 honores
1378 654 1607 710 Domino
1639 649 2180 724 praefatus-Salomon

599 753 944 827 rependerit,
983 758 1270 824 postquam
1307 749 1459 822 regni
1498 754 1771 818 sceptrum
1811 746 1923 800 Deo
1946 750 2182 799 auctore

600 848 880 920 suscepit?
929 861 1092 916 quam
1135 842 1534 914 sapientissima
1584 839 1869 896 devotione
1924 835 2182 906 templum

601 944 817 1001 Domini
845 938 1212 998 construxerit
1237 945 1399 1008 atque
1424 933 1652 990 mirifice
1675 931 1986 989 ornaverit?
2011 945 2182 1000 quan-

602 1047 690 1095 tas
728 1036 960 1106 denique
994 1032 1251 1108 pacificas
1293 1030 1501 1087 hostias
1550 1028 1662 1084 Deo
1707 1024 1996 1082 obtulerit?
2044 1022 2183 1078 Hinc

601 1129 837 1186 fructum
865 1141 974 1182 suae
997 1123 1299 1181 devotionis
1321 1129 1483 1193 atque
1510 1119 1772 1176 orationis
1799 1115 2063 1188 percepit,
2079 1113 2184 1169 sic-

603 1229 660 1277 ut
690 1234 956 1293 apparens
1000 1218 1052 1272 ei
1097 1215 1360 1271 Dominus
1384 1213 1597 1269 locutus
1625 1217 1710 1266 est
1733 1209 1920 1265 dicens
1947 1221 1962 1262 :
1993 1204 2184 1260 Audiui

600 1315 890 1368 orationem
926 1319 1072 1365 tuam
1103 1317 1151 1364 et
1176 1305 1589 1378 deprecationem
1617 1318 1775 1374 quam
1799 1300 2104 1371 deprecatus
2130 1313 2184 1352 es

600 1422 777 1460 coram
806 1421 921 1471 me;
946 1401 1271 1471 sanctiﬁcavi
1299 1399 1512 1452 domum
1539 1397 1674 1450 hanc
1703 1410 1861 1460 quam
1888 1392 2182 1461 wdiﬁcasti,

600 1507 656 1553 ut
679 1513 922 1570 ponerem
949 1512 1136 1551 nomen
1152 1509 1324 1548 meum
1351 1490 1424 1545 ibi
1445 1491 1500 1544 in
1529 1488 1929 1560 sempiternum;
1956 1495 2003 1540 et
2031 1493 2185 1539 erunt

599 1589 737 1643 oculi
771 1590 873 1642 mei
913 1595 962 1642 et
1010 1602 1100 1640 cor
1140 1599 1313 1639 meum
1354 1581 1428 1636 ibi
1466 1581 1664 1635 cunctis
1699 1579 1899 1634 diebus.
1946 1577 2026 1632 Tu
2053 1595 2185 1649 quo-

597 1698 696 1753 que
716 1722 732 1747 ,
758 1681 803 1735 si
830 1677 1176 1735 ambulaveris
1211 1690 1389 1730 coram
1418 1689 1533 1740 me,
1564 1673 1699 1727 sicut
1731 1670 2012 1726 ambulauit
2040 1678 2190 1740 pater

598 1780 720 1826 tuus
760 1773 816 1824 in
855 1767 1186 1840 simplicitate
1225 1766 1398 1821 cordis
1429 1773 1478 1819 et
1513 1764 1570 1818 in
1604 1764 1875 1836 equitate,
1917 1772 1966 1816 et
2003 1762 2188 1832 feceris

2282 555 2636 627 gloriosorum
2674 554 2980 625 principum
3017 555 3360 632 prudentiam
3389 555 3554 612 simul
3577 563 3635 613 et
3657 558 3862 626 verba,

2281 662 2384 702 nec
2411 663 2517 703 non
2545 646 2738 702 divina:
2772 645 3068 716 Scripturae
3094 647 3308 718 eloquia
3346 662 3511 718 super
3544 647 3650 705 mel
3687 658 3751 706 et
3782 648 3864 704 fa-

2281 755 2408 794 vum
2454 741 2651 797 mentis
2694 739 2940 797 faucibus
2978 741 3260 812 sapiﬁcet;
3301 743 3491 814 quinto
3519 759 3643 799 cum
3680 745 3867 815 perni-

2283 829 2443 885 ciosze
2466 831 2691 887 actionis
2713 848 2872 888 omne
2895 832 3129 889 dedecus
3157 844 3475 906 perpetrare
3497 846 3863 908 expavescat;

2282 927 2437 976 sexto
2457 936 2586 978 vero
2613 938 2734 977 cum
2775 922 2821 979 si
2849 940 2956 995 qua
2998 933 3125 980 sunt
3147 925 3467 995 laudabilia,
3509 927 3555 984 si
3593 943 3707 1000 qua
3747 938 3868 984 sunt

2283 1009 2530 1082 gloriosae
2559 1013 2928 1086 dispositionis
2959 1032 3126 1088 opera
3152 1019 3436 1090 magnifica
3463 1019 3762 1092 insigniter
3781 1035 3866 1076 os-

2285 1102 2491 1169 tendat,
2506 1105 2677 1176 utqui
2698 1107 2927 1163 interius
2949 1122 3134 1164 coram
3155 1109 3384 1167 Domino
3405 1111 3597 1167 devota
3619 1110 3866 1182 fulgescit

2284 1193 2584 1262 voluntate,
2619 1197 2858 1254 exterius
2892 1214 3074 1255 coram
3105 1201 3303 1273 pOpulo
3331 1217 3580 1258 sermone
3610 1202 3870 1260 clarescat

2285 1291 2340 1341 et
2373 1301 2557 1356 opere.
2609 1287 2779 1355 Quem
2820 1291 2977 1346 decet
3012 1292 3213 1347 trinam
3263 1293 3552 1350 observare
3591 1294 3868 1366 regulam,

2287 1389 2552 1437 terrorem
2571 1383 2777 1439 scilicet
2797 1393 2854 1439 et
2873 1385 3266 1444 ordinationem
3289 1399 3457 1461 atque
3472 1404 3743 1447 amorem.
3766 1389 3872 1446 Nisi

2287 1475 2433 1529 enim
2453 1483 2665 1531 ametur
2683 1478 2890 1548 pariter
2910 1488 2968 1536 et
2985 1489 3278 1551 metuatur,
3295 1484 3564 1540 ordinatio
3579 1484 3731 1542 illius
3753 1501 3873 1542 con-

2289 1572 2437 1622 stare
2458 1567 2680 1624 minime
2692 1570 2910 1639 poterit.
2927 1570 3068 1645 Ergo
3087 1589 3186 1645 per
3207 1573 3576 1632 all'abilitatem
3603 1585 3663 1633 et
3683 1577 3873 1634 benefi-

2290 1660 2376 1717 cia
2399 1670 2738 1750 procuret.ut
2763 1663 3037 1734 diligatur,
3071 1676 3126 1722 et
3162 1683 3259 1739 per
3273 1668 3448 1740 justas
3474 1671 3751 1727 vindictas
3778 1687 3872 1727 non

2255 1806 2268 1824 ._
2292 1756 2524 1827 propriae
2554 1755 2796 1812 victoriae
2819 1759 2912 1814 sed
2931 1757 3036 1831 legi
3061 1759 3158 1815 Dei
3186 1762 3402 1817 studeat
3428 1772 3490 1818 ut
3508 1771 3812 1820 metuatur.

600 1863 780 1918 omnia
817 1878 933 1934 qua!
967 1859 1190 1932 prwcepi
1231 1858 1355 1925 tibi,
1393 1865 1444 1912 et
1478 1856 1712 1928 legitima
1747 1872 1864 1910 mea
1903 1863 1952 1908 et
1993 1853 2191 1920 iudicia
2217 1858 2266 1919 Β
2369 1849 2523 1906 Hunc
2542 1866 2672 1922 ergo
2691 1862 2908 1922 oportet
2921 1841 3040 1910 esse
3055 1854 3311 1912 humilem
3325 1856 3381 1913 in
3402 1857 3516 1913 suis
3530 1858 3729 1924 oculis,
3747 1860 3875 1916 sicut

599 1970 717 2009 mea
743 1954 1048 2019 servaveris,
1079 1969 1272 2024 ponam
1301 1951 1544 2004 thronum
1570 1949 1714 2020 regni
1738 1949 1815 2003 tui
1841 1963 1997 2019 super
2017 1944 2190 2000 Israel

597 2045 658 2099 in
684 2045 1074 2116 sempiternum,
1099 2045 1234 2097 sicut
1263 2041 1468 2096 locutus
1495 2058 1610 2095 sum
1638 2039 1809 2094 David
1831 2039 1971 2110 patri
1997 2046 2086 2092 tuo
2109 2036 2191 2090 di-

597 2151 720 2190 cens
749 2153 768 2188 :
795 2134 919 2188 Non
951 2134 1222 2205 auferetur
1248 2133 1312 2187 de
1335 2148 1520 2204 genere
1550 2143 1638 2186 tuo
1667 2133 1749 2185 vir
1775 2131 1839 2186 de
1861 2129 1992 2186 solio
2020 2129 2191 2186 Israel

597 2222 729 2296 (III
765 2225 895 2296 Reg.
937 2242 1024 2293 rx,
1057 2223 1211 2297 5-5).
1244 2225 1432 2297 Itaque
1467 2225 1512 2280 si
1548 2223 1636 2280 ille
1679 2241 1777 2280 rex
1808 2223 2062 2280 Salomon
2092 2239 2191 2295 pro

595 2330 752 2372 sacra
783 2317 1067 2373 devotione
1103 2331 1310 2388 proque
1346 2317 1713 2373 construenda
1748 2317 1910 2373 domo
1943 2317 2191 2372 terrestri

596 2408 832 2475 Domini,
865 2418 1073 2464 tantam
1103 2410 1557 2466 remunerationis
1588 2410 1813 2480 gloriam
1841 2409 2042 2465 habere
2066 2424 2193 2480 pro-

598 2507 819 2573 meruit,
843 2523 1005 2577 quam
1035 2506 1469 2564 inaestimabilem
1493 2509 1716 2565 habebit
1741 2509 1930 2582 gloriae
1957 2510 2192 2581 palmam

597 2598 645 2654 si
668 2599 792 2669 quis
819 2599 930 2656 Deo
953 2600 1204 2656 amabilis
1233 2610 1414 2656 rector
1428 2609 1669 2657 sanctam
1694 2602 2071 2672 perornaverit
2090 2601 2192 2657 Ec-

597 2688 848 2759 clesiam,
880 2708 999 2764 quae
1029 2701 1111 2748 est
1149 2692 1246 2748 Dei
1280 2692 1390 2748 vivi
1427 2693 1707 2764 spirituale
1748 2693 2192 2749 tabernaculum?

602 2779 710 2837 Sed
742 2783 858 2838 haec
886 2798 1006 2853 qua:
1040 2783 1281 2838 breviter
1313 2782 1452 2854 stylo
1478 2782 1681 2854 prosali
1708 2781 1978 2851 diximus,
2011 2781 2190 2855 aliqua

599 2887 856 2929 versuum
885 2873 1172 2930 dulcedine
1195 2873 1602 2930 concludamus.

668 2964 924 3037 Quisquis
951 2966 1188 3039 ﬂorigeri
1222 2977 1494 3038 sceptrum
1524 2968 1627 3022 fert
1656 2968 1836 3025 nobile
1862 2968 2045 3041 regni,

742 3057 985 3114 Primum
1013 3059 1354 3117 Celsithrono
1385 3069 1509 3118 vota
1537 3077 1836 3133 precesque
1859 3061 2020 3118 ferat.

668 3149 727 3205 ln
753 3151 907 3222 cujus
934 3166 1088 3208 sacro
1119 3161 1246 3208 sunt
1274 3154 1454 3209 omnia
1481 3154 1702 3207 numine
1731 3162 1940 3224 sceptra
1959 3194 1974 3220 ,

744 3242 812 3296 Et
831 3257 938 3312 pax
965 3243 1226 3299 nobilium
1244 3285 1258 3311 ,
1286 3245 1400 3299 vita
1426 3243 1680 3314 salusque
1704 3244 1921 3299 ducum.

672 3335 809 3392 Nam
835 3337 1017 3410 regale
1044 3337 1209 3394 decus
1238 3339 1458 3394 radians
1480 3337 1833 3407 diademaque
1858 3337 2014 3409 regni

743 3429 842 3488 Est
868 3432 1030 3488 timor
1052 3431 1330 3488 altithroni
1361 3439 1583 3487 sanctus
1605 3445 1868 3502 amorque
1892 3429 2009 3485 Dei.

672 3523 806 3581 Lilia
834 3524 1143 3598 ﬂorigerum
1175 3536 1399 3581 comunt
1429 3542 1528 3581 ceu
1554 3525 1727 3580 lactea
1751 3539 2000 3596 campum
2018 3565 2033 3591 ,

749 3619 818 3674 Ut
848 3635 971 3675 rosa
1001 3619 1217 3690 punicei
1245 3619 1542 3674 schematis
1571 3633 1666 3674 ore
1695 3619 1885 3685 rubet,

674 3709 765 3767 Sic
784 3709 964 3781 justus
992 3719 1176 3767 rector
1199 3712 1461 3767 virtutum
1489 3710 1622 3768 ﬂore
1641 3711 1895 3776 virescit,

746 3803 1027 3859 Germinet
1054 3812 1116 3858 ut
1143 3804 1353 3859 fructus
1387 3805 1586 3858 mentis
1612 3803 1664 3857 in
1691 3819 1815 3859 arce
1845 3817 2047 3859 sacros.

673 3895 906 3950 Pulchra
936 3895 1284 3952 Salomonem
1313 3895 1590 3951 decoravit
1615 3910 1853 3964 purpura
1883 3908 2083 3967 regem,

748 3987 857 4043 Nec
881 4003 993 4044 non
1014 3988 1240 4043 Davidis
1276 3988 1481 4056 fulgida
1507 3994 1723 4057 sceptra
1751 3988 1957 4056 patris,

681 4077 789 4134 Sed
819 4079 995 4150 magis
1019 4079 1248 4134 interius
1277 4080 1513 4150 prudens
1540 4078 1754 4133 devotio
1779 4079 1956 4134 cordis

754 4169 980 4227 Ornavit
997 4168 1253 4238 juvenem
1281 4168 1632 4241 glorificando
1659 4170 1849 4225 Deum.

679 4264 858 4320 lnstar
883 4263 1096 4319 luciferi
1121 4263 1293 4318 niteat
1324 4279 1410 4318 res
1439 4261 1654 4333 publica
1678 4263 1874 4328 vestri,

750 4357 1065 4427 Exortuque
1087 4370 1228 4411 novo
1261 4354 1540 4427 splendida
1570 4364 1696 4412 vota
1717 4363 1892 4426 gerat.

1280 4446 1432 4502 CAP.
1471 4446 1535 4502 ll.

679 4543 779 4611 Qui
810 4542 1020 4612 apicem
1061 4541 1226 4614 regia:
1269 4541 1582 4614 dignitatis,
1623 4542 1854 4600 Domino
1885 4553 2195 4615 praestante,

612 4636 938 4701 ascenderit,
960 4643 1175 4705 oportet
1198 4644 1259 4690 ut
1284 4651 1342 4691 se
1364 4635 1544 4706 ipsum
1568 4637 1807 4709 primum
1833 4647 2006 4711 regat,
2037 4653 2198 4710 quem

610 4726 791 4783 divina
822 4726 1102 4795 dispositio
1130 4726 1263 4783 alios
1301 4742 1489 4799 regere
1511 4729 1800 4785 ordinavit.
1837 4729 1952 4786 ch
1987 4730 2133 4786 enim
2166 4747 2198 4786 a

611 4819 846 4892 regendo
875 4827 1122 4874 vocatur.
1171 4818 1326 4874 Tunc
1353 4828 1533 4876 autem
1572 4820 1678 4877 hoc
1716 4822 1934 4877 nomine
1959 4839 2020 4879 se
2044 4837 2200 4878 vera-

611 4911 748 4966 citer
768 4908 1030 4981 appellari
1060 4907 1343 4980 intelligat,
1369 4910 1462 4979 qui
1489 4917 1662 4965 semet
1681 4911 2079 4969 rationabiliter
2106 4928 2202 4984 gu-

609 5001 841 5058 bernare
868 5016 979 5056 non
1001 5000 1235 5073 ignorat.
1262 4999 1380 5056 Rex
1401 5001 1584 5072 itaque
1605 5001 1938 5073 orthodoxus
1963 5018 2199 5059 summo-

610 5110 742 5167 pere
773 5094 1010 5161 studeat,
1036 5093 1217 5166 utqui
1243 5094 1475 5150 subditis
1497 5093 1638 5151 bene
1663 5097 1998 5167 concupiscit
2028 5097 2198 5167 impe-

612 5204 758 5255 rare,
781 5188 1122 5260 aliorumque
1142 5196 1324 5243 errata
1349 5188 1583 5260 disponit
1601 5190 1893 5262 corrigere,
1921 5190 2037 5261 ipse
2056 5187 2198 5245 mala

612 5295 720 5334 non
749 5279 1025 5345 admittat,
1063 5293 1185 5349 qua:
1226 5280 1415 5336 stricte
1460 5281 1635 5336 malus
1677 5282 1930 5352 corrigit,
1959 5287 2014 5334 et
2053 5280 2196 5336 bona
2251 5316 2261 5322 ς

613 5384 734 5439 quae
760 5368 1020 5438 imperat,
1067 5377 1195 5426 ante
1223 5385 1412 5426 omnes
1461 5371 1685 5441 implere
1734 5371 2047 5426 contendat.
2091 5369 2198 5426 Sex

614 5469 796 5516 autem
822 5461 998 5517 modis
1037 5461 1214 5518 bonus
1250 5472 1433 5520 rector
1471 5476 1589 5518 sese
1635 5461 1978 5517 laudabiliter
2017 5462 2195 5535 regit:

611 5551 789 5622 primo
811 5551 1028 5622 quidem
1059 5553 1188 5609 dum
1220 5553 1438 5610 illicitas
1468 5552 1823 5625 cogitationes
1850 5553 2019 5608 animi
2047 5568 2200 5610 seve-

614 5644 778 5699 ritate
806 5645 1086 5716 reprimit;
1117 5645 1355 5701 secundo
1383 5645 1510 5700 dum
1555 5643 1793 5700 salubria
1831 5643 2059 5701 consilia
2086 5654 2198 5701 tam

615 5739 682 5796 ad
711 5755 861 5796 suam
886 5754 1050 5810 quam
1080 5739 1150 5794 ad
1177 5739 1359 5811 populi
1388 5738 1676 5794 utilitatem
1716 5739 2045 5811 pertinentia
2077 5754 2200 5812 per-

616 5841 850 5898 tractat;
879 5832 1043 5889 tertio
1081 5847 1204 5888 cum
1246 5833 1422 5890 otiosa
1447 5839 1503 5889 et
1531 5832 1742 5890 inutilia
1774 5850 1869 5892 seu
1896 5834 2054 5891 noxia
2080 5835 2169 5890 ina

2290 1941 2550 2011 scriptum
2577 1951 2691 1998 est:
2721 1945 2996 2001 Rectorem
3022 1955 3072 2002 te
3091 1958 3401 2018 posuerunt,
3425 1949 3534 2004 noli
3561 1951 3773 2018 extolli,
3795 1952 3874 2007 sed

2289 2035 2396 2088 esto
2437 2034 2495 2088 in
2523 2033 2631 2089 illis
2655 2036 2808 2107 quasi
2834 2054 2970 2093 unus
2989 2055 3054 2093 ex
3073 2038 3200 2111 ipsis
3228 2038 3418 2111 (Eccli.
3441 2056 3614 2108 xxxn,
3649 2042 3729 2115 1).
3778 2041 3876 2098 Nec

2290 2123 2464 2179 solum
2498 2122 2644 2195 justc
2672 2126 3016 2196 hominibus,
3047 2129 3143 2186 sed
3183 2130 3267 2186 sui
3301 2132 3546 2202 corporis
3590 2141 3650 2189 et
3694 2133 3875 2190 anima:

2291 2218 2557 2275 dominari
2595 2223 2969 2293 passionibus,
3015 2233 3284 2296 quatenus
3323 2236 3507 2284 rector
3547 2227 3684 2298 jure
3729 2239 3875 2301 queat

2291 2312 2612 2383 nuncupari,
2644 2315 2784 2370 sicut
2811 2317 3033 2386 quidam
3069 2318 3286 2389 sapiens
3319 2320 3433 2375 ait:
3467 2319 3585 2376 Rex
3613 2323 3763 2386 erit,
3799 2321 3875 2392 qui

2293 2410 2442 2459 recte
2463 2402 2625 2460 faciet
2650 2423 2664 2473 ;
2707 2409 2800 2477 qui
2827 2423 2936 2463 non
2964 2408 3160 2476 faciet,
3187 2426 3295 2467 non
3322 2412 3447 2468 erit.
3479 2411 3564 2467 Sit
3602 2428 3748 2484 ergo
3771 2430 3859 2470 con

2291 2495 2414 2551 silio
2440 2498 2894 2568 prudentissimus
2917 2500 2973 2555 in
3001 2517 3251 2558 sermone
3270 2544 3286 2570 ,
3313 2519 3460 2561 nunc
3485 2513 3546 2560 ut
3570 2507 3757 2576 possit
3779 2516 3875 2562 ter-

2293 2589 2496 2656 ribilis;
2531 2585 2727 2661 saepius
2756 2607 2885 2648 vero
2912 2595 3090 2666 gratia
3113 2595 3413 2653 dulcedinis
3432 2596 3694 2664 all‘abilis,
3720 2601 3879 2656 victor

2291 2682 2550 2749 libidinis,
2577 2686 2842 2756 superbiae
2869 2695 3029 2757 atque
3051 2703 3268 2744 vesanae
3307 2688 3641 2757 ferocitatis,
3685 2693 3880 2748 amicus

2292 2774 2563 2832 bonorum
2587 2785 2642 2832 et
2675 2777 2928 2834 inimicus
2952 2788 3328 2851 tyrannorum,
3369 2783 3541 2838 hostis
3569 2784 3875 2852 criminum,

2293 2867 2466 2922 hostis
2485 2868 2744 2924 vitiorum
2763 2910 2778 2936 ,
2808 2870 2864 2925 in
2911 2870 3054 2927 bello
3082 2872 3455 2938 cautissimus,
3493 2875 3551 2929 in
3577 2890 3728 2945 pace
3761 2893 3876 2934 con-

2295 2963 2682 3031 stantissimus,
2698 2964 2947 3022 ﬁdelibus
2968 2968 3420 3037 promissionibus
3441 2970 3877 3039 probatissimus,

2297 3054 2481 3110 divina
2517 3057 2769 3114 humanis
2803 3075 3155 3131 praeponens,
3207 3061 3482 3132 subjectos
3528 3063 3820 3122 deter-rens
3855 3081 3879 3119 a

2295 3145 2460 3212 malo,
2492 3147 2732 3206 invitans
2779 3150 2848 3205 ad
2890 3150 3052 3218 bona,
3089 3166 3442 3210 remunerans
3479 3157 3636 3226 copia
3660 3200 3678 3224 ,
3723 3158 3880 3213 indul-

2218 3230 2266 3296 C
2297 3238 2477 3309 gentia
2511 3238 2748 3296 liberans
2769 3281 2786 3308 ,
2819 3257 2887 3297 ex
2932 3243 3091 3300 malis
3128 3245 3330 3314 bonos,
3361 3263 3429 3303 ex
3477 3249 3639 3304 bonis
3689 3249 3883 3306 faciens

2295 3332 2548 3402 optimos.
2582 3333 2666 3388 Sit
2685 3344 2907 3392 sanctus
2931 3345 2989 3392 et
3011 3338 3160 3394 utilis
3189 3341 3266 3395 rei
3305 3341 3534 3412 publica:
3552 3382 3570 3408 ,
3597 3341 3879 3399 clementia

2298 3426 2762 3493 commendabilis,
2793 3427 2850 3483 in
2877 3429 3121 3486 bonitate
3147 3434 3493 3503 conspicuus,
3523 3436 3758 3505 pietate,
3784 3437 3880 3492 tor-

2297 3515 2553 3584 titudine,
2583 3520 2852 3588 castitate,
2879 3521 3092 3591 justitia
3122 3526 3435 3595 praeclarus,
3464 3529 3549 3583 vir
3575 3531 3883 3602 optimuset

2297 3611 2450 3681 apice
2490 3613 2774 3683 principali
2820 3616 3192 3687 dignissimus,
3234 3618 3332 3676 Dei
3371 3622 3624 3678 timorem
3671 3640 3879 3697 semper

2295 3717 2410 3774 prae
2433 3703 2606 3760 oculis
2634 3706 2874 3774 habens,
2924 3716 2980 3763 et
3029 3711 3324 3767 secundum
3357 3713 3771 3786 Omnipotentis
3803 3716 3882 3774 de-

2296 3806 2471 3864 creta,
2496 3797 2647 3869 justa
2671 3815 3004 3870 perpensans
3026 3803 3249 3874 judicia,
3287 3809 3380 3878 qui
3409 3811 3502 3864 dat
3530 3811 3774 3868 salutem
3806 3829 3880 3868 re-

2299 3890 2476 3962 gibus,
2508 3900 2563 3946 et
2599 3894 2780 3948 omnia
2807 3910 3142 3967 quascunque
3171 3901 3285 3955 vult
3313 3901 3443 3957 facit
3481 3904 3538 3958 in
3582 3905 3732 3960 cmlo
3761 3915 3814 3960 et
3839 3907 3883 3960 in

2297 3989 2448 4037 terra
2473 3990 2527 4038 et
2569 3985 2624 4038 in
2659 3987 2808 4041 omni
2848 3997 3126 4058 creatura;
3173 3993 3300 4062 quia
3339 3993 3455 4064 ipse
3493 4004 3579 4050 est
3627 3995 3886 4052 Dominus

2299 4074 2540 4130 omnium
2550 4114 2565 4139 ,
2579 4075 2665 4130 cui
2683 4093 2832 4132 omne
2850 4095 2984 4149 genu
2998 4079 3234 4137 flectitur
3245 4082 3545 4151 antestium,
3561 4088 3886 4140 terrestrium

2301 4172 2350 4222 et
2374 4165 2699 4236 infernarum
2727 4169 2950 4242 (Philip.
2981 4189 3044 4238 ιι,
3077 4173 3165 4245 10)
3185 4214 3201 4240 ,
3233 4175 3289 4229 in
3319 4174 3471 4246 cujus
3512 4192 3681 4232 manu
3719 4180 3887 4234 omnis

2299 4266 2536 4329 potestas
2563 4261 2619 4316 in
2647 4262 2786 4318 coelo
2822 4271 2878 4319 et
2910 4264 2966 4319 in
2997 4274 3170 4333 terra,
3215 4270 3307 4338 qui
3338 4279 3422 4324 est
3458 4285 3551 4325 rex
3579 4287 3816 4344 regum,
3841 4281 3889 4328 et

2303 4366 2426 4423 spes
2453 4353 2636 4424 gloriae
2654 4353 2803 4423 juste
2831 4365 2887 4412 et
2913 4358 3003 4427 pie
3029 4358 3444 4418 dominantium.

2373 4444 2473 4513 Qui
2507 4449 2645 4519 regit
2669 4448 2896 4506 allectus
2920 4452 3107 4519 animi,
3140 4470 3235 4510 rex
3263 4455 3384 4526 jure
3410 4466 3670 4525 vocatur,

2444 4541 2513 4595 Et
2541 4539 2712 4597 ﬂuxas
2741 4544 2923 4600 carnis
2949 4545 3041 4616 qui
3064 4547 3248 4603 domat
3276 4549 3578 4606 illecebras.

2373 4630 2630 4700 Quamvis
2655 4634 2748 4704 qui
2775 4634 2982 4692 fulvum
3009 4648 3228 4709 superat
3256 4640 3456 4696 virtute
3481 4641 3696 4699 leonem

2445 4727 2562 4781 Rex
2593 4735 2771 4783 teneat
2793 4729 3001 4786 clarum
3029 4731 3205 4789 laudis
3225 4735 3431 4790 honore
3453 4735 3665 4801 locum;

2377 4820 2484 4877 Sed
2510 4821 2630 4892 plus
2654 4830 2739 4878 est
2769 4821 2988 4879 laudum
3013 4823 3186 4882 fastos
3213 4827 3427 4883 calcare
3453 4828 3726 4900 superbos
3743 4871 3763 4899 ,

2448 4913 2588 4966 Iram
2617 4928 2716 4968 ceu
2747 4913 2992 4969 rabidam
3016 4915 3305 4973 mitificare
3332 4916 3524 4974 feram.

2374 5006 2596 5076 Magnus
2621 5013 2678 5061 et
2710 5006 2800 5062 ille
2832 5007 2964 5064 cluit
2991 5025 3165 5065 saevos
3193 5010 3286 5080 qui
3315 5011 3530 5067 triverit
3557 5012 3795 5082 hostes,

2439 5098 2701 5170 Lauriger
2724 5114 2789 5154 ac
2809 5100 2986 5158 victor
3009 5101 3154 5157 clara
3183 5111 3381 5174 tropzea
3406 5101 3594 5160 refert.

2369 5190 2553 5246 Gloria
2582 5191 2679 5246 sed
2705 5191 2881 5262 major
2901 5202 3177 5266 comptum
3207 5195 3522 5252 cmlestibus
3549 5198 3729 5255 armis

2439 5283 2633 5340 Hostes
2667 5301 2858 5342 aereos
2885 5288 3106 5343 vincere
3127 5303 3287 5358 posse
3316 5287 3528 5345 ducem.

2369 5375 2472 5433 Est
2501 5377 2675 5451 magis
2703 5379 2990 5449 imperium
3015 5388 3253 5434 mentem
3278 5378 3494 5436 frenare
3515 5395 3614 5452 per
3641 5391 3859 5449 artem,

2443 5469 2614 5536 Quam
2643 5471 2689 5526 si
2722 5471 2844 5541 quis
2869 5471 3068 5526 habeat
3095 5471 3324 5543 triplicis
3344 5475 3494 5530 orbis
3515 5490 3667 5546 opes.

2372 5561 2507 5619 Nam
2536 5564 2792 5632 templum
2823 5564 3036 5619 Domini
3059 5565 3191 5636 justi
3221 5580 3375 5621 mens
3403 5567 3552 5639 regia
3586 5567 3766 5642 fulget
3784 5613 3800 5637 ,

2444 5660 2532 5715 Fit
2561 5662 2788 5716 thronus
2820 5663 3017 5718 excelsi
3039 5662 3239 5731 judicis
3263 5664 3379 5734 ipsa
3407 5663 3520 5718 Dei.

2373 5735 2618 5806 Comiiur
2649 5751 2735 5806 illa
2761 5753 2951 5808 domus
2975 5751 3113 5809 flavo
3138 5754 3435 5823 speciosior
3457 5768 3622 5820 auro,

2452 5840 2680 5898 iustitiae
2697 5843 2869 5904 solem
2905 5845 3103 5912 gaudet
3132 5845 3334 5904 habere
3363 5861 3542 5902 suum.
