4046 6332
276 397 390 458 29⁵1

345 607 595 682 Regnum
616 610 776 685 hujus
798 619 977 678 saeculi
997 637 1432 688 momentaneum
1451 633 1700 695 volubilis
1720 649 1854 696 rom

272 701 525 773 vertigini
550 706 819 776 sapientes
842 727 963 771 esse
991 720 1272 778 consimile
1292 723 1688 794 iudicaverunt.
1714 731 1852 790 Nam

269 791 412 847 sicut
434 795 610 853 omnis
632 808 763 856 rotae
783 807 1012 879 vertigo,
1043 826 1162 882 quae
1190 818 1468 887 superiora
1499 822 1664 880 habet
1689 826 1851 882 modo

271 883 475 955 dejicit,
503 895 558 942 et
586 903 707 960 qua:
733 893 941 966 dejecta
967 912 1094 958 sunt
1127 883 1288 963 modo
1318 914 1567 983 superius
1608 918 1847 986 extollit,

271 975 348 1030 ita
379 979 556 1036 subito
586 986 910 1056 erectiones,
950 995 1129 1052 subito
1155 999 1410 1059 elisiones
1440 1011 1713 1066 terrestris
1736 1011 1850 1082 glo-

270 1067 350 1120 ria
382 1070 531 1141 regni
555 1077 816 1147 sustinet;
855 1083 996 1140 unde
1023 1101 1124 1143 nec
1152 1105 1338 1159 veros,
1371 1097 1463 1151 sed
1503 1098 1848 1172 imaginarios

265 1165 322 1212 et
349 1160 510 1218 citius
535 1163 788 1236 fugitivos
817 1170 1051 1233 honores
1091 1177 1271 1237 habet.
1312 1183 1445 1242 Illud
1485 1160 1640 1244 enin;
1655 1207 1846 1250 verum

265 1265 493 1320 regnum
529 1263 646 1324 est,
685 1263 827 1329 quod
869 1265 925 1319 in
970 1271 1357 1341 sempiternum
1399 1281 1688 1349 perdurat;
1741 1285 1846 1342 hoc

264 1350 445 1399 autem
472 1350 613 1418 quod
638 1354 1008 1414 transitorium
1038 1371 1119 1418 est
1155 1373 1209 1420 et
1250 1369 1530 1439 caducum,
1560 1389 1667 1430 non
1696 1378 1843 1433 veri-

261 1439 446 1501 tatem,
475 1440 571 1496 sed
591 1446 880 1516 quamdam
911 1453 1258 1513 mediocriter
1286 1459 1694 1522 similitudinem
1725 1471 1840 1526 veri

260 1531 317 1579 et
353 1533 720 1596 permanentis
767 1551 979 1611 semper
1019 1546 1170 1616 regni
1217 1551 1471 1607 ostendit.
1514 1553 1667 1611 Sicut
1695 1559 1840 1617 enim

257 1627 420 1672 arcus
440 1619 564 1675 caeli
585 1623 764 1681 varios
786 1627 1013 1700 pingens
1036 1644 1261 1693 ornatus
1286 1650 1506 1698 arcuato
1527 1649 1839 1706 curvamine

253 1704 506 1765 celeriter
532 1712 750 1788 refugit,
778 1718 854 1774 ita
883 1721 1136 1781 nimirum
1163 1730 1438 1790 saecularis
1462 1736 1644 1807 gloriae
1665 1740 1838 1811 digni-

254 1799 358 1864 tas,
388 1804 632 1869 quamvis
662 1807 731 1862 ad
771 1824 1009 1880 praesens
1041 1827 1270 1888 ornata,
1319 1830 1500 1882 tamen
1547 1837 1631 1885 est
1673 1831 1834 1889 citius

254 1883 504 1958 fugitiva.
538 1892 655 1961 Qua
680 1896 864 1969 itaque
896 1912 1013 1958 arte
1037 1915 1095 1961 et
1121 1883 1268 1978 quali
1311 1883 1835 1990 industriaqua—nta:
1859 1902 1911 1966 Β

249 1995 356 2050 que
384 1987 746 2048 sollicitudine
771 1994 889 2050 haec
915 1997 1242 2060 instabilitas
1272 2007 1340 2062 ad
1366 2008 1601 2082 aliquam
1622 1987 1834 2073 stabili-

245 2075 377 2131 tatis
405 2076 632 2151 efﬁgiem
668 2083 1018 2146 refrenatur?
1058 2092 1222 2150 Forte
1262 2113 1394 2158 vero
1436 2114 1528 2159 aut
1558 2120 1834 2166 armorum

239 2165 484 2225 violenta
508 2171 846 2246 fortitudine,
874 2190 969 2236 aut
993 2185 1220 2254 paciﬁca
1263 2194 1677 2264 tranquillitatis
1705 2217 1834 2258 con-

237 2261 432 2316 cordia
461 2269 720 2325 terrestre
760 2286 981 2344 regnum
1022 2261 1524 2344 stabilitatur?_Sed
1561 2305 1752 2350 rursus
1774 2295 1832 2353 in

225 3441 288 3497 in
331 3446 591 3506 exitiosas
627 3453 1020 3518 discordiarum
1066 3441 1414 3540 tempestates
1460 3480 1804 3543 transfertur.

225 3533 386 3592 Unde
409 3538 463 3594 in
489 3543 656 3602 armis
680 3545 1030 3624 instabilitas,
1061 3557 1116 3614 in
1154 3533 1288 3633 pace
1319 3569 1688 3633 transitorium
1725 3577 1810 3635 vi-

222 3624 409 3683 detur.

303 3717 442 3787 Quid
478 3740 608 3797 ergo
635 3730 778 3790 aliud
804 3744 1006 3806 restat,
1042 3741 1149 3801 nisi
1192 3754 1254 3802 ut
1291 3764 1388 3806 cor
1426 3753 1568 3826 regis
1595 3764 1651 3813 et
1688 3765 1800 3816 tota

216 3811 342 3882 spei
372 3811 569 3874 fiducia
603 3836 711 3880 non
755 3825 811 3882 in
857 3843 1132 3891 armorum
1174 3811 1560 3916 hominumque
1587 3847 1802 3906 fortitu-

215 3904 366 3973 dine,
395 3925 570 3983 neque
596 3915 651 3972 in
675 3921 826 3990 pacis
856 3929 1181 3988 transitoria}
1206 3932 1438 4006 fallacia,
1470 3904 1563 3999 sed
1590 3944 1644 3999 in
1671 3945 1800 4004 Om-

209 3996 508 4067 nipotentis
539 4006 827 4070 clementia
859 4015 1094 4088 ﬁgatur?
1121 4026 1214 4095 qui
1243 3996 1654 4106 regnum
1680 3996 1793 4096 HS.

209 4089 380 4156 navit,
405 4094 520 4153 sive
543 4098 599 4154 in
628 4102 873 4163 adversis
903 4111 1017 4168 sive
1044 4113 1100 4168 in
1125 4121 1397 4189 prosperis
1427 4125 1669 4186 stabilire
1696 4147 1795 4189 no-

207 4179 311 4236 vit.
343 4182 450 4242 Cor
475 4188 658 4263 itaque
684 4199 943 4271 principis
965 4244 980 4270 ,
1018 4214 1073 4262 et
1099 4179 1273 4267 fidelis
1304 4214 1358 4270 in
1383 4217 1670 4278 ministerii
1703 4243 1793 4282 re-

205 4273 410 4344 gimine
449 4281 664 4343 devotio
685 4328 702 4355 ,
743 4290 921 4361 ipsum
962 4311 1070 4354 non
1111 4299 1325 4360 deserat
1368 4323 1400 4362 a
1442 4324 1548 4380 quo
1583 4321 1792 4374 tantum

204 4363 529 4428 beneficium
556 4385 612 4432 et
637 4378 927 4450 gloriosum
956 4389 1317 4452 ministerium
1357 4399 1617 4460 donatum
1644 4405 1786 4477 fuit;

206 4469 272 4477 υ
309 4456 350 4477 ρ,

203 4469 276 4510 ne
307 4456 445 4518 forte
473 4464 562 4523 ille
586 4483 830 4532 summus
859 4488 1038 4536 rector
1057 4483 1368 4559 indignatus
1395 4493 1464 4549 ab
1493 4510 1557 4552 eo
1579 4456 1789 4556 abstra:

1241 416 1444 480 LIBER
1482 423 1572 483 DE
1608 423 2056 488 BECTORIBUS
2093 430 2550 494 CHRISTlANlS.

1875 543 1930 606 Α
1953 542 2080 599 celsi
2109 549 2282 616 gratia
2303 550 2544 607 stabilire
2569 553 2804 625 studeat,
2836 555 2883 614 si
2907 559 3279 619 transitorium
3301 579 3528 639 regnum

3420 454 3525 512 298

1954 637 2099 708 quod
2128 649 2210 697 est
2236 643 2287 698 ei
2311 647 2678 718 commissum,
2722 649 2958 725 aliquam
2996 655 3306 714 stabilitatis
3327 637 3532 720 habere

1953 726 2361 789 similitudinem
2390 736 2682 796 desiderat.
2712 741 2781 798 Et
2805 744 3060 816 quoniam
3079 745 3260 815 justus
3285 757 3342 804 et
3369 751 3532 808 mise-

1951 818 2125 877 ricors
2165 834 2251 880 est
2293 826 2589 900 Dominus,
2618 835 2707 891 cui
2732 838 2911 894 cordis
2936 837 3130 896 affectu
3170 843 3327 899 debet
3355 845 3531 903 inhae-

1952 925 2104 978 rere,
2135 928 2299 985 opera
2344 921 2715 994 multipliciter
2751 931 3001 987 exhibeat
3031 935 3442 1005 misericordiae,
3468 949 3533 996 ut

1949 1001 2174 1058 multam
2220 1011 2484 1068 mercedis
2516 1014 2743 1084 gloriam
2787 1029 2974 1077 metat.
3025 1022 3298 1082 Justitiam
3342 1029 3532 1102 diligat

1947 1093 2110 1149 simul
2136 1107 2298 1170 atque
2339 1107 2647 1176 custodiat;
2697 1111 2898 1183 injusta
2926 1131 3056 1172 vero
3099 1128 3262 1190 atque
3290 1121 3530 1194 maligna

1947 1202 2110 1257 opera
2140 1189 2195 1245 in
2221 1192 2478 1262 subjectis
2509 1202 2778 1270 repudiet,
2805 1219 2869 1260 ac
2890 1204 3143 1264 laudabili
3165 1189 3300 1277 seio,
3328 1189 3529 1283 qui'est

1946 1283 2242 1338 secundum
2271 1288 2576 1358 scientiam,
2601 1295 2857 1368 corrigat.
2884 1298 2985 1366 Qui
3009 1301 3133 1356 dum
3160 1303 3232 1358 sit
3259 1304 3313 1358 in
3331 1304 3530 1361 divinis

1943 1375 2229 1444 praeceptis
2250 1377 2487 1448 stabilis,
2523 1382 2666 1440 illius
2692 1401 2916 1460 regnum
2950 1393 3123 1464 magis
3163 1395 3442 1466 magisque
3469 1393 3555 1450 in‘

1943 1461 2047 1518 hoc
2074 1467 2271 1524 saeculo
2292 1470 2583 1540 stabilitur,
2609 1483 2665 1530 et
2685 1477 2753 1531 ad
2775 1488 2978 1536 aeterna
3000 1461 3310 1542 stabilitatis
3331 1485 3525 1558 gaudia

1943 1567 2176 1628 superno
2204 1559 2481 1630 juvamine
2514 1567 2849 1634 perducitur.

2156 1648 2265 1706 Ceu
2293 1661 2426 1709 rota:
2451 1658 2634 1727 cyclus
2659 1659 2822 1716 celeri
2849 1677 3074 1722 recursu

2152 1738 2421 1812 Volvitur,
2453 1761 2694 1806 summas
2725 1754 3078 1827 reprimitque
3101 1759 3169 1814 ad
3199 1759 3310 1818 ima

2149 1826 2296 1898 Quas
2325 1842 2470 1890 rotat
2492 1848 2675 1907 partes
2705 1843 2953 1913 rapidum
2977 1826 3078 1918 per
3097 1864 3255 1907 axem

2468 1927 2769 1990 Mobilitate
2793 1954 2805 1992 :
3054 2006 3060 2011 ,

2155 2008 2345 2085 Regna
2373 2018 2453 2074 sic
2476 2025 2661 2079 mundi
2691 2027 2930 2088 trifidum
2957 2008 3060 2104 per
3073 2038 3262 2096 orbem

2151 2103 2350 2164 Gloria:
2376 2112 2580 2170 celsum
2605 2120 2848 2179 stabilire
2873 2103 3086 2184 culmen

2152 2196 2437 2278 Nesciunt;
2463 2207 2674 2278 lapsum
2705 2215 2798 2271 sed
2828 2216 3030 2277 habere
3052 2234 3254 2282 norunt

2463 2297 2647 2356 Aurea
2669 2314 2900 2376 sceptra.

2140 2377 2364 2456 Inclytae
2386 2387 2562 2457 plebis
2590 2392 2693 2448 fuit
2721 2395 2932 2456 lsraelis

2145 2470 2428 2532 Floridum
2456 2482 2606 2552 regni
2635 2488 2800 2543 decus
2825 2489 3134 2551 adlevatum

2139 2563 2367 2634 Quando
2387 2575 2677 2632 servabant
2697 2594 3046 2644 sacrosancta
3070 2587 3208 2663 legis

2450 2664 2676 2738 Mystica
2691 2670 2834 2741 jura.

2135 2747 2290 2811 Unde
2314 2756 2551 2827 pollebat
2573 2761 2788 2821 Domini
2814 2767 3121 2843 triumphis,

2131 2843 2311 2917 Atque
2336 2850 2582 2910 crudeles
2607 2859 2899 2928 superabat
2924 2862 3132 2935 hostes,
3208 2856 3211 2860 ’

2130 2934 2273 2996 Dum
2301 2955 2454 2999 suam
2479 2945 2692 3016 plebem
2719 2951 2893 3022 pietas
2915 2934 3180 3019 Tonantis

2451 3035 2819 3099 Gloriflcabat.

2128 3116 2360 3194 Rursus,
2389 3126 2497 3184 heu
2523 3131 2536 3185 !
2575 3135 2792 3202 quantis
2817 3139 3084 3209 premitur
3105 3143 3278 3208 ruinis
3412 3201 3416 3206 .
3450 3192 3476 3206 ..
3494 3217 3526 3227 Δ

2126 3212 2362 3274 Abrahae
2381 3231 2628 3279 sanctum
2653 3229 2887 3298 speciale
2906 3235 3075 3305 patris
3089 3278 3106 3306 ,
3393 3233 3442 3302 ἑ.
3462 3217 3526 3294 δέ
3557 3296 3560 3300 λ

2123 3303 2266 3364 Dum
2292 3314 2526 3369 creatori
2555 3330 2652 3372 sua
2679 3333 2850 3389 prona
2875 3303 3094 3398 tempsit

2449 3403 2691 3465 Subdere
2717 3413 2853 3471 colla
2878 3417 2893 3472 l
3378 3475 3384 3480 .
3417 3449 3472 3483 nr

2135 3482 2250 3546 Una
2279 3493 2375 3550 sed
2397 3502 2558 3552 tantae
2584 3502 2852 3561 medicina
2876 3511 3056 3579 gentis
3395 3499 3441 3578 ἧς..
3471 3537 3484 3545 ·

2124 3575 2246 3646 Jam
2273 3581 2378 3639 fuit
2398 3589 2541 3645 votis
2567 3594 2804 3664 rogitare
2829 3575 3064 3673 celsum,
3355 3627 3358 3629 λ

2120 3671 2224 3740 Qui
2252 3683 2444 3744 potens
2466 3685 2644 3738 noscit
2666 3689 2910 3747 stabilire
2930 3671 3100 3766 regna

2440 3770 2668 3844 Perpete
2693 3787 2849 3836 nutu.

2116 3850 2402 3931 Principes
2423 3869 2581 3922 terra:
2610 3867 2837 3931 Domino
2860 3883 3068 3948 potenti

2112 3942 2275 4006 Ferte
2304 3955 2601 4022 gaudentes
2627 3942 2924 4036 thymiama
2948 3975 3094 4045 voti,

2113 4037 2286 4110 Quem
2313 4052 2554 4107 tremunt
2585 4054 2709 4110 coeli
2733 4073 2992 4129 proceres
3017 4037 3258 4150 superni,

2431 4140 2789 4216 Magnificate.

2544 4236 2698 4297 CAP.
2734 4243 2824 4302 IV.

1965 4310 2156 4376 Omnis
2182 4329 2366 4380 autem
2408 4329 2560 4401 regia
2602 4343 2877 4409 potestas,
2917 4359 3038 4415 quae
3074 4351 3142 4407 ad
3184 4356 3475 4423 utilitatem

1891 4403 1972 4460 rei
2002 4409 2229 4477 publicae
2256 4415 2513 4477 divinitus
2534 4403 2621 4480 est
2643 4403 2954 4500 constituta:
2977 4455 3086 4497 non
3118 4452 3227 4502 tam
3255 4403 3474 4513 caduci:

1890 4502 2143 4571 operibus
2172 4521 2236 4562 ac
2259 4516 2504 4570 terrestri
2528 4516 2866 4593 fortitudine,
2889 4543 3051 4598 quam
3074 4538 3336 4609 sapientia
3357 4548 3472 4604 cul-

1173 4546 1203 4559 ν
1353 4546 1356 4547 ν
1417 4546 1456 4549 νἺ
1499 4546 1551 4552 vv
1580 4546 1760 4556 ’“””““”
1893 4546 2143 4571 ⁷³’“’”“’““’
2172 4546 2236 4562 ¹’“¹”
2261 4546 2504 4570 Ψ⁸¹ῠ³⁵¹ι
2528 4546 2866 4593 ιυηιιυαιηε,

200 4546 304 4604 hat
326 4551 643 4616 δεηθδείυηι
672 4569 814 4635 (μιοά
843 4571 1092 4645 dederat.
1125 4578 1170 4633 si
1213 4579 1483 4642 infidelem
1513 4603 1632 4646 esse
1657 4607 1783 4648 sen-
1810 4615 1864 4677 D
1893 4593 2058 4661 tuque
2079 4594 2259 4654 divino
2285 4610 2369 4657 est
2399 4611 2710 4668 exornanda
2735 4631 2751 4678 ;
2795 4621 3050 4687 quoniam
3087 4634 3276 4700 procul
3303 4637 3473 4698 dubio

200 4641 337 4695 serit
376 4655 536 4700 quem
585 4659 840 4700 tanmmm
883 4660 1093 4700 Ωιιοιοπ.
1138 4669 1443 4700 ,ἥμερα-...κ
1495 4679 1664 4700 ,μιεῂ
1719 4685 1752 4700 .,
2189 4687 2204 4700 .
2438 4696 2449 4700 -
2475 4698 2504 4700 _,

198 4641 337 4695 serit
376 4655 536 4716 quem
585 4659 842 4726 tanquam
883 4641 1096 4721 fidelem
1138 4669 1446 4730 ministrum
1490 4679 1776 4740 ordinavit.

194 4729 341 4788 Nam
365 4737 414 4792 si
439 4756 532 4798 rex
559 4752 810 4807 terrenus
846 4768 877 4808 a
915 4757 1156 4827 quolibet
1183 4761 1286 4819 sibi
1324 4767 1540 4827 homine
1575 4773 1778 4834 infideli

192 4824 382 4882 datam
413 4833 622 4893 auferre
648 4841 791 4898 valet
812 4824 1156 4920 potestatem,
1190 4856 1388 4929 aliique
1410 4862 1595 4920 tribuit
1617 4882 1778 4938 quem

192 4914 226 4938 η
242 4917 340 4938 με
354 4934 371 4938 A
382 4936 428 4938 ὼ
769 4933 781 4938 -

186 5099 382 5159 fallere
411 5122 660 5181 possunt,
689 5126 884 5187 potens
908 5099 995 5178 est
1024 5139 1056 5179 a
1076 5099 1439 5196 reprobislsua
1461 5138 1778 5202 abstrahere
1875 5141 1893 5198 ἱ

182 5189 478 5267 beneficia,
509 5203 738 5279 aliisque
765 5222 1028 5280 praestare
1052 5232 1188 5288 quos
1207 5220 1428 5283 idoneos
1453 5243 1565 5288 sua:
1589 5235 1776 5294 volun-

179 5285 326 5395 teatis
368 5291 645 5355 ministros
692 5305 907 5361 noverit
953 5285 1116 5366 esse?
1161 5312 1316 5372 Unde
1358 5328 1413 5375 et
1449 5323 1647 5395 impius
1684 5329 1773 5386 ille

181 5369 323 5430 Saul
350 5393 446 5436 rex
465 5382 634 5443 Israel
659 5393 905 5460 privatus
930 5397 1033 5456 fuit
1057 5417 1224 5475 regno
1257 5415 1314 5462 et
1337 5409 1445 5466 vita
1466 5453 1482 5480 ,
1514 5369 1770 5484 quoniam

179 5480 366 5537 neque
387 5473 564 5534 fidelis
583 5482 837 5543 minister
855 5493 1068 5550 exstitit
1091 5473 1275 5554 coram
1290 5473 1622 5564 Domina-At
1639 5527 1769 5570 vero

176 5557 360 5617 David
382 5566 560 5625 virum
587 5573 824 5634 electum
849 5585 1144 5644 secundum
1185 5605 1283 5647 cor
1320 5609 1477 5652 suum
1514 5599 1769 5675 Omnipo-

175 5656 308 5707 tens
338 5653 566 5729 invenit,
593 5680 754 5738 quem
775 5669 846 5727 ob
866 5674 969 5732 hoc
989 5677 1044 5733 in
1064 5680 1272 5751 apicem
1299 5687 1462 5758 regiae
1484 5653 1768 5762 potestatis

170 5744 520 5823 simlimavit,
544 5759 674 5830 quia
703 5762 857 5823 illum
883 5744 1238 5833 fidelem-fore
1264 5744 1766 5862 miliistrl‘lm'eleg'it

165 5842 538 5912 priesciendo.
562 5849 752 5926 Itaque
776 5861 1016 5929 prudens
1051 5874 1231 5930 rector
1258 5885 1352 5932 cor
1383 5889 1541 5936 suum
1568 5879 1622 5944 in
1658 5842 1766 5942 Eux-

579 5951 858 6023 PATROL.
897 5956 1060 6028 Clll.

1891 4686 2018 4738 tunc
2043 4687 2272 4757 populus
2301 4696 2508 4763 providi
2538 4707 2654 4757 arte
2678 4686 2887 4765 consilii
2918 4686 3467 4796 gubernabit—ur:_ad:

1886 4778 2114 4832 versarii
2141 4780 2367 4841 Domino
2391 4791 2716 4861 propitiante
2749 4778 3210 4883 profligabuntur,
3239 4778 3466 4889 provin-

1869 5512 2102 5583 gloriose
2126 5534 2333 5593 regere,
2355 5542 2420 5584 ac
2447 5533 2723 5603 sapienter
2744 5541 3000 5610 populum
3035 5512 3447 5625 *ἆ

1867 5604 2158 5664 vehemens
2201 5611 2257 5667 in
2299 5617 2538 5674 consiliis
2565 5636 2718 5692 esse,
2744 5604 2795 5682 -a
2834 5604 3066 5693 Domino
3086 5642 3321 5710 postulet
3343 5604 3441 5704 sa-

1866 5695 2143 5769 pientiam,
2169 5706 2260 5776 qui
2289 5708 2379 5763 dat
2406 5713 2643 5769 omnibus
2669 5719 2951 5792 afﬂuenter,
2975 5737 3026 5783 et
3049 5695 3154 5788 non
3177 5735 3439 5810 imprope-

1865 5799 1948 5846 ται
1979 5791 2123 5864 (Jac.
2154 5813 2193 5865 ι,
2217 5797 2296 5871 5),
2323 5801 2600 5876 ipsamque
2628 5791 2947 5883 sapientiam
2966 5826 3224 5896 studiose,
3248 5791 3436 5890 labore

1863 5887 2024 5948 simul
2052 5901 2107 5952 et
2144 5909 2330 5959 amore
2352 5903 2668 5980 perquirat;
2708 5922 2970 5988 quatenus
2997 5920 3048 5975 ei
3080 5933 3343 5997 congruat
3366 5926 3435 5987 il~

3001 6014 3074 6076 10
