4046 6332
562 481 672 546 199

562 602 655 660 lud
681 601 825 674 quod
867 598 1129 670 scriptum
1169 604 1295 653 "est:
1337 587 1532 649 Beatus
1575 595 1659 647 est
1694 586 1782 662 qui
1821 585 2017 644 invenit
2063 605 2150 644 δα·
2175 593 2231 655 Α

563 699 831 769 pigritiam,
867 702 914 746 et
944 693 1033 762 qui
1060 691 1223 762 aﬁluit
1251 686 1532 759 prudentia
1563 677 1746 757 (Prov.
1768 687 1866 748 ιιι,
1891 681 1980 752 l3)
1999 723 2013 748 ,
2045 695 2150 737 ca:-

565 767 792 857 teraque
815 798 935 856 qua:
961 784 1017 838 in
1035 779 1288 837 laudibus
1319 777 1598 849 sapientiae
1627 771 2023 831 describuntur.
2055 767 2152 827 Ille

568 883 752 949 itaque
779 885 961 933 rector
979 887 1109 931 vere
1133 873 1324 928 beatus
1349 876 1433 924 est
1457 866 1831 929 celebrandas,
1854 863 1946 934 qui
1977 861 2153 934 Splen-

569 968 1056 1037 dorejlluminatur
1075 963 1374 1035 sapientiae,
1392 973 1511 1029 quas
1534 964 1617 1013 est
1638 955 1760 1010 fons
1779 953 2151 1018 consiliorum,

567 1061 895 1116 fonssacraa
934 1054 1241 1126 religionis,
1272 1065 1472 1108 corona
1498 1047 1822 1118 principum,
1861 1043 2014 1113 origo
2042 1041 2155 1095 vir-

575 1161 782 1219 tutum,
813 1150 869 1204 in
915 1148 1067 1218 cujus
1109 1139 1514 1214 comparatione
1556 1149 1746 1192 omnes
1791 1134 2155 1204 pretiosarum

571 1243 852 1301 claritates
871 1250 1209 1314 gemmarum
1234 1235 1522 1288 vilescunt.
1565 1227 1692 1283 Hazc
1730 1224 2044 1282 cautissima
2074 1230 2160 1279 est

572 1337 630 1392 in
659 1333 920 1397 consiliis,
945 1327 1214 1385 mirabilis
1250 1325 1309 1379 in
1342 1321 1588 1391 eloquiis,
1623 1315 1908 1388 magniﬁca
1937 1315 1990 1369 in
2025 1327 2155 1384 ope-

572 1427 748 1492 ribus,
772 1422 927 1480 fortis
945 1421 1001 1475 in
1026 1417 1288 1481 adversis,
1311 1423 1622 1482 temperans
1646 1410 1697 1464 in
1719 1406 2014 1480 prOSperis,
2037 1419 2161 1460 ocu-

573 1519 690 1575 losa
737 1518 792 1573 in
829 1512 1070 1584 iudiciis.
1097 1505 1228 1565 Haec
1267 1519 1394 1561 suos
1422 1510 1695 1557 amatores
1733 1497 1938 1554 caelesti
1982 1495 2158 1568 gratia

575 1616 849 1673 venustat,
863 1613 919 1661 et
942 1615 1202 1672 tanquam
1231 1596 1500 1652 sidereum
1521 1592 1921 1646 ﬁrmamentum
1943 1587 2160 1642 eosdem

576 1700 860 1769 clariﬁcat,
895 1698 1035 1752 sicut
1065 1692 1328 1762 scriptum
1353 1697 1472 1743 eSt:
1521 1684 1658 1740 Justi
1698 1681 1979 1753 fulgebunt
2004 1678 2161 1750 quasi

575 1791 766 1856 stellae,
797 1797 852 1842 et
874 1779 1237 1854 intelligentes
1272 1777 1426 1849 quasi
1453 1770 1878 1830 ﬁrmamentum.

648 1884 773 1940 Haec
802 1881 1149 1938 Salomonem
1170 1887 1288 1946 prae
1313 1871 1524 1928 cunctis
1550 1877 1710 1923 terrae
1742 1863 1960 1936 regibus
1991 1861 2159 1917 subli-

579 1978 765 2041 mavit,
815 1974 942 2044 quia
992 1971 1138 2025 illam
1181 1961 1380 2022 amavit
1426 1963 1492 2017 ab
1530 1957 1895 2017 adolescentia
1941 1970 2058 2020 sua,
2109 1950 2238 2017 etB

580 2079 790 2128 amator
818 2067 994 2124 factus
1022 2073 1106 2120 est
1131 2062 1344 2118 decoris
1372 2057 1506 2127 ejus.
1537 2052 1698 2111 ‘Unde
1719 2054 1859 2132 sicut
1880 2051 1934 2106 in
1962 2049 2170 2120 Regno-

578 2182 702 2223 rum
732 2163 889 2220 libris
912 2160 1126 2231 legitur,
1164 2155 1268 2226 ipsi
1313 2149 1565 2223 apparuit
1591 2143 1854 2202 Dominus
1887 2133 2168 2200 Salomoni

578 2273 678 2329 per
698 2253 967 2312 somnium
993 2258 1151 2306 nocte
1178 2247 1366 2302 dicens
1395 2261 1409 2296 :
1451 2235 1675 2296 ‘Postula
1698 2237 1839 2300 quod
1863 2237 1938 2291 vis
1968 2244 2024 2287 ut
2046 2233 2170 2286 dem

576 2348 673 2402 tibi
704 2344 810 2416 (ιγ
836 2343 962 2414 Reg.
993 2358 1053 2404 ιι,
1082 2339 1159 2410 9).
1191 2337 1236 2391 A
1265 2350 1372 2406 quo
1413 2347 1536 2388 cum
1577 2329 1837 2386 Salomon
1873 2342 1996 2382 cum
2031 2330 2174 2380 esset

578 2455 736 2511 puer,
763 2453 856 2494 cor
883 2435 1114 2490 docibile
1139 2428 1474 2502 postularet,
1498 2433 1560 2481 ut
1583 2420 1829 2492 judicare
1856 2425 2041 2492 posset
2073 2431 2173 2486 po-

579 2529 768 2602 pulum
794 2524 1028 2588 Domini,
1055 2533 1109 2579 et
1133 2522 1445 2578 discernere
1472 2517 1617 2571 inter
1643 2513 1846 2569 malum
1869 2517 1924 2566 et
1947 2511 2170 2574 bonum,

581 2623 690 2679 tale
738 2633 1058 2692 responsum
1099 2629 1133 2671 'a
1170 2613 1397 2669 Domino
1428 2611 1669 2682 recepit:
1715 2607 1854 2674 Quia
1895 2603 2175 2677 postulasti

583 2715 794 2772 verbum
827 2713 942 2776 hoc,
975 2719 1024 2764 et
1047 2727 1149 2764 non
1176 2707 1350 2779 petisti
1372 2701 1464 2758 tibi
1485 2702 1594 2758 dies
1621 2701 1813 2758 multos
1852 2715 1945 2754 nec
1966 2697 2174 2751 divitias

585 2816 678 2862 aut
706 2806 912 2860 animos
933 2799 1263 2857 inimicorum
1292 2807 1522 2862 tuorum,
1553 2794 1644 2849 sed
1673 2787 1948 2866 postulasti
1975 2790 2068 2843 tibi
2091 2806 2176 2843 sa-

582 2898 835 2969 pientiam
861 2894 929 2949 ad
957 2889 1358 2947 discernendum
1387 2887 1673 2960 judicium,
1707 2902 1820 2939 ecce
1850 2883 1948 2954 feci
1976 2882 2068 2936 tibi
2096 2897 2178 2936 se-

585 2987 817 3042 cundum
846 2987 1110 3039 sermones
1136 2990 1274 3044 tuas,
1303 2989 1351 3033 et
1381 2979 1500 3032 dedi
1525 2977 1619 3032 tibi
1649 2991 1740 3030 cor
1763 2975 1969 3044 sapiens
2014 2980 2062 3026 et
2096 2971 2178 3023 iu—

585 3077 820 3147 telligens
844 3077 900 3129 in
921 3084 1151 3139 tantum,
1173 3081 1231 3126 ut
1249 3070 1427 3125 nullus
1451 3079 1570 3124 ante
1595 3076 1644 3122 te
1668 3066 1857 3122 similis
1877 3065 1972 3118 tibi
1994 3064 2175 3134 fuerit,

587 3184 680 3220 nec
705 3173 818 3236 post
843 3153 896 3218 te
919 3171 1249 3218 surrecturus
1279 3161 1365 3216 sit.
1400 3156 1506 3216 Sed
1533 3168 1581 3213 et
1605 3159 1717 3212 htrc
1738 3169 1855 3228 qum
1881 3167 1981 3209 non
2002 3163 2179 3226 postu-

587 3256 712 3309 lasti
755 3254 875 3309 dedi
915 3253 1039 3318 tibi,
1073 3253 1285 3308 divitias
1327 3251 1522 3305 scilicet
1555 3259 1602 3305 et
1644 3248 1865 3320 gloriam
1889 3287 1903 3313 ,
1944 3255 1999 3299 ut
2029 3261 2176 3299 nemo

1948 463 2224 530 SEDULII
2263 469 2463 530 SCOTI

2394 585 2524 654 Quae
2546 579 2865 641 volaverunt
2887 562 3066 636 subito
3091 589 3191 650 per
3214 573 3474 654 aethram,

2386 677 2466 733 Ac
2494 682 2850 748 penetrarunt
2878 672 3093 729 Domini
3120 670 3352 727 sabaoth

2671 768 2849 822 Aurea
2880 774 3041 821 tecta.

2395 861 2513 935 lpse
2541 862 2783 934 percepit
2804 859 3140 928 docilemque
3168 868 3391 912 sensmn

2398 952 2574 1008 Mente
2597 951 2880 1016 lustratus,
2905 948 3227 1019 sapiensque
3248 943 3447 1001 factus.

2397 1048 2620 1121 Insuper
2643 1047 2794 1118 regni
2825 1045 3072 1100 columen
3101 1042 3367 1115 gubernat

2685 1133 2877 1190 Gentis
2900 1130 3160 1186 Hebraeae.

2404 1227 2546 1297 Quid
2575 1225 2719 1283 valet
2743 1226 2868 1280 ﬂavi
2898 1224 3042 1278 nitor
3073 1220 3250 1277 omnis
3281 1215 3445 1274 auri?

2399 1320 2555 1376 Ostra
2585 1317 2714 1390 quid
2741 1321 2970 1388 prosunt
2995 1314 3136 1370 rosei
3165 1308 3422 1368 decoris?

2400 1413 2599 1473 Gloria:
2627 1415 2758 1486 quid
2781 1421 2906 1469 sunt
2937 1411 3314 1484 Scythicaeque
3337 1407 3602 1482 gemma?

2699 1507 2838 1574 Quid
2860 1503 3146 1561 diadema?

2402 1600 2545 1659 Orba
2577 1599 2623 1656 si
2655 1598 2851 1655 mentis
2879 1595 3025 1652 acies
3050 1595 3329 1658 hebescat,

2400 1691 2606 1747 Lumen
2635 1699 2697 1746 ut
2722 1704 2913 1744 verum
2942 1693 3176 1757 nequeat
3207 1683 3372 1750 tueri,

2406 1781 2561 1840 Unde
2588 1782 2859 1838 discernat
2888 1780 3050 1844 bona,
3082 1793 3270 1850 prava,
3307 1773 3459 1844 justa

2715 1871 2928 1942 Fasque
2947 1869 3228 1940 nefasque.

2406 1965 2550 2038 Ergo
2576 1965 2776 2021 rectori
2801 1964 2966 2019 decus
2989 1971 3078 2020 est
3099 1974 3286 2016 amare

2415 2057 2492 2115 Te
2519 2059 2697 2114 Patris
2720 2057 2955 2112 Verbum
2979 2055 3306 2126 sapiensque
3337 2050 3546 2117 lumen,

2413 2147 2650 2216 Christe,
2671 2148 2766 2218 qui
2789 2146 3026 2216 sceptris
3054 2142 3352 2200 dominaris
3373 2139 3562 2197 orbem

2699 2237 2963 2308 Celsaque
2993 2251 3180 2306 regna.

2413 2327 2577 2400 Cujus
2603 2330 2658 2384 in
2695 2329 2885 2386 dextra
2914 2329 3128 2398 requies
3152 2327 3310 2382 beata

2413 2421 2659 2491 Constat,
2683 2425 2738 2479 in
2781 2424 2912 2479 laeva
2944 2422 3290 2493 locuplesque
3305 2435 3466 2492 gaza.

2418 2513 2620 2579 Gloriae
2635 2520 2888 2598 princeps
2915 2517 3148 2574 humiles
3182 2531 3452 2574 coronans

2708 2613 2876 2670 Tollis
2912 2612 3142 2682 opimos.

2936 2701 3086 2759 CAP.
3124 2700 3189 2756 ν.

2343 2792 2464 2855 Rex
2485 2799 2606 2870 pius
2630 2808 2684 2853 et
2718 2797 2933 2868 sapiens
2959 2797 3134 2858 tribus
3155 2795 3332 2852 modis
3357 2791 3581 2865 regendi
3605 2791 3840 2850 ministe

2277 2891 2417 2946 rium
2444 2891 2600 2962 gerit.
2634 2888 2770 2944 Nam
2791 2889 2966 2959 primo
2987 2903 3049 2943 se
3073 2887 3267 2958 ipsum,
3301 2886 3580 2958 quomodo
3597 2885 3656 2940 in
3703 2898 3859 2956 stipe

2277 2983 2510 3038 rioribus
2538 2980 2904 3048 ostendimus;
2958 2979 3194 3036 secundo
3227 2985 3457 3034 uxorem
3485 2977 3780 3046 prqmium
3815 2981 3861 3030 et

2277 3069 2479 3126 liberos
2527 3085 2760 3140 suosque
2800 3069 3166 3134 domesticos;
3215 3067 3386 3122 tertio
3439 3064 3713 3136 populum
3767 3066 3861 3121 sibi

2277 3162 2625 3220 commissum
2658 3159 2906 3216 rationali
2927 3168 2981 3215 et
3001 3159 3234 3231 glorioso
3269 3156 3641 3229 moderamine
3673 3171 3863 3228 regem

2279 3253 2454 3309 debet.
2491 3255 2698 3309 Bonum
2728 3254 2910 3322 itaque
2953 3251 3253 3322 principem
3282 3265 3392 3306 non
3420 3249 3599 3305 solum
3639 3248 3865 3304 sibimet

589 3343 749 3415 fuerit
772 3342 961 3397 similis
997 3342 1092 3397 tibi
1121 3341 1176 3396 in
1217 3340 1423 3414 regibus
1454 3339 1653 3394 cunctis
1689 3347 1826 3391 ret'ro
1871 3327 2071 3390 diebus.
2115 3334 2174 3390 Si

2282 3345 2547 3403 dominari
2569 3353 2802 3416 oportet,
2829 3345 2955 3399 dum
2983 3359 3014 3398 a
3035 3344 3192 3400 malis
3217 3342 3477 3406 declinet,
3503 3349 3712 3412 etquae
3729 3343 3863 3398 liena

589 3448 765 3495 autem
797 3435 1143 3492 ambulaveris
1169 3435 1226 3490 in
1252 3436 1349 3490 viis
1379 3433 1530 3499 meis,
1570 3444 1617 3487 et
1645 3431 1952 3488 custodieris
1986 3447 2180 3502 prlece-

585 3537 844 3602 ptamea,
871 3537 920 3583 et
948 3527 1201 3582 mandata
1231 3543 1368 3593 mea,
1410 3525 1543 3580 sicut
1576 3523 1862 3580 ambulavit
1892 3522 2061 3577 David
2087 3540 2179 3593 pa-

589 3631 672 3679 ter
694 3634 839 3691 tuus,
863 3623 1044 3695 longas
1062 3623 1261 3694 faciam
1287 3621 1397 3679 dies
1419 3629 1539 3678 tuos
1563 3617 1681 3696 (111
1708 3619 1834 3693 Reg.
1865 3637 1946 3687 ιιι,
1973 3620 2176 3692 11-14).

588 3715 636 3772 Ο
665 3732 830 3786 quam
865 3715 1139 3772 inell‘ablie
1179 3725 1265 3771 est
1311 3713 1505 3771 divina:
1539 3709 1923 3786 largimentum
1955 3713 2175 3786 gratiae!

590 3825 714 3878 quae
742 3810 786 3864 si
818 3818 969 3866 recto
999 3809 1163 3866 corde
1195 3818 1252 3864 et
1275 3809 1364 3881 pia
1406 3807 1706 3864 intentione
1743 3809 2015 3878 poscitur,
2061 3805 2181 3877 plus

590 3899 759 3955 donat
785 3916 947 3970 quam
977 3901 1120 3972 quod
1165 3909 1409 3972 rogatur.
1459 3900 1598 3954 Ecce
1637 3913 1730 3954 rex
1774 3897 2035 3952 Salomon
2070 3913 2179 3952 non

592 3999 876 4060 argentum
895 4033 910 4058 ,
938 4007 1046 4048 non
1081 4005 1300 4057 aurum,
1339 4003 1446 4044 non
1473 3986 1606 4044 alias
1629 4003 1759 4058 opes
1788 3989 2053 4056 terrenas,
2084 3989 2178 4044 sed

595 4084 878 4155 sapientia
895 4098 1064 4156 gazas
1087 4084 1338 4153 poposcit
1366 4095 1396 4136 ιι
1418 4081 1665 4136 Domino.
1707 4079 1778 4134 At
1807 4080 1896 4150 qui
1925 4081 2177 4151 simplum

592 4186 744 4232 recte
765 4177 1158 4248 postulaverat,
1189 4173 1406 4243 duplum
1448 4171 1675 4240 accepit.
1709 4169 1844 4224 Nam
1872 4186 1977 4226 ιιοιι
2008 4171 2178 4226 solum

594 4270 799 4326 ditatus
843 4277 927 4323 est
969 4264 1259 4335 sapientia,
1304 4263 1399 4317 sed
1442 4271 1497 4317 et
1536 4261 1854 4318 sublimatus
1883 4271 1966 4319 est
2011 4264 2178 4319 indita

598 4361 751 4432 regni
791 4357 984 4429 gloria.
1037 4354 1190 4410 Unde
1233 4353 1451 4427 regibus
1497 4361 1654 4408 terrae
1701 4351 1975 4426 egregium
2022 4355 2181 4411 datur

597 4450 925 4521 exemplum,
956 4455 1224 4516 quatenus
1244 4445 1545 4517 spiritualia
1567 4445 1704 4502 dona
1729 4445 1848 4518 plus
1876 4459 2036 4517 quam
2061 4463 2181 4503 car-

597 4544 739 4599 nalia
787 4541 878 4611 pio
909 4538 1182 4596 desiderio
1228 4540 1296 4595 ab
1343 4537 1710 4610 Omnipotenti
1761 4548 2087 4611 exposcant,
2134 4541 2180 4596 si

597 4636 690 4692 diu
729 4640 784 4688 et
820 4630 1056 4688 feliciter
1082 4633 1135 4688 in
1181 4633 1285 4688 hoc
1330 4633 1528 4688 Baculo
1574 4645 1798 4704 regnare
1846 4633 2175 4689 desiderant.

2277 3439 2406 3496 ~sunt
2434 3438 2597 3508 eligat
2636 3446 2692 3492 et
2727 3437 2960 3492 ﬁrmiter
3004 3442 3222 3502 teneat;
3259 3435 3355 3490 sed
3381 3434 3552 3490 etiam
3593 3434 3743 3490 alios
3771 3433 3865 3489 sibi

2271 3527 2700 3610 coniunctiores,
2751 3543 2976 3585 uxorem
3021 3527 3294 3592 videlicet,
3325 3526 3526 3582 liberos
3569 3535 3748 3594 atque
3775 3526 3865 3580 do-

2280 3623 2555 3688 mesticos,
2583 3621 2809 3693 provida
2831 3619 3191 3676 sollicitudine
3221 3634 3286 3673 ac
3312 3617 3568 3673 familiari
3591 3618 3864 3672 charitate

2278 3719 2561 3788 gubernet.
2605 3715 2718 3772 Hoc
2751 3723 2934 3771 autem
2978 3713 3185 3768 faciens
3225 3711 3497 3783 duplicem
3527 3711 3864 3766 thesaurizat

2275 3803 2382 3866 sibi
2413 3807 2597 3880 gloriae
2624 3807 2884 3879 palmam,
2918 3815 2977 3862 ut
3005 3807 3133 3862 dum
3167 3806 3221 3861 in
3251 3820 3312 3860 se
3341 3801 3517 3862 lienus
3560 3813 3619 3860 et
3641 3815 3866 3858 sanans

2277 3899 2369 3982 sit,
2409 3899 2542 3956 alios
2579 3901 2682 3956 sibi
2735 3899 3054 3969 coniunctos
3097 3900 3270 3956 bonos
3313 3897 3482 3954 faciat
3525 3906 3584 3954 et
3615 3909 3865 3980 sanctos,

2272 3980 2427 4061 juxta
2450 3988 2818 4057 Psalmistam,
2842 3991 2932 4061 qui
2954 3991 3030 4046 ait
3057 4008 3069 4044 :
3094 3989 3226 4045 Cum
3246 3972 3810 4055 condemnanda-is,
3825 3998 3868 4042 et

2281 4100 2396 4138 cum
2413 4085 2524 4136 viro
2546 4083 2814 4138 innocente
2829 4085 3076 4138 innocens
3095 4085 3198 4139 eris
3223 4082 3396 4155 (Paul.
3423 4093 3555 4148 xm,
3575 4081 3694 4154 27),
3722 4093 3873 4137 etre-

2281 4164 2451 4244 liqua.
2486 4169 2605 4228 Non
2638 4175 2781 4229 enim
2820 4171 3016 4229 sullieit
3051 4175 3332 4245 propriam
3372 4174 3574 4229 habere
3614 4174 3873 4229 honesta.

2283 4273 2421 4332 tem,
2451 4266 2555 4321 nisi
2580 4267 2787 4336 pudicae
2811 4275 2866 4322 et
2891 4274 3054 4321 casta:
3069 4264 3331 4337 conjugis,
3359 4280 3460 4320 nec
3477 4280 3587 4320 non
3613 4266 3791 4320 etiam
3817 4263 3875 4319 li-

2280 4357 2474 4416 liorum
2497 4368 2551 4414 et
2572 4359 2830 4415 comitum
2844 4374 2909 4416 ac
2933 4360 3304 4415 ministrorum
3332 4359 3536 4431 pudore
3559 4358 3874 4423 decertetur,

2282 4445 2674 4508 dicenteDavid
2697 4466 2712 4506 :
2742 4451 3030 4507 Ambulans
3054 4453 3108 4507 in
3136 4454 3219 4509 via
3243 4452 3603 4516 immaculata,
3632 4451 3722 4504 hic
3750 4452 3876 4506 mihi

2281 4541 2618 4596 ministrabat
2645 4538 2819 4613 (Psal.
2850 4557 2900 4606 c,
2933 4543 3011 4615 6).
3045 4541 3179 4597 Nam
3227 4543 3370 4597 sicut
3397 4540 3570 4596 lilium
3591 4541 3714 4610 agri
3745 4541 3879 4595 alio-

2284 4649 2404 4687 rum
2459 4627 2666 4688 olerum
2706 4649 2771 4688 ac
2819 4633 3086 4689 violarum
3135 4633 3418 4703 multiplici
3461 4632 3878 4702 pulchritudine

602 4730 768 4780 l‘ecet
829 4724 998 4798 igitur
1062 4721 1350 4780 amabilem
1417 4723 1528 4778 Deo
1586 4723 1883 4795 principem
1943 4723 2183 4781 discendi
2211 4711 2626 4791 Dvcnustatur,
2668 4731 2720 4778 et
2749 4725 2890 4778 sicut
2934 4723 3062 4778 luna
3094 4723 3372 4778 stellarum
3427 4723 3718 4793 splendore
3769 4725 3878 4778 cir-

598 4817 802 4872 habere
847 4815 1182 4872 voluntatem
1232 4815 1670 4885 desideriumque
1719 4815 2042 4872 cmlcstium.
2095 4813 2186 4872 Sic

600 4907 747 4962 enim
771 4921 901 4964 vere
925 4915 982 4963 et
1010 4923 1105 4963 cor
1130 4908 1293 4962 habet
1317 4908 1372 4962 in
1399 4919 1563 4962 manu
1587 4903 1701 4974 Dei,
1729 4916 1784 4964 et
1816 4917 2040 4981 regnum
2063 4926 2186 4964 cum

597 5013 730 5068 pace
751 4999 934 5055 multis
954 5009 1223 5055 annorum
1241 4998 1550 5067 curriculis,
1567 4998 1794 5072 .l‘avente
1817 5001 2068 5069 Domino,
2092 5016 2188 5074 gu-

599 5089 871 5147 bernabit.

741 5180 842 5249 Qui
865 5181 1013 5252 cupit
1041 5189 1226 5238 rector
1245 5184 1447 5254 probus
1481 5195 1602 5240 esse
1626 5184 1827 5256 iudex,

742 5269 926 5328 Lance
955 5271 1203 5343 quijusti
1233 5275 1542 5347 mnusque
1569 5276 1797 5348 gaudet,

743 5359 966 5422 lnhiane
984 5364 1200 5437 pulchri
1226 5369 1504 5424 terebrare
1527 5367 1666 5422 falsa

708 5529 710 5531 ,
1029 5454 1264 5528 Cuspide
1287 5459 1438 5524 veri,

742 5545 1030 5608 Luminum
1058 5561 1268 5622 patrem
1304 5550 1448 5605 rutili
1479 5558 1762 5607 creantem

745 5639 888 5702 Solis
919 5657 986 5698 ac
1013 5641 1154 5696 luna:
1181 5639 1450 5712 nitidique
1471 5642 1645 5697 cosmi

742 5729 962 5797 Pascat,
994 5737 1054 5786 ut
1082 5730 1260 5785 sensis
1285 5731 1461 5788 niteat
1486 5733 1732 5793 coruscis

1029 5819 1173 5876 Luce
1202 5821 1421 5893 sophia.

745 5909 890 5997 Vota
912 5922 1206 5985 cognoscat
1234 5913 1539 5974 Salomonis
1575 5919 1714 5991 aequi

2288 4815 2670 4902 cumstantium
2694 4815 2902 4886 gratius
2939 4817 3158 4884 emicat,
3197 4815 3268 4874 ita
3295 4817 3550 4872 nimirum
3578 4827 3672 4872 rex
3686 4813 3884 4884 justus

2289 4921 2352 4960 ac
2382 4906 2596 4976 sapiens
2650 4906 2875 4962 aliorum
2921 4909 3180 4964 societate
3220 4909 3487 4964 bonorum
3517 4917 3880 4979 perornetur.

2286 4995 2337 5052 ls
2361 5013 2489 5069 ergo
2518 4999 2903 5069 perspicaciter
2937 5009 3190 5072 procuret
3215 5009 3273 5056 ut
3300 5017 3408 5057 non
3431 5001 3604 5058 solum
3629 5001 3881 5056 nobilem

2285 5087 2566 5159 pulchram
2607 5104 2670 5146 ac
2718 5090 2961 5160 divitem,
3017 5094 3111 5149 sed
3158 5102 3216 5150 et
3263 5103 3492 5161 castam,
3540 5093 3878 5166 pudentem

2289 5193 2504 5250 quoque
2523 5181 2754 5250 atquein
2781 5177 2983 5240 sanctis
3003 5184 3295 5254 virtutibus
3313 5187 3640 5257 morigerum
3664 5185 3883 5241 habeat

2287 5269 2590 5343 conjugem.
2637 5269 2773 5327 Nam
2806 5283 3070 5346 quantum
3119 5261 3320 5350 coniux
3342 5278 3466 5348 jure
3498 5286 3584 5335 est
3608 5274 3883 5345 coniunc-

2288 5365 2414 5433 tior,
2438 5365 2651 5422 tantum
2681 5377 2774 5423 aut
2827 5369 2950 5426 felle
2975 5370 3196 5428 malitiae
3222 5373 3382 5427 nox-ia
3409 5371 3494 5439 lit,
3531 5373 3626 5427 aut
3643 5385 3882 5427 morum

2289 5457 2569 5516 dulcedine
2599 5461 2812 5518 mellea.
2863 5462 3076 5520 Etenim
3107 5465 3303 5521 mulier
3341 5466 3525 5536 inepta
3553 5465 3748 5522 domus
3795 5472 3882 5521 est

2289 5552 2448 5607 ruina
2483 5595 2498 5620 ,
2552 5543 2862 5610 divitiarum
2908 5555 3138 5614 defectio
3165 5596 3188 5624 ,
3217 5559 3530 5630 iniquorum
3582 5559 3881 5622 estut-ario,

2292 5643 2533 5699 omnium
2553 5644 2816 5702 malorum
2853 5655 2908 5704 et
2927 5648 3182 5706 vitiorum
3213 5652 3615 5717 commoratio;
3643 5664 3767 5723 qua:
3795 5651 3884 5707 di-

2290 5734 2464 5790 versis
2488 5737 2959 5808 SUperstitionibus
3011 5741 3242 5798 multum
3271 5743 3599 5800 seexterius
3639 5755 3876 5807 ornans,

2290 5826 2549 5884 interiora
2597 5831 2786 5886 animus
2829 5835 3135 5890 suaeneseit
3163 5834 3444 5893 decorare.
3485 5837 3664 5902 Quem
3693 5833 3881 5904 diligit

2292 5918 2475 5987 hodie,
2503 5920 2617 5976 odit
2665 5921 2717 5977 in
2744 5925 3002 5981 crastino.
3054 5926 3123 5983 Et
3149 5927 3290 6002 sicut
3314 5927 3535 6002 quidam
3570 5926 3647 5983 ait
3676 5945 3691 5982 ε
3727 5924 3886 6002 Nan-5
