4046 6332
621 465 729 524 503

625 671 787 729 mali?

696 763 802 820 Sed
830 763 969 819 sicut
995 757 1378 830 omnipotentis
1403 756 1501 813 Dei
1530 753 1886 812 saluberrima
1915 751 2202 822 divulgan-

624 857 694 913 da
715 863 841 913 sunt
877 852 1102 910 consilia
1152 859 1315 921 atque
1340 857 1609 920 prtecepta
1643 888 1657 914 ,
1688 847 1763 902 ita
1810 858 2201 914 nonnunquam

622 947 969 1020 prudentium
998 952 1271 1000 rectorum
1292 941 1542 998 hostibus
1569 949 1696 996 sunt
1725 937 2049 994 occultanda
2075 952 2202 992 con-

624 1041 764 1096 silia.
792 1037 1068 1108 Siquidem
1098 1037 1154 1092 in
1177 1051 1235 1091 re
1253 1033 1468 1106 publica
1497 1031 1642 1087 nulla
1668 1038 1794 1086 sunt
1819 1029 2043 1085 meliora
2072 1041 2202 1083 con-

624 1131 764 1198 silia,
807 1143 972 1200 quam
997 1127 1100 1182 alia
1153 1141 1272 1196 quae
1326 1123 1661 1197 ignoraverit
1714 1121 2076 1177 adversarius.
2109 1118 2204 1172 Et-

623 1221 770 1276 enim
781 1232 1028 1276 securum
1053 1217 1157 1272 iter
1168 1215 1366 1287 agitur,
1393 1213 1536 1284 quod
1561 1212 1824 1284 agendum
1839 1212 2025 1266 hostes
2049 1207 2204 1266 mini-

624 1327 712 1368 me
737 1311 1099 1383 suspicantur.
1121 1311 1238 1365 Duo
1257 1322 1387 1363 vero
1399 1307 1636 1362 maxime
1649 1313 1838 1360 contra
1846 1305 1925 1358 ria
1941 1310 2066 1358 sunt
2079 1317 2206 1358 cou-

622 1402 765 1464 silio.
789 1400 1062 1456 festinatio
1088 1407 1142 1455 et
1179 1399 1280 1454 ira.
1326 1395 1463 1451 Nam
1490 1397 1572 1451 ira
1603 1395 1842 1452 obcaecat.
1871 1395 2110 1449 animum
2137 1407 2207 1448 ne

623 1493 753 1548 utile
771 1493 953 1549 videat
971 1489 1278 1556 consilium,
1301 1496 1355 1544 et
1370 1487 1640 1559 quomodo
1665 1487 1825 1558 longa
1845 1485 2072 1542 consilia
2091 1484 2206 1555 ple-

620 1599 850 1654 rumque
860 1601 967 1639 non
985 1582 1261 1637 labuntur.
1278 1579 1431 1635 Tunc
1441 1587 1622 1634 autem
1638 1579 1908 1650 praecipue
1921 1575 2204 1632 consilium

620 1675 690 1730 ad
742 1673 1122 1747 prosperitatis
1181 1683 1434 1727 eventum
1485 1669 1830 1740 perducitur,
1887 1684 2011 1724 cum
2057 1666 2207 1737 regia

621 1767 820 1823 ﬁducia
859 1766 914 1821 in
961 1763 1362 1834 Omnipotentis
1409 1761 1610 1817 auxilio
1658 1761 1861 1831 ﬁgitur.
1894 1758 2048 1814 Unde
2077 1772 2209 1813 vero

621 1868 746 1931 post
764 1859 936 1914 Deum
960 1859 1104 1913 bona
1128 1857 1398 1928 prodeunt
1425 1855 1654 1912 consilia
1681 1855 1788 1910 nisi
1815 1870 1847 1908 a
1880 1852 2130 1908 ﬁdelibus
2152 1857 2211 1906 et

1984 455 2255 514 SEDULII
2293 455 2491 516 SCOTI

621 586 889 637 temnunt.
934 573 1036 643 Qui
1057 572 1201 628 enim
1228 577 1454 644 possunt
1486 584 1605 628 esse
1639 570 1787 638 boni,
1816 568 1908 641 qui
1934 569 2040 626 sibi
2070 578 2198 626 sunt
2223 573 2280 634 Α

3777 457 3884 517 ω

2441 568 2539 625 Cui
2564 568 2742 640 placet
2761 582 2919 625 omne
2939 568 3163 635 bonum,
3193 567 3438 639 displicet
3464 584 3626 627 omne
3647 570 3884 631 malum.

2375 659 2472 714 Est
2497 668 2581 715 est
2603 661 2697 730 qui
2725 675 2876 726 vere,
2900 675 2996 716 seu
3020 675 3128 715 non
3155 675 3262 716 non
3285 660 3465 718 dicere
3496 664 3665 732 norit,

2445 750 2543 806 Cui
2573 768 2666 808 cor
2696 762 2966 809 secretum
2996 761 3255 809 consonat
3279 763 3441 825 atque
3462 756 3644 826 pium;

2374 842 2476 899 Olli
2504 843 2662 898 ﬁrma
2687 844 2820 900 ﬁdes
2855 845 2965 900 vita
2997 845 3057 899 ﬁt
3087 846 3302 902 charior
3324 847 3461 917 ipsa,

2442 933 2628 991 Nescit
2656 938 2980 993 arundineas
3000 945 3184 992 texere
3211 947 3391 993 mente
3416 939 3687 1010 strophas.

2376 1024 2494 1082 Non
2519 1026 2669 1082 illum
2696 1036 2890 1083 nutare
2910 1027 3040 1084 facit
3058 1028 3388 1099 clangorque
3417 1031 3694 1100 tubarum,

2447 1119 2698 1174 Anchora
2727 1136 2851 1174 nam
2873 1121 3053 1176 stabili
3089 1121 3255 1178 corde
3279 1132 3464 1178 manet
3487 1124 3636 1179 ﬁdei.

2379 1210 2566 1265 Talem
2593 1227 2700 1266 non
2728 1227 2894 1283 gazae,
2930 1229 3037 1268 non
3061 1213 3179 1267 auri
3204 1213 3443 1283 pondera
3468 1223 3671 1271 norunt

2451 1301 2681 1373 Fallere,
2711 1317 2779 1358 ne
2803 1302 2932 1358 laesa
2959 1303 3031 1360 sit
3052 1304 3290 1374 pretiosa
3315 1303 3470 1361 ﬁdes.

2368 1434 2373 1439 .
2947 1394 3100 1450 CAP.
3141 1395 3251 1451 VII.

2379 1483 2534 1540 Nunc
2554 1492 2734 1540 autem
2761 1486 2894 1542 ordo
2925 1486 3168 1558 exposcit
3196 1495 3257 1541 ut
3285 1488 3351 1542 de
3381 1486 3537 1542 malis
3561 1488 3734 1543 etiam
3755 1495 3878 1559 prin

2309 1580 2520 1651 cipibus
2541 1579 2721 1650 aliqua
2753 1595 2852 1635 nos
2875 1579 3113 1634 breviter
3140 1580 3593 1651 perstringamus,
3638 1581 3893 1650 quoniam

2310 1671 2378 1728 de
2431 1673 2588 1728 bonis
2615 1672 2860 1743 quaedam
2907 1671 3060 1726 utilia
3105 1671 3353 1742 sceptris,
3386 1687 3505 1741 quze
3536 1673 3618 1727 rei
3665 1673 3892 1743 publica

2311 1762 2621 1818 necessaria
2650 1761 2906 1817 diximus.
2939 1762 3041 1818 Ubi
3070 1761 3244 1832 primo
3273 1763 3535 1832 quaeritur
3559 1779 3680 1832 qua
3736 1779 3896 1819 causa

2313 1855 2480 1910 etiam
2506 1870 2574 1910 ex
2598 1854 2754 1910 bonis
2776 1853 2948 1909 malos
2991 1854 3262 1924 principes
3306 1853 3504 1908 faciat?
3531 1854 3614 1909 Ad
3639 1855 3792 1924 quod
3833 1855 3882 1909 di

623 1951 846 2022 optimis
887 1950 1097 2016 amicis,
1138 1949 1229 2020 qui
1269 1958 1651 2021 promerentur
1679 1962 1912 2018 superna
1943 1944 2207 2000 illustrari
2233 1947 2282 2008 B
2311 1950 2539 2006 cendum
2570 1967 2583 2002 :
2614 1947 2733 2004 Jam
2755 1949 2989 2020 primum
3019 1948 3217 2019 regalis
3236 1947 3478 2014 licentia,
3501 1946 3698 2003 deinde
3717 1963 3898 2002 rerum

623 2043 818 2111 gratia,
848 2051 912 2096 ut
952 2056 1060 2096 non
1082 2050 1268 2097 errent
1297 2043 1351 2096 in
1392 2041 1659 2097 consilio?
1687 2040 1930 2108 Quorum
1975 2039 2206 2112 provida

619 2133 1029 2201 deliberatione,
1061 2135 1244 2191 divina
1291 2136 1589 2206 inspirante
1615 2135 1922 2201 clementia,
1957 2150 2098 2204 saepe
2119 2149 2207 2190 sa-

616 2226 791 2282 lubris
815 2228 1030 2284 consilii
1052 2229 1242 2284 botrus
1283 2230 1547 2299 carpitur.
1585 2227 1744 2283 Absit
1777 2243 1909 2283 vero
1935 2234 1995 2281 ut
2015 2227 2208 2282 crude-

616 2319 697 2376 les
726 2328 986 2392 tyrannos
1025 2329 1287 2391 tanquam
1332 2321 1558 2375 infestos
1603 2322 1868 2375 dracones
1911 2321 2086 2374 bonus
2111 2318 2210 2372 ha-

613 2409 743 2464 beat
766 2409 1019 2478 princeps
1048 2409 1277 2472 amicos,
1307 2409 1452 2476 quod
1485 2406 1771 2476 pantheris
1800 2405 2051 2475 exemplo
2091 2403 2209 2459 ani-

615 2499 776 2554 malis
803 2500 1082 2554 astruitur.
1133 2497 1414 2567 Siquidem
1442 2496 1696 2567 panther,
1751 2512 1921 2566 genus
1974 2495 2211 2565 quadru-

615 2589 791 2658 pedis,
820 2596 905 2644 est
933 2598 991 2644 ut
1020 2589 1232 2659 physici
1273 2588 1566 2658 perhibent
1611 2587 1855 2644 omnium
1895 2586 2210 2642 animalium

616 2682 847 2748 amicus,
879 2691 1106 2752 excepto
1132 2681 1389 2736 dracone.
1421 2681 1641 2737 Illorum
1694 2681 1878 2752 itaque
1907 2681 2207 2736 amicitiam

616 2773 844 2840 habeat,
874 2788 1010 2842 quos
1031 2774 1230 2844 probos
1261 2787 1385 2828 esse
1413 2774 1712 2844 cognoscit.
1749 2773 1852 2841 Qui
1872 2781 1999 2828 sunt
2028 2782 2208 2828 autem

614 2864 746 2920 boni
778 2865 975 2920 amici?
1022 2865 1130 2919 nisi
1155 2864 1233 2920 illi
1262 2864 1355 2935 qui
1389 2873 1517 2920 sunt
1545 2865 1718 2920 sancti
1757 2880 1822 2920 ac
1848 2864 2206 2930 venerabiles,

615 2972 729 3011 non
756 2957 1036 3023 malitiosi,
1062 2972 1170 3013 non
1201 2957 1437 3023 furaces,
1471 2973 1577 3013 non
1605 2957 1837 3024 factiosi,
1867 2974 1976 3013 non
2003 2957 2205 3024 callidi,

614 3066 726 3106 non
749 3051 816 3104 ad
845 3050 1047 3105 malum
1075 3051 1476 3107 consentientes
1495 3092 1510 3117 ,
1539 3066 1647 3106 non
1677 3053 1945 3106 bonorum
1978 3051 2206 3117 inimici,

614 3157 726 3196 non
754 3141 1048 3207 libidinosi,
1079 3156 1255 3212 neque
1291 3141 1539 3198 crudeles
1565 3183 1582 3210 ,
1613 3157 1721 3198 non
1747 3143 2210 3198 circumventores

614 3232 702 3286 sui
727 3231 1021 3300 principis;
1047 3231 1143 3287 sed
1164 3234 1356 3300 sancti,
1378 3233 1740 3298 continentes,
1775 3232 2034 3303 religiosi,
2061 3247 2212 3286 ama-

2311 2041 2488 2110 copia,
2517 2054 2642 2094 cum
2689 2038 2805 2108 ipsa
2845 2038 3172 2094 abundantia
3212 2054 3395 2094 rerum
3440 2053 3602 2094 causa
3633 2038 3899 2093 malorum

2309 2128 2421 2184 ﬁat.
2445 2129 2620 2185 Amici
2667 2137 2931 2198 praeterea
2976 2129 3229 2202 improbi,
3263 2129 3524 2186 satellites
3570 2129 3898 2194 detestandi.

2309 2222 2543 2278 eunuchi
2575 2221 2898 2289 avarissimi,
2927 2221 3087 2277 aulici
3115 2222 3196 2278 vel
3227 2222 3378 2278 stulti
3408 2223 3493 2295 vel
3521 2221 3895 2288 detestabiles,

2308 2326 2406 2381 per
2431 2326 2567 2381 quos
2593 2326 2781 2366 omnes
2809 2311 2974 2366 etiam
3017 2311 3073 2366 in
3098 2310 3190 2366 illo
3239 2311 3580 2366 dominatore
3615 2312 3710 2380 qui
3758 2312 3900 2366 vide-

2307 2404 2470 2459 batur
2495 2405 2669 2459 bonus
2695 2419 2815 2460 esse
2841 2405 3085 2459 nascitur
3133 2403 3334 2459 oblivio
3378 2403 3766 2459 mandatorum
3789 2403 3898 2459 Dei.

2308 2492 2611 2561 Postremo,
2642 2495 2788 2565 quod
2814 2495 3000 2566 negari
3046 2510 3155 2550 non
3209 2502 3409 2565 potest,
3449 2510 3633 2550 rerum
3663 2495 3903 2566 publica-

2311 2597 2432 2638 rum
2472 2583 2793 2655 ignorantia.
2822 2583 2960 2638 Hinc
2988 2584 3249 2655 colligunt
3269 2599 3329 2640 se
3357 2592 3590 2653 quatuor
3611 2584 3703 2639 vel
3745 2585 3900 2654 quit.-

2309 2691 2438 2748 que,
2461 2685 2623 2747 atque
2645 2694 2813 2733 unum
2843 2678 3224 2741 consiliumad
3263 2679 3643 2749 decipiendum
3676 2680 3903 2750 impera-

2310 2775 2486 2823 torem
2533 2782 2627 2823 seu
2654 2783 2836 2838 regem
2869 2769 3108 2839 capiunt.
3153 2768 3352 2824 Dicunt
3403 2769 3532 2840 quid
3564 2771 3903 2840 probandum

2310 2859 2407 2913 sit.
2427 2859 2726 2929 Imperator
2753 2861 2845 2930 qui
2871 2860 3016 2916 domi
3046 2859 3263 2915 clausus
3290 2869 3395 2927 est,
3419 2876 3552 2916 vera
3581 2878 3695 2916 non
3725 2864 3901 2928 novit;

2312 2947 2522 3017 cogitur
2547 2949 2651 3002 hoc
2683 2957 2890 3003 tantum
2917 2949 3061 3018 quod
3083 2949 3159 3004 illi
3191 2949 3508 3020 loquuntur,
3539 2949 3677 3005 facit
3698 2951 3904 3022 judices

2311 3055 2448 3110 quos
2471 3038 2588 3094 ﬁeri
2619 3055 2727 3096 non
2755 3049 2988 3111 oportet,
3012 3051 3227 3098 amovet
3247 3058 3278 3098 a
3308 3059 3368 3098 re
3395 3043 3612 3114 publica
3641 3061 3786 3116 quos
3815 3048 3900 3102 de-

2313 3129 2442 3186 beat
2468 3132 2734 3188 obtinere.
2762 3132 2913 3188 Unde
2942 3134 3110 3190 etiam
3138 3137 3388 3192 venditur
3419 3137 3594 3193 bonus
3616 3148 3675 3194 et
3720 3151 3902 3196 cautus

2313 3231 2369 3276 et
2395 3223 2632 3292 optimus
2655 3223 2970 3293 imperator,
2997 3226 3088 3295 qui
3110 3241 3176 3281 eo
3201 3227 3320 3298 ipso
3341 3228 3506 3283 miser
3531 3229 3771 3285 efﬁcitur
3789 3248 3904 3286 cum

615 3330 766 3378 tores
800 3322 1063 3394 principis
1085 3323 1191 3390 sui,
1213 3331 1269 3379 et
1291 3324 1384 3395 qui
1414 3323 1482 3378 de
1506 3323 1596 3379 illo
1621 3339 1722 3378 nec
1745 3323 1846 3394 ipsi
1869 3302 2071 3388 rident,
2105 3338 2206 3378 nec

2316 3312 2456 3381 apud
2482 3312 2658 3382 ipsum
2683 3329 2813 3368 vera
2844 3314 3198 3371 reticeantur.
3242 3316 3380 3374 Hinc
3406 3335 3548 3389 sape
3579 3322 3905 3378 tumultuosa

614 3414 752 3469 risui
772 3413 1112 3470 essevolunt
1135 3455 1150 3480 ,
1178 3416 1271 3486 qui
1301 3429 1478 3485 neque
1502 3415 1838 3470 mentiuntur
1865 3454 1880 3479 ,
1907 3429 2084 3483 neque
2108 3412 2202 3466 ﬁn.

611 3514 763 3578 gunt,
810 3515 865 3562 et
904 3522 1182 3576 nunquam
1213 3507 1489 3577 decipiunt
1520 3524 1534 3573 ;
1569 3509 1664 3562 sed
1700 3519 1922 3560 veraces
1947 3546 1960 3570 ,
2014 3504 2206 3569 sobrii,

611 3597 912 3668 prudentes
958 3605 1122 3668 atque
1167 3599 1223 3654 in
1275 3597 1529 3655 omnibus
1563 3613 1660 3654 suo
1708 3598 1944 3670 principi
2000 3595 2205 3652 ﬁdeles.

613 3687 844 3746 Talibus
885 3691 1070 3761 itaque
1105 3691 1356 3761 personis
1400 3692 1550 3748 salva
1589 3690 1819 3747 efﬁcitur
1848 3707 1936 3748 res
1969 3692 2208 3765 publica,

613 3776 798 3848 piique
817 3780 1126 3852 regnatoris
1161 3780 1307 3836 fama
1345 3782 1543 3837 crescit
1581 3790 1636 3836 et
1661 3781 1850 3853 gloria.

688 3870 910 3942 Absque
935 3873 1302 3946 gubernaculo
1325 3874 1479 3929 navis
1505 3889 1603 3928 ceu
1633 3883 1791 3928 nutat
1815 3875 1872 3928 in
1908 3873 2015 3930 alto

633 3955 638 3960 ’
759 3959 1060 4027 Fluctibus,
1096 3979 1158 4018 ac
1182 3963 1405 4017 tumidis
1434 3962 1677 4016 tunditur
1705 3962 1796 4016 illa
1826 3964 1993 4030 notis,

689 4049 880 4108 Gloria
910 4053 989 4108 sic
1020 4053 1173 4123 regni
1195 4053 1567 4122 praeclaraque
1594 4061 1807 4122 sceptra
1833 4053 2138 4124 labascunt,

759 4144 821 4198 In
848 4158 1176 4215 pessumque
1199 4144 1422 4210 cadunt,
1454 4145 1593 4199 heu!
1625 4144 1740 4198 sine
1769 4143 2012 4201 consilio.

688 4231 826 4286 Nam
851 4240 981 4286 sunt
1007 4231 1252 4284 nonnulli
1275 4247 1506 4301 quorum
1534 4232 1595 4286 ﬁt
1621 4232 1812 4288 mellea
1840 4234 2042 4306 lingua,

759 4322 979 4392 Aspidis
1005 4329 1062 4375 at
1089 4323 1282 4379 subtus
1312 4330 1453 4378 tetra
1480 4340 1686 4380 venena
1711 4326 1900 4382 latent.

689 4413 795 4482 Qui
821 4411 1142 4469 deleniﬁciis
1169 4416 1504 4486 persuadent
1531 4417 1710 4472 omnia
1738 4419 1937 4486 verbis,

761 4505 1004 4574 Quorum
1037 4522 1216 4565 sermo
1245 4510 1441 4579 strepit
1467 4509 1688 4565 subdola
1708 4525 1808 4566 ceu
1833 4511 2007 4569 fovea.

691 4596 900 4653 Horum
931 4599 1159 4655 consilio
1186 4615 1273 4657 res
1300 4600 1514 4672 publica
1544 4599 1683 4656 fulta
1709 4602 1924 4658 videtur

690 4780 775 4837 Ob
797 4781 902 4836 hoc
926 4779 1140 4836 consilii
1167 4781 1497 4853 praedulcem
1527 4797 1752 4853 carpere
1777 4783 1994 4840 botrum

760 4871 898 4929 Cum
921 4871 1203 4928 submersa
1227 4880 1349 4928 ruat
1374 4887 1408 4930 ο
1434 4872 1745 4930 miseranda
1776 4874 1964 4931 nimis!

759 5053 880 5110 Jam
911 5057 1064 5113 decet
1091 5056 1366 5113 excelsum
1395 5058 1488 5128 qui
1525 5066 1670 5114 tenet
1703 5059 2012 5130 imperium.

690 5146 964 5204 Dorcadcs
986 5149 1220 5220 utvigili
1246 5149 1446 5206 montis
1474 5149 1543 5206 de
1567 5151 1773 5207 vertice
1800 5151 1922 5208 visu

763 5241 881 5308 Quo
907 5242 1015 5296 cito
1045 5242 1410 5315 transfugiant
1433 5252 1630 5300 cuncta
1660 5244 1858 5314 pericla
1889 5252 2100 5313 notant,

693 5332 784 5386 Sic
811 5333 1036 5389 adversa
1063 5343 1220 5391 cavet
1247 5335 1516 5406 speculari
1546 5335 1748 5391 lumine
1778 5337 1977 5392 mentis

765 5423 882 5479 Dux
911 5423 1085 5483 bonus
1112 5435 1232 5483 arte
1257 5427 1401 5484 bona
1426 5427 1776 5498 consiliisque
1803 5429 2008 5500 probis.

688 5514 799 5572 Ceu
835 5520 1190 5590 margaritum
1219 5518 1418 5574 bibulis
1443 5522 1739 5591 pramobile
1761 5523 2008 5592 conchis,

762 5610 1046 5677 Quomodo
1073 5609 1323 5670 dulciﬁuo
1349 5613 1458 5670 mel
1489 5614 1789 5687 legiturque
1813 5616 1957 5684 favo,

689 5699 788 5784 Sic.
813 5711 871 5759 et
899 5702 1200 5760 amicorum
1227 5722 1364 5777 puro
1395 5706 1463 5762 de
1488 5705 1638 5762 fonte
1671 5707 1958 5777 legendum

756 5795 825 5850 Et
846 5795 1002 5851 decet
1031 5804 1085 5852 et
1106 5799 1327 5867 prodest
1355 5801 1487 5856 utile
1511 5801 1815 5856 consilium.

688 5884 865 5945 Verus
887 5886 1137 5945 amicitiae
1166 5899 1348 5950 custos
1387 5893 1504 5950 sine
1533 5891 1656 5949 felle
1678 5895 1961 5964 probatur,

2312 3401 2807 3471 indisciplinatione
2836 3411 2892 3459 et
2920 3404 3016 3460 Dei
3043 3405 3237 3460 cultrix
3280 3407 3453 3477 pietas
3484 3418 3542 3464 et
3579 3413 3790 3466 veritas
3818 3427 3904 3481 op-

2313 3496 2588 3567 primitur,
2635 3513 2759 3553 cum
2793 3499 3023 3552 multum
3046 3499 3325 3571 derogatio
3369 3500 3666 3570 prmvaleat
3698 3504 3904 3572 quando

2315 3591 2668 3661 derogatores
2698 3591 2996 3648 creduntur
3025 3591 3132 3647 ﬁde
3179 3591 3348 3664 digni,
3376 3608 3512 3663 quos
3537 3595 3760 3665 gemina
3787 3610 3902 3664 pes-

2315 3683 2385 3738 tis
2402 3686 2702 3754 corrumpit
2726 3683 3100 3752 acerbissima,
3115 3699 3270 3740 amor
3289 3685 3543 3742 videlicet
3570 3684 3833 3742 falsitatis
3853 3696 3905 3741 et

2315 3780 2501 3836 odium
2528 3780 2795 3837 veritatis.

2530 3869 2703 3940 Quam
2727 3873 3073 3944 praecipitans
3100 3871 3260 3929 turbo
3295 3883 3545 3946 regentes

2530 3964 2810 4019 Subvertit
2829 3966 3059 4021 nimium
3079 3966 3232 4036 copia
3262 3969 3478 4021 rerum!

2527 4055 2628 4122 Qui
2655 4056 2998 4127 primumque
3023 4058 3152 4113 boni
3182 4059 3446 4129 regimine
3481 4057 3716 4127 clarent,

2527 4145 2692 4200 Fiunt
2719 4162 2863 4216 saepe
2891 4148 3019 4203 mali
3052 4149 3158 4204 ﬁne
3190 4148 3442 4218 profano.

2531 4237 2718 4295 Sacris
2746 4241 2840 4311 qui
2874 4241 3090 4298 fuerant
3118 4243 3363 4299 moribus
3390 4259 3608 4314 aurum,

2529 4329 2652 4385 Mox
2680 4331 2902 4402 plumbo
2925 4333 3132 4390 similes
3161 4335 3344 4391 viliter
3373 4337 3620 4394 horrent.

2527 4422 2595 4477 Et
2618 4425 2709 4492 qui
2741 4425 2866 4479 vitis
2895 4433 3052 4480 erant
3079 4427 3248 4482 ubere
3273 4428 3401 4495 laeti,

2529 4511 2834 4584 Agrescunt
2861 4516 3027 4571 veluti
3053 4526 3235 4589 spreta
3259 4518 3534 4575 labrusca.

2529 4603 2811 4662 lncautum
2837 4607 3114 4664 dominum
3143 4620 3326 4667 mente
3351 4611 3640 4684 strophosa

2533 4696 2750 4756 Fallunt
2773 4701 3069 4772 praecupidi
3092 4703 3170 4757 sic
3198 4710 3254 4758 et
3290 4704 3471 4759 amici.

2537 4791 2722 4848 Multis
2745 4793 2869 4848 inde
2895 4794 3032 4850 dolis
3057 4796 3296 4866 optimus
3325 4796 3415 4853 ille

2530 4882 2743 4953 Anceps
2774 4881 2834 4936 ﬁt
2855 4883 3092 4940 titubans
3118 4885 3260 4940 sicut
3288 4887 3519 4953 arundo,

2531 4971 2856 5044 Ignoratque
2883 4976 3050 5030 miser
3071 4976 3292 5047 ﬁgmina
3318 4974 3464 5044 falsi,

2532 5061 2646 5120 Nec
2675 5065 2857 5121 lucent
2874 5064 3093 5123 domino
3122 5067 3327 5124 lumina
3349 5067 3486 5122 veri.

2520 5155 2659 5213 Nam
2689 5166 2896 5215 caecaut
2919 5161 3106 5216 oculos
3135 5160 3279 5232 regis
3303 5162 3561 5227 honores,

2521 5249 2751 5319 Aurum,
2780 5251 3002 5319 divitire,
3033 5252 3238 5319 nubila,
3265 5253 3498 5320 mendae,

2527 5344 2721 5401 Vultus
2745 5343 2964 5402 feminei
2998 5342 3192 5403 blanda
3221 5348 3487 5419 voluptas,

2523 5437 2687 5496 Chari
2713 5439 2966 5507 falsidici,
2995 5457 3217 5512 pompa,
3237 5449 3502 5514 potestas.

2943 5533 3095 5591 CAP.
3133 5534 3266 5592 VIII.

2383 5621 2543 5681 Modo
2569 5639 2908 5697 consequens
2936 5640 3058 5682 esse
3087 5626 3302 5682 videtur
3328 5635 3601 5698 quatenus
3630 5626 3704 5684 de
3730 5625 3911 5700 impiis

2313 5715 2618 5773 rectoribus
2644 5731 2743 5771 nos
2771 5715 3121 5784 disseramus,
3150 5724 3210 5772 ut
3237 5716 3420 5786 agnita
3451 5716 3674 5773 illorum
3702 5716 3909 5773 malitia

2313 5813 2369 5861 et
2395 5806 2628 5876 pessimo
2655 5806 2709 5860 in
2734 5805 2838 5861 hoc
2865 5807 3061 5863 saeculo
3090 5807 3218 5874 ﬁnc,
3247 5816 3509 5879 perpetua
3536 5808 3785 5880 quadam
3830 5823 3914 5863 ra-

2311 5899 2481 5968 tione,
2504 5898 2594 5971 qui
2614 5899 2852 5990 prudens
2877 5908 2962 5959 est
2987 5909 3170 5964 rector
3191 5915 3224 5958 a
3254 5900 3413 5962 malis
3438 5900 3703 5976 operibus
3735 5917 3797 5962 se
3821 5900 3914 5958 ab—
