4046 6332
151 438 245 498 505
1101 435 1303 492 LIBER
1340 435 1430 492 DE
1467 433 1905 494 RECTORIBUS
1937 433 2386 492 CHRISTIANIS.
3268 439 3376 495 506

151 550 376 611 stinendo
399 548 611 606 cautior
633 554 688 604 et
715 547 906 604 melior
931 547 1045 613 ﬁat,
1099 555 1259 619 atque
1286 563 1496 604 summo
1536 549 1700 604 bene-
1723 549 1779 611 Α
1803 555 1924 602 ctus
1949 554 2110 616 atque
2138 545 2483 602 discalciatus
2510 552 2565 601 et
2589 545 2786 603 vinctis
2818 546 3066 603 manibus
3094 547 3376 618 deductus,

149 643 320 700 {actori
344 641 556 712 placere
582 656 905 712 magnopere
927 648 1199 711 procuret.
1217 639 1354 707 Quid
1370 648 1493 695 sunt
1519 648 1698 697 autem
1803 639 1860 694 in
1889 640 2113 695 Vulcani
2157 641 2319 696 ollam
2345 641 2581 712 jactatus
2621 651 2723 699 est.
2769 642 2904 699 Nam
2947 644 3074 715 quia
3113 643 3378 702 Joannem

147 737 280 806 impii
313 749 486 805 reges,
511 734 614 789 nisi
643 732 874 803 majores
917 741 1182 788 terrarum
1208 731 1466 798 latrones,
1490 731 1700 787 feroces
1802 746 1998 802 papam
2043 731 2324 804 aﬂligendo
2357 734 2412 790 in
2469 736 2710 792 custodia
2745 737 2964 803 occidit,
2993 735 3380 808 Symmachum

149 836 206 883 ut
230 827 422 891 leones,
451 824 624 880 rabidi
649 833 709 880 ut
736 825 886 880 ursi?
911 825 1051 880 sicut
1079 824 1341 894 scriptum
1369 831 1451 878 est
1479 824 1545 878 de
1570 822 1696 878 illo:
1803 837 2017 893 quoque
2041 824 2329 892 patricium
2359 824 2504 882 ferro
2533 828 2835 893 trucidavit,
2867 828 2934 882 ab
2964 827 3071 883 illis
3119 829 3173 883 in
3199 827 3392 898 ignem.

146 917 243 973 Leo
266 917 486 988 rugiens,
512 925 561 970 et
600 933 755 971 ursus
786 916 1041 981 esuriens,
1062 915 1298 985 princeps
1336 914 1526 984 impius
1550 930 1704 985 super
1803 913 2079 970 immissus
2099 916 2369 986 apparuit,
2394 932 2529 987 quos
2549 919 2602 972 in
2629 919 2731 974 hac
2750 919 2860 974 vita
2877 917 3071 987 injuste
3090 917 3376 987 judicavit.

143 1006 374 1078 populum
400 1022 679 1076 pauperem
703 1003 886 1078 (Prov.
915 1020 1104 1070 xxvm,
1133 1003 1242 1076 l5).
1274 1003 1388 1060 Rex
1437 1004 1702 1074 siquidem
1803 1005 1848 1063 Ο
1875 1023 2034 1078 quam
2062 1009 2306 1064 districta
2332 1018 2387 1064 et
2405 1011 2550 1081 justa
2579 1018 2702 1066 sunt
2722 1011 3117 1082 Omnipotentis
3139 1009 3375 1079 judicia!

143 1098 325 1173 impius
352 1106 608 1169 tanquam
649 1097 823 1152 leonis
866 1111 1153 1167 personam
1181 1094 1386 1150 habens
1433 1096 1500 1150 ad
1544 1110 1704 1150 omne
1805 1098 1960 1167 cujus
1992 1100 2312 1169 disponente
2355 1110 2488 1155 nutu
2531 1103 2692 1174 digna
2738 1102 2871 1158 ultio
2898 1103 3154 1157 immitem
3194 1109 3382 1157 secuta

141 1205 440 1260 responsum
470 1188 670 1264 acriter
699 1188 921 1243 verbum
947 1203 1179 1258 nequam
1212 1187 1329 1242 sine
1357 1185 1704 1256 prudentium
1803 1198 1888 1246 est
1915 1199 2221 1261 tyrannum.
2253 1190 2388 1246 Nam
2413 1192 2504 1262 qui
2532 1194 2703 1248 servis
2730 1193 2943 1248 Domini
2970 1192 3165 1262 injuste
3204 1200 3384 1247 trans-

141 1281 354 1337 consilio
381 1297 504 1337 eum
533 1280 678 1335 omni
724 1279 929 1336 malitia
955 1278 1184 1350 profert,
1214 1278 1386 1333 bonos
1414 1277 1705 1332 humilians
1805 1280 2024 1336 itoriam
2064 1289 2295 1336 mortem
2351 1281 2549 1345 intulit,
2593 1282 2790 1352 duplici
2835 1290 3009 1337 morte
3058 1281 3300 1352 corporis
3326 1287 3388 1340 et

139 1373 402 1444 malosque
430 1373 704 1438 exaltans;
734 1373 888 1444 cujus
919 1371 1034 1426 dies
1071 1370 1474 1435 abbreviantur,
1507 1377 1561 1423 et
1588 1368 1705 1438 ejus
1809 1373 2004 1427 anima:
2033 1372 2177 1441 juste
2208 1372 2433 1442 deperit.
2467 1371 2569 1439 Qui
2605 1372 2737 1428 alios
2763 1373 3016 1442 praesenti
3044 1372 3156 1428 vita
3189 1370 3385 1442 Spolia-

139 1461 388 1517 memoria
427 1475 548 1516 eum
595 1460 775 1516 sonitu
821 1459 1035 1530 peribit.
1091 1457 1342 1514 Peccavit
1391 1456 1534 1511 enim
1587 1455 1706 1527 plus
1805 1474 1982 1529 verat,
2007 1464 2120 1533 ipse
2145 1472 2252 1518 tam
2283 1471 2663 1518 momentanea
2697 1478 2857 1533 quam
2890 1471 3094 1518 mterna
3121 1463 3233 1517 vita
3261 1477 3384 1533 spo-

138 1567 292 1624 quam
315 1552 506 1622 potuit.
539 1549 697 1606 Tales
743 1551 925 1620 itaque
953 1546 1079 1605 sunt
1105 1548 1266 1603 amici
1293 1546 1579 1611 malorum,
1604 1545 1706 1600 ini-
1805 1555 1967 1610 natus
2004 1553 2126 1609 fuit,
2155 1555 2301 1610 [dem
2351 1555 2533 1624 itaque
2561 1555 2832 1626 geminum
2879 1555 3088 1627 peregi;
3135 1555 3381 1609 ιηίηίειε-

137 1643 258 1697 mici
284 1645 568 1707 bonorum,
597 1642 739 1697 servi
785 1641 1022 1696 libidinis
1047 1646 1101 1695 et
1147 1638 1408 1703 avaritiae,
1450 1637 1592 1692 servi
1619 1643 1704 1691 to-

1805 1647 1944 1700 rium
1964 1663 1980 1713 ;
2004 1661 2133 1700 nam
2168 1646 2268 1701 sibi
2301 1647 2559 1717 gehennae
2592 1644 2911 1719 supplicium
2939 1645 3032 1701 ubi
3053 1645 3385 1700 cruciabitur

137 1733 242 1790 tius
260 1733 525 1804 nequitiae,
559 1733 797 1788 ministri
828 1731 1052 1798 diaboli,
1076 1744 1291 1800 semper
1306 1729 1616 1784 laborantes
1641 1742 1705 1782 ac
1805 1735 1861 1790 in
1887 1735 2083 1792 sacula
2127 1735 2467 1801 memorum,
2497 1737 2698 1792 sanctis
2754 1750 2885 1791 vero
2932 1749 3176 1806 superna;
3202 1733 3386 1804 gloria

133 1824 265 1879 nihil
311 1824 587 1889 facientes,
617 1826 855 1896 gurgites
899 1825 1120 1879 humani
1170 1824 1405 1894 generis,
1445 1822 1701 1888 miseriae,
1805 1826 2039 1894 palmam
2063 1826 2481 1882 administravit.
2511 1824 2712 1894 lnjuste
2736 1825 2963 1896 judicati
3003 1824 3138 1879 ﬁunt
3166 1832 3386 1894 repente

127 1914 317 1986 pabula
345 1925 561 1971 aeternae
604 1916 880 1986 gehennuz,
921 1923 982 1968 ut
1029 1915 1222 1970 cedrus
1257 1913 1434 1968 subito
1461 1912 1702 1976 exaltati,
1733 1913 1782 1973 B
1809 1917 2073 1982 coronati,
2105 1925 2266 1986 atque
2308 1915 2520 1984 judices
2569 1931 2599 1970 a
2626 1917 2851 1972 Domino
2886 1915 2942 1971 in
2989 1915 3260 1970 crudelem
3306 1925 3389 1985 ty-

125 2006 223 2061 sed
247 2007 297 2062 in
313 2006 578 2077 profunda
595 2006 784 2061 tartari
810 2002 1307 2076 prmcipitatiJlinc
1325 2002 1609 2057 Psalmista
1629 2003 1709 2057 di—
1810 2023 2040 2062 rannum
2065 2008 2392 2065 transmissi.
2423 2008 2494 2064 At
2517 2023 2648 2064 vero
2687 2003 2885 2076 injuste
2921 2005 3169 2075 judicans
3204 2006 3265 2061 ﬁt
3291 2021 3384 2060 su-

123 2095 246 2151 cit:
281 2094 397 2150 Vidi
419 2096 639 2165 impium
683 2091 1131 2164 superat-attalum
1172 2100 1221 2144 et
1255 2090 1507 2146 eleuatum
1533 2099 1590 2144 ut
1627 2107 1708 2144 ce-
1808 2099 1924 2155 hilo
1964 2097 2257 2167 judicatus,
2305 2107 2466 2168 atque
2513 2108 2728 2154 meum
2772 2098 3130 2154 damnationis
3155 2097 3388 2152 ﬂammis

119 2187 249 2241 dros
275 2187 482 2252 Libani,
519 2195 569 2241 et
593 2187 812 2240 transiri
857 2193 904 2240 et
947 2201 1062 2238 ecce
1094 2200 1200 2237 non
1243 2192 1376 2248 erat,
1401 2195 1450 2237 et
1495 2185 1708 2254 qua’sivi
1809 2190 2074 2247 addictus.
2106 2191 2222 2258 Qua
2244 2191 2298 2244 in
2323 2205 2382 2245 re
2407 2189 2569 2244 nimis
2601 2188 2839 2244 terribile
2869 2187 3171 2257 exemplum
3191 2202 3388 2257 propo.

117 2296 261 2343 eum,
284 2289 333 2332 et
357 2297 460 2334 non
485 2291 560 2334 est
601 2281 838 2334 inventus
881 2276 1026 2331 locus
1054 2276 1169 2346 ejus
1196 2273 1369 2347 (Psal.
1401 2292 1587 2340 XXXVI,
1613 2275 1704 2341 55.
1807 2281 1975 2359 nitur,
2007 2297 2076 2337 ne
2105 2290 2264 2337 terrae
2306 2288 2554 2352 potentes
2603 2295 2789 2336 servos
2816 2279 3027 2336 Domini
3058 2293 3388 2349 persequan-

116 2369 236 2442 36).
266 2369 486 2425 Florent
531 2370 674 2425 enim
723 2369 863 2424 sicut
909 2367 1056 2422 olera
1085 2374 1141 2421 et
1182 2365 1364 2420 fenum
1399 2366 1537 2436 agri.
1563 2365 1707 2435 quod
1809 2379 1916 2440 tur,
1947 2389 2082 2444 quos
2109 2373 2287 2428 valido
2317 2373 2534 2428 virtutis
2576 2389 2686 2429 sum
2713 2372 2940 2427 brachio
2975 2371 3118 2426 Deus
3143 2367 3387 2442 omnipo-

119 2459 284 2514 hodie
312 2474 434 2513 eum
465 2458 811 2527 speciositate
847 2456 1042 2522 oritur,
1093 2462 1147 2510 et
1184 2455 1240 2509 in
1275 2454 1515 2509 crastino
1563 2468 1708 2509 ares.

1808 2474 1929 2522 tens
1960 2464 2262 2521 ulciscitur.
2293 2464 2397 2520 Sed
2443 2466 2559 2520 haec
2582 2465 2649 2519 de
2692 2465 2936 2534 reprobis
2979 2464 3121 2520 dicta
3161 2465 3270 2520 sint
3298 2479 3386 2519 re-

116 2564 256 2605 cens
293 2563 400 2603 n0“
431 2549 717 2618 τθρθΐίων·
766 2549 840 2602 De
866 2547 1062 2618 (imbus
1101 2561 1200 2618 Per
1222 2546 1543 2617 Ρτοριιθῑειω
1580 2545 1707 2600 diei‘
1806 2556 2067 2612 c‘toribus.
2098 2555 2252 2611 Nunc
2281 2555 2349 2612 ad
2384 2557 2596 2627 potiora
2631 2558 2770 2629 stylo
2811 2556 3164 2627 consequenti
3214 2563 3388 2612 trans-

117 2652 214 2698 tur
244 2660 258 2695 :
287 2641 395 2713 Ipsi
435 2649 816 2712 regnaverunt,
847 2648 902 2697 et
931 2656 1040 2695 non
1068 2655 1134 2696 ex
1164 2655 1280 2706 me;
1313 2639 1586 2710 principes
1611 2652 1706 2693 ex—
1807 2659 2015 2704 eamus.

117 2734 398 2799 stiteruut,
429 2741 483 2788 et
512 2746 613 2804 ego
643 2730 918 2803 ignoravi;
951 2730 1044 2802 qui
1082 2744 1256 2800 neque
1301 2737 1449 2785 recte
1473 2735 1528 2784 et
1555 2728 1705 2800 regia
2022 2738 2196 2808 neges
2218 2744 2377 2792 terra;
2404 2751 2539 2808 quos
2568 2733 2711 2794 male
2743 2744 2893 2808 gesta

115 2832 209 2887 via
239 2831 418 2886 sciunt
447 2844 541 2885 seu
585 2829 772 2884 volunt
801 2825 1075 2891 incedere,
1106 2825 1200 2881 sed
1229 2825 1294 2879 ad
1325 2824 1604 2880 dexteram
1634 2823 1706 2878 si-
2025 2828 2383 2895 Dedecorant,
2408 2826 2685 2884 similesne
2714 2820 2966 2883 videntur

115 2923 454 2991 nistramquc
502 2927 706 2975 norunt
729 2917 1022 2973 declinare.
1059 2915 1267 2982 Quibus
1292 2914 1551 2984 competit
1575 2912 1704 2969 illud
2017 2922 2202 2993 Apris,
2231 2922 2374 2978 ursis
2401 2922 2824 2994 tigridibusque?

117 3011 268 3084 quod
290 3025 388 3080 per
431 3011 626 3066 Isaiam
667 3008 927 3065 Dominus
973 3006 1213 3076 loquitur
1257 3005 1477 3060 dicens:
1503 3001 1707 3057 Dereli-
2019 3012 2087 3067 Hi
2111 3011 2346 3081 majores
2377 3021 2573 3067 sumne
2603 3011 2841 3066 latrones

113 3110 357 3173 querunt
400 3102 689 3156 Dominum
742 3099 988 3163 sabaoth,
1037 3104 1092 3152 et
1153 3095 1561 3151 ambulaverunt
1610 3108 1710 3164 per
2023 3102 2400 3174 Ten-133mm,
2428 3102 2670 3157 rabidive
2691 3101 2893 3166 leones,

113 3193 240 3247 vias
264 3193 517 3248 distortas
539 3191 675 3264 (Isa.
705 3207 745 3258 1,
775 3191 854 3263 4).
883 3188 1064 3245 Dolosi
1101 3189 1158 3242 in
1207 3187 1466 3252 consiliis,
1491 3179 1708 3240 atroces
1741 3258 1774 3264 _
2026 3193 2306 3264 Unguibus
2335 3193 2728 3263 accipitresque
2752 3189 3013 3261 rapaces?

113 3292 180 3340 et
221 3283 465 3339 mendosi
495 3283 549 3337 in
571 3282 772 3349 verbis,
803 3279 1024 3352 maligni
1063 3279 1117 3333 in
1156 3278 1428 3348 operibus,
1470 3290 1700 3347 quorum

1339 3293 1428 3343 ius,
1470 3290 1700 3347 quorum
1729 3258 1774 3321 (ἶ
2019 3258 2258 3355 Contigit
2278 3258 2548 3340 Antiocho
2574 3292 2629 3339 et
2643 3258 2937 3349 Pharaoni,

114 3378 248 3434 ﬁnis
293 3377 397 3433 erit
448 3375 740 3432 secundum
794 3387 956 3445 opera
1002 3386 1208 3427 eorum.
1240 3369 1317 3424 De
1369 3368 1563 3439 quibus
1607 3381 1707 3438 per
2021 3376 2223 3431 Herodi
2253 3375 2562 3446 miseroque
2588 3373 2763 3430 Pilato

112 3470 374 3527 eumdem
393 3469 714 3540 prophetam
736 3465 935 3520 dicitur
958 3482 970 3518 :
994 3463 1250 3517 Dominus
1271 3461 1591 3515 exercituum
1618 3473 1706 3511 co-
2020 3465 2397 3522 Μοωεηωηρα
2418 3466 2644 3536 perdere
2665 3480 2852 3536 regna,

107 3561 330 3635 gitavit,
357 3568 412 3612 ut
439 3559 728 3613 detraheret
775 3554 1071 3627 superbiam
1105 3553 1273 3606 omnis
1321 3549 1522 3622 glorias,
1550 3557 1597 3604 et
1634 3547 1703 3602 ad
2028 3555 2164 3611 Cum
2189 3556 2352 3611 sociis
2379 3555 2685 3610 Acheronta
2717 3553 2916 3608 subire.

106 3649 468 3723 ignominiam
522 3647 793 3721 deduceret
822 3643 1042 3715 inclytos
1085 3651 1238 3696 terra:
1277 3639 1412 3712 (Isa.
1434 3653 1594 3704 XXIII,
1625 3636 1703 3708 9).
2023 3646 2114 3702 Sic
2139 3660 2354 3716 semper
2373 3645 2632 3714 mprobos
2659 3643 2801 3698 mala
2823 3642 3018 3696 damna

106 3742 233 3799 Sed
253 3747 312 3796 et
335 3740 524 3795 beatus
547 3739 646 3795 Job
677 3757 689 3794 :
709 3737 874 3804 Laus,
895 3736 1089 3807 inquit,
1113 3734 1389 3804 imperium
1412 3732 1578 3786 brevis
1599 3737 1704 3795 est,
2025 3737 2281 3808 Amigum
2302 3736 2465 3790 nimis
2490 3735 2580 3789 hic
2607 3742 2662 3788 et
2692 3735 2747 3788 in
2780 3747 2974 3787 aevum.

104 3844 160 3889 et
187 3831 365 3904 gloria
384 3831 666 3902 hypocritte
693 3838 766 3884 est
796 3828 966 3882 instar
1005 3824 1183 3897 puncti
1218 3821 1340 3894 (Job
1362 3837 1453 3887 xx,
1475 3820 1551 3891 5).
1580 3819 1710 3876 Haec
2025 3827 2166 3896 Quid
2194 3826 2398 3882 ﬂoretis
2425 3833 2668 3896 tempora
2700 3822 2879 3894 proles

107 3925 327 3983 etenim
375 3923 484 3978 vita
512 3920 820 3992 temporalis
856 3919 910 3974 in
941 3915 1344 3988 comparatione
1388 3911 1706 3968 aeternitatis
2023 3917 2290 3973 Ardentes
2311 3924 2567 3988 ostroque
2598 3915 2801 3980 decori,

106 4019 350 4074 minimo
369 4025 570 4088 puncto
593 4021 958 4085 comparatur.
1002 4011 1096 4066 Va:
1127 4015 1309 4064 autem
1348 4005 1456 4061 illis
1493 4007 1586 4076 qui
1607 4022 1706 4077 pro
2021 4007 2168 4076 Quos
2191 4015 2469 4078 exspectat
2499 4006 2771 4061 clibanum
2804 4003 2962 4075 ignis,

105 4127 293 4184 parvo
340 4118 540 4181 puncto
574 4107 862 4180 praesentis
886 4103 1161 4161 felicitatis
1205 4099 1445 4157 vendunt
1479 4098 1704 4171 gloriam
2023 4099 2196 4167 Quem
2221 4115 2320 4155 nec
2353 4097 2511 4154 laedet
2539 4098 2782 4154 roscidus
2807 4095 3020 4152 imber?

106 4213 342 4260 aeternae
371 4201 750 4259 beatitudinis!
2025 4189 2129 4257 Qui
2155 4190 2441 4244 Dominum
2473 4189 2608 4244 lucis
2633 4203 2735 4244 nec
2763 4187 2978 4254 amatis,

186 4295 407 4365 Quanta
451 4311 583 4351 vero
624 4294 708 4349 vel
740 4291 960 4350 eosdem
989 4288 1235 4345 subditos
1281 4285 1425 4340 mala
1450 4283 1534 4339 vel
1563 4283 1708 4355 ipsos
2019 4283 2080 4339 In
2113 4284 2368 4338 tenebras
2394 4297 2491 4336 vos
2518 4282 2818 4336 exteriores

104 4396 365 4445 rectores
388 4385 524 4441 ultio
551 4385 731 4440 divina
753 4389 1132 4452 consequatur,
1165 4392 1272 4432 non
1301 4383 1385 4430 est
1409 4383 1608 4430 nostra:
1632 4373 1708 4428 ῆι·
2019 4373 2204 4437 Ibitis;
2237 4371 2346 4425 illic
2374 4370 2545 4440 gloria
2566 4379 2748 4426 vestra

104 4475 342 4533 cultatis
373 4490 666 4541 enarrare;
698 4473 791 4530 sed
813 4486 982 4543 pauca
1007 4471 1072 4526 de
1097 4467 1282 4524 multis
1303 4465 1481 4537 placet
1509 4465 1563 4519 in
1591 4478 1706 4518 ma—
2025 4464 2200 4518 Areus
2238 4461 2500 4516 marcebit
2529 4460 2645 4516 sine
2673 4460 2800 4514 ﬁne.

100 4561 378 4622 nifestum
406 4565 712 4637 propalare.
740 4563 904 4634 Regis
939 4559 1240 4617 Pharaonis
1289 4557 1556 4627 impietas,
1583 4569 1705 4626 quae
1728 4609 1782 4637 ἡ
2021 4553 2206 4610 Justos
2243 4567 2372 4607 vero
2401 4551 2546 4606 celsa
2573 4563 2770 4606 corona

99 4673 178 4714 ex
212 4609 646 4712 cordisrdui-itia
692 4609 1005 4718 inoleirerat,
1047 4651 1149 4706 sibi
1177 4609 1398 4718 suisque
1437 4609 1705 4718 [Egyptiis
1727 4609 1782 4671 Β
2029 4641 2364 4699 Gloriﬁcabit
2391 4640 2589 4710 luxque
2612 4640 2792 4694 beata.

99 4748 314 4804 decem
333 4745 522 4816 plagas
550 4744 754 4810 intulit,
777 4751 937 4812 atque
972 4742 1193 4811 insuper
1219 4738 1406 4793 Rubro
1424 4736 1563 4792 mari
1591 4743 1704 4791 tar-
2446 4731 2596 4788 CAP.
2637 4731 2732 4786 1X.

103 4836 378 4904 tareique
397 4833 723 4892 Acherontis
771 4833 879 4887 imo
906 4831 1082 4902 ipsum
1119 4842 1351 4898 suosque
1392 4824 1703 4881 submersit.
1880 4829 2099 4900 Septem
2127 4825 2456 4897 speciosiora
2476 4831 2603 4879 sunt
2629 4822 2751 4878 aliis
2777 4821 3043 4878 creaturis
3073 4821 3190 4886 Dei,
3216 4827 3278 4874 ut
3301 4835 3388 4876 sa-

99 4927 454 4985 Antiochum
491 4934 549 4981 et
589 4923 861 4981 Herodem
905 4937 971 4976 ac
1017 4921 1266 4975 Pontium
1299 4917 1556 4981 Pilatum,
1584 4914 1697 4985 quis

1807 4921 2018 4993 pientes
2059 4918 2259 4982 ferunt,
2315 4917 2514 4971 coelum
2566 4914 2838 4971 innubiale
2868 4914 3081 4985 quando
3131 4919 3387 4982 argenteo

101 5022 297 5078 nescit
318 5027 524 5092 Quanta
550 5018 782 5075 districti
803 5015 1001 5087 iudicis
1019 5013 1152 5068 ultio
1174 5010 1439 5083 perculit?
1466 5009 1606 5077 Ουίά
1625 5007 1708 5063 di-
1809 5012 1978 5070 colori
2004 5009 2238 5066 mirabili
2269 5007 2619 5063 similitudine
2653 5015 3032 5077 comparatur;
3069 5004 3148 5060 sol
3194 5004 3249 5058 in
3278 5001 3388 5057 vir-

99 5130 235 5169 οδω
267 5113 344 5168 de
366 5111 602 5176 Nerone,
640 5107 832 5181 Esca,
855 5116 912 5163 et
945 5104 1264 5175 impiiSSimO
1293 5100 1522 5165 Juliano,
1551 5099 1698 5154 εὶιὶίε-
1809 5111 1922 5159 tute
1969 5117 2086 5166 sua,
2114 5099 2327 5170 quando
2381 5097 2674 5170 reciprocis
2725 5099 2972 5152 cursibus
3019 5096 3074 5149 in
3105 5093 3387 5164 splendore

99 5218 218 5275 que
247 5218 449 5260 eorum
477 5203 535 5258 in
563 5201 806 5272 nequitia
855 5193 1257 5255 consimilibus?
1297 5192 1484 5247 Nonne
1517 5203 1705 5247 omnes
1807 5194 1990 5266 gloriae
2014 5207 2125 5247 suae
2150 5189 2483 5246 habitatores
2527 5188 2712 5243 mundi
2737 5187 3030 5248 illuminat;
3057 5183 3182 5236 luna
3227 5182 3281 5236 in
3304 5182 3386 5236 in-

99 5273 238 5355 cum
288 5299 410 5354 suis
454 5297 774 5368 sequacibus
797 5304 922 5367 post
948 5299 1177 5349 mortem
1203 5289 1494 5360 pessimam
1533 5302 1595 5342 os
1624 5287 1703 5342 in-
1809 5285 2061 5354 tegritate
2117 5281 2422 5349 nudataque
2471 5278 2609 5334 facie
2682 5278 2913 5333 nubibus
2963 5273 3335 5329 recedentibus
3367 5313 3382 5339 ,

97 5391 254 5449 terni
320 5363 647 5445 devoravit?
691 5363 818 5443 Sed
860 5395 920 5441 ut
975 5386 1288 5440 innumeros
1341 5387 1662 5450 praeteream
1687 5419 1703 5445 ,
1810 5376 2024 5445 quando
2047 5371 2267 5444 prOprio
2289 5386 2452 5426 cursu
2479 5369 2607 5425 solis
2645 5369 2869 5438 vestigia
2896 5363 3213 5435 investigat;
3260 5379 3386 5434 ager

98 5481 454 5540 Theodorici
484 5478 844 5536 crudelissimi
873 5476 1016 5548 regis
1045 5475 1112 5531 de
1138 5474 1241 5529 hoc
1270 5468 1466 5527 saeculo
1501 5467 1705 5523 exitum
1809 5467 2139 5532 fructuosus,
2171 5463 2388 5535 quando
2435 5463 2664 5519 diveisis
2713 5461 2934 5516 ﬂoribus
2966 5457 3227 5527 nodisque
3276 5457 3386 5513 cri-

88 5576 400 5635 inl’elicem
430 5573 735 5644 explicabo,
764 5570 856 5640 qui
901 5584 1023 5625 cum
1050 5573 1193 5621 esset
1228 5563 1443 5619 Arianae
1473 5567 1708 5615 sectator
1811 5559 2090 5630 spantihus
2137 5555 2471 5626 depingitur;
2504 5552 2740 5607 varietas
2777 5550 2966 5614 maris,
2997 5549 3211 5618 quando
3238 5562 3387 5603 scre-

73 5668 363 5733 invidiae,
391 5682 457 5722 ac
498 5641 767 5722 bonorum
797 5663 1072 5719 insecutor
1109 5657 1562 5718 Christianorum,
1609 5667 1706 5722 po-
1812 5653 1953 5708 nitas
1980 5651 2101 5706 cmli
2131 5649 2460 5717 nubiumque
2491 5645 2715 5717 placidis
2744 5643 2995 5699 ﬂuctibus
3024 5644 3077 5698 in
3113 5641 3386 5698 littoribus

63 5776 351 5827 stremo,
384 5759 544 5814 sicuti
593 5759 807 5814 cuidam
855 5756 974 5811 viro
1001 5753 1296 5809 revelatum
1339 5749 1533 5812 fuerat,
1565 5746 1708 5801 inter
1812 5743 2173 5816 pulcherrime
2223 5740 2557 5804 ostenditur;
2598 5737 2797 5793 chorus
2841 5735 3110 5807 justorum
3165 5735 3219 5789 in
3275 5748 3384 5788 una

57 5821 391 5914 Joannem
419 5868 614 5909 uanam
650 5860 707 5908 ct
735 5849 1119 5916 Symmachum
1164 5844 1452 5915 patricium
1508 5838 1710 5896 discin-
1813 5833 1918 5891 ﬁde
1952 5832 2345 5896 habitantium;
2375 5843 2470 5883 rex
2509 5825 2765 5898 pacificus
2795 5825 2851 5884 in
2883 5826 3051 5900 gloria
3077 5823 3229 5896 regni
3273 5821 3381 5886 sui,
