4046 6332
529 439 745 498 :507

2003 421 2275 481 SEDULII
2311 420 2508 481 SCO'I‘I

650 554 858 631 quando
897 551 953 634 in
980 548 1104 608 aula
1149 549 1300 630 regia
1325 547 1560 606 ostensis
1605 545 1920 602 muneribus
1961 544 2224 615 donisque
2251 544 2304 606 Α
2327 546 2580 618 possibile
2621 551 2724 612 est,
2781 544 3025 616 improbe
3066 552 3229 615 atque
3277 543 3537 600 atrociter
3583 554 3902 613 exposcunt.

641 649 857 709 traditis
885 647 1053 704 multa
1081 645 1345 702 beneﬁcia
1378 652 1621 718 praestat.
1662 645 1779 700 Rex
1824 642 2028 698 etenim
2046 639 2226 711 justus

642 751 702 800 et
721 741 984 815 paciﬁcus
1001 737 1122 795 lieta
1150 737 1289 794 l‘acie
1313 737 1454 793 bona
1483 735 1693 800 dividit,
1721 741 1775 791 et
1803 732 2228 806 uniuscujusque

641 846 865 892 causam
894 831 1180 905 diligenter
1201 828 1511 892 meditatur,
1539 836 1593 884 et
1614 826 1858 883 inﬁrmos
1877 835 1932 882 et
1964 841 2227 898 pauperes

637 927 824 1004 populi
871 942 980 999 non
1027 925 1350 999 despiciens,
1379 939 1503 980 cum
1527 923 1803 980 seniorum
1828 930 1882 978 et
1905 921 2224 993 prudentio-

641 1035 766 1075 rum
793 1017 1019 1091 consilio
1047 1025 1102 1074 et
1125 1013 1332 1088 judicio
1377 1030 1505 1070 vera
1524 1013 1730 1085 judicia
1771 1013 2027 1085 loquitur,
2053 1012 2226 1069 malos

641 1109 938 1166 humilians
961 1110 1242 1181 bonosque
1271 1107 1541 1165 exaltans.
1577 1105 1704 1162 Dies
1745 1106 1862 1180 ejus
1893 1122 2016 1163 cum
2057 1106 2225 1178 gloria

642 1199 1025 1272 extendentur,
1055 1208 1113 1257 et
1135 1201 1253 1272 ejus
1292 1199 1556 1256 memoria
1587 1198 1644 1254 in
1664 1206 1925 1254 aeternum
1964 1198 2223 1255 manebit.

640 1291 902 1362 Princeps
928 1289 1188 1364 paciﬁcus
1217 1301 1478 1362 tanquam
1501 1290 1726 1348 ﬂoridus
1767 1299 1823 1347 et
1847 1289 2042 1348 fertilis
2068 1291 2226 1348 estin

641 1383 893 1455 proximo
919 1384 1228 1454 paradisus,
1275 1391 1332 1439 et
1361 1384 1517 1455 quasi
1563 1384 1723 1440 vinea
1755 1383 1982 1440 honesta
2006 1385 2228 1457 copioso

641 1475 924 1532 abundans
951 1474 1152 1545 fructu,
1177 1491 1394 1532 omnem
1426 1492 1454 1531 a
1486 1475 1770 1549 splendore
1795 1484 2117 1547 conspectus
2141 1476 2226 1532 sui

639 1553 973 1634 conturbans
1003 1569 1354 1635 discordiam,
1381 1569 1473 1639 qui
1502 1567 1627 1624 dum
1652 1584 1840 1640 pacem
1880 1570 1935 1624 in
1971 1569 2092 1625 aula
2115 1584 2227 1626 suae

639 1661 843 1722 mentis
867 1660 1232 1732 amplectitur,
1261 1660 1448 1732 procul
1475 1662 1636 1717 dubio
1659 1663 1994 1718 mansionem
2017 1676 2231 1734 priepa-_

641 1761 726 1808 rat
760 1751 999 1834 Christo,
1033 1753 1162 1824 quia
1192 1753 1442 1815 Christus
1495 1770 1598 1825 pax
1627 1763 1732 1821 est,
1763 1763 1817 1812 et
1870 1755 1923 1810 in
1968 1769 2103 1826 pace
2141 1770 2227 1810 re-

641 1845 922 1915 quiescere
948 1847 1114 1920 cupit.
1145 1846 1319 1919 Porro
1345 1847 1433 1906 ubi
1480 1864 1584 1918 pax
1622 1857 1726 1922 cst,
1767 1849 1820 1903 in
1849 1848 2224 1920 disputationi-

639 1936 745 1991 bus
765 1937 989 2004 veritas,
1016 1946 1072 1994 et
1099 1937 1154 1994 in
1197 1939 1452 2010 Operibus
1478 1938 1688 2009 justitia
1735 1940 2027 1996 invenitur.
2072 1938 2223 1996 Sicut

644 2042 776 2099 ergo
805 2028 1064 2102 providus
1115 2031 1442 2104 gubernator
1466 2031 1750 2103 procellosi
1780 2031 1950 2087 maris
1988 2032 2230 2103 pericula

643 2120 920 2192 arridente
974 2122 1235 2196 temporis
1286 2123 1581 2178 serenitate
1622 2123 1853 2178 evadere
1898 2123 2111 2190 nititur,
2150 2123 2230 2179 sic

639 2219 822 2268 rector
847 2212 1110 2285 pacificus
1133 2229 1327 2270 serena
1373 2216 1571 2271 mentis
1609 2214 2000 2286 tranquillitate
2035 2231 2098 2271 ac
2133 2231 2230 2288 pa-

635 2301 717 2357 cis
745 2303 1034 2360 concordia
1071 2303 1306 2375 impetus
1347 2304 1742 2362 discordiarum
1789 2305 1975 2361 sedula
2027 2305 2231 2362 delibe-

633 2394 850 2449 ratione
897 2408 1244 2466 compescere
1295 2397 1605 2451 meditatur.
1649 2395 1819 2463 Quem
1846 2397 2046 2452 trinam
2078 2398 2230 2469 pacis

636 2484 882 2558 regulam
901 2499 1226 2543 conservare
1251 2493 1487 2558 oportet,
1503 2487 1609 2544 hoc
1623 2497 1737 2542 est:
1764 2502 1928 2558 supra
1956 2503 2034 2555 se,
2065 2487 2120 2543 in
2146 2503 2226 2556 se,

630 2571 792 2644 juxta
820 2590 912 2641 se;
946 2575 1074 2645 quia
1123 2589 1253 2648 erga
1305 2575 1497 2642 Deum,
1531 2585 1585 2632 et
1631 2577 1686 2632 in
1734 2593 1793 2633 se
1825 2579 1962 2648 ipso,
1993 2587 2048 2634 et
2082 2579 2228 2635 circa

637 2667 919 2738 proximos
942 2667 1102 2724 debet
1132 2681 1254 2748 esse
1273 2667 1554 2746 paciﬁcus.
1581 2667 1814 2724 Tantum
1849 2676 1935 2724 est
1967 2668 2114 2724 enim
2133 2684 2230 2740 pa-

639 2761 724 2816 cis
753 2761 979 2827 bonum,
1006 2761 1269 2838 utetiam
1295 2760 1354 2816 in
1383 2761 1550 2820 rebus
1576 2761 1810 2816 terrenis
1834 2769 1996 2838 atque
2025 2770 2230 2817 morta-

635 2850 780 2908 libus
822 2852 957 2908 nihil
985 2837 1195 2924 gratius
1220 2853 1394 2911 soleat
1415 2854 1613 2920 audiri,
1661 2853 1796 2910 nihil
1820 2837 2230 2911 desiderabilius

646 2946 974 3016 concupisci,
1011 2945 1144 3001 nihil
1165 2931 1449 3017 postremo
1482 2946 1674 3002 melius
1716 2946 1967 3003 inveniri.
1995 2947 2227 3006 Fructus

641 3047 826 3094 autem
853 3038 1093 3110 paciﬁca:
1114 3040 1312 3095 mentis
1336 3049 1439 3107 est,
1465 3055 1590 3111 erga
1631 3038 1903 3118 subjectos
1943 3050 1999 3097 et
2024 3041 2228 3096 amicos

640 3131 930 3202 benignam
957 3133 1243 3194 ostendere
1267 3132 1700 3188 misericordiam
1727 3131 1888 3188 simul
1915 3139 1968 3188 et
1993 3132 2227 3188 clemen-

638 3224 796 3290 tiam,
820 3224 1016 3294 quibus
1043 3223 1336 3279 virtutibus
1365 3232 1476 3280 tam
1495 3223 1619 3295 plus
1647 3233 1899 3293 regnator
1926 3237 2088 3295 quam
2109 3223 2227 3294 ejus

636 3330 867 3388 regnum
888 3311 1118 3385 gloriose
1139 3312 1530 3381 conservatur;
1553 3321 1782 3369 testante
1804 3311 2113 3380 Salomone,
2129 3313 2220 3385 qui

637 3409 761 3464 ait:
798 3407 1165 3463 Misericordia
1188 3415 1236 3462 et
1271 3407 1462 3461 veritas
1505 3405 1806 3460 custodiunt
1844 3422 2032 3477 regem,
2064 3414 2111 3460 et
2141 3422 2226 3459 ro-

639 3499 910 3555 borabitur
934 3497 1209 3555 clementia
1232 3499 1453 3553 thronus
1475 3499 1590 3570 ejus
1617 3497 1799 3562 (Prov.
1844 3514 1936 3564 xx,
1964 3497 2075 3570 28).
2105 3497 2225 3554 Non

636 3593 786 3647 enim
837 3592 1130 3663 quidquam
1163 3602 1249 3648 est
1298 3591 1443 3662 quod
1479 3592 1680 3647 bonum
1723 3600 1990 3647 rectorem
2034 3592 2225 3647 melius

636 3683 835 3754 populo
894 3681 1249 3740 favorabilem
1301 3689 1466 3754 atque
1516 3679 1806 3736 amabilem
1860 3681 2222 3748 commendet,

638 3789 803 3844 quam
824 3773 1109 3829 clementia
1130 3782 1184 3828 et
1208 3773 1434 3845 paciﬁca
1466 3773 1751 3830 serenitas.

712 3866 860 3930 Haec,
891 3873 952 3920 ut
973 3865 1108 3920 alios
1129 3880 1293 3920 causa
1319 3865 1603 3922 brevitatis
1630 3864 1903 3930 omittam,
1923 3861 2222 3933 Augustum

643 3955 914 4011 Caesarem
959 3954 1090 4010 fecit
1131 3955 1573 4020 celeberrimum;
1612 3957 1729 4010 hiec
1761 3953 2082 4020 Antoninos,
2110 3971 2223 4010 ma-

641 4061 808 4118 gnum
837 4061 1053 4117 quoque
1077 4046 1509 4111 Constantinum,
1539 4045 1873 4102 Theodosios
1893 4054 2224 4117 caeterosque

640 4136 960 4208 magniﬁcos
985 4136 1257 4212 principes
1294 4135 1596 4192 sublimiter
1640 4135 1988 4193 beatiﬁcavit.
2020 4137 2222 4193 Eadem

643 4242 862 4299 quoque
887 4225 1142 4298 magnum
1167 4225 1423 4282 Carolum
1452 4227 1594 4282 inter
1624 4235 1820 4286 caetera
1851 4227 2114 4284 virtutum
2137 4228 2221 4284 in-

639 4321 813 4391 signia
838 4319 892 4374 in
919 4319 1346 4376 sacratissimum
1387 4335 1501 4391 prae
1534 4321 1747 4377 exteris
1777 4329 2047 4378 terrarum
2073 4322 2223 4392 prin-

639 4411 852 4480 cipibus
877 4408 1178 4481 Augustum
1207 4409 1495 4476 dedicavit.
1523 4408 1651 4467 Haec
1677 4409 2008 4472 Ludovicum
2036 4412 2219 4482 piissi-

637 4517 789 4557 mum
809 4501 1149 4557 adordinavit
1181 4485 1585 4574 imperatorem.
1634 4503 1702 4557 Et
1722 4503 1852 4575 quid
1893 4503 2046 4574 plura
2073 4502 2218 4558 refe-

639 4591 796 4646 ram?
820 4589 980 4647 Certe
1013 4591 1357 4648 serenissima
1389 4591 1609 4665 pietatis
1641 4592 1930 4650 clementia
1958 4591 2219 4666 gloriosos

637 4684 913 4754 principes
941 4690 997 4736 et
1014 4681 1334 4765 gloriﬁcavit
1353 4684 1411 4739 in
1433 4691 1597 4752 terra,
1627 4692 1683 4739 et
1703 4693 1987 4741 consortes
2016 4694 2225 4744 sancto-

638 4789 763 4832 rum
792 4773 1074 4834 collocavit
1099 4774 1157 4832 in
1181 4774 1338 4832 coelo.
1366 4773 1574 4846 Quippe
1618 4775 1712 4846 qui
1740 4791 1848 4838 non
1888 4775 2062 4832 solum
2099 4793 2218 4846 sua,

641 4867 740 4924 sed
758 4873 815 4922 et
840 4873 981 4922 totos
1007 4865 1328 4936 semetipsos
1353 4863 1720 4938 Omllipotenti
1751 4866 2032 4922 dederunt.
2076 4866 2222 4924 Nihil

639 4967 823 5020 autem
848 4956 917 5013 ab
938 4956 1086 5027 justo
1109 4965 1165 5013 et
1191 4957 1280 5029 pio
1321 4972 1446 5030 rege
1475 4957 1786 5015 donandum
1815 4968 1919 5026 est,
1949 4961 2054 5018 nisi
2077 4961 2222 5034 quod

636 5052 711 5110 sit
759 5051 1106 5116 beneﬁcium.
1158 5049 1491 5111 Beneﬁcium
1541 5061 1723 5110 autem
1771 5054 1818 5111 si
1867 5055 1935 5112 ad
1982 5057 2222 5126 aliquam

639 5142 910 5200 mercedis
929 5143 1424 5201 remunerationem
1441 5145 1500 5201 in
1521 5145 1626 5202 hoc
1644 5148 1840 5205 saeculo
1863 5148 2118 5216 refertur,
2141 5151 2222 5206 in-

639 5233 770 5287 terit
802 5241 967 5304 atque
1010 5231 1214 5288 ﬁnitur.
1267 5232 1378 5292 Nec
1425 5235 1570 5292 enim
1599 5253 1887 5309 possumus
1932 5239 1988 5295 id
2015 5240 2219 5298 habere

641 5323 932 5396 integrum,
957 5324 1111 5398 cujus
1134 5327 1368 5398 pretium
1397 5329 1555 5386 nobis
1574 5331 1910 5400 persolutum
1935 5341 2036 5388 est.
2063 5332 2219 5390 Unde

640 5429 750 5472 non
771 5421 880 5470 tam
899 5413 1243 5486 beneﬁcium,
1266 5417 1362 5477 sed
1378 5419 1560 5489 potius
1580 5421 1964 5476 commercium
1991 5421 2220 5480 dicenda

641 5512 724 5560 est
761 5504 884 5561 talis
937 5505 1172 5579 largitio.
1222 5509 1412 5566 Danda
1439 5516 1569 5564 sunt
1616 5523 1747 5566 vero
1776 5512 2062 5580 beneﬁcia,
2098 5531 2220 5584 qua:

639 5596 764 5652 data
788 5596 914 5654 boni
953 5599 1217 5671 principis
1241 5599 1440 5654 famam
1487 5592 1852 5672 pietatemque
1878 5614 1932 5662 et
1950 5603 2220 5675 justitiam

638 5702 748 5742 non
768 5686 988 5753 laedunt,
1003 5686 1159 5755 juxta
1191 5688 1476 5761 dignitates
1498 5706 1853 5761 personarum
1881 5703 1935 5751 et
1957 5697 2219 5755 utilitates

639 5791 850 5854 rerum,
875 5792 984 5832 non
1028 5780 1325 5838 secundum
1356 5782 1678 5852 cupiditates
1700 5787 2099 5857 accipientium,
2125 5791 2218 5861 qui

641 5863 800 5924 facile
830 5865 1048 5922 sibimet
1074 5869 1371 5942 denegaut;
1399 5875 1524 5946 quia
1553 5877 1697 5948 quod
1741 5877 1954 5936 diﬁicile
1983 5891 2076 5937 aut
2117 5865 2218 5942 im?

2329 637 2482 695 Unde
2510 637 2685 693 Nerva
2714 635 3011 707 imperator
3059 635 3274 692 dicebat
3298 650 3313 689 :
3338 634 3512 690 Amici
3555 649 3679 688 cum
3718 649 3783 689 se
3811 649 3908 689 me-

2326 733 2435 789 reri
2463 732 2643 789 omnia
2661 736 3018 801 praesumunt,
3039 728 3087 783 si
3112 727 3406 797 quidquam
3427 739 3534 780 non
3556 724 3906 788 extorserint,

2325 824 2624 881 atrociores
2641 822 2795 878 ﬁunt.
2817 820 2880 877 In
2898 820 3151 877 omnibus
3171 819 3352 889 itaque
3375 816 3761 887 largitionibus
3783 826 3910 871 tem-

2323 914 2600 988 poralibus
2625 913 2890 970 servanda
2934 918 3020 967 est
3059 918 3316 965 mensura
3357 915 3615 976 rectaque
3661 906 3717 962 in
3748 905 3910 960 dona-

2324 1007 2474 1064 tione
2524 1006 2776 1074 intentio,
2799 1013 2861 1061 ut
2908 1019 3006 1074 pro
3034 1001 3208 1058 salute
3246 999 3580 1070 reipublicae
3626 1005 3686 1054 et
3711 1005 3910 1052 sancta:

2325 1100 2559 1156 utilitate
2588 1097 2846 1155 Ecclesiae
2871 1111 3078 1170 proque
3110 1092 3348 1150 caelestis
3393 1090 3704 1161 indeptione
3730 1087 3909 1159 gloria

2326 1193 2485 1250 bonis
2506 1191 2822 1248 melioribus
2851 1189 3071 1262 optimis
3099 1193 3296 1244 cuncta
3319 1199 3418 1258 per
3448 1181 3626 1240 sereni
3654 1178 3910 1252 principis

2328 1284 2756 1342 muniﬁcentiam
2791 1281 3204 1338 distribuantur.

2395 1374 2657 1432 Conditor
2682 1388 2949 1446 supernus.
2975 1370 3122 1427 orbis
3151 1370 3451 1440 imperator
3473 1363 3719 1422 omnium

2393 1469 2514 1540 lpse
2544 1476 2738 1524 cuncta
2766 1483 2885 1542 qua:
2913 1465 3116 1522 creavit
3139 1462 3366 1536 pulchra
3392 1460 3521 1516 fecit
3545 1457 3771 1514 artifex.

2395 1560 2542 1616 Inter
2563 1561 2682 1617 haec
2702 1567 2904 1631 creata,
2932 1566 3140 1629 septeni
3166 1554 3475 1632 pulchriora
3498 1551 3883 1625 praeminalt,

2396 1655 2550 1711 Picta
2577 1655 2698 1712 cceli
2731 1657 2939 1726 spbazra
2967 1653 3103 1709 lucis
3133 1653 3400 1708 emicante
3427 1646 3625 1722 gratia,

2397 1749 2554 1812 Alma
2583 1748 2713 1804 solis
2742 1749 2884 1802 inter
2909 1754 3056 1802 astra
3082 1745 3483 1814 candidansque
3508 1741 3700 1817 gloria,

2398 1841 2478 1899 Ac
2508 1841 2704 1897 referta
2733 1848 2854 1912 post
2877 1839 3100 1895 bicorne
3127 1837 3253 1892 luna
3281 1845 3511 1892 stemma
3539 1835 3769 1900 lumine,

2250 1936 2298 1997 B
2393 1937 2727 1993 Fructuosus
2747 1916 2803 1989 et
2830 1933 3104 1998 virescens
3130 1933 3322 1987 hortus
3345 1929 3479 1986 ﬂore
3508 1929 3851 2000 germinum,

2402 2029 2640 2102 Thetyos
2667 2027 2928 2082 serenitas
2959 2041 3079 2098 quas
3104 2024 3218 2080 visa
3247 2023 3447 2078 mulcet
3471 2023 3737 2087 omnium,

2401 2117 2636 2174 Sanctus
2657 2127 2710 2173 et
2739 2118 2940 2172 chorus
2964 2116 3179 2186 piorum
3209 2122 3260 2169 te
3287 2113 3458 2168 Deum
3489 2113 3816 2179 colentium,

2401 2208 2684 2274 Gloriosus
2712 2217 2875 2278 atque
2905 2213 3083 2262 rector
3109 2205 3346 2278 optimus
3374 2221 3472 2275 per
3499 2204 3702 2269 omnia,

2402 2300 2668 2357 Liberalis
2694 2308 2751 2356 et
2779 2314 3007 2354 serenus
3031 2299 3322 2354 sanctitate
3346 2297 3628 2367 praeditus,

2401 2392 2704 2464 Equitate,
2733 2393 2970 2466 puritate
2992 2391 3173 2447 cordis
3203 2392 3290 2445 ille
3319 2392 3620 2462 praeminet,

2400 2485 2574 2556 Quem
2599 2486 2785 2544 tremit
2814 2484 3151 2557 superbaque
3177 2485 3464 2555 reprobum
3497 2483 3740 2550 celsitas,
4016 2527 4017 2588 ι

2401 2576 2504 2645 Qui
2528 2577 2701 2635 bonos
2732 2577 2964 2632 honorat
2999 2583 3190 2646 sponte
3221 2575 3474 2646 largitate
3503 2576 3676 2649 regia.

2400 2667 2612 2728 Pacifer
2640 2677 2696 2724 et
2725 2670 2917 2726 beatus
2945 2668 3032 2724 ille
3057 2667 3118 2722 ﬁt
3148 2667 3307 2728 sicuti
3338 2666 3519 2733 vinea,

2403 2761 2686 2818 Trinitatis
2709 2763 2803 2818 est‘
2822 2761 2998 2830 imago
3029 2759 3188 2834 digna
3211 2766 3356 2815 sorte
3379 2760 3639 2816 coalitum.

2987 2853 3140 2910 CAP.
3173 2854 3242 2916 Χ.

2402 2951 2509 3010 Sed
2541 2953 2683 3008 inter
2717 2949 2834 3006 haec
2863 2949 3006 3005 aliud
3037 2949 3180 3020 quod
3212 2955 3296 3006 est
3326 2949 3627 3015 sciendum,
3662 2951 3913 3021 quoniam

2329 3054 2390 3104 ut
2423 3044 2694 3118 sapientes
2725 3041 3030 3114 perhibent,
3058 3048 3184 3098 sunt
3212 3047 3336 3096 octo
3365 3040 3630 3096 columnae
3660 3057 3788 3112 quae
3820 3041 3916 3095 for-

2330 3137 2460 3196 titer
2490 3151 2716 3206 regnum
2736 3133 2870 3205 justi
2913 3133 3056 3206 regis
3089 3138 3414 3192 sustentant.
3447 3130 3634 3188 Prima
3672 3132 3914 3187 columna
4016 3117 4017 3170 ἶ

2329 3229 2532 3286 veritas
2561 3234 2642 3282 est
2671 3225 2727 3284 in
2751 3224 3001 3282 omnibus
3031 3223 3194 3279 rebus
3221 3215 3510 3295 regalibus.
3553 3220 3812 3278 Secunda
3839 3240 3917 3278 co-
4016 3231 4017 3295 ᾗ

2247 3328 2294 3391 C
2323 3320 2507 3376 lumna
2532 3315 2794 3388 patientia
2825 3317 2878 3370 in
2903 3315 3052 3370 omni
3088 3315 3329 3387 negotio.
3367 3314 3578 3380 Tertia,
3609 3315 3842 3388 largitas
3871 3316 3915 3368 in

2331 3411 2671 3470 mulieribus.
2696 3409 2924 3479 Quarta,
2959 3408 3388 3481 persuasibilitas
3412 3423 3506 3464 seu
3544 3407 3840 3463 affabilitas
3869 3410 3915 3462 in

2329 3506 2530 3564 verbis.
2571 3495 2791 3572 Quinta,
2819 3502 3081 3562 malorum
3129 3501 3397 3557 correctio
3441 3509 3607 3570 atque
3639 3503 3913 3556 contritio.

2333 3596 2518 3670 Sexta,
2568 3598 2834 3660 bonorum
2875 3593 3118 3650 amicitia
3162 3601 3322 3663 atque
3358 3592 3641 3647 exaltatio.
3679 3591 3917 3662 Septima
4016 3595 4017 3640 ξ

2327 3688 2578 3746 columna
2611 3686 2801 3742 levitas
2834 3685 3023 3742 tributi
3069 3685 3124 3739 in
3159 3684 3405 3757 populos.
3431 3683 3662 3750 Octava,
3693 3686 3916 3754 aequitas

2322 3783 2511 3856 judicii
2534 3782 2675 3838 inter
2695 3781 2888 3838 divites
2908 3788 2962 3836 et
2982 3794 3266 3852 pauperes.
3291 3779 3385 3836 Hie
3418 3789 3544 3836 sunt
3586 3779 3777 3851 itaque
3802 3789 3920 3836 octo

2329 3873 2595 3940 columna:
2629 3887 2749 3944 quae
2789 3886 3016 3946 regnum
3047 3871 3180 3942 justi
3209 3869 3469 3942 principis
3511 3869 3652 3924 etin
3689 3869 3796 3925 hoc
3825 3885 3920 3924 sie.-
4016 3883 4017 3946 ς

2327 3964 2451 4024 culo
2480 3964 2786 4022 stabilitaut
2814 3972 2977 4034 atque
3007 3964 3077 4019 ad
3105 3971 3322 4027 atteram
3349 3960 3707 4030 stabilitatem
3740 3963 3923 4037 gloriae

2326 4056 2647 4128 perducunt.

2397 4133 2623 4201 Fabrica
2648 4143 2793 4200 nulla
2819 4151 2966 4200 tenet
2987 4144 3235 4201 stabilem
3260 4161 3357 4216 per
3381 4151 3623 4218 tempora
3648 4144 3890 4202 formam
3907 4187 3922 4214 ,

2471 4235 2530 4294 Si
2564 4253 2671 4296 non
2703 4236 2922 4294 fulturis
2948 4237 3075 4292 nixa
3105 4237 3176 4291 sit
3200 4235 3291 4303 illa
3321 4238 3454 4293 suis.

2397 4328 2510 4386 Nec
2535 4329 2776 4386 stabilire
2804 4337 3009 4400 queunt
3038 4327 3371 4399 splendentia
3393 4327 3598 4388 lumine
3622 4328 3855 4404 templa,

2466 4420 2602 4476 Aula
2630 4436 2731 4477 nec
2759 4428 2816 4478 et
2839 4437 3026 4494 regum
3054 4420 3139 4478 his
3169 4420 3287 4476 sine
3315 4419 3470 4475 ﬁrma
3500 4431 3708 4492 potest.

2395 4509 2532 4567 Justi
2565 4511 2792 4568 rectoris
2819 4512 3055 4584 propriis
3081 4511 3160 4570 sic
3181 4520 3330 4568 stare
3352 4511 3622 4576 columnis

2468 4600 2689 4659 Publica
2724 4616 2812 4659 res
2840 4603 3016 4674 poscit
3040 4603 3369 4675 propitiante
3399 4601 3529 4660 Deo.

2395 4693 2582 4771 Prima
2609 4696 2861 4754 columna
2888 4696 3055 4753 micat
3085 4697 3198 4754 veri
3222 4696 3467 4767 speciosa
3505 4695 3728 4754 decore.

2460 4788 2535 4845 At
2557 4789 2769 4861 patiens
2789 4788 3034 4862 regimen
3060 4790 3163 4846 rite
3189 4790 3424 4846 secunda
3451 4797 3625 4863 tenet.

2393 4882 2579 4940 Tertia
2606 4878 2851 4954 largiﬁua
2882 4881 3094 4938 meritis
3121 4882 3216 4938 dat
3243 4897 3470 4939 munera
3502 4881 3724 4958 dextra.

2466 4973 2778 5044 Quartaque
2807 4973 3192 5047 hlandiloquax
3217 4975 3401 5042 dulcia
3431 4975 3598 5036 verba
3623 4984 3822 5040 sonat.

2394 5063 2594 5134 Quinta
2617 5064 2789 5122 malos
2814 5066 3081 5138 reprimit,
3114 5067 3256 5123 miro
3284 5067 3509 5139 zeloque
3538 5079 3829 5130 coruscat.

2463 5152 2677 5212 Gaudet
2703 5163 2859 5212 sexta
2886 5164 3080 5230 potens
3104 5157 3684 5229 magniﬁcare'bonos.

2395 5241 2638 5316 Septima
2664 5246 2959 5304 clementer
2986 5249 3168 5320 populi
3197 5249 3502 5324 levigatque
3524 5252 3836 5312 tributum.

2464 5336 2566 5394 Ast
2586 5347 2776 5395 octava
2801 5340 2940 5412 regit
2961 5339 3189 5410 justitiie
3215 5346 3496 5402 trutinam.

2393 5427 2596 5486 Nititur
2619 5428 2703 5485 his
2729 5428 2913 5487 solidis
2943 5443 3030 5486 res
3053 5431 3268 5502 publica
3296 5432 3430 5490 fulta
3457 5435 3756 5506 columnis,

2466 5520 2636 5590 Sicuti
2663 5536 2820 5578 mons
2846 5520 2977 5578 Sion
3006 5523 3092 5578 his
3115 5523 3429 5596 stabilisque
3457 5537 3666 5590 manet.

2981 5610 3132 5670 CAP.
3164 5613 3250 5672 XI.

2391 5701 2528 5760 Cum
2562 5704 2746 5774 itaque
2791 5703 2876 5762 bis
2920 5710 3045 5766 octo
3094 5705 3364 5764 columnis
3409 5708 3572 5781 regite
3619 5717 3954 5784 potestatis

2319 5797 2615 5863 eminentia
2657 5796 2934 5868 fulciatur,
2981 5801 3136 5860 decet
3169 5801 3457 5863 amabilem
3485 5803 3597 5859 Deo
3637 5817 3951 5866 rectorem

2319 5902 2539 5950 causam
2570 5889 2652 5943 sui
2695 5888 3035 5959 personalem
3078 5891 3403 5949 utilitatibus
3445 5901 3788 5972 postponere
3848 5919 3956 5960 ec-

2246 4695 2301 4756 D
