  <div class='ocr_page' id='page_1' title='image "/cluster/home/n/w/nwhite01/storage/ocr_20150623/103/hvd.32044015466816/160.png"; bbox 0 0 4046 6332; ppageno 0'>
   <div class='ocr_carea' id='block_1_1' title="bbox 228 385 407 450">
    <p class='ocr_par' dir='ltr' id='par_1_1' title="bbox 228 385 407 450">
     <span class='ocr_line' id='line_1_1' title="bbox 228 385 407 450; baseline -0.017 -5"><span class='ocrx_word' id='word_1_1' title='bbox 228 385 339 450; x_wconf 79' lang='lat'><strong>5.09</strong></span> <span class='ocrx_word' id='word_1_2' title='bbox 398 435 407 442; x_wconf 93' lang='lat'><strong>.</strong></span> 
     </span>
    </p>
   </div>
   <div class='ocr_carea' id='block_1_2' title="bbox 1237 351 2535 424">
    <p class='ocr_par' dir='ltr' id='par_1_2' title="bbox 1237 351 2535 424">
     <span class='ocr_line' id='line_1_2' title="bbox 1237 351 2535 424; baseline -0.014 0"><span class='ocrx_word' id='word_1_3' title='bbox 1237 366 1440 424; x_wconf 83' lang='lat' dir='ltr'><strong>LIBER</strong></span> <span class='ocrx_word' id='word_1_4' title='bbox 1478 364 1566 420; x_wconf 90' lang='lat' dir='ltr'><strong>DE</strong></span> <span class='ocrx_word' id='word_1_5' title='bbox 1605 353 2044 415; x_wconf 86' lang='lat' dir='ltr'><strong>RECTORIBUS</strong></span> <span class='ocrx_word' id='word_1_6' title='bbox 2081 351 2535 414; x_wconf 82' lang='lat' dir='ltr'><strong>CHRISTIANIS.</strong></span> 
     </span>
    </p>
   </div>
   <div class='ocr_carea' id='block_1_3' title="bbox 3395 339 3502 399">
    <p class='ocr_par' dir='ltr' id='par_1_3' title="bbox 3395 339 3502 399">
     <span class='ocr_line' id='line_1_3' title="bbox 3395 339 3502 399; baseline -0.019 -1"><span class='ocrx_word' id='word_1_7' title='bbox 3395 339 3502 399; x_wconf 75' lang='grc'><strong>510</strong></span> 
     </span>
    </p>
   </div>
   <div class='ocr_carea' id='block_1_4' title="bbox 227 455 3507 562">
    <p class='ocr_par' dir='ltr' id='par_1_4' title="bbox 227 455 3507 562">
     <span class='ocr_line' id='line_1_4' title="bbox 227 455 3507 562; baseline -0.015 -5"><span class='ocrx_word' id='word_1_8' title='bbox 227 493 572 561; x_wconf 84' lang='lat' dir='ltr'><strong>clesiasticis,</strong></span> <span class='ocrx_word' id='word_1_9' title='bbox 606 498 667 549; x_wconf 92' lang='lat' dir='ltr'><strong>ut</strong></span> <span class='ocrx_word' id='word_1_10' title='bbox 699 493 754 548; x_wconf 92' lang='lat' dir='ltr'><strong>in</strong></span> <span class='ocrx_word' id='word_1_11' title='bbox 783 492 1294 562; x_wconf 21' lang='lat' dir='ltr'><strong>quantum‘memor</strong></span> <span class='ocrx_word' id='word_1_12' title='bbox 1318 487 1401 536; x_wconf 91' lang='lat' dir='ltr'><strong>est</strong></span> <span class='ocrx_word' id='word_1_13' title='bbox 1427 473 1813 562; x_wconf 80' lang='lat' dir='ltr'><strong>beneficiorum</strong></span> <span class='ocrx_word' id='word_1_14' title='bbox 1841 468 1896 529; x_wconf 85' lang='grc' dir='ltr'><strong>Α</strong></span> <span class='ocrx_word' id='word_1_15' title='bbox 1918 482 2243 522; x_wconf 85' lang='lat' dir='ltr'><strong>consensum</strong></span> <span class='ocrx_word' id='word_1_16' title='bbox 2278 473 2440 562; x_wconf 73' lang='lat' dir='ltr'><strong>atque</strong></span> <span class='ocrx_word' id='word_1_17' title='bbox 2486 455 3359 562; x_wconf 17' lang='lat' dir='ltr'><strong>auctoritiatis‘adminiculumhis</strong></span> 
     </span>
    </p>
   </div>
   <div class='ocr_carea' id='block_1_5' title="bbox 228 561 1816 661">
    <p class='ocr_par' dir='ltr' id='par_1_5' title="bbox 228 561 1816 661">
     <span class='ocr_line' id='line_1_5' title="bbox 228 561 1816 661; baseline -0.023 -11"><span class='ocrx_word' id='word_1_18' title='bbox 228 593 327 650; x_wconf 88' lang='lat' dir='ltr'><strong>Dei</strong></span> <span class='ocrx_word' id='word_1_19' title='bbox 358 604 479 661; x_wconf 63' lang='lat' dir='ltr'><strong>quae</strong></span> <span class='ocrx_word' id='word_1_20' title='bbox 506 585 584 642; x_wconf 84' lang='lat' dir='ltr'>illi</span> <span class='ocrx_word' id='word_1_21' title='bbox 609 596 844 654; x_wconf 89' lang='lat' dir='ltr'><strong>superna</strong></span> <span class='ocrx_word' id='word_1_22' title='bbox 872 577 1046 652; x_wconf 89' lang='lat' dir='ltr'><strong>gratia</strong></span> <span class='ocrx_word' id='word_1_23' title='bbox 1071 571 1362 637; x_wconf 84' lang='lat' dir='ltr'><strong>concessit,</strong></span> <span class='ocrx_word' id='word_1_24' title='bbox 1401 569 1454 661; x_wconf 80' lang='lat' dir='ltr'><strong>in</strong></span> <span class='ocrx_word' id='word_1_25' title='bbox 1491 574 1698 620; x_wconf 89' lang='lat' dir='ltr'><strong>tantum</strong></span> <span class='ocrx_word' id='word_1_26' title='bbox 1728 561 1816 661; x_wconf 76' lang='lat' dir='ltr'><strong>be-</strong></span> 
     </span>
    </p>
   </div>
   <div class='ocr_carea' id='block_1_6' title="bbox 227 650 1817 748">
    <p class='ocr_par' dir='ltr' id='par_1_6' title="bbox 227 650 1817 748">
     <span class='ocr_line' id='line_1_6' title="bbox 227 650 1817 748; baseline -0.022 -8"><span class='ocrx_word' id='word_1_27' title='bbox 227 650 414 740; x_wconf 73' lang='lat' dir='ltr'><strong>neficii</strong></span> <span class='ocrx_word' id='word_1_28' title='bbox 447 650 764 748; x_wconf 80' lang='lat' dir='ltr'><strong>largitorem</strong></span> <span class='ocrx_word' id='word_1_29' title='bbox 800 650 1050 728; x_wconf 81' lang='lat' dir='ltr'><strong>honoret.</strong></span> <span class='ocrx_word' id='word_1_30' title='bbox 1087 663 1245 720; x_wconf 89' lang='lat' dir='ltr'><strong>Tunc</strong></span> <span class='ocrx_word' id='word_1_31' title='bbox 1262 675 1392 716; x_wconf 91' lang='lat' dir='ltr'><strong>vero</strong></span> <span class='ocrx_word' id='word_1_32' title='bbox 1427 659 1697 748; x_wconf 80' lang='lat' dir='ltr'><strong>honorare</strong></span> <span class='ocrx_word' id='word_1_33' title='bbox 1727 650 1817 708; x_wconf 82' lang='lat' dir='ltr'><strong>Al-</strong></span> 
     </span>
    </p>
   </div>
   <div class='ocr_carea' id='block_1_7' title="bbox 227 745 1818 836">
    <p class='ocr_par' dir='ltr' id='par_1_7' title="bbox 227 745 1818 836">
     <span class='ocr_line' id='line_1_7' title="bbox 227 745 1818 836; baseline -0.02 -5"><span class='ocrx_word' id='word_1_34' title='bbox 227 773 503 831; x_wconf 82' lang='lat' dir='ltr'><strong>tissimum</strong></span> <span class='ocrx_word' id='word_1_35' title='bbox 537 745 723 825; x_wconf 76' lang='lat' dir='ltr'><strong>bonus</strong></span> <span class='ocrx_word' id='word_1_36' title='bbox 755 763 1008 836; x_wconf 82' lang='lat' dir='ltr'><strong>princeps</strong></span> <span class='ocrx_word' id='word_1_37' title='bbox 1048 753 1412 828; x_wconf 87' lang='lat' dir='ltr'><strong>cognoscitur,</strong></span> <span class='ocrx_word' id='word_1_38' title='bbox 1448 764 1571 806; x_wconf 90' lang='lat' dir='ltr'><strong>eum</strong></span> <span class='ocrx_word' id='word_1_39' title='bbox 1601 745 1818 801; x_wconf 91' lang='lat' dir='ltr'><strong>illorum</strong></span> 
     </span>
    </p>
   </div>
   <div class='ocr_carea' id='block_1_8' title="bbox 225 836 1820 934">
    <p class='ocr_par' dir='ltr' id='par_1_8' title="bbox 225 836 1820 934">
     <span class='ocr_line' id='line_1_8' title="bbox 225 836 1820 934; baseline -0.016 -17"><span class='ocrx_word' id='word_1_40' title='bbox 225 865 323 934; x_wconf 87' lang='lat' dir='ltr'><strong>qui</strong></span> <span class='ocrx_word' id='word_1_41' title='bbox 345 863 600 918; x_wconf 92' lang='lat' dir='ltr'><strong>laborant</strong></span> <span class='ocrx_word' id='word_1_42' title='bbox 626 859 682 914; x_wconf 88' lang='lat' dir='ltr'><strong>in</strong></span> <span class='ocrx_word' id='word_1_43' title='bbox 707 870 838 928; x_wconf 83' lang='lat' dir='ltr'><strong>agro</strong></span> <span class='ocrx_word' id='word_1_44' title='bbox 857 851 1160 915; x_wconf 82' lang='lat' dir='ltr'><strong>Dominico,</strong></span> <span class='ocrx_word' id='word_1_45' title='bbox 1185 855 1443 915; x_wconf 89' lang='lat' dir='ltr'><strong>tanquam</strong></span> <span class='ocrx_word' id='word_1_46' title='bbox 1470 839 1648 934; x_wconf 80' lang='lat' dir='ltr'><strong>magni</strong></span> <span class='ocrx_word' id='word_1_47' title='bbox 1677 836 1820 909; x_wconf 89' lang='lat' dir='ltr'><strong>regis</strong></span> 
     </span>
    </p>
   </div>
   <div class='ocr_carea' id='block_1_9' title="bbox 225 932 1819 1026">
    <p class='ocr_par' dir='ltr' id='par_1_9' title="bbox 225 932 1819 1026">
     <span class='ocr_line' id='line_1_9' title="bbox 225 932 1819 1026; baseline -0.016 -15"><span class='ocrx_word' id='word_1_48' title='bbox 225 932 596 1026; x_wconf 82' lang='lat' dir='ltr'><strong>dispensator,</strong></span> <span class='ocrx_word' id='word_1_49' title='bbox 640 948 857 1019; x_wconf 77' lang='lat' dir='ltr'><strong>adiutor</strong></span> <span class='ocrx_word' id='word_1_50' title='bbox 896 953 953 1004; x_wconf 91' lang='lat' dir='ltr'><strong>et</strong></span> <span class='ocrx_word' id='word_1_51' title='bbox 996 948 1268 1016; x_wconf 75' lang='lat' dir='ltr'><strong>protector</strong></span> <span class='ocrx_word' id='word_1_52' title='bbox 1301 935 1552 998; x_wconf 78' lang='lat' dir='ltr'><strong>efﬁcitur.</strong></span> <span class='ocrx_word' id='word_1_53' title='bbox 1598 932 1819 1026; x_wconf 87' lang='lat' dir='ltr'><strong>Certum</strong></span> 
     </span>
    </p>
   </div>
   <div class='ocr_carea' id='block_1_10' title="bbox 228 1025 1821 1117">
    <p class='ocr_par' dir='ltr' id='par_1_10' title="bbox 228 1025 1821 1117">
     <span class='ocr_line' id='line_1_10' title="bbox 228 1025 1821 1117; baseline -0.016 -14"><span class='ocrx_word' id='word_1_54' title='bbox 228 1025 469 1117; x_wconf 85' lang='lat' dir='ltr'><strong>namque</strong></span> <span class='ocrx_word' id='word_1_55' title='bbox 515 1053 601 1102; x_wconf 87' lang='lat' dir='ltr'><strong>est</strong></span> <span class='ocrx_word' id='word_1_56' title='bbox 652 1041 798 1114; x_wconf 91' lang='lat' dir='ltr'><strong>quod</strong></span> <span class='ocrx_word' id='word_1_57' title='bbox 851 1046 1003 1098; x_wconf 88' lang='lat' dir='ltr'><strong>tanto</strong></span> <span class='ocrx_word' id='word_1_58' title='bbox 1048 1033 1317 1116; x_wconf 88' lang='lat' dir='ltr'><strong>propitius</strong></span> <span class='ocrx_word' id='word_1_59' title='bbox 1365 1044 1559 1085; x_wconf 82' lang='lat' dir='ltr'><strong>causas</strong></span> <span class='ocrx_word' id='word_1_60' title='bbox 1617 1025 1821 1082; x_wconf 90' lang='lat' dir='ltr'><strong>terreni</strong></span> 
     </span>
    </p>
   </div>
   <div class='ocr_carea' id='block_1_11' title="bbox 227 1123 1842 1210">
    <p class='ocr_par' dir='ltr' id='par_1_11' title="bbox 227 1123 1842 1210">
     <span class='ocr_line' id='line_1_11' title="bbox 227 1123 1842 1210; baseline -0.015 -15"><span class='ocrx_word' id='word_1_61' title='bbox 227 1138 491 1210; x_wconf 84' lang='lat' dir='ltr'><strong>principis</strong></span> <span class='ocrx_word' id='word_1_62' title='bbox 528 1134 878 1204; x_wconf 76' lang='lat' dir='ltr'><strong>Omnipotens</strong></span> <span class='ocrx_word' id='word_1_63' title='bbox 915 1145 1018 1188; x_wconf 88' lang='lat' dir='ltr'><strong>sua</strong></span> <span class='ocrx_word' id='word_1_64' title='bbox 1058 1129 1258 1199; x_wconf 75' lang='lat' dir='ltr'><strong>pietate</strong></span> <span class='ocrx_word' id='word_1_65' title='bbox 1296 1123 1577 1193; x_wconf 86' lang='lat' dir='ltr'><strong>disponet,</strong></span> <span class='ocrx_word' id='word_1_66' title='bbox 1616 1127 1842 1190; x_wconf 11' lang='lat' dir='ltr'><strong>quanto,</strong></span> 
     </span>
    </p>
   </div>
   <div class='ocr_carea' id='block_1_12' title="bbox 227 1211 1822 1295">
    <p class='ocr_par' dir='ltr' id='par_1_12' title="bbox 227 1211 1822 1295">
     <span class='ocr_line' id='line_1_12' title="bbox 227 1211 1822 1295; baseline -0.013 -10"><span class='ocrx_word' id='word_1_67' title='bbox 227 1229 302 1284; x_wconf 85' lang='lat' dir='ltr'><strong>de</strong></span> <span class='ocrx_word' id='word_1_68' title='bbox 342 1245 462 1295; x_wconf 83' lang='lat' dir='ltr'><strong>sua,</strong></span> <span class='ocrx_word' id='word_1_69' title='bbox 488 1233 694 1288; x_wconf 68' lang='lat' dir='ltr'><strong>sanctae.</strong></span> <span class='ocrx_word' id='word_1_70' title='bbox 716 1224 967 1284; x_wconf 70' lang='lat' dir='ltr'><strong>videlicet</strong></span> <span class='ocrx_word' id='word_1_71' title='bbox 991 1219 1270 1282; x_wconf 81' lang='lat' dir='ltr'><strong>Ecclesiae,</strong></span> <span class='ocrx_word' id='word_1_72' title='bbox 1297 1232 1462 1274; x_wconf 86' lang='lat' dir='ltr'><strong>causa</strong></span> <span class='ocrx_word' id='word_1_73' title='bbox 1496 1215 1648 1268; x_wconf 91' lang='lat' dir='ltr'><strong>illum</strong></span> <span class='ocrx_word' id='word_1_74' title='bbox 1674 1211 1822 1267; x_wconf 90' lang='lat' dir='ltr'><strong>solli-</strong></span> 
     </span>
    </p>
   </div>
   <div class='ocr_carea' id='block_1_13' title="bbox 230 1304 1824 1386">
    <p class='ocr_par' dir='ltr' id='par_1_13' title="bbox 230 1304 1824 1386">
     <span class='ocr_line' id='line_1_13' title="bbox 230 1304 1824 1386; baseline -0.013 -11"><span class='ocrx_word' id='word_1_75' title='bbox 230 1320 405 1376; x_wconf 90' lang='lat' dir='ltr'><strong>citum</strong></span> <span class='ocrx_word' id='word_1_76' title='bbox 445 1333 567 1384; x_wconf 79' lang='lat' dir='ltr'><strong>esse</strong></span> <span class='ocrx_word' id='word_1_77' title='bbox 605 1316 819 1374; x_wconf 84' lang='lat' dir='ltr'><strong>viderit.</strong></span> <span class='ocrx_word' id='word_1_78' title='bbox 849 1316 1048 1386; x_wconf 85' lang='lat' dir='ltr'><strong>Itaque</strong></span> <span class='ocrx_word' id='word_1_79' title='bbox 1076 1310 1334 1382; x_wconf 82' lang='lat' dir='ltr'><strong>providus</strong></span> <span class='ocrx_word' id='word_1_80' title='bbox 1376 1315 1558 1366; x_wconf 81' lang='lat' dir='ltr'><strong>rector</strong></span> <span class='ocrx_word' id='word_1_81' title='bbox 1604 1304 1824 1360; x_wconf 81' lang='lat' dir='ltr'><strong>studeat</strong></span> 
     </span>
    </p>
   </div>
   <div class='ocr_carea' id='block_1_14' title="bbox 232 1397 1823 1480">
    <p class='ocr_par' dir='ltr' id='par_1_14' title="bbox 232 1397 1823 1480">
     <span class='ocr_line' id='line_1_14' title="bbox 232 1397 1823 1480; baseline -0.01 -16"><span class='ocrx_word' id='word_1_82' title='bbox 232 1409 418 1470; x_wconf 81' lang='lat' dir='ltr'><strong>facere</strong></span> <span class='ocrx_word' id='word_1_83' title='bbox 447 1425 568 1480; x_wconf 77' lang='lat' dir='ltr'><strong>quae</strong></span> <span class='ocrx_word' id='word_1_84' title='bbox 603 1408 717 1466; x_wconf 87' lang='lat' dir='ltr'><strong>Deo</strong></span> <span class='ocrx_word' id='word_1_85' title='bbox 759 1415 886 1464; x_wconf 88' lang='lat' dir='ltr'><strong>sunt</strong></span> <span class='ocrx_word' id='word_1_86' title='bbox 921 1403 1276 1474; x_wconf 85' lang='lat' dir='ltr'><strong>beneplaeita,</strong></span> <span class='ocrx_word' id='word_1_87' title='bbox 1320 1401 1366 1456; x_wconf 88' lang='lat' dir='ltr'><strong>si</strong></span> <span class='ocrx_word' id='word_1_88' title='bbox 1397 1400 1510 1470; x_wconf 87' lang='lat' dir='ltr'><strong>ipse</strong></span> <span class='ocrx_word' id='word_1_89' title='bbox 1553 1397 1823 1454; x_wconf 80' lang='lat' dir='ltr'><strong>desiderat</strong></span> 
     </span>
    </p>
   </div>
   <div class='ocr_carea' id='block_1_15' title="bbox 230 1489 1818 1568">
    <p class='ocr_par' dir='ltr' id='par_1_15' title="bbox 230 1489 1818 1568">
     <span class='ocr_line' id='line_1_15' title="bbox 230 1489 1818 1568; baseline -0.01 -10"><span class='ocrx_word' id='word_1_90' title='bbox 230 1510 298 1559; x_wconf 89' lang='lat' dir='ltr'><strong>ut</strong></span> <span class='ocrx_word' id='word_1_91' title='bbox 329 1501 470 1560; x_wconf 89' lang='lat' dir='ltr'><strong>Deus</strong></span> <span class='ocrx_word' id='word_1_92' title='bbox 509 1499 678 1558; x_wconf 70' lang='lat' dir='ltr'><strong>faciat</strong></span> <span class='ocrx_word' id='word_1_93' title='bbox 723 1514 844 1568; x_wconf 71' lang='lat' dir='ltr'><strong>qua:</strong></span> <span class='ocrx_word' id='word_1_94' title='bbox 887 1507 1014 1555; x_wconf 86' lang='lat' dir='ltr'><strong>sunt</strong></span> <span class='ocrx_word' id='word_1_95' title='bbox 1047 1495 1122 1551; x_wconf 89' lang='lat' dir='ltr'><strong>illi</strong></span> <span class='ocrx_word' id='word_1_96' title='bbox 1166 1507 1426 1565; x_wconf 85' lang='lat' dir='ltr'><strong>prospera</strong></span> <span class='ocrx_word' id='word_1_97' title='bbox 1469 1499 1525 1548; x_wconf 90' lang='lat' dir='ltr'><strong>et</strong></span> <span class='ocrx_word' id='word_1_98' title='bbox 1566 1489 1818 1562; x_wconf 86' lang='lat' dir='ltr'><strong>gloriosa.</strong></span> 
     </span>
    </p>
   </div>
   <div class='ocr_carea' id='block_1_16' title="bbox 231 1585 1825 1665">
    <p class='ocr_par' dir='ltr' id='par_1_16' title="bbox 231 1585 1825 1665">
     <span class='ocr_line' id='line_1_16' title="bbox 231 1585 1825 1665; baseline -0.009 -17"><span class='ocrx_word' id='word_1_99' title='bbox 231 1594 395 1663; x_wconf 82' lang='lat' dir='ltr'><strong>Isque</strong></span> <span class='ocrx_word' id='word_1_100' title='bbox 419 1592 670 1665; x_wconf 76' lang='lat' dir='ltr'><strong>diligenti</strong></span> <span class='ocrx_word' id='word_1_101' title='bbox 693 1606 824 1648; x_wconf 90' lang='lat' dir='ltr'><strong>cura</strong></span> <span class='ocrx_word' id='word_1_102' title='bbox 851 1589 1082 1646; x_wconf 83' lang='lat' dir='ltr'><strong>solerter</strong></span> <span class='ocrx_word' id='word_1_103' title='bbox 1106 1585 1387 1656; x_wconf 84' lang='lat' dir='ltr'><strong>provideat</strong></span> <span class='ocrx_word' id='word_1_104' title='bbox 1408 1592 1674 1654; x_wconf 84' lang='lat' dir='ltr'><strong>quatenus</strong></span> <span class='ocrx_word' id='word_1_105' title='bbox 1699 1595 1825 1652; x_wconf 81' lang='lat' dir='ltr'><strong>syn-</strong></span> 
     </span>
    </p>
   </div>
   <div class='ocr_carea' id='block_1_17' title="bbox 231 1670 1823 1754">
    <p class='ocr_par' dir='ltr' id='par_1_17' title="bbox 231 1670 1823 1754">
     <span class='ocr_line' id='line_1_17' title="bbox 231 1670 1823 1754; baseline -0.01 -14"><span class='ocrx_word' id='word_1_106' title='bbox 231 1685 421 1740; x_wconf 85' lang='lat' dir='ltr'><strong>odales</strong></span> <span class='ocrx_word' id='word_1_107' title='bbox 446 1691 744 1740; x_wconf 88' lang='lat' dir='ltr'><strong>conventus</strong></span> <span class='ocrx_word' id='word_1_108' title='bbox 788 1697 886 1754; x_wconf 89' lang='lat' dir='ltr'><strong>per</strong></span> <span class='ocrx_word' id='word_1_109' title='bbox 907 1678 1144 1750; x_wconf 89' lang='lat' dir='ltr'><strong>singulos</strong></span> <span class='ocrx_word' id='word_1_110' title='bbox 1164 1691 1335 1732; x_wconf 86' lang='lat' dir='ltr'><strong>annos</strong></span> <span class='ocrx_word' id='word_1_111' title='bbox 1357 1675 1440 1731; x_wconf 91' lang='lat' dir='ltr'><strong>bis</strong></span> <span class='ocrx_word' id='word_1_112' title='bbox 1464 1673 1551 1728; x_wconf 88' lang='lat' dir='ltr'><strong>vel</strong></span> <span class='ocrx_word' id='word_1_113' title='bbox 1578 1682 1661 1730; x_wconf 91' lang='lat' dir='ltr'><strong>ter</strong></span> <span class='ocrx_word' id='word_1_114' title='bbox 1705 1670 1823 1724; x_wconf 88' lang='lat' dir='ltr'><strong>ﬁeri</strong></span> 
     </span>
    </p>
   </div>
   <div class='ocr_carea' id='block_1_18' title="bbox 230 1764 1832 1848">
    <p class='ocr_par' dir='ltr' id='par_1_18' title="bbox 230 1764 1832 1848">
     <span class='ocr_line' id='line_1_18' title="bbox 230 1764 1832 1848; baseline -0.006 -16"><span class='ocrx_word' id='word_1_115' title='bbox 230 1776 438 1848; x_wconf 77' lang='lat' dir='ltr'><strong>iubeat,</strong></span> <span class='ocrx_word' id='word_1_116' title='bbox 464 1783 526 1832; x_wconf 91' lang='lat' dir='ltr'><strong>ut</strong></span> <span class='ocrx_word' id='word_1_117' title='bbox 553 1774 696 1846; x_wconf 91' lang='lat' dir='ltr'><strong>quod</strong></span> <span class='ocrx_word' id='word_1_118' title='bbox 728 1773 796 1830; x_wconf 87' lang='lat' dir='ltr'><strong>ad</strong></span> <span class='ocrx_word' id='word_1_119' title='bbox 826 1787 1016 1834; x_wconf 81' lang='lat' dir='ltr'><strong>verum</strong></span> <span class='ocrx_word' id='word_1_120' title='bbox 1043 1770 1139 1826; x_wconf 88' lang='lat' dir='ltr'><strong>Dei</strong></span> <span class='ocrx_word' id='word_1_121' title='bbox 1166 1769 1369 1824; x_wconf 87' lang='lat' dir='ltr'><strong>cultum</strong></span> <span class='ocrx_word' id='word_1_122' title='bbox 1397 1767 1654 1838; x_wconf 89' lang='lat' dir='ltr'><strong>pertinet,</strong></span> <span class='ocrx_word' id='word_1_123' title='bbox 1681 1764 1832 1836; x_wconf 81' lang='lat' dir='ltr'><strong>quod</strong></span> 
     </span>
    </p>
   </div>
   <div class='ocr_carea' id='block_1_19' title="bbox 1919 543 3504 624">
    <p class='ocr_par' dir='ltr' id='par_1_19' title="bbox 1919 543 3504 624">
     <span class='ocr_line' id='line_1_19' title="bbox 1919 543 3504 624; baseline -0.011 -9"><span class='ocrx_word' id='word_1_124' title='bbox 1919 569 2047 615; x_wconf 90' lang='lat' dir='ltr'><strong>sunt</strong></span> <span class='ocrx_word' id='word_1_125' title='bbox 2074 573 2204 613; x_wconf 87' lang='lat' dir='ltr'><strong>vera</strong></span> <span class='ocrx_word' id='word_1_126' title='bbox 2233 564 2290 613; x_wconf 84' lang='lat' dir='ltr'><strong>et</strong></span> <span class='ocrx_word' id='word_1_127' title='bbox 2325 554 2469 624; x_wconf 84' lang='lat' dir='ltr'><strong>iusta</strong></span> <span class='ocrx_word' id='word_1_128' title='bbox 2494 553 2770 608; x_wconf 87' lang='lat' dir='ltr'><strong>adhibeat.</strong></span> <span class='ocrx_word' id='word_1_129' title='bbox 2810 549 2917 605; x_wconf 86' lang='lat' dir='ltr'><strong>Per</strong></span> <span class='ocrx_word' id='word_1_130' title='bbox 2940 563 3000 604; x_wconf 89' lang='lat' dir='ltr'><strong>se</strong></span> <span class='ocrx_word' id='word_1_131' title='bbox 3025 561 3154 603; x_wconf 89' lang='lat' dir='ltr'><strong>vero</strong></span> <span class='ocrx_word' id='word_1_132' title='bbox 3197 543 3504 600; x_wconf 83' lang='lat' dir='ltr'><strong>nullatenus</strong></span> 
     </span>
    </p>
   </div>
   <div class='ocr_carea' id='block_1_20' title="bbox 1920 636 3511 719">
    <p class='ocr_par' dir='ltr' id='par_1_20' title="bbox 1920 636 3511 719">
     <span class='ocr_line' id='line_1_20' title="bbox 1920 636 3511 719; baseline -0.011 -13"><span class='ocrx_word' id='word_1_133' title='bbox 1920 651 1988 706; x_wconf 91' lang='lat' dir='ltr'><strong>de</strong></span> <span class='ocrx_word' id='word_1_134' title='bbox 2019 650 2219 705; x_wconf 83' lang='lat' dir='ltr'><strong>talibus</strong></span> <span class='ocrx_word' id='word_1_135' title='bbox 2241 646 2613 719; x_wconf 65' lang='lat' dir='ltr'><strong>prmjudicium</strong></span> <span class='ocrx_word' id='word_1_136' title='bbox 2640 643 2826 708; x_wconf 84' lang='lat' dir='ltr'><strong>faciat,</strong></span> <span class='ocrx_word' id='word_1_137' title='bbox 2854 657 2924 697; x_wconf 91' lang='lat' dir='ltr'><strong>ne</strong></span> <span class='ocrx_word' id='word_1_138' title='bbox 2953 639 3092 696; x_wconf 88' lang='lat' dir='ltr'><strong>forte</strong></span> <span class='ocrx_word' id='word_1_139' title='bbox 3121 636 3357 694; x_wconf 89' lang='lat' dir='ltr'><strong>errando</strong></span> <span class='ocrx_word' id='word_1_140' title='bbox 3383 642 3511 689; x_wconf 88' lang='lat' dir='ltr'><strong>ante</strong></span> 
     </span>
    </p>
   </div>
   <div class='ocr_carea' id='block_1_21' title="bbox 1921 725 3514 812">
    <p class='ocr_par' dir='ltr' id='par_1_21' title="bbox 1921 725 3514 812">
     <span class='ocr_line' id='line_1_21' title="bbox 1921 725 3514 812; baseline -0.01 -13"><span class='ocrx_word' id='word_1_141' title='bbox 1921 749 2272 812; x_wconf 89' lang='lat' dir='ltr'><strong>conspectum</strong></span> <span class='ocrx_word' id='word_1_142' title='bbox 2316 738 2528 797; x_wconf 88' lang='lat' dir='ltr'><strong>Domini</strong></span> <span class='ocrx_word' id='word_1_143' title='bbox 2575 735 2788 806; x_wconf 87' lang='lat' dir='ltr'><strong>culpam</strong></span> <span class='ocrx_word' id='word_1_144' title='bbox 2838 733 3075 804; x_wconf 80' lang='lat' dir='ltr'><strong>aliquam</strong></span> <span class='ocrx_word' id='word_1_145' title='bbox 3135 725 3514 785; x_wconf 83' lang='lat' dir='ltr'><strong>detestabilem</strong></span> 
     </span>
    </p>
   </div>
   <div class='ocr_carea' id='block_1_22' title="bbox 1921 824 2393 890">
    <p class='ocr_par' dir='ltr' id='par_1_22' title="bbox 1921 824 2393 890">
     <span class='ocr_line' id='line_1_22' title="bbox 1921 824 2393 890; baseline -0.011 0"><span class='ocrx_word' id='word_1_146' title='bbox 1921 834 2186 890; x_wconf 89' lang='lat' dir='ltr'><strong>incurrat.</strong></span> <span class='ocrx_word' id='word_1_147' title='bbox 2391 824 2393 827; x_wconf 71' lang='grc'><strong>’</strong></span> 
     </span>
    </p>
   </div>
   <div class='ocr_carea' id='block_1_23' title="bbox 1992 912 3508 983">
    <p class='ocr_par' dir='ltr' id='par_1_23' title="bbox 1992 912 3508 983">
     <span class='ocr_line' id='line_1_23' title="bbox 1992 912 3508 983; baseline -0.011 -1"><span class='ocrx_word' id='word_1_148' title='bbox 1992 925 2147 983; x_wconf 90' lang='lat' dir='ltr'><strong>Unde</strong></span> <span class='ocrx_word' id='word_1_149' title='bbox 2189 921 2513 979; x_wconf 82' lang='lat' dir='ltr'><strong>venerabilis</strong></span> <span class='ocrx_word' id='word_1_150' title='bbox 2558 919 2837 976; x_wconf 81' lang='lat' dir='ltr'><strong>memoriae</strong></span> <span class='ocrx_word' id='word_1_151' title='bbox 2883 915 3296 974; x_wconf 70' lang='lat' dir='ltr'><strong>Valentinianus</strong></span> <span class='ocrx_word' id='word_1_152' title='bbox 3329 912 3508 980; x_wconf 88' lang='lat' dir='ltr'><strong>impe-</strong></span> 
     </span>
    </p>
   </div>
   <div class='ocr_carea' id='block_1_24' title="bbox 1923 1013 3512 1085">
    <p class='ocr_par' dir='ltr' id='par_1_24' title="bbox 1923 1013 3512 1085">
     <span class='ocr_line' id='line_1_24' title="bbox 1923 1013 3512 1085; baseline -0.01 -9"><span class='ocrx_word' id='word_1_153' title='bbox 1923 1027 2071 1076; x_wconf 90' lang='lat' dir='ltr'><strong>rator</strong></span> <span class='ocrx_word' id='word_1_154' title='bbox 2113 1033 2238 1073; x_wconf 90' lang='lat' dir='ltr'><strong>cum</strong></span> <span class='ocrx_word' id='word_1_155' title='bbox 2289 1032 2321 1071; x_wconf 90' lang='lat' dir='ltr'><strong>a</strong></span> <span class='ocrx_word' id='word_1_156' title='bbox 2363 1015 2568 1072; x_wconf 85' lang='lat' dir='ltr'><strong>sanctis</strong></span> <span class='ocrx_word' id='word_1_157' title='bbox 2613 1013 2883 1085; x_wconf 81' lang='lat' dir='ltr'><strong>episcOpis</strong></span> <span class='ocrx_word' id='word_1_158' title='bbox 2915 1017 3198 1083; x_wconf 78' lang='lat' dir='ltr'><strong>rogaretur</strong></span> <span class='ocrx_word' id='word_1_159' title='bbox 3243 1014 3512 1078; x_wconf 84' lang='lat' dir='ltr'><strong>quatenus</strong></span> 
     </span>
    </p>
   </div>
   <div class='ocr_carea' id='block_1_25' title="bbox 1923 1098 3517 1182">
    <p class='ocr_par' dir='ltr' id='par_1_25' title="bbox 1923 1098 3517 1182">
     <span class='ocr_line' id='line_1_25' title="bbox 1923 1098 3517 1182; baseline -0.009 -16"><span class='ocrx_word' id='word_1_160' title='bbox 1923 1111 2236 1182; x_wconf 81' lang='lat' dir='ltr'><strong>dignaretur</strong></span> <span class='ocrx_word' id='word_1_161' title='bbox 2276 1108 2344 1163; x_wconf 92' lang='lat' dir='ltr'><strong>ad</strong></span> <span class='ocrx_word' id='word_1_162' title='bbox 2371 1106 2807 1163; x_wconf 86' lang='lat' dir='ltr'><strong>emendationem</strong></span> <span class='ocrx_word' id='word_1_163' title='bbox 2845 1104 2989 1160; x_wconf 90' lang='lat' dir='ltr'><strong>sacri</strong></span> <span class='ocrx_word' id='word_1_164' title='bbox 3032 1100 3302 1172; x_wconf 82' lang='lat' dir='ltr'><strong>dogmatis</strong></span> <span class='ocrx_word' id='word_1_165' title='bbox 3346 1098 3517 1153; x_wconf 88' lang='lat' dir='ltr'><strong>inter-</strong></span> 
     </span>
    </p>
   </div>
   <div class='ocr_carea' id='block_1_26' title="bbox 1924 1188 3516 1270">
    <p class='ocr_par' dir='ltr' id='par_1_26' title="bbox 1924 1188 3516 1270">
     <span class='ocr_line' id='line_1_26' title="bbox 1924 1188 3516 1270; baseline -0.009 -11"><span class='ocrx_word' id='word_1_166' title='bbox 1924 1217 2067 1268; x_wconf 89' lang='lat' dir='ltr'><strong>esse,</strong></span> <span class='ocrx_word' id='word_1_167' title='bbox 2097 1201 2248 1264; x_wconf 84' lang='lat' dir='ltr'><strong>Mihi.</strong></span> <span class='ocrx_word' id='word_1_168' title='bbox 2277 1199 2476 1270; x_wconf 87' lang='lat' dir='ltr'><strong>inquit,</strong></span> <span class='ocrx_word' id='word_1_169' title='bbox 2504 1215 2626 1255; x_wconf 89' lang='lat' dir='ltr'><strong>cum</strong></span> <span class='ocrx_word' id='word_1_170' title='bbox 2661 1198 2918 1254; x_wconf 82' lang='lat' dir='ltr'><strong>minimus</strong></span> <span class='ocrx_word' id='word_1_171' title='bbox 2943 1196 3011 1252; x_wconf 88' lang='lat' dir='ltr'><strong>de</strong></span> <span class='ocrx_word' id='word_1_172' title='bbox 3040 1193 3239 1267; x_wconf 90' lang='lat' dir='ltr'><strong>populo</strong></span> <span class='ocrx_word' id='word_1_173' title='bbox 3278 1193 3402 1257; x_wconf 88' lang='lat' dir='ltr'><strong>sim,</strong></span> <span class='ocrx_word' id='word_1_174' title='bbox 3431 1188 3516 1245; x_wconf 86' lang='lat' dir='ltr'><strong>fas</strong></span> 
     </span>
    </p>
   </div>
   <div class='ocr_carea' id='block_1_27' title="bbox 1923 1273 3517 1360">
    <p class='ocr_par' dir='ltr' id='par_1_27' title="bbox 1923 1273 3517 1360">
     <span class='ocr_line' id='line_1_27' title="bbox 1923 1273 3517 1360; baseline -0.008 -13"><span class='ocrx_word' id='word_1_175' title='bbox 1923 1307 2032 1347; x_wconf 90' lang='lat' dir='ltr'><strong>non</strong></span> <span class='ocrx_word' id='word_1_176' title='bbox 2055 1299 2136 1347; x_wconf 90' lang='lat' dir='ltr'><strong>est</strong></span> <span class='ocrx_word' id='word_1_177' title='bbox 2165 1291 2294 1345; x_wconf 90' lang='lat' dir='ltr'><strong>talia</strong></span> <span class='ocrx_word' id='word_1_178' title='bbox 2332 1273 2695 1360; x_wconf 82' lang='lat' dir='ltr'><strong>perscrutari;</strong></span> <span class='ocrx_word' id='word_1_179' title='bbox 2737 1304 2925 1344; x_wconf 88' lang='lat' dir='ltr'><strong>verum</strong></span> <span class='ocrx_word' id='word_1_180' title='bbox 2954 1287 3287 1350; x_wconf 83' lang='lat' dir='ltr'><strong>sacerdotes,</strong></span> <span class='ocrx_word' id='word_1_181' title='bbox 3315 1281 3517 1354; x_wconf 83' lang='lat' dir='ltr'><strong>quibus</strong></span> 
     </span>
    </p>
   </div>
   <div class='ocr_carea' id='block_1_28' title="bbox 1925 1374 3513 1453">
    <p class='ocr_par' dir='ltr' id='par_1_28' title="bbox 1925 1374 3513 1453">
     <span class='ocr_line' id='line_1_28' title="bbox 1925 1374 3513 1453; baseline -0.008 -13"><span class='ocrx_word' id='word_1_182' title='bbox 1925 1385 2042 1440; x_wconf 65' lang='lat' dir='ltr'><strong>haec</strong></span> <span class='ocrx_word' id='word_1_183' title='bbox 2066 1400 2196 1440; x_wconf 90' lang='lat' dir='ltr'><strong>cura</strong></span> <span class='ocrx_word' id='word_1_184' title='bbox 2223 1392 2326 1450; x_wconf 90' lang='lat' dir='ltr'><strong>est,</strong></span> <span class='ocrx_word' id='word_1_185' title='bbox 2352 1384 2494 1453; x_wconf 90' lang='lat' dir='ltr'><strong>apud</strong></span> <span class='ocrx_word' id='word_1_186' title='bbox 2528 1382 2850 1452; x_wconf 87' lang='lat' dir='ltr'><strong>semetipsos</strong></span> <span class='ocrx_word' id='word_1_187' title='bbox 2879 1385 3280 1450; x_wconf 80' lang='lat' dir='ltr'><strong>congregemur</strong></span> <span class='ocrx_word' id='word_1_188' title='bbox 3301 1374 3392 1430; x_wconf 86' lang='lat' dir='ltr'><strong>ubi</strong></span> <span class='ocrx_word' id='word_1_189' title='bbox 3423 1388 3513 1429; x_wconf 80' lang='lat' dir='ltr'><strong>vo-</strong></span> 
     </span>
    </p>
   </div>
   <div class='ocr_carea' id='block_1_29' title="bbox 1925 1469 3519 1546">
    <p class='ocr_par' dir='ltr' id='par_1_29' title="bbox 1925 1469 3519 1546">
     <span class='ocr_line' id='line_1_29' title="bbox 1925 1469 3519 1546; baseline -0.004 -15"><span class='ocrx_word' id='word_1_190' title='bbox 1925 1477 2144 1532; x_wconf 88' lang='lat' dir='ltr'><strong>luerint.</strong></span> <span class='ocrx_word' id='word_1_191' title='bbox 2188 1477 2256 1531; x_wconf 88' lang='lat' dir='ltr'><strong>Et</strong></span> <span class='ocrx_word' id='word_1_192' title='bbox 2279 1478 2396 1532; x_wconf 86' lang='lat' dir='ltr'><strong>haec</strong></span> <span class='ocrx_word' id='word_1_193' title='bbox 2421 1475 2641 1546; x_wconf 89' lang='lat' dir='ltr'><strong>quidem</strong></span> <span class='ocrx_word' id='word_1_194' title='bbox 2681 1469 2895 1531; x_wconf 87' lang='lat' dir='ltr'><strong>dicebat</strong></span> <span class='ocrx_word' id='word_1_195' title='bbox 2923 1476 3222 1544; x_wconf 89' lang='lat' dir='ltr'><strong>imperator</strong></span> <span class='ocrx_word' id='word_1_196' title='bbox 3256 1479 3367 1526; x_wconf 90' lang='lat' dir='ltr'><strong>tam</strong></span> <span class='ocrx_word' id='word_1_197' title='bbox 3406 1469 3519 1525; x_wconf 92' lang='lat' dir='ltr'><strong>vir-</strong></span> 
     </span>
    </p>
   </div>
   <div class='ocr_carea' id='block_1_30' title="bbox 1927 1563 3521 1648">
    <p class='ocr_par' dir='ltr' id='par_1_30' title="bbox 1927 1563 3521 1648">
     <span class='ocr_line' id='line_1_30' title="bbox 1927 1563 3521 1648; baseline -0.004 -24"><span class='ocrx_word' id='word_1_198' title='bbox 1927 1578 2042 1626; x_wconf 87' lang='lat' dir='ltr'><strong>tute</strong></span> <span class='ocrx_word' id='word_1_199' title='bbox 2090 1569 2409 1626; x_wconf 85' lang='lat' dir='ltr'><strong>humilitatis</strong></span> <span class='ocrx_word' id='word_1_200' title='bbox 2460 1569 2719 1648; x_wconf 66' lang='lat' dir='ltr'><strong>prazditus</strong></span> <span class='ocrx_word' id='word_1_201' title='bbox 2780 1584 2943 1624; x_wconf 81' lang='lat' dir='ltr'><strong>uuam</strong></span> <span class='ocrx_word' id='word_1_202' title='bbox 2981 1568 3077 1622; x_wconf 89' lang='lat' dir='ltr'><strong>Dei</strong></span> <span class='ocrx_word' id='word_1_203' title='bbox 3107 1568 3303 1622; x_wconf 85' lang='lat' dir='ltr'><strong>timore</strong></span> <span class='ocrx_word' id='word_1_204' title='bbox 3339 1563 3521 1618; x_wconf 91' lang='lat' dir='ltr'><strong>muni-</strong></span> 
     </span>
    </p>
   </div>
   <div class='ocr_carea' id='block_1_31' title="bbox 1927 1655 3522 1728">
    <p class='ocr_par' dir='ltr' id='par_1_31' title="bbox 1927 1655 3522 1728">
     <span class='ocr_line' id='line_1_31' title="bbox 1927 1655 3522 1728; baseline -0.004 -12"><span class='ocrx_word' id='word_1_205' title='bbox 1927 1669 2036 1727; x_wconf 93' lang='lat' dir='ltr'><strong>tus,</strong></span> <span class='ocrx_word' id='word_1_206' title='bbox 2065 1677 2134 1716; x_wconf 90' lang='lat' dir='ltr'><strong>ne</strong></span> <span class='ocrx_word' id='word_1_207' title='bbox 2169 1660 2306 1717; x_wconf 85' lang='lat' dir='ltr'><strong>forte</strong></span> <span class='ocrx_word' id='word_1_208' title='bbox 2341 1659 2640 1716; x_wconf 73' lang='lat' dir='ltr'><strong>offenderet</strong></span> <span class='ocrx_word' id='word_1_209' title='bbox 2656 1660 2992 1716; x_wconf 79' lang='lat' dir='ltr'><strong>Altissrmum</strong></span> <span class='ocrx_word' id='word_1_210' title='bbox 3010 1662 3056 1716; x_wconf 90' lang='lat' dir='ltr'><strong>si</strong></span> <span class='ocrx_word' id='word_1_211' title='bbox 3072 1677 3224 1718; x_wconf 88' lang='lat' dir='ltr'><strong>suam</strong></span> <span class='ocrx_word' id='word_1_212' title='bbox 3239 1655 3522 1728; x_wconf 82' lang='lat' dir='ltr'><strong>propriam</strong></span> 
     </span>
    </p>
   </div>
   <div class='ocr_carea' id='block_1_32' title="bbox 1927 1746 3518 1824">
    <p class='ocr_par' dir='ltr' id='par_1_32' title="bbox 1927 1746 3518 1824">
     <span class='ocr_line' id='line_1_32' title="bbox 1927 1746 3518 1824; baseline -0.004 -17"><span class='ocrx_word' id='word_1_213' title='bbox 1927 1753 2255 1824; x_wconf 85' lang='lat' dir='ltr'><strong>praetulisset</strong></span> <span class='ocrx_word' id='word_1_214' title='bbox 2283 1752 2588 1824; x_wconf 89' lang='lat' dir='ltr'><strong>potioribus</strong></span> <span class='ocrx_word' id='word_1_215' title='bbox 2626 1750 2972 1807; x_wconf 87' lang='lat' dir='ltr'><strong>sententiam.</strong></span> <span class='ocrx_word' id='word_1_216' title='bbox 3012 1748 3128 1804; x_wconf 79' lang='lat' dir='ltr'><strong>Hoc</strong></span> <span class='ocrx_word' id='word_1_217' title='bbox 3155 1750 3332 1819; x_wconf 88' lang='lat' dir='ltr'><strong>ipsum</strong></span> <span class='ocrx_word' id='word_1_218' title='bbox 3367 1746 3518 1811; x_wconf 88' lang='lat' dir='ltr'><strong>fecit,</strong></span> 
     </span>
    </p>
   </div>
   <div class='ocr_carea' id='block_1_33' title="bbox 229 1841 3524 1936">
    <p class='ocr_par' dir='ltr' id='par_1_33' title="bbox 229 1841 3524 1936">
     <span class='ocr_line' id='line_1_33' title="bbox 229 1841 3524 1936; baseline -0.005 -13"><span class='ocrx_word' id='word_1_219' title='bbox 229 1841 306 1923; x_wconf 73' lang='lat' dir='ltr'><strong>ad</strong></span> <span class='ocrx_word' id='word_1_220' title='bbox 340 1841 693 1923; x_wconf 72' lang='lat' dir='ltr'><strong>ecclesiarum</strong></span> <span class='ocrx_word' id='word_1_221' title='bbox 729 1865 897 1936; x_wconf 84' lang='lat' dir='ltr'><strong>ipsius</strong></span> <span class='ocrx_word' id='word_1_222' title='bbox 941 1861 1325 1926; x_wconf 79' lang='lat' dir='ltr'><strong>reverentiam,</strong></span> <span class='ocrx_word' id='word_1_223' title='bbox 1368 1867 1424 1913; x_wconf 91' lang='lat' dir='ltr'><strong>et</strong></span> <span class='ocrx_word' id='word_1_224' title='bbox 1461 1859 1529 1913; x_wconf 90' lang='lat' dir='ltr'><strong>ad</strong></span> <span class='ocrx_word' id='word_1_225' title='bbox 1560 1859 1822 1912; x_wconf 89' lang='lat' dir='ltr'><strong>honorem</strong></span> <span class='ocrx_word' id='word_1_226' title='bbox 1849 1850 1902 1912; x_wconf 82' lang='lat' dir='ltr'><strong>B</strong></span> <span class='ocrx_word' id='word_1_227' title='bbox 1924 1852 1985 1936; x_wconf 56' lang='grc' dir='ltr'><strong>ιξῐ</strong></span> <span class='ocrx_word' id='word_1_228' title='bbox 2014 1845 2235 1913; x_wconf 65' lang='grc' dir='ltr'><strong>βτίεάίιὶ</strong></span> <span class='ocrx_word' id='word_1_229' title='bbox 2255 1886 2268 1910; x_wconf 69' lang='grc' dir='ltr'><strong>ν</strong></span> <span class='ocrx_word' id='word_1_230' title='bbox 2302 1844 2622 1918; x_wconf 78' lang='lat' dir='ltr'><strong>magniﬁcus</strong></span> <span class='ocrx_word' id='word_1_231' title='bbox 2655 1854 2712 1899; x_wconf 66' lang='lat' dir='ltr'><strong>ei</strong></span> <span class='ocrx_word' id='word_1_232' title='bbox 2751 1841 3186 1913; x_wconf 64' lang='grc' dir='ltr'><strong>εθρῖθηῑίεείιηυε</strong></span> <span class='ocrx_word' id='word_1_233' title='bbox 3223 1843 3524 1936; x_wconf 48' lang='lat' dir='ltr'><strong>imperim!“</strong></span> 
     </span>
    </p>
   </div>
   <div class='ocr_carea' id='block_1_34' title="bbox 231 1951 1824 2030">
    <p class='ocr_par' dir='ltr' id='par_1_34' title="bbox 231 1951 1824 2030">
     <span class='ocr_line' id='line_1_34' title="bbox 231 1951 1824 2030; baseline -0.007 -15"><span class='ocrx_word' id='word_1_234' title='bbox 231 1959 510 2030; x_wconf 85' lang='lat' dir='ltr'><strong>pertinere</strong></span> <span class='ocrx_word' id='word_1_235' title='bbox 549 1957 892 2030; x_wconf 86' lang='lat' dir='ltr'><strong>cognoscitur</strong></span> <span class='ocrx_word' id='word_1_236' title='bbox 935 1954 1300 2016; x_wconf 88' lang='lat' dir='ltr'><strong>sacerdotum,</strong></span> <span class='ocrx_word' id='word_1_237' title='bbox 1333 1951 1420 2006; x_wconf 91' lang='lat' dir='ltr'><strong>vel</strong></span> <span class='ocrx_word' id='word_1_238' title='bbox 1466 1952 1591 2021; x_wconf 89' lang='lat' dir='ltr'><strong>quid</strong></span> <span class='ocrx_word' id='word_1_239' title='bbox 1634 1959 1824 2006; x_wconf 85' lang='lat' dir='ltr'><strong>contra</strong></span> 
     </span>
    </p>
   </div>
   <div class='ocr_carea' id='block_1_35' title="bbox 231 2045 1824 2120">
    <p class='ocr_par' dir='ltr' id='par_1_35' title="bbox 231 2045 1824 2120">
     <span class='ocr_line' id='line_1_35' title="bbox 231 2045 1824 2120; baseline -0.006 -14"><span class='ocrx_word' id='word_1_240' title='bbox 231 2049 494 2118; x_wconf 86' lang='lat' dir='ltr'><strong>mandata</strong></span> <span class='ocrx_word' id='word_1_241' title='bbox 533 2046 749 2106; x_wconf 85' lang='lat' dir='ltr'><strong>Domini</strong></span> <span class='ocrx_word' id='word_1_242' title='bbox 780 2055 990 2120; x_wconf 85' lang='lat' dir='ltr'><strong>gestum</strong></span> <span class='ocrx_word' id='word_1_243' title='bbox 1018 2047 1108 2112; x_wconf 89' lang='lat' dir='ltr'><strong>sit,</strong></span> <span class='ocrx_word' id='word_1_244' title='bbox 1153 2046 1207 2101; x_wconf 90' lang='lat' dir='ltr'><strong>in</strong></span> <span class='ocrx_word' id='word_1_245' title='bbox 1242 2045 1362 2116; x_wconf 91' lang='lat' dir='ltr'><strong>ipso</strong></span> <span class='ocrx_word' id='word_1_246' title='bbox 1407 2045 1704 2098; x_wconf 89' lang='lat' dir='ltr'><strong>reverendo</strong></span> <span class='ocrx_word' id='word_1_247' title='bbox 1739 2052 1824 2097; x_wconf 86' lang='lat' dir='ltr'><strong>at-</strong></span> 
     </span>
    </p>
   </div>
   <div class='ocr_carea' id='block_1_36' title="bbox 230 2135 1826 2211">
    <p class='ocr_par' dir='ltr' id='par_1_36' title="bbox 230 2135 1826 2211">
     <span class='ocr_line' id='line_1_36' title="bbox 230 2135 1826 2211; baseline -0.004 -15"><span class='ocrx_word' id='word_1_248' title='bbox 230 2155 342 2211; x_wconf 89' lang='lat' dir='ltr'><strong>que</strong></span> <span class='ocrx_word' id='word_1_249' title='bbox 367 2139 628 2200; x_wconf 79' lang='lat' dir='ltr'><strong>unanimo</strong></span> <span class='ocrx_word' id='word_1_250' title='bbox 657 2139 978 2196; x_wconf 82' lang='lat' dir='ltr'><strong>discutiatur</strong></span> <span class='ocrx_word' id='word_1_251' title='bbox 1002 2144 1294 2201; x_wconf 84' lang='lat' dir='ltr'><strong>conventu,</strong></span> <span class='ocrx_word' id='word_1_252' title='bbox 1318 2145 1376 2192; x_wconf 91' lang='lat' dir='ltr'><strong>ut</strong></span> <span class='ocrx_word' id='word_1_253' title='bbox 1399 2136 1659 2206; x_wconf 85' lang='lat' dir='ltr'><strong>quidquid</strong></span> <span class='ocrx_word' id='word_1_254' title='bbox 1689 2135 1826 2190; x_wconf 87' lang='lat' dir='ltr'><strong>bene</strong></span> 
     </span>
    </p>
   </div>
   <div class='ocr_carea' id='block_1_37' title="bbox 229 2213 1826 2297">
    <p class='ocr_par' dir='ltr' id='par_1_37' title="bbox 229 2213 1826 2297">
     <span class='ocr_line' id='line_1_37' title="bbox 229 2213 1826 2297; baseline -0.004 -9"><span class='ocrx_word' id='word_1_255' title='bbox 229 2240 421 2288; x_wconf 87' lang='lat' dir='ltr'><strong>actum</strong></span> <span class='ocrx_word' id='word_1_256' title='bbox 466 2232 572 2297; x_wconf 86' lang='lat' dir='ltr'><strong>sit,</strong></span> <span class='ocrx_word' id='word_1_257' title='bbox 620 2230 1043 2295; x_wconf 85' lang='lat' dir='ltr'><strong>corroboretur;</strong></span> <span class='ocrx_word' id='word_1_258' title='bbox 1094 2227 1140 2282; x_wconf 87' lang='lat' dir='ltr'><strong>si</strong></span> <span class='ocrx_word' id='word_1_259' title='bbox 1180 2213 1306 2296; x_wconf 22' lang='lat' dir='ltr'><strong>qua.</strong></span> <span class='ocrx_word' id='word_1_260' title='bbox 1332 2242 1463 2282; x_wconf 92' lang='lat' dir='ltr'><strong>vero</strong></span> <span class='ocrx_word' id='word_1_261' title='bbox 1507 2233 1636 2281; x_wconf 90' lang='lat' dir='ltr'><strong>sunt</strong></span> <span class='ocrx_word' id='word_1_262' title='bbox 1687 2225 1826 2281; x_wconf 87' lang='lat' dir='ltr'><strong>male</strong></span> 
     </span>
    </p>
   </div>
   <div class='ocr_carea' id='block_1_38' title="bbox 227 2305 1825 2396">
    <p class='ocr_par' dir='ltr' id='par_1_38' title="bbox 227 2305 1825 2396">
     <span class='ocr_line' id='line_1_38' title="bbox 227 2305 1825 2396; baseline -0.003 -21"><span class='ocrx_word' id='word_1_263' title='bbox 227 2328 410 2392; x_wconf 88' lang='lat' dir='ltr'><strong>gesta,</strong></span> <span class='ocrx_word' id='word_1_264' title='bbox 454 2320 512 2376; x_wconf 86' lang='lat' dir='ltr'><strong>in</strong></span> <span class='ocrx_word' id='word_1_265' title='bbox 540 2320 739 2396; x_wconf 29' lang='lat' dir='ltr'><strong>melius,</strong></span> <span class='ocrx_word' id='word_1_266' title='bbox 769 2305 1131 2390; x_wconf 84' lang='lat' dir='ltr'><strong>corrigantur.</strong></span> <span class='ocrx_word' id='word_1_267' title='bbox 1165 2316 1268 2376; x_wconf 90' lang='lat' dir='ltr'><strong>Ubi</strong></span> <span class='ocrx_word' id='word_1_268' title='bbox 1317 2326 1372 2374; x_wconf 92' lang='lat' dir='ltr'><strong>et</strong></span> <span class='ocrx_word' id='word_1_269' title='bbox 1406 2318 1509 2388; x_wconf 88' lang='lat' dir='ltr'><strong>ipsi</strong></span> <span class='ocrx_word' id='word_1_270' title='bbox 1551 2317 1825 2388; x_wconf 73' lang='lat' dir='ltr'><strong>prazpositi</strong></span> 
     </span>
    </p>
   </div>
   <div class='ocr_carea' id='block_1_39' title="bbox 185 2405 1828 2487">
    <p class='ocr_par' dir='ltr' id='par_1_39' title="bbox 185 2405 1828 2487">
     <span class='ocr_line' id='line_1_39' title="bbox 185 2405 1828 2487; baseline -0.002 -19"><span class='ocrx_word' id='word_1_271' title='bbox 185 2405 192 2408; x_wconf 26' lang='lat'><em>‘</em></span> <span class='ocrx_word' id='word_1_272' title='bbox 229 2421 451 2486; x_wconf 80' lang='lat' dir='ltr'><strong>oportet</strong></span> <span class='ocrx_word' id='word_1_273' title='bbox 473 2421 537 2470; x_wconf 86' lang='lat' dir='ltr'><strong>ut</strong></span> <span class='ocrx_word' id='word_1_274' title='bbox 555 2413 945 2487; x_wconf 87' lang='lat' dir='ltr'><strong>investigentur</strong></span> <span class='ocrx_word' id='word_1_275' title='bbox 974 2410 1206 2481; x_wconf 88' lang='lat' dir='ltr'><strong>qualiter</strong></span> <span class='ocrx_word' id='word_1_276' title='bbox 1230 2411 1343 2466; x_wconf 87' lang='lat' dir='ltr'><strong>suis</strong></span> <span class='ocrx_word' id='word_1_277' title='bbox 1366 2410 1684 2466; x_wconf 88' lang='lat' dir='ltr'><strong>ministeriis</strong></span> <span class='ocrx_word' id='word_1_278' title='bbox 1707 2410 1828 2464; x_wconf 87' lang='lat' dir='ltr'><strong>fun-</strong></span> 
     </span>
    </p>
   </div>
   <div class='ocr_carea' id='block_1_40' title="bbox 232 2503 1828 2581">
    <p class='ocr_par' dir='ltr' id='par_1_40' title="bbox 232 2503 1828 2581">
     <span class='ocr_line' id='line_1_40' title="bbox 232 2503 1828 2581; baseline -0.004 -19"><span class='ocrx_word' id='word_1_279' title='bbox 232 2513 453 2581; x_wconf 84' lang='lat' dir='ltr'><strong>gantur,</strong></span> <span class='ocrx_word' id='word_1_280' title='bbox 499 2504 586 2562; x_wconf 86' lang='lat' dir='ltr'><strong>vel</strong></span> <span class='ocrx_word' id='word_1_281' title='bbox 620 2504 892 2577; x_wconf 82' lang='lat' dir='ltr'><strong>quomodo</strong></span> <span class='ocrx_word' id='word_1_282' title='bbox 935 2503 1151 2576; x_wconf 84' lang='lat' dir='ltr'><strong>plebem</strong></span> <span class='ocrx_word' id='word_1_283' title='bbox 1192 2503 1296 2558; x_wconf 91' lang='lat' dir='ltr'><strong>sibi</strong></span> <span class='ocrx_word' id='word_1_284' title='bbox 1326 2503 1674 2558; x_wconf 89' lang='lat' dir='ltr'><strong>commissam</strong></span> <span class='ocrx_word' id='word_1_285' title='bbox 1719 2510 1828 2566; x_wconf 89' lang='lat' dir='ltr'><strong>tam</strong></span> 
     </span>
    </p>
   </div>
   <div class='ocr_carea' id='block_1_41' title="bbox 234 2594 1827 2664">
    <p class='ocr_par' dir='ltr' id='par_1_41' title="bbox 234 2594 1827 2664">
     <span class='ocr_line' id='line_1_41' title="bbox 234 2594 1827 2664; baseline -0.005 -8"><span class='ocrx_word' id='word_1_286' title='bbox 234 2597 448 2656; x_wconf 62' lang='lat' dir='ltr'><strong>caelesti</strong></span> <span class='ocrx_word' id='word_1_287' title='bbox 489 2594 784 2654; x_wconf 77' lang='lat' dir='ltr'><strong>informem</strong></span> <span class='ocrx_word' id='word_1_288' title='bbox 811 2595 1080 2661; x_wconf 88' lang='lat' dir='ltr'><strong>doctrina,</strong></span> <span class='ocrx_word' id='word_1_289' title='bbox 1117 2610 1280 2664; x_wconf 89' lang='lat' dir='ltr'><strong>quam</strong></span> <span class='ocrx_word' id='word_1_290' title='bbox 1309 2602 1512 2652; x_wconf 85' lang='lat' dir='ltr'><strong>sanctae</strong></span> <span class='ocrx_word' id='word_1_291' title='bbox 1542 2609 1827 2649; x_wconf 88' lang='lat' dir='ltr'><strong>conversa-</strong></span> 
     </span>
    </p>
   </div>
   <div class='ocr_carea' id='block_1_42' title="bbox 234 2689 1829 2760">
    <p class='ocr_par' dir='ltr' id='par_1_42' title="bbox 234 2689 1829 2760">
     <span class='ocr_line' id='line_1_42' title="bbox 234 2689 1829 2760; baseline -0.001 -14"><span class='ocrx_word' id='word_1_292' title='bbox 234 2691 410 2746; x_wconf 88' lang='lat' dir='ltr'><strong>tionis</strong></span> <span class='ocrx_word' id='word_1_293' title='bbox 443 2690 690 2746; x_wconf 91' lang='lat' dir='ltr'><strong>imbuant</strong></span> <span class='ocrx_word' id='word_1_294' title='bbox 723 2689 991 2760; x_wconf 80' lang='lat' dir='ltr'><strong>exemplo.</strong></span> <span class='ocrx_word' id='word_1_295' title='bbox 1035 2689 1166 2758; x_wconf 87' lang='lat' dir='ltr'><strong>Quae</strong></span> <span class='ocrx_word' id='word_1_296' title='bbox 1204 2691 1386 2745; x_wconf 89' lang='lat' dir='ltr'><strong>omnia</strong></span> <span class='ocrx_word' id='word_1_297' title='bbox 1423 2689 1469 2744; x_wconf 91' lang='lat' dir='ltr'><strong>si</strong></span> <span class='ocrx_word' id='word_1_298' title='bbox 1512 2705 1634 2745; x_wconf 90' lang='lat' dir='ltr'><strong>cum</strong></span> <span class='ocrx_word' id='word_1_299' title='bbox 1678 2689 1829 2760; x_wconf 89' lang='lat' dir='ltr'><strong>pacis</strong></span> 
     </span>
    </p>
   </div>
   <div class='ocr_carea' id='block_1_43' title="bbox 235 2765 1826 2850">
    <p class='ocr_par' dir='ltr' id='par_1_43' title="bbox 235 2765 1826 2850">
     <span class='ocr_line' id='line_1_43' title="bbox 235 2765 1826 2850; baseline -0.003 -12"><span class='ocrx_word' id='word_1_300' title='bbox 235 2781 594 2840; x_wconf 76' lang='lat' dir='ltr'><strong>unanimitate</strong></span> <span class='ocrx_word' id='word_1_301' title='bbox 645 2789 703 2838; x_wconf 89' lang='lat' dir='ltr'><strong>et</strong></span> <span class='ocrx_word' id='word_1_302' title='bbox 736 2781 996 2838; x_wconf 90' lang='lat' dir='ltr'><strong>canonica</strong></span> <span class='ocrx_word' id='word_1_303' title='bbox 1035 2779 1249 2850; x_wconf 77' lang='lat' dir='ltr'><strong>iustitia</strong></span> <span class='ocrx_word' id='word_1_304' title='bbox 1297 2779 1568 2838; x_wconf 85' lang='lat' dir='ltr'><strong>subtiliter</strong></span> <span class='ocrx_word' id='word_1_305' title='bbox 1611 2765 1826 2850; x_wconf 59' lang='lat' dir='ltr'><strong>pertra4</strong></span> 
     </span>
    </p>
   </div>
   <div class='ocr_carea' id='block_1_44' title="bbox 233 2870 1826 2943">
    <p class='ocr_par' dir='ltr' id='par_1_44' title="bbox 233 2870 1826 2943">
     <span class='ocr_line' id='line_1_44' title="bbox 233 2870 1826 2943; baseline -0.003 -14"><span class='ocrx_word' id='word_1_306' title='bbox 233 2878 476 2938; x_wconf 64' lang='lat' dir='ltr'><strong>etaritur,</strong></span> <span class='ocrx_word' id='word_1_307' title='bbox 500 2870 781 2926; x_wconf 81' lang='lat' dir='ltr'><strong>fructuosa</strong></span> <span class='ocrx_word' id='word_1_308' title='bbox 819 2872 1026 2928; x_wconf 89' lang='lat' dir='ltr'><strong>utilitas</strong></span> <span class='ocrx_word' id='word_1_309' title='bbox 1051 2880 1254 2930; x_wconf 84' lang='lat' dir='ltr'><strong>sanctae</strong></span> <span class='ocrx_word' id='word_1_310' title='bbox 1283 2871 1541 2928; x_wconf 86' lang='lat' dir='ltr'><strong>Ecclesiae</strong></span> <span class='ocrx_word' id='word_1_311' title='bbox 1569 2871 1826 2943; x_wconf 76' lang='lat' dir='ltr'><strong>gignitur,</strong></span> 
     </span>
    </p>
   </div>
   <div class='ocr_carea' id='block_1_45' title="bbox 237 2961 1830 3035">
    <p class='ocr_par' dir='ltr' id='par_1_45' title="bbox 237 2961 1830 3035">
     <span class='ocr_line' id='line_1_45' title="bbox 237 2961 1830 3035; baseline -0.001 -16"><span class='ocrx_word' id='word_1_312' title='bbox 237 2977 310 3020; x_wconf 89' lang='lat' dir='ltr'><strong>ac</strong></span> <span class='ocrx_word' id='word_1_313' title='bbox 348 2961 638 3020; x_wconf 82' lang='lat' dir='ltr'><strong>revereudi</strong></span> <span class='ocrx_word' id='word_1_314' title='bbox 672 2963 923 3031; x_wconf 88' lang='lat' dir='ltr'><strong>rectoris,</strong></span> <span class='ocrx_word' id='word_1_315' title='bbox 961 2963 1114 3035; x_wconf 83' lang='lat' dir='ltr'><strong>cujus</strong></span> <span class='ocrx_word' id='word_1_316' title='bbox 1142 2963 1406 3020; x_wconf 90' lang='lat' dir='ltr'><strong>benevola</strong></span> <span class='ocrx_word' id='word_1_317' title='bbox 1442 2961 1830 3018; x_wconf 90' lang='lat' dir='ltr'><strong>deliberatione</strong></span> 
     </span>
    </p>
   </div>
   <div class='ocr_carea' id='block_1_46' title="bbox 236 3054 1830 3134">
    <p class='ocr_par' dir='ltr' id='par_1_46' title="bbox 236 3054 1830 3134">
     <span class='ocr_line' id='line_1_46' title="bbox 236 3054 1830 3134; baseline -0.007 -16"><span class='ocrx_word' id='word_1_318' title='bbox 236 3054 452 3118; x_wconf 78' lang='lat' dir='ltr'><strong>scilicet</strong></span> <span class='ocrx_word' id='word_1_319' title='bbox 481 3061 539 3110; x_wconf 91' lang='lat' dir='ltr'><strong>et</strong></span> <span class='ocrx_word' id='word_1_320' title='bbox 566 3054 890 3116; x_wconf 84' lang='lat' dir='ltr'><strong>auctoritate</strong></span> <span class='ocrx_word' id='word_1_321' title='bbox 920 3056 1042 3112; x_wconf 69' lang='lat' dir='ltr'><strong>haec</strong></span> <span class='ocrx_word' id='word_1_322' title='bbox 1073 3063 1330 3134; x_wconf 86' lang='lat' dir='ltr'><strong>aguntur,</strong></span> <span class='ocrx_word' id='word_1_323' title='bbox 1371 3054 1554 3126; x_wconf 83' lang='lat' dir='ltr'><strong>magni</strong></span> <span class='ocrx_word' id='word_1_324' title='bbox 1597 3055 1830 3112; x_wconf 86' lang='lat' dir='ltr'><strong>semina-</strong></span> 
     </span>
    </p>
   </div>
   <div class='ocr_carea' id='block_1_47' title="bbox 235 3137 1676 3224">
    <p class='ocr_par' dir='ltr' id='par_1_47' title="bbox 235 3137 1676 3224">
     <span class='ocr_line' id='line_1_47' title="bbox 235 3137 1676 3224; baseline -0.002 -18"><span class='ocrx_word' id='word_1_325' title='bbox 235 3148 386 3206; x_wconf 82' lang='lat' dir='ltr'><strong>rium</strong></span> <span class='ocrx_word' id='word_1_326' title='bbox 410 3156 739 3224; x_wconf 82' lang='lat' dir='ltr'><strong>propagatur</strong></span> <span class='ocrx_word' id='word_1_327' title='bbox 765 3149 970 3205; x_wconf 89' lang='lat' dir='ltr'><strong>meriti.</strong></span> <span class='ocrx_word' id='word_1_328' title='bbox 1673 3137 1676 3140; x_wconf 60' lang='grc'><strong>’</strong></span> 
     </span>
    </p>
   </div>
   <div class='ocr_carea' id='block_1_48' title="bbox 1927 1931 3524 2003">
    <p class='ocr_par' dir='ltr' id='par_1_48' title="bbox 1927 1931 3524 2003">
     <span class='ocr_line' id='line_1_48' title="bbox 1927 1931 3524 2003; baseline -0.004 -13"><span class='ocrx_word' id='word_1_329' title='bbox 1927 1935 2336 2003; x_wconf 84' lang='lat' dir='ltr'><strong>Constantinus,</strong></span> <span class='ocrx_word' id='word_1_330' title='bbox 2364 1952 2471 1991; x_wconf 90' lang='lat' dir='ltr'><strong>non</strong></span> <span class='ocrx_word' id='word_1_331' title='bbox 2499 1937 2553 1991; x_wconf 90' lang='lat' dir='ltr'><strong>in</strong></span> <span class='ocrx_word' id='word_1_332' title='bbox 2575 1952 2692 2002; x_wconf 88' lang='lat' dir='ltr'><strong>sua,</strong></span> <span class='ocrx_word' id='word_1_333' title='bbox 2723 1936 2818 1992; x_wconf 90' lang='lat' dir='ltr'><strong>sed</strong></span> <span class='ocrx_word' id='word_1_334' title='bbox 2844 1936 2903 1990; x_wconf 85' lang='lat' dir='ltr'><strong>in</strong></span> <span class='ocrx_word' id='word_1_335' title='bbox 2930 1942 3246 1991; x_wconf 88' lang='lat' dir='ltr'><strong>sanctorum</strong></span> <span class='ocrx_word' id='word_1_336' title='bbox 3284 1931 3524 2002; x_wconf 81' lang='lat' dir='ltr'><strong>pruden-</strong></span> 
     </span>
    </p>
   </div>
   <div class='ocr_carea' id='block_1_49' title="bbox 1928 2027 3520 2100">
    <p class='ocr_par' dir='ltr' id='par_1_49' title="bbox 1928 2027 3520 2100">
     <span class='ocr_line' id='line_1_49' title="bbox 1928 2027 3520 2100; baseline -0.003 -19"><span class='ocrx_word' id='word_1_337' title='bbox 1928 2028 2002 2081; x_wconf 88' lang='lat' dir='ltr'><strong>tia</strong></span> <span class='ocrx_word' id='word_1_338' title='bbox 2027 2028 2397 2098; x_wconf 86' lang='lat' dir='ltr'><strong>sapientiaque</strong></span> <span class='ocrx_word' id='word_1_339' title='bbox 2435 2030 2813 2100; x_wconf 89' lang='lat' dir='ltr'><strong>episeoporum</strong></span> <span class='ocrx_word' id='word_1_340' title='bbox 2841 2029 3138 2085; x_wconf 84' lang='lat' dir='ltr'><strong>conﬁdens.</strong></span> <span class='ocrx_word' id='word_1_341' title='bbox 3179 2027 3290 2081; x_wconf 86' lang='lat' dir='ltr'><strong>Hoc</strong></span> <span class='ocrx_word' id='word_1_342' title='bbox 3326 2027 3520 2080; x_wconf 85' lang='lat' dir='ltr'><strong>beatus</strong></span> 
     </span>
    </p>
   </div>
   <div class='ocr_carea' id='block_1_50' title="bbox 1927 2115 3523 2190">
    <p class='ocr_par' dir='ltr' id='par_1_50' title="bbox 1927 2115 3523 2190">
     <span class='ocr_line' id='line_1_50' title="bbox 1927 2115 3523 2190; baseline -0.001 -20"><span class='ocrx_word' id='word_1_343' title='bbox 1927 2115 2247 2173; x_wconf 76' lang='lat' dir='ltr'><strong>Iovinianus</strong></span> <span class='ocrx_word' id='word_1_344' title='bbox 2290 2120 2402 2174; x_wconf 92' lang='lat' dir='ltr'><strong>Deo</strong></span> <span class='ocrx_word' id='word_1_345' title='bbox 2446 2119 2697 2175; x_wconf 88' lang='lat' dir='ltr'><strong>amabilis</strong></span> <span class='ocrx_word' id='word_1_346' title='bbox 2751 2121 3003 2190; x_wconf 90' lang='lat' dir='ltr'><strong>princeps</strong></span> <span class='ocrx_word' id='word_1_347' title='bbox 3047 2119 3151 2173; x_wconf 81' lang='lat' dir='ltr'><strong>fide</strong></span> <span class='ocrx_word' id='word_1_348' title='bbox 3197 2119 3523 2172; x_wconf 88' lang='lat' dir='ltr'><strong>inconcussa</strong></span> 
     </span>
    </p>
   </div>
   <div class='ocr_carea' id='block_1_51' title="bbox 1928 2206 3526 2278">
    <p class='ocr_par' dir='ltr' id='par_1_51' title="bbox 1928 2206 3526 2278">
     <span class='ocr_line' id='line_1_51' title="bbox 1928 2206 3526 2278; baseline -0.002 -18"><span class='ocrx_word' id='word_1_349' title='bbox 1928 2209 2196 2275; x_wconf 89' lang='lat' dir='ltr'><strong>servavit;</strong></span> <span class='ocrx_word' id='word_1_350' title='bbox 2237 2209 2330 2278; x_wconf 89' lang='lat' dir='ltr'><strong>qui</strong></span> <span class='ocrx_word' id='word_1_351' title='bbox 2374 2209 2500 2263; x_wconf 90' lang='lat' dir='ltr'><strong>dum</strong></span> <span class='ocrx_word' id='word_1_352' title='bbox 2546 2209 2720 2264; x_wconf 90' lang='lat' dir='ltr'><strong>hostis</strong></span> <span class='ocrx_word' id='word_1_353' title='bbox 2748 2217 2893 2264; x_wconf 90' lang='lat' dir='ltr'><strong>esset</strong></span> <span class='ocrx_word' id='word_1_354' title='bbox 2921 2207 3138 2262; x_wconf 76' lang='lat' dir='ltr'><strong>Arianae</strong></span> <span class='ocrx_word' id='word_1_355' title='bbox 3159 2206 3400 2278; x_wconf 77' lang='lat' dir='ltr'><strong>perfidiae</strong></span> <span class='ocrx_word' id='word_1_356' title='bbox 3441 2211 3526 2258; x_wconf 85' lang='lat' dir='ltr'><strong>at—</strong></span> 
     </span>
    </p>
   </div>
   <div class='ocr_carea' id='block_1_52' title="bbox 1927 2297 3525 2366">
    <p class='ocr_par' dir='ltr' id='par_1_52' title="bbox 1927 2297 3525 2366">
     <span class='ocr_line' id='line_1_52' title="bbox 1927 2297 3525 2366; baseline -0.001 -15"><span class='ocrx_word' id='word_1_357' title='bbox 1927 2311 2034 2366; x_wconf 91' lang='lat' dir='ltr'><strong>que</strong></span> <span class='ocrx_word' id='word_1_358' title='bbox 2055 2306 2293 2352; x_wconf 90' lang='lat' dir='ltr'><strong>sectator</strong></span> <span class='ocrx_word' id='word_1_359' title='bbox 2315 2297 2518 2354; x_wconf 66' lang='lat' dir='ltr'><strong>Niezeni</strong></span> <span class='ocrx_word' id='word_1_360' title='bbox 2547 2301 2889 2355; x_wconf 89' lang='lat' dir='ltr'><strong>decretorum</strong></span> <span class='ocrx_word' id='word_1_361' title='bbox 2920 2297 3156 2364; x_wconf 89' lang='lat' dir='ltr'><strong>concilii,</strong></span> <span class='ocrx_word' id='word_1_362' title='bbox 3184 2313 3253 2352; x_wconf 76' lang='lat' dir='ltr'><strong>ex</strong></span> <span class='ocrx_word' id='word_1_363' title='bbox 3281 2309 3525 2351; x_wconf 90' lang='lat' dir='ltr'><strong>momen-</strong></span> 
     </span>
    </p>
   </div>
   <div class='ocr_carea' id='block_1_53' title="bbox 1928 2386 3524 2462">
    <p class='ocr_par' dir='ltr' id='par_1_53' title="bbox 1928 2386 3524 2462">
     <span class='ocr_line' id='line_1_53' title="bbox 1928 2386 3524 2462; baseline 0 -21"><span class='ocrx_word' id='word_1_364' title='bbox 1928 2393 2088 2443; x_wconf 78' lang='lat' dir='ltr'><strong>taneo</strong></span> <span class='ocrx_word' id='word_1_365' title='bbox 2116 2390 2396 2444; x_wconf 90' lang='lat' dir='ltr'><strong>terrestris</strong></span> <span class='ocrx_word' id='word_1_366' title='bbox 2427 2390 2640 2460; x_wconf 89' lang='lat' dir='ltr'><strong>imperii</strong></span> <span class='ocrx_word' id='word_1_367' title='bbox 2672 2390 2886 2462; x_wconf 83' lang='lat' dir='ltr'><strong>fastigio</strong></span> <span class='ocrx_word' id='word_1_368' title='bbox 2921 2390 3110 2445; x_wconf 79' lang='lat' dir='ltr'><strong>:eterni</strong></span> <span class='ocrx_word' id='word_1_369' title='bbox 3150 2389 3254 2444; x_wconf 89' lang='lat' dir='ltr'><strong>sibi</strong></span> <span class='ocrx_word' id='word_1_370' title='bbox 3292 2386 3524 2457; x_wconf 88' lang='lat' dir='ltr'><strong>gloriam</strong></span> 
     </span>
    </p>
   </div>
   <div class='ocr_carea' id='block_1_54' title="bbox 1927 2480 3526 2550">
    <p class='ocr_par' dir='ltr' id='par_1_54' title="bbox 1927 2480 3526 2550">
     <span class='ocr_line' id='line_1_54' title="bbox 1927 2480 3526 2550; baseline -0.002 -16"><span class='ocrx_word' id='word_1_371' title='bbox 1927 2480 2078 2548; x_wconf 82' lang='lat' dir='ltr'><strong>regni</strong></span> <span class='ocrx_word' id='word_1_372' title='bbox 2111 2482 2463 2550; x_wconf 88' lang='lat' dir='ltr'><strong>comparavit.</strong></span> <span class='ocrx_word' id='word_1_373' title='bbox 2507 2481 2648 2549; x_wconf 86' lang='lat' dir='ltr'><strong>Quid</strong></span> <span class='ocrx_word' id='word_1_374' title='bbox 2694 2481 2930 2537; x_wconf 78' lang='lat' dir='ltr'><strong>referam</strong></span> <span class='ocrx_word' id='word_1_375' title='bbox 2977 2482 3045 2535; x_wconf 92' lang='lat' dir='ltr'><strong>de</strong></span> <span class='ocrx_word' id='word_1_376' title='bbox 3089 2481 3296 2536; x_wconf 89' lang='lat' dir='ltr'><strong>duobus</strong></span> <span class='ocrx_word' id='word_1_377' title='bbox 3343 2492 3526 2535; x_wconf 63' lang='lat' dir='ltr'><strong>sacra«</strong></span> 
     </span>
    </p>
   </div>
   <div class='ocr_carea' id='block_1_55' title="bbox 1929 2569 3523 2644">
    <p class='ocr_par' dir='ltr' id='par_1_55' title="bbox 1929 2569 3523 2644">
     <span class='ocr_line' id='line_1_55' title="bbox 1929 2569 3523 2644; baseline -0.001 -18"><span class='ocrx_word' id='word_1_378' title='bbox 1929 2571 2153 2626; x_wconf 89' lang='lat' dir='ltr'><strong>tissimis</strong></span> <span class='ocrx_word' id='word_1_379' title='bbox 2175 2572 2352 2628; x_wconf 90' lang='lat' dir='ltr'><strong>divina</strong></span> <span class='ocrx_word' id='word_1_380' title='bbox 2373 2581 2666 2642; x_wconf 61' lang='lat' dir='ltr'><strong>praestante</strong></span> <span class='ocrx_word' id='word_1_381' title='bbox 2693 2574 2866 2644; x_wconf 87' lang='lat' dir='ltr'><strong>gratia</strong></span> <span class='ocrx_word' id='word_1_382' title='bbox 2896 2572 3316 2642; x_wconf 83' lang='lat' dir='ltr'><strong>imperatoribus</strong></span> <span class='ocrx_word' id='word_1_383' title='bbox 3341 2569 3523 2625; x_wconf 86' lang='lat' dir='ltr'><strong>Theo-</strong></span> 
     </span>
    </p>
   </div>
   <div class='ocr_carea' id='block_1_56' title="bbox 1929 2661 3529 2733">
    <p class='ocr_par' dir='ltr' id='par_1_56' title="bbox 1929 2661 3529 2733">
     <span class='ocr_line' id='line_1_56' title="bbox 1929 2661 3529 2733; baseline -0.001 -17"><span class='ocrx_word' id='word_1_384' title='bbox 1929 2662 2132 2717; x_wconf 84' lang='lat' dir='ltr'><strong>dosiis?</strong></span> <span class='ocrx_word' id='word_1_385' title='bbox 2169 2663 2263 2733; x_wconf 90' lang='lat' dir='ltr'><strong>qui</strong></span> <span class='ocrx_word' id='word_1_386' title='bbox 2303 2663 2360 2717; x_wconf 90' lang='lat' dir='ltr'><strong>in</strong></span> <span class='ocrx_word' id='word_1_387' title='bbox 2391 2671 2602 2717; x_wconf 87' lang='lat' dir='ltr'><strong>tantum</strong></span> <span class='ocrx_word' id='word_1_388' title='bbox 2649 2662 3018 2732; x_wconf 80' lang='lat' dir='ltr'><strong>Omnipotenti</strong></span> <span class='ocrx_word' id='word_1_389' title='bbox 3065 2661 3417 2732; x_wconf 88' lang='lat' dir='ltr'><strong>placuerunt,</strong></span> <span class='ocrx_word' id='word_1_390' title='bbox 3465 2667 3529 2716; x_wconf 87' lang='lat' dir='ltr'><strong>ut</strong></span> 
     </span>
    </p>
   </div>
   <div class='ocr_carea' id='block_1_57' title="bbox 1930 2753 3526 2826">
    <p class='ocr_par' dir='ltr' id='par_1_57' title="bbox 1930 2753 3526 2826">
     <span class='ocr_line' id='line_1_57' title="bbox 1930 2753 3526 2826; baseline 0.001 -19"><span class='ocrx_word' id='word_1_391' title='bbox 1930 2754 2110 2824; x_wconf 90' lang='lat' dir='ltr'><strong>regias</strong></span> <span class='ocrx_word' id='word_1_392' title='bbox 2145 2769 2440 2825; x_wconf 90' lang='lat' dir='ltr'><strong>purpuras,</strong></span> <span class='ocrx_word' id='word_1_393' title='bbox 2491 2762 2707 2826; x_wconf 90' lang='lat' dir='ltr'><strong>sceptra</strong></span> <span class='ocrx_word' id='word_1_394' title='bbox 2751 2769 2968 2824; x_wconf 85' lang='lat' dir='ltr'><strong>quoque</strong></span> <span class='ocrx_word' id='word_1_395' title='bbox 3003 2762 3060 2810; x_wconf 89' lang='lat' dir='ltr'><strong>et</strong></span> <span class='ocrx_word' id='word_1_396' title='bbox 3097 2753 3309 2826; x_wconf 87' lang='lat' dir='ltr'><strong>apicem</strong></span> <span class='ocrx_word' id='word_1_397' title='bbox 3348 2754 3526 2826; x_wconf 59' lang='lat' dir='ltr'><strong>impe»</strong></span> 
     </span>
    </p>
   </div>
   <div class='ocr_carea' id='block_1_58' title="bbox 1930 2847 3528 2919">
    <p class='ocr_par' dir='ltr' id='par_1_58' title="bbox 1930 2847 3528 2919">
     <span class='ocr_line' id='line_1_58' title="bbox 1930 2847 3528 2919; baseline 0.002 -18"><span class='ocrx_word' id='word_1_398' title='bbox 1930 2847 2152 2902; x_wconf 69' lang='lat' dir='ltr'><strong>ratoriaa</strong></span> <span class='ocrx_word' id='word_1_399' title='bbox 2181 2848 2460 2919; x_wconf 88' lang='lat' dir='ltr'><strong>dignitatis</strong></span> <span class='ocrx_word' id='word_1_400' title='bbox 2490 2848 2690 2904; x_wconf 90' lang='lat' dir='ltr'><strong>divinis</strong></span> <span class='ocrx_word' id='word_1_401' title='bbox 2719 2849 3006 2919; x_wconf 69' lang='lat' dir='ltr'><strong>praeceptis</strong></span> <span class='ocrx_word' id='word_1_402' title='bbox 3041 2858 3097 2904; x_wconf 88' lang='lat' dir='ltr'><strong>et</strong></span> <span class='ocrx_word' id='word_1_403' title='bbox 3133 2848 3412 2904; x_wconf 88' lang='lat' dir='ltr'><strong>canonicis</strong></span> <span class='ocrx_word' id='word_1_404' title='bbox 3442 2847 3528 2904; x_wconf 83' lang='lat' dir='ltr'><strong>in-</strong></span> 
     </span>
    </p>
   </div>
   <div class='ocr_carea' id='block_1_59' title="bbox 1932 2941 3527 3013">
    <p class='ocr_par' dir='ltr' id='par_1_59' title="bbox 1932 2941 3527 3013">
     <span class='ocr_line' id='line_1_59' title="bbox 1932 2941 3527 3013; baseline -0.001 -17"><span class='ocrx_word' id='word_1_405' title='bbox 1932 2941 2135 2996; x_wconf 90' lang='lat' dir='ltr'><strong>stitutis</strong></span> <span class='ocrx_word' id='word_1_406' title='bbox 2169 2941 2400 2996; x_wconf 92' lang='lat' dir='ltr'><strong>Domino</strong></span> <span class='ocrx_word' id='word_1_407' title='bbox 2444 2942 2744 3013; x_wconf 88' lang='lat' dir='ltr'><strong>inspirante</strong></span> <span class='ocrx_word' id='word_1_408' title='bbox 2773 2942 3098 3008; x_wconf 83' lang='lat' dir='ltr'><strong>subderent,</strong></span> <span class='ocrx_word' id='word_1_409' title='bbox 3137 2956 3202 2997; x_wconf 90' lang='lat' dir='ltr'><strong>ac</strong></span> <span class='ocrx_word' id='word_1_410' title='bbox 3244 2941 3395 3012; x_wconf 91' lang='lat' dir='ltr'><strong>pium</strong></span> <span class='ocrx_word' id='word_1_411' title='bbox 3435 2954 3527 2995; x_wconf 86' lang='lat' dir='ltr'><strong>ze-</strong></span> 
     </span>
    </p>
   </div>
   <div class='ocr_carea' id='block_1_60' title="bbox 1930 3019 3532 3103">
    <p class='ocr_par' dir='ltr' id='par_1_60' title="bbox 1930 3019 3532 3103">
     <span class='ocr_line' id='line_1_60' title="bbox 1930 3019 3532 3103; baseline 0.001 -19"><span class='ocrx_word' id='word_1_412' title='bbox 1930 3029 2043 3085; x_wconf 90' lang='lat' dir='ltr'><strong>lum</strong></span> <span class='ocrx_word' id='word_1_413' title='bbox 2085 3047 2216 3103; x_wconf 85' lang='lat' dir='ltr'><strong>erga</strong></span> <span class='ocrx_word' id='word_1_414' title='bbox 2242 3019 2337 3087; x_wconf 86' lang='lat' dir='ltr'><strong>Dei</strong></span> <span class='ocrx_word' id='word_1_415' title='bbox 2383 3033 2644 3088; x_wconf 89' lang='lat' dir='ltr'><strong>ecclesias</strong></span> <span class='ocrx_word' id='word_1_416' title='bbox 2687 3031 2958 3088; x_wconf 86' lang='lat' dir='ltr'><strong>indefessa</strong></span> <span class='ocrx_word' id='word_1_417' title='bbox 3005 3033 3274 3088; x_wconf 86' lang='lat' dir='ltr'><strong>charitate</strong></span> <span class='ocrx_word' id='word_1_418' title='bbox 3315 3045 3532 3102; x_wconf 80' lang='lat' dir='ltr'><strong>semper</strong></span> 
     </span>
    </p>
   </div>
   <div class='ocr_carea' id='block_1_61' title="bbox 1932 3123 3534 3182">
    <p class='ocr_par' dir='ltr' id='par_1_61' title="bbox 1932 3123 3534 3182">
     <span class='ocr_line' id='line_1_61' title="bbox 1932 3123 3534 3182; baseline -0.001 -2"><span class='ocrx_word' id='word_1_419' title='bbox 1932 3125 2217 3180; x_wconf 87' lang='lat' dir='ltr'><strong>haberent.</strong></span> <span class='ocrx_word' id='word_1_420' title='bbox 2264 3123 2418 3182; x_wconf 90' lang='lat' dir='ltr'><strong>Unde</strong></span> <span class='ocrx_word' id='word_1_421' title='bbox 2471 3125 2594 3182; x_wconf 91' lang='lat' dir='ltr'><strong>illos</strong></span> <span class='ocrx_word' id='word_1_422' title='bbox 2632 3127 3011 3181; x_wconf 88' lang='lat' dir='ltr'><strong>universorum</strong></span> <span class='ocrx_word' id='word_1_423' title='bbox 3058 3125 3321 3181; x_wconf 88' lang='lat' dir='ltr'><strong>Dominus</strong></span> <span class='ocrx_word' id='word_1_424' title='bbox 3364 3123 3534 3180; x_wconf 84' lang='lat' dir='ltr'><strong>subli-</strong></span> 
     </span>
    </p>
   </div>
   <div class='ocr_carea' id='block_1_62' title="bbox 315 3205 3532 3313">
    <p class='ocr_par' dir='ltr' id='par_1_62' title="bbox 315 3205 3532 3313">
     <span class='ocr_line' id='line_1_62' title="bbox 315 3205 3532 3313; baseline -0.002 -19"><span class='ocrx_word' id='word_1_425' title='bbox 315 3205 452 3294; x_wconf 69' lang='grc' dir='ltr'><strong>Νειιῆ</strong></span> <span class='ocrx_word' id='word_1_426' title='bbox 487 3205 728 3312; x_wconf 51' lang='lat' dir='ltr'><strong>pretiosa</strong></span> <span class='ocrx_word' id='word_1_427' title='bbox 762 3241 999 3312; x_wconf 85' lang='lat' dir='ltr'><strong>religiosi</strong></span> <span class='ocrx_word' id='word_1_428' title='bbox 1039 3240 1302 3313; x_wconf 85' lang='lat' dir='ltr'><strong>principis</strong></span> <span class='ocrx_word' id='word_1_429' title='bbox 1331 3249 1415 3298; x_wconf 90' lang='lat' dir='ltr'><strong>est</strong></span> <span class='ocrx_word' id='word_1_430' title='bbox 1452 3255 1654 3298; x_wconf 90' lang='lat' dir='ltr'><strong>corona</strong></span> <span class='ocrx_word' id='word_1_431' title='bbox 1700 3255 1828 3296; x_wconf 87' lang='lat' dir='ltr'><strong>san-</strong></span> <span class='ocrx_word' id='word_1_432' title='bbox 1857 3205 1904 3274; x_wconf 60' lang='grc' dir='ltr'><strong>(ἶ</strong></span> <span class='ocrx_word' id='word_1_433' title='bbox 1935 3216 2102 3272; x_wconf 66' lang='grc' dir='ltr'><strong>Πιθνίί</strong></span> <span class='ocrx_word' id='word_1_434' title='bbox 2128 3216 2184 3270; x_wconf 68' lang='lat' dir='ltr'><strong>in</strong></span> <span class='ocrx_word' id='word_1_435' title='bbox 2215 3217 2400 3313; x_wconf 56' lang='grc' dir='ltr'><strong>ιίῗξτίδν</strong></span> <span class='ocrx_word' id='word_1_436' title='bbox 2425 3227 2479 3273; x_wconf 72' lang='grc' dir='ltr'><strong>ει</strong></span> <span class='ocrx_word' id='word_1_437' title='bbox 2504 3229 2626 3313; x_wconf 49' lang='grc' dir='ltr'><strong>φεῖ</strong></span> <span class='ocrx_word' id='word_1_438' title='bbox 2660 3217 3214 3313; x_wconf 10' lang='grc' dir='ltr'><strong>ρτεεξεθηιῑεξειοινίαιη</strong></span> <span class='ocrx_word' id='word_1_439' title='bbox 3251 3215 3532 3313; x_wconf 40' lang='lat' dir='ltr'><strong>“milia”?</strong></span> 
     </span>
    </p>
   </div>
   <div class='ocr_carea' id='block_1_63' title="bbox 237 3333 1833 3408">
    <p class='ocr_par' dir='ltr' id='par_1_63' title="bbox 237 3333 1833 3408">
     <span class='ocr_line' id='line_1_63' title="bbox 237 3333 1833 3408; baseline -0.002 -17"><span class='ocrx_word' id='word_1_440' title='bbox 237 3344 395 3392; x_wconf 88' lang='lat' dir='ltr'><strong>ctum</strong></span> <span class='ocrx_word' id='word_1_441' title='bbox 433 3336 818 3408; x_wconf 73' lang='lat' dir='ltr'><strong>episcOporum</strong></span> <span class='ocrx_word' id='word_1_442' title='bbox 853 3335 1162 3403; x_wconf 89' lang='lat' dir='ltr'><strong>concilium,</strong></span> <span class='ocrx_word' id='word_1_443' title='bbox 1202 3335 1256 3391; x_wconf 87' lang='lat' dir='ltr'><strong>in</strong></span> <span class='ocrx_word' id='word_1_444' title='bbox 1303 3348 1411 3404; x_wconf 92' lang='lat' dir='ltr'><strong>quo</strong></span> <span class='ocrx_word' id='word_1_445' title='bbox 1441 3333 1833 3390; x_wconf 85' lang='lat' dir='ltr'><strong>famosissimus</strong></span> 
     </span>
    </p>
   </div>
   <div class='ocr_carea' id='block_1_64' title="bbox 235 3424 1834 3498">
    <p class='ocr_par' dir='ltr' id='par_1_64' title="bbox 235 3424 1834 3498">
     <span class='ocr_line' id='line_1_64' title="bbox 235 3424 1834 3498; baseline 0 -17"><span class='ocrx_word' id='word_1_446' title='bbox 235 3440 474 3496; x_wconf 83' lang='lat' dir='ltr'><strong>magnus</strong></span> <span class='ocrx_word' id='word_1_447' title='bbox 499 3424 754 3484; x_wconf 80' lang='lat' dir='ltr'><strong>videlicet</strong></span> <span class='ocrx_word' id='word_1_448' title='bbox 797 3425 1182 3483; x_wconf 83' lang='lat' dir='ltr'><strong>Constantinus</strong></span> <span class='ocrx_word' id='word_1_449' title='bbox 1221 3426 1518 3498; x_wconf 84' lang='lat' dir='ltr'><strong>imperator</strong></span> <span class='ocrx_word' id='word_1_450' title='bbox 1555 3424 1834 3482; x_wconf 81' lang='lat' dir='ltr'><strong>exsultans</strong></span> 
     </span>
    </p>
   </div>
   <div class='ocr_carea' id='block_1_65' title="bbox 235 3515 1836 3589">
    <p class='ocr_par' dir='ltr' id='par_1_65' title="bbox 235 3515 1836 3589">
     <span class='ocr_line' id='line_1_65' title="bbox 235 3515 1836 3589; baseline -0.001 -15"><span class='ocrx_word' id='word_1_451' title='bbox 235 3515 551 3580; x_wconf 83' lang='lat' dir='ltr'><strong>inDomino</strong></span> <span class='ocrx_word' id='word_1_452' title='bbox 572 3518 928 3588; x_wconf 86' lang='lat' dir='ltr'><strong>gloriabatur,</strong></span> <span class='ocrx_word' id='word_1_453' title='bbox 955 3519 1049 3589; x_wconf 88' lang='lat' dir='ltr'><strong>qui</strong></span> <span class='ocrx_word' id='word_1_454' title='bbox 1073 3517 1332 3576; x_wconf 89' lang='lat' dir='ltr'><strong>collectos</strong></span> <span class='ocrx_word' id='word_1_455' title='bbox 1353 3533 1420 3574; x_wconf 87' lang='lat' dir='ltr'><strong>ex</strong></span> <span class='ocrx_word' id='word_1_456' title='bbox 1443 3519 1693 3576; x_wconf 90' lang='lat' dir='ltr'><strong>omnibus</strong></span> <span class='ocrx_word' id='word_1_457' title='bbox 1720 3516 1836 3574; x_wconf 85' lang='lat' dir='ltr'><strong>fere</strong></span> 
     </span>
    </p>
   </div>
   <div class='ocr_carea' id='block_1_66' title="bbox 237 3607 1836 3682">
    <p class='ocr_par' dir='ltr' id='par_1_66' title="bbox 237 3607 1836 3682">
     <span class='ocr_line' id='line_1_66' title="bbox 237 3607 1836 3682; baseline 0 -18"><span class='ocrx_word' id='word_1_458' title='bbox 237 3607 505 3680; x_wconf 77' lang='lat' dir='ltr'><strong>gentibus</strong></span> <span class='ocrx_word' id='word_1_459' title='bbox 537 3624 656 3679; x_wconf 74' lang='lat' dir='ltr'><strong>quae</strong></span> <span class='ocrx_word' id='word_1_460' title='bbox 695 3610 798 3679; x_wconf 85' lang='lat' dir='ltr'><strong>sub</strong></span> <span class='ocrx_word' id='word_1_461' title='bbox 826 3608 964 3666; x_wconf 60' lang='lat' dir='ltr'><strong>caalo</strong></span> <span class='ocrx_word' id='word_1_462' title='bbox 993 3617 1142 3682; x_wconf 76' lang='lat' dir='ltr'><strong>sunt,</strong></span> <span class='ocrx_word' id='word_1_463' title='bbox 1183 3610 1381 3682; x_wconf 89' lang='lat' dir='ltr'><strong>quibus</strong></span> <span class='ocrx_word' id='word_1_464' title='bbox 1409 3608 1614 3676; x_wconf 85' lang='lat' dir='ltr'><strong>Christi</strong></span> <span class='ocrx_word' id='word_1_465' title='bbox 1641 3609 1836 3680; x_wconf 78' lang='lat' dir='ltr'><strong>praedi-</strong></span> 
     </span>
    </p>
   </div>
   <div class='ocr_carea' id='block_1_67' title="bbox 239 3698 1836 3772">
    <p class='ocr_par' dir='ltr' id='par_1_67' title="bbox 239 3698 1836 3772">
     <span class='ocr_line' id='line_1_67' title="bbox 239 3698 1836 3772; baseline 0.002 -20"><span class='ocrx_word' id='word_1_466' title='bbox 239 3704 438 3752; x_wconf 83' lang='lat' dir='ltr'><strong>catum</strong></span> <span class='ocrx_word' id='word_1_467' title='bbox 477 3705 596 3754; x_wconf 89' lang='lat' dir='ltr'><strong>erat</strong></span> <span class='ocrx_word' id='word_1_468' title='bbox 647 3698 995 3772; x_wconf 82' lang='lat' dir='ltr'><strong>Evangelium</strong></span> <span class='ocrx_word' id='word_1_469' title='bbox 1017 3739 1033 3766; x_wconf 93' lang='lat'><strong>,</strong></span> <span class='ocrx_word' id='word_1_470' title='bbox 1077 3699 1225 3755; x_wconf 89' lang='lat' dir='ltr'><strong>viros</strong></span> <span class='ocrx_word' id='word_1_471' title='bbox 1273 3699 1672 3758; x_wconf 87' lang='lat' dir='ltr'><strong>sacratissimos</strong></span> <span class='ocrx_word' id='word_1_472' title='bbox 1715 3699 1836 3770; x_wconf 90' lang='lat' dir='ltr'><strong>plus</strong></span> 
     </span>
    </p>
   </div>
   <div class='ocr_carea' id='block_1_68' title="bbox 237 3791 1836 3862">
    <p class='ocr_par' dir='ltr' id='par_1_68' title="bbox 237 3791 1836 3862">
     <span class='ocr_line' id='line_1_68' title="bbox 237 3791 1836 3862; baseline 0.003 -21"><span class='ocrx_word' id='word_1_473' title='bbox 237 3803 415 3862; x_wconf 86' lang='lat' dir='ltr'><strong>quam</strong></span> <span class='ocrx_word' id='word_1_474' title='bbox 460 3797 730 3846; x_wconf 85' lang='lat' dir='ltr'><strong>trecentos</strong></span> <span class='ocrx_word' id='word_1_475' title='bbox 769 3791 1052 3862; x_wconf 87' lang='lat' dir='ltr'><strong>episcopos</strong></span> <span class='ocrx_word' id='word_1_476' title='bbox 1095 3799 1205 3848; x_wconf 86' lang='lat' dir='ltr'><strong>tam</strong></span> <span class='ocrx_word' id='word_1_477' title='bbox 1242 3791 1487 3847; x_wconf 87' lang='lat' dir='ltr'><strong>doctrina</strong></span> <span class='ocrx_word' id='word_1_478' title='bbox 1529 3807 1692 3862; x_wconf 91' lang='lat' dir='ltr'><strong>quam</strong></span> <span class='ocrx_word' id='word_1_479' title='bbox 1732 3792 1836 3846; x_wconf 90' lang='lat' dir='ltr'><strong>mi-</strong></span> 
     </span>
    </p>
   </div>
   <div class='ocr_carea' id='block_1_69' title="bbox 236 3879 1836 3952">
    <p class='ocr_par' dir='ltr' id='par_1_69' title="bbox 236 3879 1836 3952">
     <span class='ocr_line' id='line_1_69' title="bbox 236 3879 1836 3952; baseline 0.001 -17"><span class='ocrx_word' id='word_1_480' title='bbox 236 3879 450 3936; x_wconf 88' lang='lat' dir='ltr'><strong>raculis</strong></span> <span class='ocrx_word' id='word_1_481' title='bbox 496 3890 863 3947; x_wconf 88' lang='lat' dir='ltr'><strong>coruscantes,</strong></span> <span class='ocrx_word' id='word_1_482' title='bbox 885 3889 1105 3952; x_wconf 89' lang='lat' dir='ltr'><strong>propter</strong></span> <span class='ocrx_word' id='word_1_483' title='bbox 1133 3881 1415 3940; x_wconf 64' lang='lat' dir='ltr'><strong>catholicae</strong></span> <span class='ocrx_word' id='word_1_484' title='bbox 1446 3882 1836 3938; x_wconf 89' lang='lat' dir='ltr'><strong>discussionem</strong></span> 
     </span>
    </p>
   </div>
   <div class='ocr_carea' id='block_1_70' title="bbox 236 3971 1838 4050">
    <p class='ocr_par' dir='ltr' id='par_1_70' title="bbox 236 3971 1838 4050">
     <span class='ocr_line' id='line_1_70' title="bbox 236 3971 1838 4050; baseline -0.002 -19"><span class='ocrx_word' id='word_1_485' title='bbox 236 3971 372 4031; x_wconf 82' lang='lat' dir='ltr'><strong>ﬁdei</strong></span> <span class='ocrx_word' id='word_1_486' title='bbox 400 3971 454 4027; x_wconf 91' lang='lat' dir='ltr'><strong>in</strong></span> <span class='ocrx_word' id='word_1_487' title='bbox 482 3988 668 4039; x_wconf 88' lang='lat' dir='ltr'><strong>unum,</strong></span> <span class='ocrx_word' id='word_1_488' title='bbox 711 3975 815 4030; x_wconf 90' lang='lat' dir='ltr'><strong>hoc</strong></span> <span class='ocrx_word' id='word_1_489' title='bbox 857 3983 942 4032; x_wconf 88' lang='lat' dir='ltr'><strong>est</strong></span> <span class='ocrx_word' id='word_1_490' title='bbox 969 3972 1268 4039; x_wconf 85' lang='lat' dir='ltr'><strong>Nicaeuum,</strong></span> <span class='ocrx_word' id='word_1_491' title='bbox 1314 3975 1669 4050; x_wconf 86' lang='lat' dir='ltr'><strong>congregavit</strong></span> <span class='ocrx_word' id='word_1_492' title='bbox 1705 3991 1838 4031; x_wconf 87' lang='lat' dir='ltr'><strong>cou-</strong></span> 
     </span>
    </p>
   </div>
   <div class='ocr_carea' id='block_1_71' title="bbox 240 4059 1838 4134">
    <p class='ocr_par' dir='ltr' id='par_1_71' title="bbox 240 4059 1838 4134">
     <span class='ocr_line' id='line_1_71' title="bbox 240 4059 1838 4134; baseline 0.003 -18"><span class='ocrx_word' id='word_1_493' title='bbox 240 4059 452 4118; x_wconf 88' lang='lat' dir='ltr'><strong>cilium.</strong></span> <span class='ocrx_word' id='word_1_494' title='bbox 497 4061 651 4119; x_wconf 89' lang='lat' dir='ltr'><strong>Unde</strong></span> <span class='ocrx_word' id='word_1_495' title='bbox 673 4072 731 4119; x_wconf 89' lang='lat' dir='ltr'><strong>et</strong></span> <span class='ocrx_word' id='word_1_496' title='bbox 763 4064 850 4120; x_wconf 88' lang='lat' dir='ltr'><strong>hic</strong></span> <span class='ocrx_word' id='word_1_497' title='bbox 876 4064 982 4120; x_wconf 89' lang='lat' dir='ltr'><strong>huc</strong></span> <span class='ocrx_word' id='word_1_498' title='bbox 1009 4077 1182 4134; x_wconf 89' lang='lat' dir='ltr'><strong>usque</strong></span> <span class='ocrx_word' id='word_1_499' title='bbox 1206 4079 1325 4120; x_wconf 93' lang='lat' dir='ltr'><strong>mos</strong></span> <span class='ocrx_word' id='word_1_500' title='bbox 1353 4062 1693 4122; x_wconf 88' lang='lat' dir='ltr'><strong>Christianus</strong></span> <span class='ocrx_word' id='word_1_501' title='bbox 1721 4066 1838 4121; x_wconf 90' lang='lat' dir='ltr'><strong>ino-</strong></span> 
     </span>
    </p>
   </div>
   <div class='ocr_carea' id='block_1_72' title="bbox 238 4149 1838 4228">
    <p class='ocr_par' dir='ltr' id='par_1_72' title="bbox 238 4149 1838 4228">
     <span class='ocr_line' id='line_1_72' title="bbox 238 4149 1838 4228; baseline 0.001 -20"><span class='ocrx_word' id='word_1_502' title='bbox 238 4149 402 4219; x_wconf 81' lang='lat' dir='ltr'><strong>levit,</strong></span> <span class='ocrx_word' id='word_1_503' title='bbox 438 4161 500 4208; x_wconf 89' lang='lat' dir='ltr'><strong>ut</strong></span> <span class='ocrx_word' id='word_1_504' title='bbox 538 4153 682 4226; x_wconf 89' lang='lat' dir='ltr'><strong>apud</strong></span> <span class='ocrx_word' id='word_1_505' title='bbox 707 4169 897 4211; x_wconf 88' lang='lat' dir='ltr'><strong>omnes</strong></span> <span class='ocrx_word' id='word_1_506' title='bbox 921 4156 1255 4212; x_wconf 77' lang='lat' dir='ltr'><strong>orthodoxos</strong></span> <span class='ocrx_word' id='word_1_507' title='bbox 1285 4154 1649 4210; x_wconf 87' lang='lat' dir='ltr'><strong>Ecclesiarum</strong></span> <span class='ocrx_word' id='word_1_508' title='bbox 1689 4156 1769 4228; x_wconf 90' lang='lat' dir='ltr'><strong>pri</strong></span> <span class='ocrx_word' id='word_1_509' title='bbox 1780 4172 1838 4209; x_wconf 90' lang='lat' dir='ltr'><strong>n-</strong></span> 
     </span>
    </p>
   </div>
   <div class='ocr_carea' id='block_1_73' title="bbox 240 4247 1841 4322">
    <p class='ocr_par' dir='ltr' id='par_1_73' title="bbox 240 4247 1841 4322">
     <span class='ocr_line' id='line_1_73' title="bbox 240 4247 1841 4322; baseline 0.001 -18"><span class='ocrx_word' id='word_1_510' title='bbox 240 4247 398 4321; x_wconf 85' lang='lat' dir='ltr'><strong>cipes</strong></span> <span class='ocrx_word' id='word_1_511' title='bbox 425 4248 714 4320; x_wconf 83' lang='lat' dir='ltr'><strong>synodales</strong></span> <span class='ocrx_word' id='word_1_512' title='bbox 745 4248 860 4305; x_wconf 77' lang='lat' dir='ltr'><strong>fieri</strong></span> <span class='ocrx_word' id='word_1_513' title='bbox 899 4256 1197 4308; x_wconf 87' lang='lat' dir='ltr'><strong>conventus</strong></span> <span class='ocrx_word' id='word_1_514' title='bbox 1226 4249 1574 4316; x_wconf 88' lang='lat' dir='ltr'><strong>decernatur,</strong></span> <span class='ocrx_word' id='word_1_515' title='bbox 1619 4258 1841 4322; x_wconf 66' lang='lat' dir='ltr'><strong>promer</strong></span> 
     </span>
    </p>
   </div>
   <div class='ocr_carea' id='block_1_74' title="bbox 239 4340 1840 4411">
    <p class='ocr_par' dir='ltr' id='par_1_74' title="bbox 239 4340 1840 4411">
     <span class='ocr_line' id='line_1_74' title="bbox 239 4340 1840 4411; baseline 0 -15"><span class='ocrx_word' id='word_1_516' title='bbox 239 4340 594 4406; x_wconf 84' lang='lat' dir='ltr'><strong>necessarias</strong></span> <span class='ocrx_word' id='word_1_517' title='bbox 626 4348 830 4398; x_wconf 61' lang='lat' dir='ltr'><strong>sanctae</strong></span> <span class='ocrx_word' id='word_1_518' title='bbox 858 4341 1116 4399; x_wconf 75' lang='lat' dir='ltr'><strong>Ecclesizn</strong></span> <span class='ocrx_word' id='word_1_519' title='bbox 1143 4340 1429 4407; x_wconf 89' lang='lat' dir='ltr'><strong>utilitates,</strong></span> <span class='ocrx_word' id='word_1_520' title='bbox 1451 4357 1570 4411; x_wconf 84' lang='lat' dir='ltr'><strong>quae</strong></span> <span class='ocrx_word' id='word_1_521' title='bbox 1599 4357 1706 4396; x_wconf 92' lang='lat' dir='ltr'><strong>non</strong></span> <span class='ocrx_word' id='word_1_522' title='bbox 1733 4343 1840 4397; x_wconf 87' lang='lat' dir='ltr'><strong>nisi</strong></span> 
     </span>
    </p>
   </div>
   <div class='ocr_carea' id='block_1_75' title="bbox 240 4431 1840 4506">
    <p class='ocr_par' dir='ltr' id='par_1_75' title="bbox 240 4431 1840 4506">
     <span class='ocr_line' id='line_1_75' title="bbox 240 4431 1840 4506; baseline 0.001 -18"><span class='ocrx_word' id='word_1_523' title='bbox 240 4431 596 4504; x_wconf 82' lang='lat' dir='ltr'><strong>synodalibus</strong></span> <span class='ocrx_word' id='word_1_524' title='bbox 623 4433 940 4506; x_wconf 85' lang='lat' dir='ltr'><strong>investigari</strong></span> <span class='ocrx_word' id='word_1_525' title='bbox 967 4433 1211 4490; x_wconf 90' lang='lat' dir='ltr'><strong>conciliis</strong></span> <span class='ocrx_word' id='word_1_526' title='bbox 1248 4443 1411 4504; x_wconf 89' lang='lat' dir='ltr'><strong>atque</strong></span> <span class='ocrx_word' id='word_1_527' title='bbox 1443 4434 1722 4490; x_wconf 89' lang='lat' dir='ltr'><strong>canonicis</strong></span> <span class='ocrx_word' id='word_1_528' title='bbox 1750 4435 1840 4490; x_wconf 88' lang='lat' dir='ltr'><strong>de-</strong></span> 
     </span>
    </p>
   </div>
   <div class='ocr_carea' id='block_1_76' title="bbox 245 4522 1836 4600">
    <p class='ocr_par' dir='ltr' id='par_1_76' title="bbox 245 4522 1836 4600">
     <span class='ocr_line' id='line_1_76' title="bbox 245 4522 1836 4600; baseline 0.003 -23"><span class='ocrx_word' id='word_1_529' title='bbox 245 4522 399 4578; x_wconf 81' lang='lat' dir='ltr'><strong>finiri</strong></span> <span class='ocrx_word' id='word_1_530' title='bbox 421 4525 791 4600; x_wconf 75' lang='lat' dir='ltr'><strong>sanctionibus</strong></span> <span class='ocrx_word' id='word_1_531' title='bbox 820 4525 1034 4582; x_wconf 87' lang='lat' dir='ltr'><strong>debent.</strong></span> <span class='ocrx_word' id='word_1_532' title='bbox 1065 4525 1219 4582; x_wconf 91' lang='lat' dir='ltr'><strong>Unde</strong></span> <span class='ocrx_word' id='word_1_533' title='bbox 1250 4534 1471 4582; x_wconf 88' lang='lat' dir='ltr'><strong>cautum</strong></span> <span class='ocrx_word' id='word_1_534' title='bbox 1499 4535 1554 4581; x_wconf 90' lang='lat' dir='ltr'><strong>et</strong></span> <span class='ocrx_word' id='word_1_535' title='bbox 1576 4525 1836 4582; x_wconf 89' lang='lat' dir='ltr'><strong>humilem</strong></span> 
     </span>
    </p>
   </div>
   <div class='ocr_carea' id='block_1_77' title="bbox 243 4618 1840 4692">
    <p class='ocr_par' dir='ltr' id='par_1_77' title="bbox 243 4618 1840 4692">
     <span class='ocr_line' id='line_1_77' title="bbox 243 4618 1840 4692; baseline 0.001 -18"><span class='ocrx_word' id='word_1_536' title='bbox 243 4624 312 4686; x_wconf 70' lang='lat' dir='ltr'><strong>et</strong></span> <span class='ocrx_word' id='word_1_537' title='bbox 349 4618 506 4678; x_wconf 81' lang='lat' dir='ltr'><strong>valde</strong></span> <span class='ocrx_word' id='word_1_538' title='bbox 548 4620 1002 4690; x_wconf 78' lang='lat' dir='ltr'><strong>circumspectum</strong></span> <span class='ocrx_word' id='word_1_539' title='bbox 1048 4627 1260 4690; x_wconf 91' lang='lat' dir='ltr'><strong>oportet</strong></span> <span class='ocrx_word' id='word_1_540' title='bbox 1299 4634 1420 4678; x_wconf 87' lang='lat' dir='ltr'><strong>esse</strong></span> <span class='ocrx_word' id='word_1_541' title='bbox 1469 4635 1691 4692; x_wconf 87' lang='lat' dir='ltr'><strong>regem;</strong></span> <span class='ocrx_word' id='word_1_542' title='bbox 1740 4635 1840 4677; x_wconf 91' lang='lat' dir='ltr'><strong>nec</strong></span> 
     </span>
    </p>
   </div>
   <div class='ocr_carea' id='block_1_78' title="bbox 245 4710 1838 4786">
    <p class='ocr_par' dir='ltr' id='par_1_78' title="bbox 245 4710 1838 4786">
     <span class='ocr_line' id='line_1_78' title="bbox 245 4710 1838 4786; baseline 0.001 -18"><span class='ocrx_word' id='word_1_543' title='bbox 245 4710 552 4784; x_wconf 80' lang='lat' dir='ltr'><strong>quidquam</strong></span> <span class='ocrx_word' id='word_1_544' title='bbox 579 4712 647 4769; x_wconf 91' lang='lat' dir='ltr'><strong>de</strong></span> <span class='ocrx_word' id='word_1_545' title='bbox 689 4713 921 4786; x_wconf 86' lang='lat' dir='ltr'><strong>negotiis</strong></span> <span class='ocrx_word' id='word_1_546' title='bbox 965 4711 1352 4768; x_wconf 85' lang='lat' dir='ltr'><strong>ecclesiasticis</strong></span> <span class='ocrx_word' id='word_1_547' title='bbox 1397 4711 1646 4786; x_wconf 83' lang='lat' dir='ltr'><strong>judicare</strong></span> <span class='ocrx_word' id='word_1_548' title='bbox 1693 4727 1838 4782; x_wconf 70' lang='lat' dir='ltr'><strong>pra:-</strong></span> 
     </span>
    </p>
   </div>
   <div class='ocr_carea' id='block_1_79' title="bbox 247 4800 1841 4881">
    <p class='ocr_par' dir='ltr' id='par_1_79' title="bbox 247 4800 1841 4881">
     <span class='ocr_line' id='line_1_79' title="bbox 247 4800 1841 4881; baseline -0.003 -21"><span class='ocrx_word' id='word_1_549' title='bbox 247 4807 472 4866; x_wconf 80' lang='lat' dir='ltr'><strong>sumat,</strong></span> <span class='ocrx_word' id='word_1_550' title='bbox 502 4810 790 4881; x_wconf 86' lang='lat' dir='ltr'><strong>antequam</strong></span> <span class='ocrx_word' id='word_1_551' title='bbox 835 4801 1113 4876; x_wconf 83' lang='lat' dir='ltr'><strong>synodalia</strong></span> <span class='ocrx_word' id='word_1_552' title='bbox 1150 4809 1352 4860; x_wconf 86' lang='lat' dir='ltr'><strong>statuta</strong></span> <span class='ocrx_word' id='word_1_553' title='bbox 1409 4810 1719 4874; x_wconf 87' lang='lat' dir='ltr'><strong>cognoscat.</strong></span> <span class='ocrx_word' id='word_1_554' title='bbox 1756 4800 1841 4858; x_wconf 91' lang='lat' dir='ltr'><strong>Si-</strong></span> 
     </span>
    </p>
   </div>
   <div class='ocr_carea' id='block_1_80' title="bbox 249 4892 1840 4966">
    <p class='ocr_par' dir='ltr' id='par_1_80' title="bbox 249 4892 1840 4966">
     <span class='ocr_line' id='line_1_80' title="bbox 249 4892 1840 4966; baseline 0 -18"><span class='ocrx_word' id='word_1_555' title='bbox 249 4893 475 4966; x_wconf 87' lang='lat' dir='ltr'><strong>quidem</strong></span> <span class='ocrx_word' id='word_1_556' title='bbox 507 4894 874 4952; x_wconf 82' lang='lat' dir='ltr'><strong>ecclesiastica</strong></span> <span class='ocrx_word' id='word_1_557' title='bbox 900 4892 1108 4962; x_wconf 86' lang='lat' dir='ltr'><strong>judicia</strong></span> <span class='ocrx_word' id='word_1_558' title='bbox 1137 4893 1292 4950; x_wconf 88' lang='lat' dir='ltr'><strong>valde</strong></span> <span class='ocrx_word' id='word_1_559' title='bbox 1335 4900 1461 4948; x_wconf 88' lang='lat' dir='ltr'><strong>sunt</strong></span> <span class='ocrx_word' id='word_1_560' title='bbox 1501 4908 1685 4952; x_wconf 89' lang='lat' dir='ltr'><strong>coram</strong></span> <span class='ocrx_word' id='word_1_561' title='bbox 1729 4893 1840 4952; x_wconf 85' lang='lat' dir='ltr'><strong>Deo</strong></span> 
     </span>
    </p>
   </div>
   <div class='ocr_carea' id='block_1_81' title="bbox 247 4983 1835 5068">
    <p class='ocr_par' dir='ltr' id='par_1_81' title="bbox 247 4983 1835 5068">
     <span class='ocr_line' id='line_1_81' title="bbox 247 4983 1835 5068; baseline 0 -26"><span class='ocrx_word' id='word_1_562' title='bbox 247 4987 576 5063; x_wconf 83' lang='lat' dir='ltr'><strong>periculosa,</strong></span> <span class='ocrx_word' id='word_1_563' title='bbox 615 4987 722 5054; x_wconf 78' lang='lat' dir='ltr'><strong>nisi</strong></span> <span class='ocrx_word' id='word_1_564' title='bbox 765 5001 893 5044; x_wconf 89' lang='lat' dir='ltr'><strong>cum</strong></span> <span class='ocrx_word' id='word_1_565' title='bbox 933 4986 1168 5042; x_wconf 74' lang='lat' dir='ltr'><strong>maxima</strong></span> <span class='ocrx_word' id='word_1_566' title='bbox 1208 4983 1556 5068; x_wconf 70' lang='lat' dir='ltr'><strong>proferantur</strong></span> <span class='ocrx_word' id='word_1_567' title='bbox 1591 4985 1835 5056; x_wconf 87' lang='lat' dir='ltr'><strong>justitia;</strong></span> 
     </span>
    </p>
   </div>
   <div class='ocr_carea' id='block_1_82' title="bbox 247 5078 1844 5154">
    <p class='ocr_par' dir='ltr' id='par_1_82' title="bbox 247 5078 1844 5154">
     <span class='ocr_line' id='line_1_82' title="bbox 247 5078 1844 5154; baseline -0.001 -20"><span class='ocrx_word' id='word_1_568' title='bbox 247 5080 523 5154; x_wconf 66' lang='lat' dir='ltr'><strong>praecipue</strong></span> <span class='ocrx_word' id='word_1_569' title='bbox 567 5080 616 5136; x_wconf 90' lang='lat' dir='ltr'><strong>si</strong></span> <span class='ocrx_word' id='word_1_570' title='bbox 655 5094 752 5153; x_wconf 83' lang='lat' dir='ltr'><strong>per</strong></span> <span class='ocrx_word' id='word_1_571' title='bbox 791 5078 1156 5142; x_wconf 84' lang='lat' dir='ltr'><strong>calumniosos</strong></span> <span class='ocrx_word' id='word_1_572' title='bbox 1201 5086 1548 5138; x_wconf 83' lang='lat' dir='ltr'><strong>accusatores</strong></span> <span class='ocrx_word' id='word_1_573' title='bbox 1592 5084 1648 5133; x_wconf 91' lang='lat' dir='ltr'><strong>et</strong></span> <span class='ocrx_word' id='word_1_574' title='bbox 1691 5092 1844 5134; x_wconf 92' lang='lat' dir='ltr'><strong>men-</strong></span> 
     </span>
    </p>
   </div>
   <div class='ocr_carea' id='block_1_83' title="bbox 251 5153 1843 5242">
    <p class='ocr_par' dir='ltr' id='par_1_83' title="bbox 251 5153 1843 5242">
     <span class='ocr_line' id='line_1_83' title="bbox 251 5153 1843 5242; baseline -0.001 -16"><span class='ocrx_word' id='word_1_575' title='bbox 251 5153 424 5240; x_wconf 79' lang='lat' dir='ltr'><strong>dosos</strong></span> <span class='ocrx_word' id='word_1_576' title='bbox 467 5177 655 5236; x_wconf 89' lang='lat' dir='ltr'><strong>testes,</strong></span> <span class='ocrx_word' id='word_1_577' title='bbox 699 5157 806 5242; x_wconf 12' lang='lat' dir='ltr'><strong>qui.</strong></span> <span class='ocrx_word' id='word_1_578' title='bbox 831 5169 1147 5228; x_wconf 86' lang='lat' dir='ltr'><strong>innocentes</strong></span> <span class='ocrx_word' id='word_1_579' title='bbox 1181 5175 1308 5226; x_wconf 89' lang='lat' dir='ltr'><strong>sunt</strong></span> <span class='ocrx_word' id='word_1_580' title='bbox 1339 5153 1717 5240; x_wconf 60' lang='lat' dir='ltr'><strong>eraniiuentur</strong></span> <span class='ocrx_word' id='word_1_581' title='bbox 1750 5167 1843 5224; x_wconf 88' lang='lat' dir='ltr'><strong>ab-</strong></span> 
     </span>
    </p>
   </div>
   <div class='ocr_carea' id='block_1_84' title="bbox 251 5257 1842 5334">
    <p class='ocr_par' dir='ltr' id='par_1_84' title="bbox 251 5257 1842 5334">
     <span class='ocr_line' id='line_1_84' title="bbox 251 5257 1842 5334; baseline -0.003 -16"><span class='ocrx_word' id='word_1_582' title='bbox 251 5269 463 5326; x_wconf 86' lang='lat' dir='ltr'><strong>sentes,</strong></span> <span class='ocrx_word' id='word_1_583' title='bbox 510 5261 657 5334; x_wconf 86' lang='lat' dir='ltr'><strong>quod</strong></span> <span class='ocrx_word' id='word_1_584' title='bbox 702 5269 786 5317; x_wconf 86' lang='lat' dir='ltr'><strong>est</strong></span> <span class='ocrx_word' id='word_1_585' title='bbox 836 5258 1262 5318; x_wconf 89' lang='lat' dir='ltr'><strong>Christianitatis</strong></span> <span class='ocrx_word' id='word_1_586' title='bbox 1305 5258 1558 5314; x_wconf 87' lang='lat' dir='ltr'><strong>alienum.</strong></span> <span class='ocrx_word' id='word_1_587' title='bbox 1600 5257 1755 5318; x_wconf 89' lang='lat' dir='ltr'><strong>Unde</strong></span> <span class='ocrx_word' id='word_1_588' title='bbox 1786 5266 1842 5316; x_wconf 91' lang='lat' dir='ltr'><strong>et</strong></span> 
     </span>
    </p>
   </div>
   <div class='ocr_carea' id='block_1_85' title="bbox 252 5347 1846 5428">
    <p class='ocr_par' dir='ltr' id='par_1_85' title="bbox 252 5347 1846 5428">
     <span class='ocr_line' id='line_1_85' title="bbox 252 5347 1846 5428; baseline -0.001 -20"><span class='ocrx_word' id='word_1_589' title='bbox 252 5353 394 5409; x_wconf 90' lang='lat' dir='ltr'><strong>illud</strong></span> <span class='ocrx_word' id='word_1_590' title='bbox 432 5350 490 5409; x_wconf 87' lang='lat' dir='ltr'><strong>in</strong></span> <span class='ocrx_word' id='word_1_591' title='bbox 528 5350 818 5424; x_wconf 84' lang='lat' dir='ltr'><strong>Evanger</strong></span> <span class='ocrx_word' id='word_1_592' title='bbox 854 5350 1091 5428; x_wconf 84' lang='lat' dir='ltr'><strong>legitur:</strong></span> <span class='ocrx_word' id='word_1_593' title='bbox 1130 5348 1384 5420; x_wconf 77' lang='lat' dir='ltr'><strong>Nunquid</strong></span> <span class='ocrx_word' id='word_1_594' title='bbox 1414 5347 1498 5404; x_wconf 69' lang='lat' dir='ltr'><strong>lea:</strong></span> <span class='ocrx_word' id='word_1_595' title='bbox 1539 5357 1719 5406; x_wconf 75' lang='lat' dir='ltr'><strong>nostra</strong></span> <span class='ocrx_word' id='word_1_596' title='bbox 1749 5349 1846 5420; x_wconf 86' lang='lat' dir='ltr'><strong>ju-</strong></span> 
     </span>
    </p>
   </div>
   <div class='ocr_carea' id='block_1_86' title="bbox 250 5441 1848 5522">
    <p class='ocr_par' dir='ltr' id='par_1_86' title="bbox 250 5441 1848 5522">
     <span class='ocr_line' id='line_1_86' title="bbox 250 5441 1848 5522; baseline 0.001 -25"><span class='ocrx_word' id='word_1_597' title='bbox 250 5444 400 5500; x_wconf 80' lang='lat' dir='ltr'><strong>dicat</strong></span> <span class='ocrx_word' id='word_1_598' title='bbox 428 5443 708 5512; x_wconf 71' lang='lat' dir='ltr'><strong>hominem,</strong></span> <span class='ocrx_word' id='word_1_599' title='bbox 742 5443 842 5500; x_wconf 76' lang='lat' dir='ltr'><strong>nisi</strong></span> <span class='ocrx_word' id='word_1_600' title='bbox 887 5441 1206 5522; x_wconf 52' lang='lat' dir='ltr'><strong>audierit‘ab</strong></span> <span class='ocrx_word' id='word_1_601' title='bbox 1245 5441 1358 5512; x_wconf 74' lang='lat' dir='ltr'><strong>ipso</strong></span> <span class='ocrx_word' id='word_1_602' title='bbox 1397 5441 1544 5512; x_wconf 76' lang='lat' dir='ltr'><strong>prius</strong></span> <span class='ocrx_word' id='word_1_603' title='bbox 1571 5449 1620 5498; x_wconf 79' lang='lat' dir='ltr'><strong>et</strong></span> <span class='ocrx_word' id='word_1_604' title='bbox 1657 5458 1848 5513; x_wconf 84' lang='lat' dir='ltr'><strong>cogno-</strong></span> 
     </span>
    </p>
   </div>
   <div class='ocr_carea' id='block_1_87' title="bbox 251 5531 1847 5613">
    <p class='ocr_par' dir='ltr' id='par_1_87' title="bbox 251 5531 1847 5613">
     <span class='ocr_line' id='line_1_87' title="bbox 251 5531 1847 5613; baseline -0.001 -24"><span class='ocrx_word' id='word_1_605' title='bbox 251 5534 388 5589; x_wconf 78' lang='lat' dir='ltr'><strong>verit</strong></span> <span class='ocrx_word' id='word_1_606' title='bbox 414 5534 543 5607; x_wconf 74' lang='lat' dir='ltr'><strong>quid</strong></span> <span class='ocrx_word' id='word_1_607' title='bbox 572 5534 777 5606; x_wconf 73' lang='lat' dir='ltr'><strong>faciat!</strong></span> <span class='ocrx_word' id='word_1_608' title='bbox 802 5532 983 5607; x_wconf 84' lang='lat' dir='ltr'><strong>(Joan.</strong></span> <span class='ocrx_word' id='word_1_609' title='bbox 1011 5549 1118 5601; x_wconf 86' lang='lat' dir='ltr'><strong>vn,</strong></span> <span class='ocrx_word' id='word_1_610' title='bbox 1145 5531 1262 5603; x_wconf 84' lang='grc'><strong>51.)</strong></span> <span class='ocrx_word' id='word_1_611' title='bbox 1289 5531 1419 5613; x_wconf 61' lang='lat' dir='ltr'><strong>Eius</strong></span> <span class='ocrx_word' id='word_1_612' title='bbox 1453 5531 1635 5602; x_wconf 86' lang='lat' dir='ltr'><strong>itaque</strong></span> <span class='ocrx_word' id='word_1_613' title='bbox 1667 5542 1847 5592; x_wconf 89' lang='lat' dir='ltr'><strong>rector</strong></span> 
     </span>
    </p>
   </div>
   <div class='ocr_carea' id='block_1_88' title="bbox 253 5622 1846 5702">
    <p class='ocr_par' dir='ltr' id='par_1_88' title="bbox 253 5622 1846 5702">
     <span class='ocr_line' id='line_1_88' title="bbox 253 5622 1846 5702; baseline -0.001 -21"><span class='ocrx_word' id='word_1_614' title='bbox 253 5635 524 5697; x_wconf 83' lang='lat' dir='ltr'><strong>tanquam</strong></span> <span class='ocrx_word' id='word_1_615' title='bbox 554 5625 822 5686; x_wconf 88' lang='lat' dir='ltr'><strong>luminosa</strong></span> <span class='ocrx_word' id='word_1_616' title='bbox 846 5627 1045 5701; x_wconf 88' lang='lat' dir='ltr'><strong>pupilla</strong></span> <span class='ocrx_word' id='word_1_617' title='bbox 1074 5626 1250 5702; x_wconf 84' lang='lat' dir='ltr'><strong>primo</strong></span> <span class='ocrx_word' id='word_1_618' title='bbox 1283 5625 1427 5700; x_wconf 87' lang='lat' dir='ltr'><strong>quod</strong></span> <span class='ocrx_word' id='word_1_619' title='bbox 1456 5622 1665 5695; x_wconf 86' lang='lat' dir='ltr'><strong>justum</strong></span> <span class='ocrx_word' id='word_1_620' title='bbox 1689 5633 1743 5684; x_wconf 91' lang='lat' dir='ltr'><strong>et</strong></span> <span class='ocrx_word' id='word_1_621' title='bbox 1771 5622 1846 5682; x_wconf 90' lang='lat' dir='ltr'><strong>le-</strong></span> 
     </span>
    </p>
   </div>
   <div class='ocr_carea' id='block_1_89' title="bbox 254 5715 1845 5798">
    <p class='ocr_par' dir='ltr' id='par_1_89' title="bbox 254 5715 1845 5798">
     <span class='ocr_line' id='line_1_89' title="bbox 254 5715 1845 5798; baseline 0.003 -29"><span class='ocrx_word' id='word_1_622' title='bbox 254 5717 514 5791; x_wconf 77' lang='lat' dir='ltr'><strong>gitimum</strong></span> <span class='ocrx_word' id='word_1_623' title='bbox 541 5727 626 5775; x_wconf 87' lang='lat' dir='ltr'><strong>est</strong></span> <span class='ocrx_word' id='word_1_624' title='bbox 649 5721 949 5794; x_wconf 83' lang='lat' dir='ltr'><strong>secundum</strong></span> <span class='ocrx_word' id='word_1_625' title='bbox 975 5719 1269 5792; x_wconf 78' lang='lat' dir='ltr'><strong>canonicas</strong></span> <span class='ocrx_word' id='word_1_626' title='bbox 1295 5723 1608 5786; x_wconf 84' lang='lat' dir='ltr'><strong>sanctorum</strong></span> <span class='ocrx_word' id='word_1_627' title='bbox 1632 5715 1845 5798; x_wconf 88' lang='lat' dir='ltr'><strong>episco-</strong></span> 
     </span>
    </p>
   </div>
   <div class='ocr_carea' id='block_1_90' title="bbox 253 5809 1844 5893">
    <p class='ocr_par' dir='ltr' id='par_1_90' title="bbox 253 5809 1844 5893">
     <span class='ocr_line' id='line_1_90' title="bbox 253 5809 1844 5893; baseline 0.001 -27"><span class='ocrx_word' id='word_1_628' title='bbox 253 5825 458 5882; x_wconf 88' lang='lat' dir='ltr'><strong>porum</strong></span> <span class='ocrx_word' id='word_1_629' title='bbox 508 5811 816 5884; x_wconf 80' lang='lat' dir='ltr'><strong>sanctiones</strong></span> <span class='ocrx_word' id='word_1_630' title='bbox 869 5811 1258 5890; x_wconf 81' lang='lat' dir='ltr'><strong>perspicaciter</strong></span> <span class='ocrx_word' id='word_1_631' title='bbox 1317 5809 1596 5879; x_wconf 85' lang='lat' dir='ltr'><strong>attendat;</strong></span> <span class='ocrx_word' id='word_1_632' title='bbox 1647 5809 1844 5893; x_wconf 83' lang='lat' dir='ltr'><strong>dehinc</strong></span> 
     </span>
    </p>
   </div>
   <div class='ocr_carea' id='block_1_91' title="bbox 1863 4578 1920 4642">
    <p class='ocr_par' dir='ltr' id='par_1_91' title="bbox 1863 4578 1920 4642">
     <span class='ocr_line' id='line_1_91' title="bbox 1863 4578 1920 4642; baseline 0 0"><span class='ocrx_word' id='word_1_633' title='bbox 1863 4578 1920 4642; x_wconf 90' lang='lat' dir='ltr'><strong>D</strong></span> 
     </span>
    </p>
   </div>
   <div class='ocr_carea' id='block_1_92' title="bbox 1937 3308 3535 3378">
    <p class='ocr_par' dir='ltr' id='par_1_92' title="bbox 1937 3308 3535 3378">
     <span class='ocr_line' id='line_1_92' title="bbox 1937 3308 3535 3378; baseline 0.001 -16"><span class='ocrx_word' id='word_1_634' title='bbox 1937 3315 2194 3378; x_wconf 90' lang='lat' dir='ltr'><strong>tanquam</strong></span> <span class='ocrx_word' id='word_1_635' title='bbox 2233 3308 2459 3365; x_wconf 92' lang='lat' dir='ltr'><strong>dilectos</strong></span> <span class='ocrx_word' id='word_1_636' title='bbox 2489 3310 2592 3365; x_wconf 90' lang='lat' dir='ltr'><strong>sibi</strong></span> <span class='ocrx_word' id='word_1_637' title='bbox 2641 3311 2922 3366; x_wconf 84' lang='lat' dir='ltr'><strong>ministros</strong></span> <span class='ocrx_word' id='word_1_638' title='bbox 2957 3311 3010 3365; x_wconf 92' lang='lat' dir='ltr'><strong>in</strong></span> <span class='ocrx_word' id='word_1_639' title='bbox 3054 3320 3318 3366; x_wconf 85' lang='lat' dir='ltr'><strong>aeternum</strong></span> <span class='ocrx_word' id='word_1_640' title='bbox 3356 3309 3535 3365; x_wconf 88' lang='lat' dir='ltr'><strong>beati-</strong></span> 
     </span>
    </p>
   </div>
   <div class='ocr_carea' id='block_1_93' title="bbox 1935 3399 3532 3473">
    <p class='ocr_par' dir='ltr' id='par_1_93' title="bbox 1935 3399 3532 3473">
     <span class='ocr_line' id='line_1_93' title="bbox 1935 3399 3532 3473; baseline 0.003 -19"><span class='ocrx_word' id='word_1_641' title='bbox 1935 3399 2064 3456; x_wconf 83' lang='lat' dir='ltr'><strong>ﬂcat</strong></span> <span class='ocrx_word' id='word_1_642' title='bbox 2095 3401 2149 3455; x_wconf 92' lang='lat' dir='ltr'><strong>in</strong></span> <span class='ocrx_word' id='word_1_643' title='bbox 2178 3401 2349 3456; x_wconf 68' lang='lat' dir='ltr'><strong>caelis.</strong></span> <span class='ocrx_word' id='word_1_644' title='bbox 2381 3401 2488 3457; x_wconf 91' lang='lat' dir='ltr'><strong>Sed</strong></span> <span class='ocrx_word' id='word_1_645' title='bbox 2518 3404 2563 3457; x_wconf 91' lang='lat' dir='ltr'><strong>si</strong></span> <span class='ocrx_word' id='word_1_646' title='bbox 2600 3403 2722 3473; x_wconf 87' lang='lat' dir='ltr'><strong>quis</strong></span> <span class='ocrx_word' id='word_1_647' title='bbox 2748 3413 2833 3459; x_wconf 89' lang='lat' dir='ltr'><strong>est</strong></span> <span class='ocrx_word' id='word_1_648' title='bbox 2865 3411 3135 3458; x_wconf 89' lang='lat' dir='ltr'><strong>tantorum</strong></span> <span class='ocrx_word' id='word_1_649' title='bbox 3164 3402 3392 3457; x_wconf 68' lang='lat' dir='ltr'><strong>aemulus</strong></span> <span class='ocrx_word' id='word_1_650' title='bbox 3416 3401 3532 3472; x_wconf 91' lang='lat' dir='ltr'><strong>glo-</strong></span> 
     </span>
    </p>
   </div>
   <div class='ocr_carea' id='block_1_94' title="bbox 1937 3489 3536 3563">
    <p class='ocr_par' dir='ltr' id='par_1_94' title="bbox 1937 3489 3536 3563">
     <span class='ocr_line' id='line_1_94' title="bbox 1937 3489 3536 3563; baseline 0.003 -19"><span class='ocrx_word' id='word_1_651' title='bbox 1937 3489 2034 3545; x_wconf 68' lang='lat' dir='ltr'><strong>ria:</strong></span> <span class='ocrx_word' id='word_1_652' title='bbox 2073 3491 2401 3562; x_wconf 88' lang='lat' dir='ltr'><strong>principum,</strong></span> <span class='ocrx_word' id='word_1_653' title='bbox 2449 3493 2495 3548; x_wconf 93' lang='lat' dir='ltr'><strong>si</strong></span> <span class='ocrx_word' id='word_1_654' title='bbox 2536 3493 2660 3563; x_wconf 90' lang='lat' dir='ltr'><strong>quis</strong></span> <span class='ocrx_word' id='word_1_655' title='bbox 2690 3493 3037 3550; x_wconf 89' lang='lat' dir='ltr'><strong>Christianus</strong></span> <span class='ocrx_word' id='word_1_656' title='bbox 3071 3502 3255 3549; x_wconf 88' lang='lat' dir='ltr'><strong>rector</strong></span> <span class='ocrx_word' id='word_1_657' title='bbox 3301 3492 3536 3550; x_wconf 82' lang='lat' dir='ltr'><strong>feliciter</strong></span> 
     </span>
    </p>
   </div>
   <div class='ocr_carea' id='block_1_95' title="bbox 1937 3581 3536 3655">
    <p class='ocr_par' dir='ltr' id='par_1_95' title="bbox 1937 3581 3536 3655">
     <span class='ocr_line' id='line_1_95' title="bbox 1937 3581 3536 3655; baseline 0 -19"><span class='ocrx_word' id='word_1_658' title='bbox 1937 3588 1995 3636; x_wconf 87' lang='lat' dir='ltr'><strong>et</strong></span> <span class='ocrx_word' id='word_1_659' title='bbox 2021 3581 2252 3649; x_wconf 89' lang='lat' dir='ltr'><strong>gloriose</strong></span> <span class='ocrx_word' id='word_1_660' title='bbox 2292 3582 2348 3636; x_wconf 91' lang='lat' dir='ltr'><strong>in</strong></span> <span class='ocrx_word' id='word_1_661' title='bbox 2380 3582 2484 3637; x_wconf 90' lang='lat' dir='ltr'><strong>hoc</strong></span> <span class='ocrx_word' id='word_1_662' title='bbox 2528 3584 2726 3639; x_wconf 70' lang='lat' dir='ltr'><strong>saeculo</strong></span> <span class='ocrx_word' id='word_1_663' title='bbox 2766 3599 2996 3655; x_wconf 84' lang='lat' dir='ltr'><strong>regnare</strong></span> <span class='ocrx_word' id='word_1_664' title='bbox 3035 3583 3337 3648; x_wconf 91' lang='lat' dir='ltr'><strong>desiderat,</strong></span> <span class='ocrx_word' id='word_1_665' title='bbox 3379 3589 3436 3636; x_wconf 88' lang='lat' dir='ltr'><strong>et</strong></span> <span class='ocrx_word' id='word_1_666' title='bbox 3465 3581 3536 3636; x_wconf 91' lang='lat' dir='ltr'><strong>ad</strong></span> 
     </span>
    </p>
   </div>
   <div class='ocr_carea' id='block_1_96' title="bbox 1936 3669 3532 3743">
    <p class='ocr_par' dir='ltr' id='par_1_96' title="bbox 1936 3669 3532 3743">
     <span class='ocr_line' id='line_1_96' title="bbox 1936 3669 3532 3743; baseline 0.003 -20"><span class='ocrx_word' id='word_1_667' title='bbox 1936 3669 2173 3740; x_wconf 86' lang='lat' dir='ltr'><strong>palmam</strong></span> <span class='ocrx_word' id='word_1_668' title='bbox 2219 3672 2564 3741; x_wconf 65' lang='lat' dir='ltr'><strong>sempiternae</strong></span> <span class='ocrx_word' id='word_1_669' title='bbox 2594 3673 2950 3729; x_wconf 89' lang='lat' dir='ltr'><strong>beatitudinis</strong></span> <span class='ocrx_word' id='word_1_670' title='bbox 2976 3673 3269 3743; x_wconf 87' lang='lat' dir='ltr'><strong>pervenire</strong></span> <span class='ocrx_word' id='word_1_671' title='bbox 3307 3679 3532 3728; x_wconf 86' lang='lat' dir='ltr'><strong>conten-</strong></span> 
     </span>
    </p>
   </div>
   <div class='ocr_carea' id='block_1_97' title="bbox 1940 3761 3530 3836">
    <p class='ocr_par' dir='ltr' id='par_1_97' title="bbox 1940 3761 3530 3836">
     <span class='ocr_line' id='line_1_97' title="bbox 1940 3761 3530 3836; baseline 0.002 -19"><span class='ocrx_word' id='word_1_672' title='bbox 1940 3761 2040 3830; x_wconf 89' lang='lat' dir='ltr'><strong>dit,</strong></span> <span class='ocrx_word' id='word_1_673' title='bbox 2083 3761 2296 3817; x_wconf 90' lang='lat' dir='ltr'><strong>illorum</strong></span> <span class='ocrx_word' id='word_1_674' title='bbox 2324 3761 2694 3819; x_wconf 85' lang='lat' dir='ltr'><strong>ﬁdelissimam</strong></span> <span class='ocrx_word' id='word_1_675' title='bbox 2723 3780 2851 3836; x_wconf 88' lang='lat' dir='ltr'><strong>erga</strong></span> <span class='ocrx_word' id='word_1_676' title='bbox 2881 3765 3086 3820; x_wconf 90' lang='lat' dir='ltr'><strong>cultum</strong></span> <span class='ocrx_word' id='word_1_677' title='bbox 3125 3763 3530 3836; x_wconf 88' lang='lat' dir='ltr'><strong>Omnipotentis</strong></span> 
     </span>
    </p>
   </div>
   <div class='ocr_carea' id='block_1_98' title="bbox 1939 3852 3530 3926">
    <p class='ocr_par' dir='ltr' id='par_1_98' title="bbox 1939 3852 3530 3926">
     <span class='ocr_line' id='line_1_98' title="bbox 1939 3852 3530 3926; baseline 0.001 -17"><span class='ocrx_word' id='word_1_678' title='bbox 1939 3852 2183 3909; x_wconf 83' lang='lat' dir='ltr'><strong>imitetur</strong></span> <span class='ocrx_word' id='word_1_679' title='bbox 2217 3855 2576 3922; x_wconf 89' lang='lat' dir='ltr'><strong>devotionem,</strong></span> <span class='ocrx_word' id='word_1_680' title='bbox 2609 3871 2777 3926; x_wconf 91' lang='lat' dir='ltr'><strong>seque</strong></span> <span class='ocrx_word' id='word_1_681' title='bbox 2805 3857 3150 3924; x_wconf 89' lang='lat' dir='ltr'><strong>benevolum,</strong></span> <span class='ocrx_word' id='word_1_682' title='bbox 3180 3856 3530 3924; x_wconf 88' lang='lat' dir='ltr'><strong>clementem,</strong></span> 
     </span>
    </p>
   </div>
   <div class='ocr_carea' id='block_1_99' title="bbox 1939 3943 3535 4018">
    <p class='ocr_par' dir='ltr' id='par_1_99' title="bbox 1939 3943 3535 4018">
     <span class='ocr_line' id='line_1_99' title="bbox 1939 3943 3535 4018; baseline 0.004 -19"><span class='ocrx_word' id='word_1_683' title='bbox 1939 3945 1996 4018; x_wconf 85' lang='lat' dir='ltr'><strong>in</strong></span> <span class='ocrx_word' id='word_1_684' title='bbox 2021 3943 2241 4014; x_wconf 89' lang='lat' dir='ltr'><strong>judieiis</strong></span> <span class='ocrx_word' id='word_1_685' title='bbox 2268 3947 2598 4016; x_wconf 88' lang='lat' dir='ltr'><strong>districtum,</strong></span> <span class='ocrx_word' id='word_1_686' title='bbox 2633 3948 2688 4004; x_wconf 91' lang='lat' dir='ltr'><strong>in</strong></span> <span class='ocrx_word' id='word_1_687' title='bbox 2726 3949 2908 4005; x_wconf 91' lang='lat' dir='ltr'><strong>cordis</strong></span> <span class='ocrx_word' id='word_1_688' title='bbox 2944 3949 3251 4004; x_wconf 88' lang='lat' dir='ltr'><strong>humilitate</strong></span> <span class='ocrx_word' id='word_1_689' title='bbox 3281 3963 3535 4006; x_wconf 85' lang='lat' dir='ltr'><strong>mansue-</strong></span> 
     </span>
    </p>
   </div>
   <div class='ocr_carea' id='block_1_100' title="bbox 1941 4026 3537 4114">
    <p class='ocr_par' dir='ltr' id='par_1_100' title="bbox 1941 4026 3537 4114">
     <span class='ocr_line' id='line_1_100' title="bbox 1941 4026 3537 4114; baseline 0.003 -21"><span class='ocrx_word' id='word_1_690' title='bbox 1941 4044 2074 4105; x_wconf 87' lang='lat' dir='ltr'><strong>tum,</strong></span> <span class='ocrx_word' id='word_1_691' title='bbox 2123 4040 2179 4095; x_wconf 89' lang='lat' dir='ltr'><strong>in</strong></span> <span class='ocrx_word' id='word_1_692' title='bbox 2218 4040 2520 4097; x_wconf 89' lang='lat' dir='ltr'><strong>visceribus</strong></span> <span class='ocrx_word' id='word_1_693' title='bbox 2568 4041 2959 4099; x_wconf 76' lang='lat' dir='ltr'><strong>misericordiae</strong></span> <span class='ocrx_word' id='word_1_694' title='bbox 2996 4026 3446 4114; x_wconf 65' lang='lat' dir='ltr'><strong>eompatienteni,</strong></span> <span class='ocrx_word' id='word_1_695' title='bbox 3478 4041 3537 4098; x_wconf 90' lang='lat' dir='ltr'><strong>in</strong></span> 
     </span>
    </p>
   </div>
   <div class='ocr_carea' id='block_1_101' title="bbox 1938 4129 3534 4206">
    <p class='ocr_par' dir='ltr' id='par_1_101' title="bbox 1938 4129 3534 4206">
     <span class='ocr_line' id='line_1_101' title="bbox 1938 4129 3534 4206; baseline 0.003 -20"><span class='ocrx_word' id='word_1_696' title='bbox 1938 4129 2190 4204; x_wconf 86' lang='lat' dir='ltr'><strong>largitate</strong></span> <span class='ocrx_word' id='word_1_697' title='bbox 2238 4133 2578 4201; x_wconf 81' lang='lat' dir='ltr'><strong>muniﬁcum,</strong></span> <span class='ocrx_word' id='word_1_698' title='bbox 2619 4135 2675 4190; x_wconf 86' lang='lat' dir='ltr'><strong>in</strong></span> <span class='ocrx_word' id='word_1_699' title='bbox 2724 4135 2840 4191; x_wconf 81' lang='lat' dir='ltr'><strong>zelo</strong></span> <span class='ocrx_word' id='word_1_700' title='bbox 2881 4135 2974 4206; x_wconf 91' lang='lat' dir='ltr'><strong>qui</strong></span> <span class='ocrx_word' id='word_1_701' title='bbox 3014 4135 3311 4192; x_wconf 89' lang='lat' dir='ltr'><strong>secundum</strong></span> <span class='ocrx_word' id='word_1_702' title='bbox 3358 4133 3534 4192; x_wconf 88' lang='lat' dir='ltr'><strong>Deum</strong></span> 
     </span>
    </p>
   </div>
   <div class='ocr_carea' id='block_1_102' title="bbox 1941 4223 3525 4284">
    <p class='ocr_par' dir='ltr' id='par_1_102' title="bbox 1941 4223 3525 4284">
     <span class='ocr_line' id='line_1_102' title="bbox 1941 4223 3525 4284; baseline 0 -3"><span class='ocrx_word' id='word_1_703' title='bbox 1941 4233 2027 4281; x_wconf 92' lang='lat' dir='ltr'><strong>est</strong></span> <span class='ocrx_word' id='word_1_704' title='bbox 2063 4225 2376 4282; x_wconf 82' lang='lat' dir='ltr'><strong>fulmineum</strong></span> <span class='ocrx_word' id='word_1_705' title='bbox 2427 4228 2573 4283; x_wconf 91' lang='lat' dir='ltr'><strong>circa</strong></span> <span class='ocrx_word' id='word_1_706' title='bbox 2618 4223 2715 4284; x_wconf 86' lang='lat' dir='ltr'><strong>Dei</strong></span> <span class='ocrx_word' id='word_1_707' title='bbox 2762 4225 3061 4284; x_wconf 89' lang='lat' dir='ltr'><strong>Ecclesiam</strong></span> <span class='ocrx_word' id='word_1_708' title='bbox 3106 4227 3338 4282; x_wconf 85' lang='lat' dir='ltr'><strong>solerter</strong></span> <span class='ocrx_word' id='word_1_709' title='bbox 3373 4224 3525 4282; x_wconf 79' lang='lat' dir='ltr'><strong>exhi-</strong></span> 
     </span>
    </p>
   </div>
   <div class='ocr_carea' id='block_1_103' title="bbox 1941 4315 3532 4390">
    <p class='ocr_par' dir='ltr' id='par_1_103' title="bbox 1941 4315 3532 4390">
     <span class='ocr_line' id='line_1_103' title="bbox 1941 4315 3532 4390; baseline -0.001 -18"><span class='ocrx_word' id='word_1_710' title='bbox 1941 4316 2069 4372; x_wconf 87' lang='lat' dir='ltr'><strong>beat</strong></span> <span class='ocrx_word' id='word_1_711' title='bbox 2090 4357 2106 4384; x_wconf 93' lang='lat'><strong>,</strong></span> <span class='ocrx_word' id='word_1_712' title='bbox 2157 4315 2204 4372; x_wconf 89' lang='lat' dir='ltr'><strong>si</strong></span> <span class='ocrx_word' id='word_1_713' title='bbox 2243 4318 2516 4374; x_wconf 90' lang='lat' dir='ltr'><strong>consortio</strong></span> <span class='ocrx_word' id='word_1_714' title='bbox 2564 4333 2926 4390; x_wconf 89' lang='lat' dir='ltr'><strong>supernorum</strong></span> <span class='ocrx_word' id='word_1_715' title='bbox 2976 4317 3177 4374; x_wconf 87' lang='lat' dir='ltr'><strong>civium</strong></span> <span class='ocrx_word' id='word_1_716' title='bbox 3225 4331 3348 4371; x_wconf 88' lang='lat' dir='ltr'><strong>cum</strong></span> <span class='ocrx_word' id='word_1_717' title='bbox 3393 4327 3532 4371; x_wconf 83' lang='lat' dir='ltr'><strong>san-</strong></span> 
     </span>
    </p>
   </div>
   <div class='ocr_carea' id='block_1_104' title="bbox 1942 4407 3530 4482">
    <p class='ocr_par' dir='ltr' id='par_1_104' title="bbox 1942 4407 3530 4482">
     <span class='ocr_line' id='line_1_104' title="bbox 1942 4407 3530 4482; baseline -0.003 -18"><span class='ocrx_word' id='word_1_718' title='bbox 1942 4409 2046 4464; x_wconf 90' lang='lat' dir='ltr'><strong>ctis</strong></span> <span class='ocrx_word' id='word_1_719' title='bbox 2090 4415 2145 4465; x_wconf 84' lang='lat' dir='ltr'><strong>et</strong></span> <span class='ocrx_word' id='word_1_720' title='bbox 2181 4408 2347 4480; x_wconf 86' lang='lat' dir='ltr'><strong>justis</strong></span> <span class='ocrx_word' id='word_1_721' title='bbox 2393 4412 2698 4467; x_wconf 89' lang='lat' dir='ltr'><strong>rectoribus</strong></span> <span class='ocrx_word' id='word_1_722' title='bbox 2750 4424 2981 4482; x_wconf 86' lang='lat' dir='ltr'><strong>regnare</strong></span> <span class='ocrx_word' id='word_1_723' title='bbox 3027 4407 3343 4479; x_wconf 89' lang='lat' dir='ltr'><strong>perenniter</strong></span> <span class='ocrx_word' id='word_1_724' title='bbox 3393 4416 3530 4478; x_wconf 84' lang='lat' dir='ltr'><strong>pro-</strong></span> 
     </span>
    </p>
   </div>
   <div class='ocr_carea' id='block_1_105' title="bbox 1945 4493 2844 4570">
    <p class='ocr_par' dir='ltr' id='par_1_105' title="bbox 1945 4493 2844 4570">
     <span class='ocr_line' id='line_1_105' title="bbox 1945 4493 2844 4570; baseline -0.003 -12"><span class='ocrx_word' id='word_1_725' title='bbox 1945 4509 2120 4570; x_wconf 86' lang='lat' dir='ltr'><strong>curat.</strong></span> <span class='ocrx_word' id='word_1_726' title='bbox 2837 4493 2844 4498; x_wconf 83' lang='grc'><em>’</em></span> 
     </span>
    </p>
   </div>
   <div class='ocr_carea' id='block_1_106' title="bbox 2084 4593 3270 4670">
    <p class='ocr_par' dir='ltr' id='par_1_106' title="bbox 2084 4593 3270 4670">
     <span class='ocr_line' id='line_1_106' title="bbox 2084 4593 3270 4670; baseline -0.004 -16"><span class='ocrx_word' id='word_1_727' title='bbox 2084 4597 2346 4670; x_wconf 86' lang='lat' dir='ltr'><strong>Princeps</strong></span> <span class='ocrx_word' id='word_1_728' title='bbox 2373 4595 2694 4669; x_wconf 82' lang='lat' dir='ltr'><strong>magnificus</strong></span> <span class='ocrx_word' id='word_1_729' title='bbox 2713 4611 2877 4666; x_wconf 89' lang='lat' dir='ltr'><strong>quem</strong></span> <span class='ocrx_word' id='word_1_730' title='bbox 2906 4595 3048 4651; x_wconf 88' lang='lat' dir='ltr'><strong>Deus</strong></span> <span class='ocrx_word' id='word_1_731' title='bbox 3074 4593 3270 4650; x_wconf 79' lang='lat' dir='ltr'><strong>extulit</strong></span> 
     </span>
    </p>
   </div>
   <div class='ocr_carea' id='block_1_107' title="bbox 2085 4685 3210 4762">
    <p class='ocr_par' dir='ltr' id='par_1_107' title="bbox 2085 4685 3210 4762">
     <span class='ocr_line' id='line_1_107' title="bbox 2085 4685 3210 4762; baseline -0.008 -14"><span class='ocrx_word' id='word_1_732' title='bbox 2085 4689 2159 4748; x_wconf 93' lang='lat' dir='ltr'><strong>Ut</strong></span> <span class='ocrx_word' id='word_1_733' title='bbox 2185 4689 2370 4762; x_wconf 85' lang='lat' dir='ltr'><strong>praesit</strong></span> <span class='ocrx_word' id='word_1_734' title='bbox 2395 4686 2595 4760; x_wconf 91' lang='lat' dir='ltr'><strong>populo</strong></span> <span class='ocrx_word' id='word_1_735' title='bbox 2625 4687 2927 4757; x_wconf 86' lang='lat' dir='ltr'><strong>sceptriger</strong></span> <span class='ocrx_word' id='word_1_736' title='bbox 2955 4685 3210 4758; x_wconf 85' lang='lat' dir='ltr'><strong>inclytus,</strong></span> 
     </span>
    </p>
   </div>
   <div class='ocr_carea' id='block_1_108' title="bbox 2086 4778 3147 4843">
    <p class='ocr_par' dir='ltr' id='par_1_108' title="bbox 2086 4778 3147 4843">
     <span class='ocr_line' id='line_1_108' title="bbox 2086 4778 3147 4843; baseline -0.005 -5"><span class='ocrx_word' id='word_1_737' title='bbox 2086 4783 2257 4838; x_wconf 89' lang='lat' dir='ltr'><strong>Debet</strong></span> <span class='ocrx_word' id='word_1_738' title='bbox 2282 4781 2623 4837; x_wconf 88' lang='lat' dir='ltr'><strong>Celsithrono</strong></span> <span class='ocrx_word' id='word_1_739' title='bbox 2649 4793 2708 4835; x_wconf 89' lang='lat' dir='ltr'><strong>se</strong></span> <span class='ocrx_word' id='word_1_740' title='bbox 2733 4779 2873 4836; x_wconf 88' lang='lat' dir='ltr'><strong>bene</strong></span> <span class='ocrx_word' id='word_1_741' title='bbox 2896 4778 3147 4843; x_wconf 87' lang='lat' dir='ltr'><strong>subdere,</strong></span> 
     </span>
    </p>
   </div>
   <div class='ocr_carea' id='block_1_109' title="bbox 2085 4869 3122 4944">
    <p class='ocr_par' dir='ltr' id='par_1_109' title="bbox 2085 4869 3122 4944">
     <span class='ocr_line' id='line_1_109' title="bbox 2085 4869 3122 4944; baseline -0.007 -13"><span class='ocrx_word' id='word_1_742' title='bbox 2085 4874 2289 4931; x_wconf 91' lang='lat' dir='ltr'><strong>Cedros</strong></span> <span class='ocrx_word' id='word_1_743' title='bbox 2316 4874 2409 4944; x_wconf 90' lang='lat' dir='ltr'><strong>qui</strong></span> <span class='ocrx_word' id='word_1_744' title='bbox 2436 4871 2627 4927; x_wconf 87' lang='lat' dir='ltr'><strong>Libani</strong></span> <span class='ocrx_word' id='word_1_745' title='bbox 2655 4870 2908 4927; x_wconf 89' lang='lat' dir='ltr'><strong>conditor</strong></span> <span class='ocrx_word' id='word_1_746' title='bbox 2930 4869 3122 4936; x_wconf 88' lang='lat' dir='ltr'><strong>edidit,</strong></span> 
     </span>
    </p>
   </div>
   <div class='ocr_carea' id='block_1_110' title="bbox 2089 4962 3191 5040">
    <p class='ocr_par' dir='ltr' id='par_1_110' title="bbox 2089 4962 3191 5040">
     <span class='ocr_line' id='line_1_110' title="bbox 2089 4962 3191 5040; baseline -0.007 -17"><span class='ocrx_word' id='word_1_747' title='bbox 2089 4967 2299 5024; x_wconf 84' lang='lat' dir='ltr'><strong>Montes</strong></span> <span class='ocrx_word' id='word_1_748' title='bbox 2324 4967 2417 5040; x_wconf 91' lang='lat' dir='ltr'><strong>qui</strong></span> <span class='ocrx_word' id='word_1_749' title='bbox 2443 4980 2667 5037; x_wconf 89' lang='lat' dir='ltr'><strong>superos</strong></span> <span class='ocrx_word' id='word_1_750' title='bbox 2696 4964 2899 5020; x_wconf 90' lang='lat' dir='ltr'><strong>vertice</strong></span> <span class='ocrx_word' id='word_1_751' title='bbox 2924 4962 3191 5027; x_wconf 88' lang='lat' dir='ltr'><strong>sublevat,</strong></span> 
     </span>
    </p>
   </div>
   <div class='ocr_carea' id='block_1_111' title="bbox 2088 5056 3188 5136">
    <p class='ocr_par' dir='ltr' id='par_1_111' title="bbox 2088 5056 3188 5136">
     <span class='ocr_line' id='line_1_111' title="bbox 2088 5056 3188 5136; baseline -0.007 -18"><span class='ocrx_word' id='word_1_752' title='bbox 2088 5063 2190 5132; x_wconf 88' lang='lat' dir='ltr'><strong>Qui</strong></span> <span class='ocrx_word' id='word_1_753' title='bbox 2220 5077 2494 5136; x_wconf 85' lang='lat' dir='ltr'><strong>gemmare</strong></span> <span class='ocrx_word' id='word_1_754' title='bbox 2523 5059 2651 5119; x_wconf 85' lang='lat' dir='ltr'><strong>facit</strong></span> <span class='ocrx_word' id='word_1_755' title='bbox 2675 5074 2912 5130; x_wconf 88' lang='lat' dir='ltr'><strong>ruraque</strong></span> <span class='ocrx_word' id='word_1_756' title='bbox 2942 5056 3188 5121; x_wconf 83' lang='lat' dir='ltr'><strong>ﬂoribus,</strong></span> 
     </span>
    </p>
   </div>
   <div class='ocr_carea' id='block_1_112' title="bbox 2087 5150 3171 5225">
    <p class='ocr_par' dir='ltr' id='par_1_112' title="bbox 2087 5150 3171 5225">
     <span class='ocr_line' id='line_1_112' title="bbox 2087 5150 3171 5225; baseline -0.013 -13"><span class='ocrx_word' id='word_1_757' title='bbox 2087 5154 2270 5212; x_wconf 85' lang='lat' dir='ltr'><strong>Pinxit</strong></span> <span class='ocrx_word' id='word_1_758' title='bbox 2294 5155 2492 5225; x_wconf 88' lang='lat' dir='ltr'><strong>quique</strong></span> <span class='ocrx_word' id='word_1_759' title='bbox 2520 5152 2673 5223; x_wconf 92' lang='lat' dir='ltr'><strong>polos</strong></span> <span class='ocrx_word' id='word_1_760' title='bbox 2700 5150 2971 5206; x_wconf 88' lang='lat' dir='ltr'><strong>sideribus</strong></span> <span class='ocrx_word' id='word_1_761' title='bbox 2995 5154 3171 5219; x_wconf 87' lang='lat' dir='ltr'><strong>pater,</strong></span> 
     </span>
    </p>
   </div>
   <div class='ocr_carea' id='block_1_113' title="bbox 2085 5238 3189 5318">
    <p class='ocr_par' dir='ltr' id='par_1_113' title="bbox 2085 5238 3189 5318">
     <span class='ocr_line' id='line_1_113' title="bbox 2085 5238 3189 5318; baseline -0.013 -14"><span class='ocrx_word' id='word_1_762' title='bbox 2085 5248 2188 5318; x_wconf 93' lang='lat' dir='ltr'><strong>Qui</strong></span> <span class='ocrx_word' id='word_1_763' title='bbox 2217 5247 2342 5304; x_wconf 65' lang='lat' dir='ltr'><strong>cadi</strong></span> <span class='ocrx_word' id='word_1_764' title='bbox 2369 5245 2653 5302; x_wconf 90' lang='lat' dir='ltr'><strong>cherubim</strong></span> <span class='ocrx_word' id='word_1_765' title='bbox 2680 5257 2776 5299; x_wconf 82' lang='lat' dir='ltr'><strong>rex</strong></span> <span class='ocrx_word' id='word_1_766' title='bbox 2806 5238 3189 5314; x_wconf 83' lang='lat' dir='ltr'><strong>supereminet.</strong></span> 
     </span>
    </p>
   </div>
   <div class='ocr_carea' id='block_1_114' title="bbox 2087 5331 3225 5416">
    <p class='ocr_par' dir='ltr' id='par_1_114' title="bbox 2087 5331 3225 5416">
     <span class='ocr_line' id='line_1_114' title="bbox 2087 5331 3225 5416; baseline -0.012 -17"><span class='ocrx_word' id='word_1_767' title='bbox 2087 5343 2264 5416; x_wconf 83' lang='lat' dir='ltr'><strong>Reges</strong></span> <span class='ocrx_word' id='word_1_768' title='bbox 2290 5341 2592 5414; x_wconf 86' lang='lat' dir='ltr'><strong>terrigenas</strong></span> <span class='ocrx_word' id='word_1_769' title='bbox 2614 5338 2881 5410; x_wconf 87' lang='lat' dir='ltr'><strong>malignos</strong></span> <span class='ocrx_word' id='word_1_770' title='bbox 2909 5336 2956 5391; x_wconf 90' lang='lat' dir='ltr'><strong>is</strong></span> <span class='ocrx_word' id='word_1_771' title='bbox 2989 5331 3225 5389; x_wconf 90' lang='lat' dir='ltr'><strong>ordinat.</strong></span> 
     </span>
    </p>
   </div>
   <div class='ocr_carea' id='block_1_115' title="bbox 2092 5427 3148 5508">
    <p class='ocr_par' dir='ltr' id='par_1_115' title="bbox 2092 5427 3148 5508">
     <span class='ocr_line' id='line_1_115' title="bbox 2092 5427 3148 5508; baseline -0.013 -10"><span class='ocrx_word' id='word_1_772' title='bbox 2092 5437 2174 5498; x_wconf 90' lang='lat' dir='ltr'><strong>Ob</strong></span> <span class='ocrx_word' id='word_1_773' title='bbox 2207 5437 2312 5493; x_wconf 89' lang='lat' dir='ltr'><strong>hoc</strong></span> <span class='ocrx_word' id='word_1_774' title='bbox 2335 5435 2618 5508; x_wconf 85' lang='lat' dir='ltr'><strong>provideat</strong></span> <span class='ocrx_word' id='word_1_775' title='bbox 2641 5439 2822 5488; x_wconf 87' lang='lat' dir='ltr'><strong>rector</strong></span> <span class='ocrx_word' id='word_1_776' title='bbox 2848 5427 3148 5484; x_wconf 77' lang='lat' dir='ltr'><strong>honoribus</strong></span> 
     </span>
    </p>
   </div>
   <div class='ocr_carea' id='block_1_116' title="bbox 2091 5516 3178 5598">
    <p class='ocr_par' dir='ltr' id='par_1_116' title="bbox 2091 5516 3178 5598">
     <span class='ocr_line' id='line_1_116' title="bbox 2091 5516 3178 5598; baseline -0.01 -12"><span class='ocrx_word' id='word_1_777' title='bbox 2091 5528 2375 5586; x_wconf 79' lang='lat' dir='ltr'><strong>Excellens</strong></span> <span class='ocrx_word' id='word_1_778' title='bbox 2399 5525 2614 5598; x_wconf 84' lang='lat' dir='ltr'><strong>superis</strong></span> <span class='ocrx_word' id='word_1_779' title='bbox 2638 5538 2775 5595; x_wconf 90' lang='lat' dir='ltr'><strong>quos</strong></span> <span class='ocrx_word' id='word_1_780' title='bbox 2803 5520 2948 5576; x_wconf 84' lang='lat' dir='ltr'><strong>Deus</strong></span> <span class='ocrx_word' id='word_1_781' title='bbox 2968 5516 3178 5588; x_wconf 85' lang='lat' dir='ltr'><strong>attulit,</strong></span> 
     </span>
    </p>
   </div>
   <div class='ocr_carea' id='block_1_117' title="bbox 2094 5610 3086 5692">
    <p class='ocr_par' dir='ltr' id='par_1_117' title="bbox 2094 5610 3086 5692">
     <span class='ocr_line' id='line_1_117' title="bbox 2094 5610 3086 5692; baseline -0.02 -8"><span class='ocrx_word' id='word_1_782' title='bbox 2094 5622 2204 5683; x_wconf 89' lang='lat' dir='ltr'><strong>Olli.</strong></span> <span class='ocrx_word' id='word_1_783' title='bbox 2229 5637 2336 5692; x_wconf 93' lang='lat' dir='ltr'><strong>quo</strong></span> <span class='ocrx_word' id='word_1_784' title='bbox 2359 5620 2574 5692; x_wconf 90' lang='lat' dir='ltr'><strong>placeat</strong></span> <span class='ocrx_word' id='word_1_785' title='bbox 2599 5615 2690 5688; x_wconf 91' lang='lat' dir='ltr'><strong>qui</strong></span> <span class='ocrx_word' id='word_1_786' title='bbox 2715 5613 2855 5684; x_wconf 86' lang='lat' dir='ltr'><strong>regit</strong></span> <span class='ocrx_word' id='word_1_787' title='bbox 2883 5610 3086 5676; x_wconf 89' lang='lat' dir='ltr'><strong>omnia,</strong></span> 
     </span>
    </p>
   </div>
   <div class='ocr_carea' id='block_1_118' title="bbox 2093 5701 3226 5785">
    <p class='ocr_par' dir='ltr' id='par_1_118' title="bbox 2093 5701 3226 5785">
     <span class='ocr_line' id='line_1_118' title="bbox 2093 5701 3226 5785; baseline -0.012 -13"><span class='ocrx_word' id='word_1_788' title='bbox 2093 5714 2339 5785; x_wconf 80' lang='lat' dir='ltr'><strong>Regnum</strong></span> <span class='ocrx_word' id='word_1_789' title='bbox 2373 5712 2465 5783; x_wconf 91' lang='lat' dir='ltr'><strong>qui</strong></span> <span class='ocrx_word' id='word_1_790' title='bbox 2493 5707 2684 5764; x_wconf 89' lang='lat' dir='ltr'><strong>tribuit</strong></span> <span class='ocrx_word' id='word_1_791' title='bbox 2706 5705 2975 5762; x_wconf 80' lang='lat' dir='ltr'><strong>maximus</strong></span> <span class='ocrx_word' id='word_1_792' title='bbox 2997 5701 3226 5759; x_wconf 84' lang='lat' dir='ltr'><strong>arbiter.</strong></span> 
     </span>
    </p>
   </div>
   <div class='ocr_carea' id='block_1_119' title="bbox 2092 5795 3188 5878">
    <p class='ocr_par' dir='ltr' id='par_1_119' title="bbox 2092 5795 3188 5878">
     <span class='ocr_line' id='line_1_119' title="bbox 2092 5795 3188 5878; baseline -0.01 -14"><span class='ocrx_word' id='word_1_793' title='bbox 2092 5807 2246 5864; x_wconf 86' lang='lat' dir='ltr'><strong>Illum</strong></span> <span class='ocrx_word' id='word_1_794' title='bbox 2272 5801 2585 5878; x_wconf 81' lang='lat' dir='ltr'><strong>magnificat</strong></span> <span class='ocrx_word' id='word_1_795' title='bbox 2614 5799 2862 5878; x_wconf 89' lang='lat' dir='ltr'><strong>quisquis</strong></span> <span class='ocrx_word' id='word_1_796' title='bbox 2885 5813 3009 5854; x_wconf 89' lang='lat' dir='ltr'><strong>eum</strong></span> <span class='ocrx_word' id='word_1_797' title='bbox 3037 5795 3188 5864; x_wconf 84' lang='lat' dir='ltr'><strong>colit,</strong></span> 
     </span>
    </p>
   </div>
  </div>
