4046 6332
551 425 613 487 3.l
625 421 650 484 ί

696 536 896 602 Verbo,
922 533 1086 591 corde
1110 528 1222 602 pio,
1250 523 1528 600 regimine,
1557 521 1817 578 moribus.

696 627 899 688 Christi
927 625 1130 698 quique
1153 621 1341 677 volens
1370 615 1624 673 Ecclesia:
1651 612 1816 678 favet,

702 722 964 780 Servator
988 729 1281 779 canonum,
1309 713 1500 768 ductor
1525 715 1579 763 et
1607 705 1843 777 optimus

701 817 885 875 Claret
903 811 1127 886 justitia:
1157 811 1442 864 stemmate
1467 800 1705 872 fulgidus

698 913 819 970 Rex
845 920 927 966 est
947 907 1073 979 jure
1098 919 1254 962 sacer
1284 901 1375 972 qui
1403 913 1558 954 sacra
1584 897 1838 966 dogmata

700 1003 782 1058 Ac
809 1003 1024 1058 decreta
1049 997 1271 1051 Patrum
1300 996 1480 1046 servat
1510 987 1564 1042 in
1589 983 1862 1040 omnibus.

701 1094 854 1150 Illum
881 1088 1143 1146 clarificat
1165 1081 1482 1156 pontificum
1508 1077 1730 1142 chorus,

703 1185 815 1243 Ceu
838 1195 1061 1256 gemmae
1088 1176 1303 1233 radiant
1328 1174 1383 1229 in
1415 1169 1738 1232 diademate,

703 1278 778 1336 Ut
801 1290 1048 1345 campum
1072 1273 1333 1328 decorant
1354 1264 1510 1321 violae
1537 1277 1603 1316 ac
1630 1259 1762 1325 lilia,

538 1435 545 1456 ι
700 1369 1079 1438 Illustrantque
1098 1362 1280 1435 polum
1307 1356 1510 1429 fulgida
1537 1353 1733 1410 sidera.

538 1447 553 1534 ξ
1204 1450 1355 1509 CAP.
1389 1447 1503 1503 xu.

633 1551 858 1623 Oportet
891 1556 1074 1606 autem
1115 1544 1423 1601 modestum
1466 1535 1862 1594 dominatorem
1904 1527 2146 1602 pondere

560 1647 884 1706 humilitatis
911 1653 967 1702 et
1001 1638 1324 1698 obedientiae
1349 1636 1549 1690 virtute
1589 1629 1707 1687 fieri
1742 1627 2051 1701 praeditum,
2086 1628 2150 1678 ut

559 1739 791 1794 virtutes
832 1734 1194 1791 humilitatem
1241 1727 1495 1783 videlicet
1536 1731 1700 1794 atque
1751 1717 2147 1781 obedientiam,

560 1845 726 1901 quam
754 1825 966 1899 ipsein
1007 1820 1264 1891 subjectis
1304 1816 1498 1888 diligit,
1541 1814 1596 1868 in
1627 1827 1685 1868 se
1727 1810 1844 1882 ipso
1888 1819 2152 1876 recogno-

561 1899 701 1974 seat.
732 1917 920 1986 Itaque
946 1914 992 1969 si
1022 1910 1311 1981 contigerit
1333 1916 1443 1962 uta
1472 1903 1828 1978 prudentibus
1856 1899 2152 1970 reprehen-

565 2010 744 2074 datur,
785 2022 845 2062 se
877 2006 1094 2076 quidem
1131 1999 1610 2075 reprehensibilem
1652 2011 1772 2053 esse
1815 1994 2018 2050 acriter
2059 1992 2156 2048 do-

562 2098 696 2166 leat,
725 2113 792 2154 ac
834 2097 1081 2170 protinus
1121 2094 1190 2149 ad
1231 2091 1563 2164 poenitentiae
1605 2087 1999 2143 medicamenta
2029 2098 2156 2139 cur-

562 2203 686 2245 rere
712 2188 960 2253 festinet;
993 2194 1047 2243 et
1068 2185 1161 2256 qui
1184 2184 1414 2239 libenter
1437 2185 1777 2253 peccaverat,
1803 2177 2015 2248 virgam
2042 2189 2157 2230 cor-

562 2282 823 2339 rectionis
857 2280 1088 2335 libenter
1113 2284 1275 2346 atque
1301 2279 1579 2346 gratanter
1610 2269 1868 2338 accipiat;
1897 2275 1952 2322 et
1979 2265 2157 2335 prius-

563 2390 732 2446 quam
776 2374 1005 2429 Creator
1030 2384 1252 2425 manum
1280 2382 1432 2421 suam
1460 2363 1528 2418 ad
1555 2361 1857 2417 feriendum
1896 2357 2155 2422 excutiat,

563 2467 636 2522 de
656 2463 994 2520 correctione
1013 2458 1288 2514 commissi
1311 2454 1535 2511 sceleris
1560 2465 1900 2521 summopere
1920 2448 2156 2513 studeat,

566 2572 640 2613 ne
684 2564 797 2610 tam
843 2551 1188 2626 postmodum
1231 2548 1414 2604 acrius
1459 2545 1750 2602 destrictus
1777 2543 1946 2614 judex
1979 2540 2156 2608 feriat,

567 2655 835 2721 quantum
868 2645 1069 2703 diutius
1101 2651 1156 2699 et
1193 2641 1488 2698 clementer
1538 2644 1837 2709 exspectat.
1880 2635 2162 2690 Praeoccu-

565 2747 665 2812 pet
687 2737 883 2796 faciem
911 2733 1125 2792 Domini
1165 2733 1222 2787 in
1246 2730 1607 2795 confessione,
1649 2729 1695 2783 si
1731 2727 1852 2798 quis
1884 2725 2033 2795 regni
2064 2739 2163 2796 gu-

566 2833 830 2889 bernator
872 2831 926 2884 in
970 2826 1287 2885 abscondito
1327 2824 1573 2897 peccavit
1611 2823 1697 2878 vel
1739 2821 1972 2893 publico.
2013 2819 2160 2887 Quo-

565 2923 735 2979 modo
760 2922 827 2978 de
856 2928 1044 2977 sancto
1071 2933 1197 2990 rege
1230 2925 1287 2972 et
1317 2916 1578 2987 propheta
1610 2913 1779 2968 David
1814 2912 2034 2984 legitur,
2065 2909 2160 2980 qui

564 3027 701 3068 cum
740 3022 866 3083 post
900 3019 1147 3082 stuprum
1192 3007 1460 3062 Bersabee
1506 3014 1562 3061 et
1609 3004 1964 3061 homicidium
2009 3017 2162 3059 com-

564 3102 804 3161 missum
845 3102 898 3156 in
931 3101 1118 3158 Uriam
1157 3099 1436 3154 [lethaeum
1479 3113 1580 3169 per
1614 3095 1828 3152 Nathan
1871 3096 2164 3167 reprelien-

565 3195 794 3250 deretur
819 3194 1159 3264 prophetam,
1196 3206 1304 3246 non
1349 3197 1467 3245 erat
1494 3188 1876 3260 reprehensori
1918 3187 2162 3257 indigna-

571 3293 683 3352 tus,
710 3284 806 3340 sed
834 3284 1071 3349 sibimet,
1099 3295 1492 3352 recognoscens
1531 3295 1688 3336 suum
1712 3285 2020 3350 peceatum,
2045 3276 2160 3346 jam

568 3375 756 3432 fuerat
793 3375 993 3442 iratus;
1019 3383 1076 3430 et
1099 3375 1192 3446 qui
1229 3380 1355 3445 post
1380 3372 1593 3444 culpam
1634 3370 1997 3427 hilarescebat
2038 3383 2165 3440 per-

565 3475 864 3536 ,petratam,
893 3482 952 3522 se
982 3466 1156 3536 ipsum
1202 3480 1300 3537 per
1331 3479 1576 3520 amaram
1626 3461 1842 3519 deﬂevit
1882 3462 2158 3531 poeniten-

571 3556 730 3611 tiam.
773 3555 913 3612 Hinc
953 3557 1210 3629 lacrymis
1242 3556 1459 3612 veniam
1501 3552 1801 3624 promeruit
1847 3551 1938 3622 qui
1981 3565 2167 3607 coram

567 3650 808 3708 Domino
848 3651 1034 3722 gravia
1076 3649 1285 3706 scelera
1315 3646 1610 3713 commisit,
1637 3653 1692 3702 et
1720 3660 1788 3700 ex
1816 3642 1965 3699 fonte
1993 3642 2169 3712 Iacry-

567 3757 792 3800 marum
833 3743 983 3797 venit
1029 3742 1097 3797 ad
1140 3739 1473 3810 manipulum
1508 3738 1846 3808 gaudiorum,
1874 3735 2015 3791 sicut
2053 3733 2170 3803 ipse

572 3831 708 3887 alibi
735 3831 903 3886 dicit:
935 3831 1039 3897 Qui
1066 3832 1322 3885 seminam
1349 3831 1405 3884 in
1428 3829 1695 3899 lacrymis,
1719 3829 1776 3882 in
1807 3827 2170 3884 exsultatione

575 3930 800 3986 metant,
826 3930 881 3976 et
907 3921 1134 3989 reliqua.
1164 3918 1340 3991 (Psal.
1364 3934 1528 3996 cxxv,
1556 3917 1636 3990 5.)

563 4059 567 4063 .
657 4013 767 4068 Sed
795 4021 852 4067 et
877 4012 1007 4066 illud
1050 4010 1194 4080 quod
1225 4012 1291 4066 de
1329 4010 1552 4086 glqriosi
1589 4007 1852 4078 principis
1875 4005 2169 4063 Theodosii

582 4105 911 4160 admiranda
934 4102 1242 4157 humilitate
1259 4111 1421 4173 atque
1445 4101 1767 4172 pcenitentia
1792 4099 2046 4166 traditur,
2069 4113 2170 4156 nec

583 4196 1029 4270 praetereundum
1055 4210 1174 4250 esse
1203 4195 1436 4259 videtur,
1472 4194 1565 4264 qui
1591 4209 1715 4249 cum
1764 4199 1888 4264 post
1913 4191 2169 4264 injustam

580 4287 889 4358 multorum
936 4287 1164 4343 millium
1189 4300 1378 4342 necem
1421 4285 1780 4342 Mediolanum
1819 4284 2077 4351 venisset,
2116 4293 2172 4340 et

577 4380 908 4439 solemniter
952 4368 1007 4434 in
1037 4387 1255 4436 Sacrum
1280 4378 1541 4435 voluisset
1581 4379 1790 4434 intrare
1814 4377 2096 4448 templum,
2119 4379 2171 4434 ei

581 4480 810 4530 sanctus
830 4470 1154 4528 Ambrosius
1185 4469 1495 4540 hujusmodi
1523 4469 1750 4537 cladem,
1774 4469 1989 4542 plenam
2013 4467 2172 4525 valde

583 4565 897 4637 gemitibus,
933 4565 1159 4621 audiens
1193 4563 1440 4619 occurrit
1476 4562 1613 4618 foris
1638 4561 1707 4617 ad
1741 4562 1958 4634 januas,
1987 4567 2042 4616 et
2086 4559 2172 4615 in-

587 4657 925 4729 gredientem
955 4656 1041 4711 his
1069 4655 1413 4712 sermonibus
1441 4669 1470 4708 a
1503 4653 1646 4710 sacri
1693 4652 1896 4708 liminis
1923 4653 2172 4724 ingressu

586 4747 870 4820 prohibuit
898 4765 910 4801 :
942 4746 1154 4813 Nescis,
1179 4747 1492 4818 imperator,
1524 4752 1848 4816 perpetrata:
1869 4751 1972 4798 ate
2022 4741 2175 4798 necis

587 4845 795 4910 quanta
826 4837 898 4893 sit
925 4836 1273 4908 magnitudo?
1323 4836 1511 4906 Neque
1536 4842 1658 4907 post
1679 4848 1898 4889 causam
1921 4833 2057 4887 tanti
2083 4831 2171 4886 fu-

588 4930 737 4986 roris
763 4945 919 4986 mens
948 4927 1264 5000 tua‘molem
1290 4924 1729 4998 praesumptionis
1750 4923 2028 4996 agnoscit?
2065 4921 2175 4978 Sed

586 5023 730 5080 forte
753 5021 1179 5094 recognitionem
1204 5019 1413 5090 peccati
1441 5016 1694 5088 prohibet
1736 5023 1977 5086 potestas
2003 5014 2174 5083 impe-

585 5114 677 5170 rii.
709 5112 916 5182 Quibus
943 5112 1109 5183 igitur
1136 5108 1310 5164 oculis
1345 5108 1580 5178 aspicies
1624 5104 1930 5161 communis
1954 5102 2172 5158 Domini

589 5207 881 5277 templum?
902 5205 1110 5273 Quibus
1134 5201 1372 5265 calcabis
1393 5201 1623 5271 pedibus
1647 5208 1892 5255 sanetum
1917 5195 2060 5251 illius
2076 5211 2173 5266 pa-

587 5297 926 5354 vimentum?
977 5295 1256 5364 Quomodo
1304 5308 1499 5348 manus
1553 5289 1812 5346 extendes
1867 5289 1933 5342 de
1975 5286 2173 5357 quibus

589 5393 770 5448 adhuc
790 5391 1011 5461 sanguis
1041 5388 1210 5444 stillat
1240 5385 1508 5456 injustus?
1555 5381 1837 5449 Quomodo
1864 5378 2173 5449 hujusmodi

590 5481 842 5538 manibus
873 5481 1136 5552 suscipies
1182 5485 1428 5534 sanctum
1477 5473 1574 5529 Dei
1622 5473 1850 5543 corpus?
1886 5471 2002 5541 Qua
2028 5486 2170 5544 pra:-

588 5574 896 5644 sumptione
922 5588 1019 5629 ore
1047 5581 1141 5628 tuo
1168 5568 1422 5643 poculum
1451 5565 1675 5639 pretiosi
1724 5563 2003 5638 sanguinis
2049 5579 2173 5634 per-

587 5667 775 5739 cipies,
801 5665 929 5720 dum
952 5663 1136 5719 furore
1157 5676 1470 5719 sermonum
1521 5667 1705 5714 tantus
1733 5658 1932 5728 injuste
1957 5656 2028 5711 sit
2047 5670 2172 5711 san-

588 5761 712 5832 guis
757 5754 1000 5814 effusus?
1048 5754 1261 5809 Recede
1311 5753 1495 5825 igitur,
1551 5748 1762 5814 recede,
1804 5761 1903 5801 nec
1935 5745 2173 5802 secundo

587 5859 816 5923 peccato
840 5848 1078 5920 priorem
1098 5846 1395 5917 nequitiam
1415 5858 1611 5917 augere
1639 5839 1957 5899 contendas.
1989 5837 2175 5897 Susci-

1937 397 2202 456 SEDULII
2241 395 2434 451 SCOTI

2159 513 2213 578 Α
2236 527 2303 583 pc
2333 510 2604 568 vinculum
2634 522 2740 581 quo
2778 514 2829 562 te
2855 505 3095 575 omnium
3121 503 3380 560 Dominus
3433 514 3578 558 nunc
3604 500 3819 574 ligavit.

2187 3240 2233 3304 C

3705 383 3819 442 312

2233 603 2331 660 Est
2358 604 2505 658 enim
2536 601 2805 657 medicina
2833 599 3070 655 maxima
3099 595 3368 652 sanitatis.

2305 695 2404 751 His
2432 692 2776 751 sermonibus
2802 691 3061 748 obediens
3081 691 3221 762 (erat
3249 687 3395 744 enim
3417 686 3616 744 divinis
3639 688 3825 744 erudi-

2159 765 2162 768 i
2234 789 2476 847 tionibus
2497 786 2790 852 enutritus,
2814 793 2870 841 et
2889 791 3075 855 aperte
3095 782 3275 838 sciens
3298 797 3420 852 qua:
3444 789 3572 836 sunt
3592 782 3826 854 propria

2234 882 2604 945 sacerdotum,
2632 892 2754 949 quae
2779 874 3011 948 regum),
3045 888 3265 947 gemens
3301 881 3357 929 et
3389 871 3589 928 deﬂens
3639 873 3711 927 ad
3743 889 3831 928 re-

2237 972 2377 1045 galia
2398 970 2678 1027 remeavit.
2696 968 2938 1038 Cumque
2956 975 3079 1022 octo
3090 966 3358 1021 mensium
3371 965 3631 1020 continuo
3650 974 3832 1020 trans-

2239 1067 2412 1123 issent
2465 1072 2734 1133 tempora,
2758 1059 3146 1133 prOpinquavit
3170 1056 3474 1112 nativitatis
3524 1054 3832 1111 Salvatoris

2240 1156 2418 1214 nostri
2458 1154 2746 1210 festivitas.
2783 1150 3080 1223 Imperator
3120 1155 3301 1204 autem
3347 1145 3832 1201 lamentationibus

2243 1247 2477 1305 assiduis
2499 1246 2554 1300 in
2573 1244 2776 1317 palatio
2805 1242 3074 1310 residens,
3121 1241 3407 1297 continuas
3451 1239 3723 1310 lacrymas
3750 1236 3837 1291 in-

2243 1337 2583 1398 cessabiliter
2620 1335 2977 1408 expendebat.
3032 1332 3316 1404 Ingressus
3367 1338 3552 1385 autem
3600 1327 3838 1383 Ruﬁnus

2245 1439 2378 1487 tunc
2406 1429 2684 1503 magister,
2713 1437 2770 1484 et
2806 1424 3136 1496 singularem
3185 1421 3326 1495 apud
3354 1420 3658 1491 principem
3699 1419 3839 1475 fidu-

2247 1524 2392 1581 ciam
2415 1521 2644 1587 habens,
2675 1528 2733 1575 et
2771 1517 2963 1574 videns
3006 1515 3307 1586 principem
3356 1512 3413 1567 in
3447 1511 3841 1567 lamentatione

2245 1619 2602 1690 prostratum,
2637 1610 2872 1669 accessit
2897 1617 2959 1664 ut
3007 1607 3368 1679 lacrymarum
3417 1617 3614 1659 causas
3658 1601 3842 1670 inquio

2249 1718 2418 1767 reret.
2442 1709 2514 1764 At
2533 1707 2625 1763 ille
2649 1703 2988 1761 amarissime
3009 1699 3368 1773 ingemiscens
3389 1705 3444 1752 et
3462 1695 3844 1752 vehementius

2252 1804 2523 1878 lacrymas
2550 1801 2802 1865 fundens,
2832 1797 2930 1862 Tu,
2956 1795 3153 1865 inquit,
3186 1791 3401 1856 Rufine,
3449 1789 3590 1845 ludis
3617 1796 3676 1844 et
3697 1787 3843 1843 mala

2179 1879 2227 1940 Β
2256 1911 2378 1953 mea
2401 1912 2511 1951 non
2532 1893 2736 1957 sentis;
2763 1903 2865 1961 ego
2889 1896 3070 1943 autem
3098 1885 3369 1939 lamentor
3407 1889 3464 1937 et
3508 1895 3666 1952 gemo
3697 1878 3846 1933 cala-

2255 1995 2504 2051 mitatem
2531 2003 2727 2052 meam,
2759 1985 2889 2056 quia
2919 1982 3137 2054 quidem
3181 1977 3354 2034 servis
3403 1982 3461 2030 et
3487 1973 3849 2029 mendicanti-

2255 2088 2358 2144 bus
2387 2091 2575 2157 aperta
2599 2087 2726 2137 sunt
2747 2076 2946 2148 templa
2972 2072 3093 2138 Dei,
3131 2077 3187 2126 et
3222 2066 3503 2140 proprium
3552 2063 3849 2120 Dominum

2255 2155 2488 2234 libenter
2510 2167 2910 2233 exorant,mihi
2931 2179 3062 2221 vero
3081 2163 3358 2234 ingressus
3378 2172 3484 2213 non
3498 2163 3584 2211 est
3603 2155 3674 2209 ad
3697 2168 3846 2210 eum.

2257 2271 2483 2339 Insuper
2509 2265 2673 2321 etiam
2705 2258 2873 2317 clausi
2905 2263 3031 2313 sunt
3055 2253 3199 2310 coeli.
3254 2250 3381 2306 Hauc
3429 2249 3635 2310 dicens,
3681 2245 3849 2300 verba

2257 2361 2470 2433 singula
2499 2353 2823 2429 singultibus
2845 2347 3200 2419 irrumpebat.
3232 2342 3403 2411 Quem
3429 2339 3722 2396 cumidem
3743 2339 3852 2393 Ru~

2261 2455 2404 2510 finus
2425 2452 2588 2507 beato
2605 2443 2958 2503 reconciliare
2972 2437 3259 2495 Ambrosio
3279 2433 3658 2508 persuaderet,
3673 2447 3852 2501 neque

2260 2551 2443 2597 tamen
2468 2537 2754 2609 potuisset,
2779 2532 2896 2586 baac
2921 2530 3217 2599 imperator
3243 2525 3298 2579 in
3323 2522 3500 2578 media
3523 2519 3642 2589 jam
3669 2519 3848 2590 platea

2259 2647 2615 2707 cognoscens,
2641 2628 2834 2700 Pergo,
2866 2623 3063 2696 inquit,
3085 2629 3141 2677 et
3162 2619 3338 2694 justas
3361 2617 3419 2674 in
3442 2615 3582 2673 facie
3605 2613 3849 2684 suscipio

2261 2723 2643 2784 contumelias.

2333 2818 2577 2889 Cumque
2605 2814 2672 2870 ad
2705 2824 2863 2868 sacra
2889 2807 3078 2863 limina
3105 2802 3462 2877 pervenisset,
3516 2799 3575 2855 in
3605 2805 3854 2855 sanctam

2262 2909 2479 2980 quidem
2511 2902 2792 2960 basilicam
2842 2914 2952 2955 non
2992 2895 3336 2968 praesumpsit
3373 2893 3604 2957 intrare,
3637 2890 3730 2946 sed
3759 2905 3856 2945 ’σὺ

2262 3000 2417 3056 niens
2447 2996 2512 3052 ad
2539 2993 2858 3057 antistitem,
2888 2997 2943 3046 et
2966 2988 3248 3044 inveniens
3277 2999 3402 3040 eum
3449 2983 3504 3038 in
3529 2980 3854 3038 salutatorio

2263 3091 2609 3153 residentem,
2640 3083 2979 3155 supplicabat
3001 3088 3062 3134 ut
3107 3077 3224 3147 ejus
3275 3074 3489 3131 vincula
3533 3072 3852 3130 resolveret.

2263 3185 2335 3240 At
2357 3184 2444 3238 ille
2468 3178 2811 3253 tyrannicam
2829 3175 3041 3231 dicebat
3061 3170 3179 3241 ejus
3201 3168 3572 3241 praesentiam,
3588 3175 3644 3220 et
3665 3172 3853 3220 contra

2266 3277 2440 3331 Deum
2468 3271 2721 3327 vesanire
2743 3265 3127 3330 Theodosium,
3166 3263 3392 3334 ejusque
3437 3259 3652 3315 calcare
3684 3258 3850 3329 leges.

2262 3367 2465 3422 Verum
2498 3365 2821 3433 imperator,
2853 3357 2994 3423 Non,
3022 3355 3217 3426 inquit,
3241 3354 3462 3422 insurgo
3487 3351 3746 3406 adversus
3767 3365 3857 3404 ec~

2265 3456 2600 3514 clesiasticas
2621 3451 2950 3515 sanctiones,
2978 3461 3078 3502 nec
3108 3445 3293 3515 inique
3316 3441 3528 3513 ingredi
3557 3439 3747 3495 limina
3768 3453 3857 3492 sa.

2266 3563 2360 3605 cra
2389 3545 2678 3610 contendo,
2714 3540 2811 3598 sed
2839 3550 2894 3597 te
2930 3539 3139 3596 solvere
3185 3535 3400 3591 vincula
3449 3548 3570 3588 mea
3601 3532 3852 3603 deposco,

2267 3650 2323 3698 et
2349 3637 2654 3696 communis
2680 3634 2893 3691 Domini
2943 3648 3041 3704 pro
3079 3645 3169 3686 me
3209 3625 3852 3694 exorareelementiam,

2267 3748 2372 3789 nec
2393 3730 2527 3786 mihi
2548 3727 2771 3798 januam
2797 3723 2994 3790 claudi,
3025 3736 3187 3792 quam
3226 3718 3436 3775 cunctis
3479 3715 3854 3787 paenitentiam

2269 3826 2554 3898 agentibus
2599 3820 2860 3876 Dominus
2904 3823 3090 3871 noster
3132 3811 3362 3884 aperuit.
3413 3809 3568 3865 Tune
3604 3809 3853 3871 antistes,

2271 3920 2465 3988 Quam,
2523 3917 2719 3987 inquit,
2767 3911 3148 3985 pmnitentiam
3199 3905 3483 3963 ostendisti
3517 3912 3640 3976 post
3679 3912 3858 3959 tantas

2268 4009 2617 4082 iniquitates?
2647 4006 2854 4074 Quibus
2879 3999 3326 4060 medicaminibus
3366 3995 3694 4053 incurabilia
3724 3995 3847 4048 vul-

2271 4117 2404 4159 nera
2430 4099 2724 4171 plagasque
2747 4095 2990 4152 curasti?
3014 4093 3086 4147 At
3102 4093 3420 4162 imperator,
3436 4087 3635 4151 Tuum,
3661 4086 3857 4155 inquit,

2272 4209 2409 4266 opus
2433 4201 2517 4247 est
2541 4198 2597 4245 et
2615 4189 2810 4245 docere
2837 4193 2892 4242 et
2915 4181 3273 4240 medicamina
3322 4187 3649 4248 temperare,
3679 4191 3859 4231 meum

2273 4303 2403 4344 vero
2430 4285 2610 4342 oblata
2637 4282 2933 4353 suscipere.
2957 4277 3162 4345 Quibus
3181 4275 3365 4330 verbis
3389 4269 3736 4343 imperatoris
3765 4284 3861 4323 au-

2273 4381 2424 4447 ditis,
2478 4393 2600 4449 qua:
2646 4375 2790 4431 illius
2841 4370 3202 4428 humilitatem
3237 4376 3400 4440 atque
3430 4367 3607 4437 ipsum
3638 4373 3860 4435 sponta-

2274 4488 2432 4529 neam
2447 4469 2782 4544 poenitentiae
2796 4466 3073 4536 suscipere
3092 4462 3436 4518 aiﬂictionem
3453 4457 3859 4523 monstrabant,

2277 4571 2498 4622 sanctus
2522 4559 2848 4617 Ambrosius
2877 4557 3171 4614 salutarem
3214 4553 3265 4610 ei
3315 4551 3641 4609 medicinam
3673 4558 3859 4607 tanto-

2278 4671 2398 4711 rum
2418 4653 2700 4709 vulnerum
2727 4648 2995 4719 apposuit,
3019 4661 3127 4716 qua
3147 4651 3401 4716 percepta
3424 4644 3725 4713 imperator
3746 4657 3862 4697 ma-

2279 4760 2413 4818 gnas
2440 4741 2644 4814 gratias
2671 4738 2966 4796 referebat.
3003 4734 3120 4791 Tali
3149 4749 3279 4804 ergo
3307 4741 3565 4803 tantaque
3587 4742 3644 4788 et
3662 4749 3859 4804 prmsu.

2276 4844 2333 4892 et
2359 4837 2653 4904 imperator
2676 4832 2878 4886 virtute
2897 4825 3286 4892 clarescebant,
3301 4839 3531 4896 quorum
3545 4839 3684 4896 opus
3706 4825 3865 4881 valde

2277 4927 2381 4982 fuit
2408 4924 2749 4989 admirabile,
2777 4921 2920 4976 illius
2937 4919 3156 4986 fiducia,
3177 4918 3340 4990 hujus
3362 4915 3694 4980 obedientia,
3719 4916 3866 4971 illius

2279 5020 2383 5076 zeli
2407 5018 2610 5082 fervor,
2632 5014 2793 5083 hujus
2820 5022 3000 5071 autem
3025 5012 3149 5071 ﬁdei
3172 5013 3418 5090 vpuritas.
3446 5010 3620 5066 Porro
3645 5010 3866 5082 regulas

2277 5108 2498 5183 pietatis
2526 5121 2664 5176 quas
2691 5120 2722 5160 a
2749 5120 2944 5175 magno
2969 5103 3254 5160 sacerdote
3277 5099 3540 5175 percepit,
3586 5101 3753 5156 etiam
3776 5115 3866 5155 re-

2277 5214 2469 5256 versus
2514 5199 2572 5253 in
2624 5195 3280 5266 Constantinopolitanam
3353 5196 3546 5251 urbem
3598 5191 3864 5251 servavit.

2276 5289 2412 5346 Nam
2443 5288 2573 5344 dum
2599 5285 2910 5343 festivitatis
2948 5295 3188 5357 tempore
3215 5285 3282 5341 ad
3328 5285 3616 5341 ecclesiam
3642 5297 3866 5356 proces-

2247 5381 2252 5386 ’
2276 5383 2456 5446 sisset,
2487 5379 2685 5436 oblatis
2706 5378 2762 5433 in
2788 5377 2946 5432 altari
2968 5376 3302 5442 muneribus,
3331 5391 3458 5430 mox
3480 5389 3738 5448 egressus
3755 5383 3861 5429 est.

2279 5475 2523 5545 Cumque
2570 5471 2858 5528 Nectarius
2911 5468 3109 5542 pra‘suI
3155 5466 3400 5524 ecclesia
3426 5465 3745 5522 mandasset
3767 5479 3867 5521 cur

2279 5565 2426 5621 intus
2472 5571 2622 5621 stare
2661 5560 2942 5625 noluisset,
2976 5558 3251 5616 mandavit
3299 5556 3553 5628 princeps
3585 5554 3755 5622 :Vix,
3782 5555 3868 5610 in-

2248 5656 2250 5658 ’
2280 5657 2415 5729 quit,
2446 5656 2598 5728 potui
2628 5654 2838 5710 discere
2865 5666 2987 5722 quas
3006 5648 3304 5705 differentia
3330 5648 3404 5703 sit
3428 5647 3781 5718 imperatoris
3805 5653 3869 5701 et

2279 5747 2609 5812 sacerdotis;
2649 5743 2741 5798 vix
2795 5741 2941 5798 enim
2993 5739 3238 5795 veritatis
3287 5737 3468 5794 inveni
3497 5737 3862 5807 magistrum;

2281 5837 2624 5901 Ambrosium
2641 5848 2879 5911 namque
2905 5832 3077 5890 solum
3107 5829 3232 5888 novi
3259 5828 3442 5886 vocari
3472 5827 3637 5899 digne
3683 5826 3871 5899 ponti-
