4046 6332
279 357 380 414 315

250 557 257 572 ’
279 563 411 622 tutis
432 557 670 632 prolata!

350 629 502 712 Unde
551 647 895 724 perspicuum
931 649 1017 700 est
1060 640 1207 713 quod
1253 639 1410 694 decet
1434 635 1606 692 bonos
1641 637 1698 688 et
1722 629 1842 702 pios

278 757 518 808 rectores
545 743 788 802 salubres
813 737 1136 802 antistitum,
1168 731 1322 806 quasi
1350 726 1707 802 spiritualium
1730 738 1842 780 me-

279 841 544 902 dicorum,
573 833 848 891 humiliter
873 838 929 887 et
950 829 1180 885 libenter
1225 822 1530 880 auscultare
1554 816 1844 875 correctio-

277 948 397 998 nes,
445 935 676 985 testante
700 923 1007 987 Salomone,
1050 917 1142 988 qui
1189 916 1301 971 ait:
1333 911 1547 968 Inauris
1590 925 1753 964 aurea
1794 913 1846 961 et

277 1021 570 1094 margarita
616 1016 842 1090 fulgens,
884 1013 973 1084 qui
1007 1008 1181 1082 arguit
1233 1006 1517 1077 sapientem
1568 1010 1617 1056 et
1664 1012 1846 1054 aurem

278 1093 596 1171 obedientem
621 1107 802 1181 (Prov.
851 1119 975 1170 xxv,
1009 1101 1120 1174 12).
1167 1098 1356 1153 Melius
1399 1103 1482 1152 est
1532 1093 1674 1149 enim
1704 1107 1736 1146 a
1761 1104 1848 1145 sa-

276 1209 462 1281 piente
513 1203 712 1272 corripi
759 1214 920 1272 quam
966 1195 1255 1253 stultorum
1307 1188 1611 1248 adulatione
1651 1182 1843 1254 decipi.

280 1300 421 1357 Nam
450 1299 494 1354 si
526 1302 834 1352 nostrorum
857 1289 1079 1345 vulnera
1120 1296 1406 1355 corporum
1451 1294 1484 1334 a
1515 1274 1737 1332 medicis
1762 1289 1848 1329 sa-

279 1392 404 1450 nari
430 1389 777 1446 vehementer
815 1381 1201 1443 desideramus,
1232 1383 1288 1431 et
1338 1373 1390 1428 in
1421 1367 1707 1442 praesentia
1736 1379 1851 1420 me-

283 1483 528 1540 dicorum
569 1479 759 1536 eadem
800 1473 1083 1531 ostendere
1137 1483 1246 1525 non
1273 1464 1663 1526 erubescimus,
1705 1467 1760 1515 et
1794 1458 1851 1513 in

283 1573 471 1631 dolore
494 1568 775 1627 medicinae
796 1581 890 1639 spe
915 1563 1106 1621 salutis
1131 1559 1483 1621 oblectamur,
1513 1560 1717 1624 quanto
1737 1564 1852 1605 ma-

283 1666 368 1739 gis
395 1664 461 1720 de
485 1660 798 1718 vulneribus
819 1667 874 1712 et
896 1655 1066 1727 plagis
1092 1651 1395 1706 animarum
1416 1652 1727 1702 nostrarum
1750 1655 1852 1697 nos

283 1754 546 1825 majorem
565 1753 767 1809 habere
791 1762 978 1805 curam
997 1749 1228 1815 oportet,
1259 1751 1538 1810 quousque
1557 1730 1852 1804 spiritualis

283 1847 552 1913 medicus,
609 1841 859 1915 quamvis
904 1835 1229 1892 acerrimam
1270 1827 1533 1885 medelam
1579 1823 1854 1887 adhibeat,

279 1955 384 2012 per
407 1909 571 2008 quam
598 1909 722 2004 spes
747 1936 900 1986 certa
939 1932 1140 1980 nostrae
1181 1916 1479 1976 sanationis
1528 1912 1658 1968 ﬁat?
1705 1909 1860 1965 Sicut

285 1999 444 2088 enim
485 1999 771 2096 scalpellus
814 2017 1007 2075 medici
1035 2030 1142 2071 non
1171 2012 1240 2068 ob
1267 2009 1372 2066 hoc
1399 2006 1570 2063 malus
1594 2009 1679 2060 est
1717 1999 1862 2073 quod

279 2125 500 2178 resecet
521 2090 747 2171 vulnera
789 2116 846 2168 et
871 2105 1117 2181 putridas
1155 2108 1398 2173 amputet
1442 2108 1658 2162 carnes,
1698 2090 1778 2149 sic
1807 2095 1863 2146 et

279 2209 559 2270 correctio
586 2204 834 2262 salubris.

571 2298 742 2366 Quam
765 2295 854 2348 lux
883 2289 1042 2346 rutilo
1065 2299 1204 2343 nova
1227 2281 1368 2340 ctelo

571 2388 658 2444 Fit
680 2393 831 2456 grata
860 2378 1232 2438 habitantibus
1258 2375 1444 2431 orbem

572 2479 704 2536 Post
723 2476 904 2533 nubila
934 2467 1109 2530 hoctis
1136 2483 1321 2541 opacat

569 2570 759 2629 Phoebi
784 2568 1027 2625 radiante
1055 2576 1290 2628 corona;

559 2664 730 2734 Quam
759 2676 846 2717 ros
874 2657 1180 2716 sitientibus
1200 2651 1346 2708 arvis

570 2756 701 2813 Post
729 2753 932 2810 torrida
959 2753 1205 2806 caumate
1228 2739 1447 2806 Cancri,

571 2845 757 2902 Boreae
779 2852 903 2916 post
922 2841 1122 2910 frigora
1144 2849 1284 2892 saeva

576 2938 686 2993 Ver
715 2934 1130 3005 florigerumque
1158 2937 1439 2988 serenum;

569 3032 661 3088 Sic
687 3028 1050 3102 praeveniente
1068 3023 1245 3095 piaclo

571 3125 779 3181 Animae
803 3123 864 3178 ﬁt
885 3121 1052 3177 chara
1074 3115 1301 3172 medela.

573 3218 776 3274 Morbis
799 3214 1138 3271 medicantur
1159 3205 1369 3265 anhelis

563 3310 681 3367 Jam
705 3310 933 3381 quisque
957 3300 1264 3362 salubribus
1289 3295 1473 3354 herbis

570 3402 819 3460 Tulerint
846 3413 952 3470 quo
977 3393 1224 3465 corporis
1251 3403 1412 3461 aegra.

579 3497 720 3554 Cura
742 3492 1000 3565 vigilante
1033 3485 1213 3558 sagaci

579 3586 811 3644 Famulae
837 3583 883 3639 si
910 3588 1059 3636 tanta
1082 3574 1383 3648 rependunt

578 3679 773 3751 Fragili
803 3672 1162 3733 medicamina
1181 3665 1331 3724 carni
1347 3679 1362 3719 :

579 3773 688 3831 Cur
709 3787 817 3827 non
845 3767 1026 3840 potior
1053 3759 1324 3819 medicina

582 3863 868 3920 Dominam
898 3855 1202 3913 medicatur
1228 3850 1514 3907 honorem,

579 3953 894 4015 Simulando
918 3951 1042 4022 jura
1065 3941 1302 4000 creantis

584 4050 838 4106 Animam
865 4041 1064 4098 deitate
1089 4031 1391 4092 beandam?

591 4143 724 4210 Quis
751 4137 973 4194 vulnera
993 4130 1182 4186 tollere
1203 4125 1375 4194 culpa:

588 4230 796 4289 Medico
824 4229 1003 4297 potest
1022 4219 1140 4275 sine
1160 4212 1351 4272 docto?

587 4323 832 4380 Caveant
853 4313 1022 4386 igitur
1048 4306 1420 4367 dominantes;

586 4416 748 4474 Vitiis
777 4413 822 4468 si
850 4413 1030 4465 mente
1052 4402 1374 4461 labascunt;

589 4509 803 4567 Adeant
823 4498 1169 4564 medicosque
1196 4487 1424 4562 peritos,

591 4597 797 4659 Christi
824 4594 1023 4666 pietate
1041 4585 1322 4642 ministros

596 4692 730 4762 Quis
753 4688 963 4744 discant
983 4677 1212 4735 subdere
1235 4669 1392 4733 colla,

597 4761 700 4854 Qui
730 4781 957 4853 possunt
977 4771 1180 4844 pellere
1207 4761 1428 4819 morbos

547 4883 553 4888 ’
599 4852 988 4939 Oleovinoque
1010 4858 1232 4920 salubri.
1344 4852 1350 4856 ’

603 4969 717 5026 Nec
744 4979 851 5021 non
873 4953 1186 5023 ctelestibus
1213 4943 1398 5002 herbis

605 5052 852 5116 Paradisi
879 5049 1011 5104 ﬂore
1039 5039 1240 5098 creatis

604 5146 968 5213 Exstinguunt
999 5135 1115 5189 dira
1144 5139 1369 5182 venena.

610 5224 894 5298 Revocant
908 5228 1116 5284 animas
1140 5226 1195 5276 et
1221 5218 1288 5272 ab
1313 5213 1438 5270 imis

607 5331 788 5387 Verbo
805 5324 1068 5392 virgaque
1097 5307 1329 5385 potenti,

613 5423 763 5493 Quas
782 5419 969 5473 sancta
990 5406 1204 5464 ccelitus
1223 5405 1342 5456 arte

613 5490 902 5576 llevehuut
925 5502 992 5558 ad
1017 5509 1219 5574 pascua
1247 5490 1390 5570 vitae.

405 5735 433 5764 ι
464 5715 711 5776 Sumitur
742 5719 972 5779 sequens
997 5694 1239 5779 narratio
1266 5689 1356 5779 ζει
1385 5672 1912 5779 ’ξξῗῖρεςθξὶὲῌξέζ

1261 331 1464 393 LIBER
1500 330 1590 389 DE
1626 323 2064 386 RECTORIBUS
2099 321 2551 382 CHRISTIANIS.

280 473 455 530 licem.
477 465 712 526 Tantum
743 461 927 534 itaque
970 456 1192 533 prodest
1219 448 1515 523 increpatio
1539 462 1572 503 a
1591 446 1709 502 viro
1733 443 1836 498 vir-
1867 448 1922 511 Α

3403 318 3508 378 514

2560 457 2714 518 CAP.
2743 455 2874 514 XIII.

2012 594 2130 651 Non
2175 602 2264 652 est
2304 591 2464 650 facile
2491 591 2798 649 hominibus
2830 588 3113 646 universas
3136 588 3310 644 vitare
3336 587 3510 645 hostis

1943 689 2188 747 insidias.
2215 687 2348 742 Nam
2377 688 2505 744 dum
2535 685 2802 758 quispiam
2840 681 3078 738 libidinis
3106 679 3361 752 effugerit
3384 695 3512 752 pas-

1944 781 2172 846 sionem,
2204 779 2434 836 incurrit
2462 778 2515 833 in
2569 776 2882 842 avaritiam;
2911 789 3016 844 qua
3061 771 3344 836 declinata,
3377 771 3512 826 invi-

1945 876 2046 932 diae
2066 875 2220 931 fovea
2246 880 2612 945 praeparatur;
2641 873 2779 926 hanc
2807 870 2852 925 si
2875 866 3285 931 transcenderit,
3317 866 3514 921 vitium

1945 968 2146 1024 furoris
2177 966 2439 1030 incurrit,
2469 972 2524 1020 et
2552 963 2687 1018 alios
2707 961 2967 1034 plurimos
2990 959 3211 1028 laqueos
3229 956 3380 1027 ponit
3401 955 3512 1009 ini-

1946 1061 2135 1123 micus,
2157 1073 2264 1128 quo
2290 1069 2485 1126 capere
2505 1053 2956 1124 possitincautos.
2979 1049 3047 1105 Et
3074 1063 3270 1118 corpus
3293 1046 3512 1117 quidem

1945 1150 2228 1221 passiones
2254 1146 2420 1202 habet
2448 1144 2603 1200 facile
2631 1143 3019 1207 ministrantes,
3051 1146 3110 1193 ut
3136 1136 3368 1192 animam
3387 1148 3514 1207 pos-

1946 1243 2018 1298 sit
2064 1239 2339 1304 occidere;
2387 1237 2482 1292 sed
2525 1249 2680 1290 mens
2726 1234 2909 1289 divino
2937 1231 3128 1288 solatio
3154 1230 3382 1300 vigilans
3405 1211 3521 1281 ma?-

1949 1332 2312 1390 cbinationum
2336 1327 2453 1398 ejus
2482 1325 2710 1382 destruit
2731 1330 3066 1396 argumenta.
3097 1320 3398 1377 Humanam
3419 1331 3521 1373 na-

1950 1437 2126 1483 turam
2168 1423 2525 1494 participatus
2561 1418 2896 1476 Theodosius
2934 1415 3190 1487 praefatus
3227 1415 3522 1484 imperator

1950 1518 2137 1576 habuit
2173 1514 2482 1587 passionum
2526 1524 2740 1582 quoque
2778 1505 3232 1572 communionem,
3265 1504 3525 1574 justeque

1950 1614 2122 1670 furori
2145 1613 2462 1667 immensam
2481 1607 2815 1679 permiscens
2843 1599 3239 1661 crudelitatem,
3265 1592 3525 1662 injustam

1951 1714 2208 1778 operatus
2228 1713 2312 1761 est
2325 1703 2651 1774 passionem.
2675 1697 2848 1765 Quam
2873 1709 2988 1750 rem
3017 1703 3242 1746 narrare
3274 1698 3531 1742 necessa-

1883 1820 1932 1880 Β
1958 1775 2101 1853 rium
2123 1805 2207 1852 est
2231 1803 2452 1865 propter
2499 1791 2786 1847 utilitatem
2825 1784 3115 1858 legentium
3145 1792 3171 1822 α
3202 1797 3214 1833 :
3244 1775 3531 1833 Thessalo-

1961 1889 2084 1944 nica
2126 1887 2313 1944 civitas
2361 1893 2447 1941 cst
2487 1879 2793 1953 grandiset
2819 1874 3098 1947 populosa,
3149 1869 3206 1925 in
3252 1882 3358 1938 qua
3401 1866 3527 1920 dum

1960 1977 2154 2034 fuisset
2185 1985 2302 2033 orta
2330 1975 2543 2040 seditio,
2596 1963 2813 2043 quidam
2858 1966 3100 2036 judicum
3139 1959 3358 2034 lapidati
3407 1963 3562 2028 sunt,

1961 2081 2124 2143 atque
2154 2069 2332 2126 tracti.
2366 2067 2505 2122 Hinc
2532 2064 2838 2135 indignatus
2859 2057 3193 2115 Theodosius
3227 2069 3335 2109 non
3364 2051 3535 2106 refre-

1960 2140 2114 2218 navit
2141 2159 2515 2215 inﬁmitatem
2537 2152 2848 2215 iracundiae,
2880 2149 2974 2204 sed
2997 2145 3157 2216 jussit
3177 2143 3404 2212 injustos
3424 2140 3534 2210 gla-

1961 2252 2082 2308 dios
2109 2264 2272 2320 super
2295 2262 2485 2303 omnes
2505 2241 2802 2314 evaginari,
2837 2247 2893 2294 et
2935 2252 3041 2293 una
3070 2250 3192 2290 cum
3216 2230 3539 2289 nocentibus

1961 2341 2280 2397 innocentes
2303 2334 2562 2392 interimi.
2583 2332 2804 2402 Septem
2825 2326 2990 2384 millia
3019 2325 3218 2380 etenim
3237 2321 3537 2385 hominum,

1961 2435 2105 2492 sicut
2130 2432 2322 2496 fertur,
2344 2427 2512 2484 occisi
2541 2432 2688 2489 sunt,
2721 2436 2828 2476 non
2849 2416 3186 2490 praecedente
3207 2413 3430 2484 judicio,
3445 2411 3538 2466 sed

1961 2535 2225 2598 tanquam
2255 2523 2310 2578 in
2332 2517 2598 2576 messibus
2626 2528 2816 2571 omnes
2842 2509 3004 2568 simul
3019 2507 3176 2564 incisi
3204 2513 3348 2561 sunt.
3365 2503 3540 2571 Quam

1963 2621 2036 2677 ob
2065 2593 2203 2683 rem,
2233 2623 2294 2670 ut
2341 2612 2593 2677 diximus,
2654 2609 2846 2662 beatus
2891 2599 3208 2658 Ambrosius
3255 2593 3542 2666 praefatum

1965 2711 2349 2782 imperatorem
2374 2709 2562 2758 sancto
2591 2697 2710 2754 zelo
2735 2706 3028 2751 succensus
3073 2687 3308 2761 graviter
3355 2684 3546 2738 redar-

1967 2773 2106 2876 guit,
2135 2816 2199 2856 ac
2225 2797 2467 2854 furorem
2515 2788 2778 2864 principis
2813 2780 3240 2842 irrationabilem
3282 2783 3339 2832 et
3364 2773 3548 2831 scelus

1967 2892 2259 2950 nefandum
2286 2901 2474 2945 severa
2495 2881 2800 2940 invectione
2821 2877 3113 2934 detestatus
3139 2869 3260 2926 fuit.

2039 3003 2194 3062 Unde
2236 3001 2411 3056 bonus
2458 3004 2513 3054 et
2553 2994 2788 3066 prudens
2836 2988 2917 3071 rei
2961 2985 3189 3059 publicae
3216 2980 3548 3053 gubernator

1970 3104 2154 3169 aptum
2176 3099 2261 3149 est
2273 3099 2331 3146 ut
2357 3087 2486 3144 illud
2509 3089 2833 3156 praecaveat,
2851 3093 2920 3134 ne
2940 3078 3064 3132 dum
3087 3087 3239 3130 suam
3255 3078 3546 3126 suorumve

1895 3163 1942 3229 Ο
1971 3155 2226 3258 injuriam
2247 3180 2436 3238 ulcisci
2462 3155 2624 3248 supra
2647 3171 2866 3229 modum
2885 3165 3140 3239 disponit,
3165 3155 3548 3218 irrationabilis

1968 3285 2183 3336 reatum
2215 3272 2414 3331 furoris
2444 3269 2682 3332 incidat;
2725 3263 2820 3321 sed
2868 3258 3145 3332 propriam
3193 3252 3328 3306 iram
3376 3244 3549 3302 refre-

1968 3383 2105 3427 nare
2127 3382 2238 3422 non
2264 3363 2518 3434 negligat,
2550 3365 2606 3414 et
2643 3353 2776 3426 justi
2818 3339 3020 3407 furoris
3075 3340 3321 3400 stimulos
3350 3335 3550 3392 affectu

1970 3459 2192 3532 pietatis
2223 3423 2518 3515 removeat,
2544 3462 2614 3502 ne
2638 3423 2778 3500 forte
2803 3442 2850 3497 si
2893 3439 3014 3510 plus
3039 3435 3188 3505 justo
3215 3426 3468 3485 desaeviat
3497 3423 3551 3476 in

1971 3513 2266 3617 subjectos,
2288 3513 2530 3599 incurrat
2552 3535 2758 3591 rabiem
2789 3529 3019 3617 leoninae
3049 3517 3369 3579 ferocitatis.
3399 3513 3554 3569 Unde

1971 3604 2235 3710 scriptum
2258 3641 2342 3688 est
2364 3649 2377 3685 :
2413 3619 2539 3685 Noli
2560 3641 2668 3681 esse
2694 3605 2832 3678 sicut
2849 3619 2928 3673 leo
2952 3617 3009 3670 in
3036 3614 3189 3668 domo
3212 3619 3325 3673 tua,
3349 3604 3555 3660 subver-

1974 3692 2104 3789 tens‘
2135 3723 2442 3781 domesticos
2491 3728 2631 3782 tuos,
2689 3724 2738 3768 et
2803 3708 3096 3782 opprimens
3150 3699 3406 3770 subjectos
3463 3692 3557 3747 tibi

1977 3787 2172 3895 (Eccli.
2201 3831 2278 3882 1v,
2299 3810 2411 3872 55).
2437 3809 2570 3864 Nam
2591 3806 2733 3862 sicut
2769 3798 3040 3858 debellare
3081 3791 3363 3864 superbos,
3395 3787 3468 3841 ita
3500 3791 3556 3839 et

1976 3877 2208 3984 parcere
2233 3901 2511 3973 subjectis,
2534 3897 2741 3967 justum
2769 3900 2824 3948 et
2852 3883 3254 3945 misericordem
3279 3877 3553 3935 dominum

1979 3966 2218 4074 oportet.
2247 3966 2403 4053 Unde
2430 3999 2486 4048 et
2513 3966 2820 4044 Antoninus
2842 3982 3136 4051 imperator
3164 3971 3376 4029 dicebat
3397 3966 3558 4022 malle

1979 4111 2043 4151 se
2058 4107 2230 4148 unum
2262 4088 2436 4143 civem
2460 4069 2697 4144 servare,
2726 4089 2889 4146 quam
2917 4069 3064 4127 mille
3088 4067 3272 4122 hostes
3292 4058 3558 4117 occidere.

1981 4184 2043 4240 In
2069 4176 2400 4250 corrigendis
2429 4175 2612 4242 itaque
2639 4145 2957 4224 criminibus
3004 4154 3280 4214 miscenda
3328 4158 3412 4205 est
3434 4145 3567 4202 leni-

1984 4284 2072 4330 tas
2093 4287 2216 4329 cum
2238 4267 2562 4329 severitate;
2595 4258 2906 4317 faciendum
2946 4267 3014 4308 ex
3035 4257 3268 4314 utraque
3297 4251 3566 4310 tempera-

1985 4372 2254 4427 mentum,
2303 4368 2364 4414 ut
2413 4366 2590 4424 neque
2629 4349 2800 4406 multa
2852 4340 3145 4413 asperitate
3188 4330 3569 4388 exulcerentur

1991 4456 2218 4523 subditi,
2241 4416 2418 4522 neque
2441 4416 2610 4504 nimia
2633 4437 2970 4510 benignitate
2993 4428 3288 4487 solvantur.
3321 4419 3433 4476 Nec
3460 4416 3569 4472 ulla

1913 4517 1968 4578 Β
1993 4511 2353 4611 correctionis
2382 4557 2478 4598 seu
2507 4535 2761 4600 vindictae
2789 4527 2987 4587 habeat
3022 4517 3264 4582 modum,
3290 4511 3396 4568 nisi
3423 4514 3572 4564 recte

1992 4640 2264 4718 praecedat
2298 4633 2581 4707 judicium.
2632 4615 2744 4682 Nec
2784 4621 2939 4677 decet
2995 4622 3248 4671 serenum
3303 4609 3573 4660 rectorem

1995 4695 2182 4792 furore
2210 4695 2525 4789 iracundiae,
2550 4729 2809 4787 tanquam
2839 4708 2961 4765 felle
3004 4695 3403 4760 amaritudinis,
3455 4703 3575 4745 esse

1998 4825 2398 4902 perturbatum,
2423 4817 2470 4873 si
2493 4814 2699 4884 justum
2728 4805 2841 4862 vult
2875 4798 3122 4874 proferre
3144 4789 3426 4862 judicium,
3450 4796 3575 4837 cum

2766 4897 2777 4902 -
2865 4895 2877 4902 .
2938 4893 2972 4902 ..
3010 4892 3022 4902 .
3096 4885 3165 4902 ,τί
3197 4901 3203 4902 ί
3240 4880 3372 4902 ﬂ,”
3400 4880 3575 4902 Mm.

2001 4880 2090 4902 r~~
2108 4880 2119 4882 -
2137 4880 2172 4882 η
2386 4880 2396 4884 -
2495 4880 2510 4884 -

2001 4918 2168 4977 nimis
2195 4909 2549 4972 irascentium
2570 4917 2711 4960 caeca
2737 4897 2846 4957 sint
2859 4892 3081 4964 judicia.
3096 4885 3214 4941 Non
3233 4880 3375 4937 enim
3400 4880 3579 4946 potest

1999 5022 2256 5069 serenum
2304 5004 2486 5057 lumen
2532 4991 2756 5068 iustitiae
2803 5000 2868 5042 ac
2906 4976 3155 5038 veritatis
3201 4981 3447 5029 cernere,
3486 4962 3578 5032 qui

1979 5083 2234 5170 caligine
2274 5059 2622 5148 obnubilatur
2671 5076 2983 5137 iracundiae.
3040 5068 3354 5141 Opponatur
3396 5059 3581 5127 itaque

2005 5151 2164 5254 fortis
2185 5184 2461 5261 patientia:
2488 5180 2732 5252 clypeus,
2761 5179 2948 5228 contra
2993 5153 3380 5220 irrationabilis
3409 5151 3581 5217 impe-

2004 5296 2122 5343 tum
2143 5245 2361 5338 furoris.
2387 5245 2556 5338 Nam,
2571 5245 2713 5326 sicut
2739 5261 3002 5331 scriptum
3024 5259 3130 5315 est,
3170 5245 3358 5302 Melior
3385 5249 3458 5296 est
3487 5255 3583 5310 pa-

1981 5435 1985 5438 _
2007 5379 2142 5434 tiens
2166 5373 2275 5427 viro
2305 5367 2451 5439 forti,
2477 5371 2526 5417 et
2548 5359 2637 5433 qui
2685 5347 2986 5409 dominatur
3005 5341 3180 5397 animo
3207 5351 3302 5392 suo
3323 5344 3586 5428 expugna:

2011 5479 2122 5524 tore
2144 5413 2352 5520 urbium
2396 5413 2581 5530 (Prov:
2634 5461 2748 5512 xvt,
2776 5438 2890 5512 ’52).
2942 5430 3159 5492 Fortior
3208 5425 3354 5484 enim
3381 5428 3466 5477 est
3493 5413 3588 5488 qui

1982 5645 2082 5722 ’19
2138 5662 2379 5719 derivata
2418 5657 2636 5713 fuerunt
2672 5658 2793 5718 quae
2817 5645 3004 5698 noster
3053 5631 3192 5691 dixit
3235 5629 3304 5686 de
3344 5617 3588 5682 Placilla,

405 5735 433 5764 ⁸
464 5735 711 5776 bumltur
742 5735 972 5779 sequens
998 5735 1238 5758 uanum,
1267 5735 1356 5760 ,νη
1398 5735 1525 5743 ---η
1546 5735 1556 5736 ,
1616 5735 1628 5750 κ
1705 5745 1717 5757 .

325 5796 442 5862 ria,
480 5791 578 5847 lib.
626 5799 680 5853 v,
720 5797 840 5853 cap.
894 5776 983 5842 l7,
1036 5770 1134 5838 18,
1166 5773 1224 5823 ut
1265 5777 1334 5820 ex
1389 5751 1624 5828 capitulo
1669 5746 1910 5818 ejusdem
2013 5751 2148 5820 cap.
2168 5735 2222 5790 5.
