4046 6332
576 341 684 397 M5

578 539 936 604 iracundiam,
954 555 1116 609 quam
1140 540 1233 609 qui
1258 539 1468 594 leonem
1489 539 1725 609 perimit.

648 629 859 698 Quanta
881 644 1011 685 vero
1040 629 1182 684 mala
1214 645 1312 699 per
1341 629 1683 684 subitaneum
1706 628 1942 687 furorem
1968 637 2024 688 et
2050 631 2150 690 im-

576 723 850 796 patientia;
895 722 1089 781 vitium
1123 723 1414 787 eveniant,
1459 721 1581 792 quis
1623 721 1895 791 explicare
1931 723 2155 793 potest?

578 818 696 873 Rex
733 815 884 884 Saul,
911 817 1113 874 furoris
1153 817 1411 888 impetum
1442 830 1549 871 non
1589 815 1890 881 refrenans,
1932 816 2156 874 immani

576 911 783 966 smvitia
814 907 1126 965 sacerdotes
1157 909 1370 964 Domini
1400 908 1708 965 trucidavit.
1745 907 2000 964 Salomon
2029 923 2156 977 quo-

577 1019 683 1076 que
706 1004 955 1075 quamvis
979 1001 1264 1073 splendore
1285 1003 1563 1073 sapientiae
1595 1001 1772 1058 fuerat
1802 1001 2152 1067 illuminatus,

579 1104 762 1152 tamen
810 1097 1012 1152 furoris
1047 1097 1299 1166 passione
1343 1095 1600 1165 repletus,
1625 1109 1781 1150 suum
1814 1093 2038 1150 fratrem
2069 1094 2153 1148 in-

573 1188 751 1245 teriici
804 1189 1096 1259 praecepit,
1153 1189 1410 1258 pietatem
1469 1185 1742 1257 tyrannidi
1799 1194 2150 1255 postponens.

577 1280 714 1348 Quid
742 1279 973 1336 referam
1003 1281 1070 1334 de
1110 1281 1358 1352 reprobis
1381 1279 1625 1333 Judaais?
1672 1278 1765 1348 qui
1798 1278 1926 1333 dum
1957 1277 2152 1344 zelum,

573 1370 668 1426 sed
709 1386 813 1426 non
857 1369 1152 1425 secundum
1183 1369 1468 1424 scientiam
1510 1367 1835 1433 habuerunt,
1874 1368 1928 1422 in
1959 1367 2155 1424 Filium

573 1459 669 1514 Dei
704 1467 759 1514 et
783 1449 1000 1516 sanctos
1022 1456 1141 1529 ejus
1165 1459 1459 1529 discipulos
1497 1459 1781 1516 homicidae
1809 1459 2150 1518 exstiterunt.

572 1554 644 1605 At
691 1552 948 1622 patientis
984 1554 1188 1608 virtute
1243 1551 1674 1607 mansuetudinis
1722 1559 1938 1608 sanctus
1984 1551 2154 1608 David

570 1643 864 1715 praeditus,
910 1646 1074 1700 etiam
1106 1645 1342 1700 inimicis
1384 1646 1498 1701 suis
1534 1661 1675 1716 saepe
1699 1645 1916 1716 pietatis
1957 1643 2153 1701 affectu

569 1734 850 1806 pepercit;
881 1750 1268 1805 nonnunquam
1296 1749 1429 1790 vero
1459 1734 1556 1792 Dei
1579 1735 1696 1792 zelo
1720 1734 2028 1797 stimulatus
2053 1734 2154 1788 ini-

1950 329 2224 388 SEDULII
2265 327 2460 384 SCOl'l

578 445 893 503 violentiam
941 445 1080 500 etin
1115 457 1173 500 se
1231 443 1350 515 ipso
1396 444 1663 504 inclusam
1710 441 1881 499 feram
1938 449 2156 514 superat
2181 445 2236 506 Α

3725 325 3840 388 316

2681 440 2883 497 Infecta
2912 455 3065 499 mens
3093 457 3321 500 veneno.

2675 534 2968 618 Mi‘sceatur
2999 552 3130 606 ergo
3159 536 3349 602 menti,

2673 629 3042 701 Flagransque
3066 631 3232 685 odore
3268 629 3422 701 pacis

2685 719 2800 773 Dux
2830 719 2940 783 flat,
2972 735 3035 774 ac
3057 733 3282 774 serenus

2676 811 2846 868 Grato
2872 814 3078 868 nitente
3105 812 3277 866 vultu.

2681 903 2792 960 Nec
2812 903 3064 975 judicans
3087 903 3156 958 sit
3187 911 3312 958 ante

2681 994 2851 1063 Quam
2874 996 3077 1050 veritas
3099 1002 3362 1065 patescat.

2675 1086 2810 1141 Nam
2840 1087 3058 1142 notione
3085 1094 3243 1142 nocte

2675 1179 2782 1236 Cor
2808 1179 3052 1251 splendet
3073 1189 3129 1234 ut
3154 1179 3393 1235 lucerna.

2870 1270 3022 1326 CAP.
3065 1269 3203 1324 XIV.

2326 1360 2432 1418 Sed
2464 1362 2592 1417 dum
2623 1362 2750 1418 boni
2788 1373 3028 1419 rectores
3070 1362 3269 1418 fastum
3299 1361 3564 1433 superbiae
3590 1363 3842 1436 tyranni-

2255 1455 2339 1512 dis
2368 1455 2423 1509 in
2454 1455 2781 1511 adversariis
2827 1456 3096 1511 debellare
3128 1457 3379 1522 student,
3409 1473 3514 1512 non
3547 1458 3602 1511 in
3647 1473 3707 1511 se
3738 1474 3838 1516 nec

2254 1543 2308 1599 in
2348 1560 2566 1600 suorum
2617 1543 2957 1609 fortitudine,
3008 1545 3102 1600 sed
3133 1545 3184 1599 in
3230 1545 3494 1601 Altissimi
3537 1547 3744 1602 virtute
3786 1557 3840 1604 et

2254 1637 2424 1708 gratia
2475 1645 2640 1692 totam
2690 1637 3071 1692 confidentiam
3121 1639 3363 1694 stabilire
3413 1639 3647 1708 debent,
3712 1643 3838 1711 quia

2256 1728 2370 1800 ipse
2408 1737 2490 1786 est
2526 1729 2669 1784 solus
2705 1738 2761 1784 et
2799 1739 2994 1800 potens
3039 1739 3313 1800 protector
3351 1734 3592 1788 omnium
3634 1734 3689 1788 in
3721 1737 3841 1804 ipso

572 1801 746 1880 inicos
789 1825 1003 1880 Domini
1055 1801 1228 1894 mutue
1259 1825 1326 1880 ad
1375 1825 1568 1882 mortis
1601 1825 1825 1880 exitium
1879 1824 2151 1895 protrivit.
2181 1801 2229 1862 Β
2257 1819 2580 1876 ﬁducialiter
2615 1822 2966 1892 sperantium.
3013 1821 3168 1877 Unde
3200 1837 3299 1892 per
3321 1822 3664 1878 Psalmistam
3704 1801 3844 1880 dici-

571 1912 739 1969 Decet
774 1915 922 1970 enim
955 1915 1212 1970 dilectum
1259 1915 1372 1970 Deo
1397 1914 1695 1984 principem
1734 1922 1923 1968 contra
1970 1914 2153 1970 hostes

568 2012 624 2059 et
669 2004 1012 2076 blasphemos
1047 2004 1340 2062 Christiani
1393 2006 1627 2064 nominis
1677 2003 1996 2062 fulmineum
2037 2003 2148 2060 fre-

569 2103 800 2165 quenter
826 2095 1028 2151 habere
1051 2096 1246 2152 zelum.
1295 2094 1430 2152 Nam
1453 2095 1500 2152 si
1528 2094 2026 2152 Nabuchodonosor
2053 2110 2150 2152 rex

568 2187 885 2259 alienigena,
914 2203 982 2242 ne
1011 2188 1475 2258 blasphemaretur
1497 2187 1641 2242 Deus
1664 2187 1831 2242 Israel
1857 2187 1911 2241 in
1938 2194 2148 2242 tantum

567 2279 761 2345 saeviit,
789 2288 852 2334 ut
874 2280 981 2334 tale
1001 2280 1280 2335 decretum
1309 2279 1550 2334 ﬁrmaret
1575 2278 1760 2334 dicens
1785 2295 1796 2332 :
1827 2276 2150 2348 Quicunque

567 2370 767 2425 dixerit
790 2370 1182 2440 blasphemiam
1211 2371 1266 2424 in
1296 2369 1466 2424 Deum
1494 2368 1708 2434 Sidrac,
1763 2368 1929 2424 Misac
1959 2378 2017 2425 et
2039 2369 2150 2426 Ab-

567 2457 798 2530 denago,
826 2459 928 2529 ipsi
957 2459 1013 2513 in
1043 2459 1324 2513 interitum
1349 2465 1537 2523 erunt,
1562 2465 1620 2512 et
1643 2457 1836 2514 domus
1876 2472 2065 2515 eorum
2092 2458 2150 2516 in

566 2551 926 2621 perditionem
976 2550 1138 2623 (Dan.
1178 2567 1265 2615 ιιι,
1313 2549 1443 2621 96);
1494 2558 1701 2620 quanto
1749 2551 1920 2623 magis
1957 2552 2148 2610 ortho-

568 2641 738 2696 doxos
768 2649 1008 2696 rectores
1045 2651 1238 2696 contra
1278 2641 1528 2698 inimicos
1557 2640 1880 2700 Christianae
1922 2642 2051 2698 ﬁdei
2092 2649 2150 2700 et

571 2734 832 2790 doctrinae
859 2743 1022 2806 atque
1067 2735 1340 2805 religionis
1381 2735 1559 2791 zelare
1589 2735 1844 2805 oportet?
1877 2743 2145 2806 quatenus

569 2824 960 2896 Omnipotenti,
1013 2824 1168 2894 cujus
1214 2827 1450 2882 ministri
1495 2828 1670 2898 gratia
1709 2837 1835 2884 sunt
1884 2827 2142 2894 ordinati,

567 2924 719 2972 tanto
772 2917 948 2988 magis
988 2918 1267 2988 placeant,
1322 2928 1524 2989 quanto
1573 2919 1869 2978 ferventius
1913 2935 1980 2978 ea
2019 2935 2144 2994 quia

567 3005 769 3066 Christi
801 3016 950 3078 sunt,
977 3009 1234 3066 laudabili
1263 3010 1379 3065 zelo
1400 3019 1645 3081 satagere
1673 3010 1945 3068 anhelant.

979 3101 1108 3160 Post
1139 3102 1369 3173 inclytos
1403 3102 1618 3160 labores

987 3191 1068 3252 Ac
1096 3189 1281 3247 laurea
1307 3199 1529 3260 tmpaea,

987 3284 1132 3355 Toga
1163 3285 1426 3348 candente
1453 3283 1623 3353 pacis,

987 3376 1057 3438 Et
1082 3377 1231 3446 regia
1257 3391 1456 3432 corona

986 3465 1166 3524 Lectis
1186 3466 1420 3522 micante
1443 3464 1672 3537 gemmis

989 3557 1248 3628 Auroque
1285 3566 1499 3627 compta
1534 3555 1673 3611 llavo
1700 3573 1717 3624 ;

987 3648 1124 3706 Cum
1155 3663 1396 3718 purpura
1424 3655 1694 3713 coruscat,

979 3741 1130 3798 Aulze
1166 3742 1394 3798 decorus
1419 3741 1574 3806 ordo,

983 3833 1238 3890 Feliciter
1272 3840 1550 3902 regentem

978 3925 1115 3982 Cum
1140 3941 1258 3982 sors
1284 3927 1442 3981 beata
1467 3928 1668 3988 comat,

987 4017 1162 4083 Quam
1187 4030 1330 4084 saepe
1353 4014 1550 4070 mentis
1573 4012 1755 4070 aulam

989 4107 1280 4162 Perturbat
1308 4106 1386 4160 ira
1415 4118 1675 4176 praeceps,

987 4199 1066 4251 Ac
1095 4196 1241 4250 zelus
1265 4195 1420 4250 ardet
1459 4195 1606 4250 intus

985 4288 1143 4342 Cmco
1174 4285 1357 4342 furore
1384 4290 1564 4341 cretus
1587 4286 1601 4338 ι

985 4377 1160 4434 Enea
1187 4377 1362 4436 fervet
1383 4377 1487 4434 olla

973 4469 1083 4526 Nec
1111 4470 1194 4527 sic
1223 4468 1409 4528 furens
1441 4469 1498 4524 in
1525 4475 1698 4535 astra,

979 4564 1091 4619 Ceu
1123 4563 1383 4634 principis
1421 4576 1611 4622 severa

975 4653 1084 4709 Cor
1111 4654 1262 4709 srevit
1291 4663 1349 4710 ut
1375 4654 1564 4710 leuana.

979 4744 1178 4802 Nolens
1205 4745 1426 4808 modum
1452 4752 1640 4810 tenere

491 4947 508 4955 ,
628 4897 654 4928 ει
679 4881 1037 4946 Piscatorium
1086 4883 1503 4940 instrumentum
1539 4881 1747 4938 fuscina
1779 4889 1894 4947 est,
1934 4883 2124 4941 bidens

554 4964 650 5010 aut
683 4956 923 5026 tridens,
965 4970 1070 5026 qua
1097 4955 1355 5010 velociter
1387 4963 1441 5009 et
1485 4955 1663 5026 perite
1690 4955 1899 5026 vibrata
1927 4957 2126 5016 confixi

551 5027 729 5098 pisces
757 5025 1060 5098 capiuntur.
1109 5026 1164 5079 ld
1189 5033 1525 5098 expveterum
1563 5025 1778 5098 scriptis
1803 5033 2031 5090 constat,
2079 5036 2132 5082 et

552 5095 681 5152 usus
709 5096 871 5150 etiam
915 5095 1206 5151 hodiernus
1247 5097 1596 5151 demonstrat.
1645 5095 1780 5149 Nam
1824 5104 1878 5150 et
1904 5110 2002 5164 ego
2039 5111 2130 5149 au-

554 5165 884 5236 tumnalibus
906 5164 1053 5236 feriis
1081 5166 1134 5218 in
1165 5164 1363 5236 Circma
1395 5167 1591 5236 palude
1619 5165 1686 5220 ad
1716 5165 2126 5236 Lucullivillam

549 5235 694 5306 jacta
721 5234 948 5306 fuscina
988 5235 1150 5306 breve
1173 5234 1412 5305 piscibus
1438 5235 1639 5306 bellum,
1675 5236 1850 5289 intuli.
1884 5235 2126 5306 HincLut

553 5304 678 5376 pote
704 5304 857 5376 deus
882 5304 1140 5371 marinus,
1177 5304 1471 5361 tridentem
1512 5305 1774 5376 fuscinam
1817 5313 1993 5376 gestat
2025 5304 2127 5361 Ne-

592 5384 771 5446 tunus,
813 5374 970 5444 eique
1010 5377 1179 5446 ipsam
1220 5379 1320 5432 sub
1347 5374 1801 5446 pedibuspsternit
1825 5374 2123 5446 Martianus

597 5445 766 5516 apella
792 5461 808 5509 ;
845 5442 960 5516 quo
985 5442 1101 5503 loco
1121 5488 1136 5510 ,
1184 5442 1372 5516 doctus
1408 5443 1716 5516 alioquiyvir
1743 5442 2024 5515 Caylusius
2049 5445 2124 5499 ri-

551 5513 726 5571 dicule
754 5513 887 5587 legit
909 5514 1185 5571 lusciniam
1209 5532 1312 5587 pro
1338 5515 1579 5587 fuscina._
1606 5513 1832 5568 Causam
1865 5517 2005 5587 hanc
2034 5532 2123 5570 ve-

2255 1919 2342 1966 tur
2370 1930 2383 1967 :
2419 1909 2626 1968 Bonum
2653 1923 2727 1968 est
2769 1930 2978 1985 sperare
3003 1914 3055 1967 in
3086 1913 3332 1978 Domino,
3363 1931 3520 1985 quam
3545 1932 3764 1984 sperare
3789 1920 3841 1970 in

2251 2005 2570 2076 principibus
2599 2005 2770 2077 (Psal.
2800 2022 2964 2072 cxvu,
3003 2006 3096 2078 9);
3142 2007 3332 2060 bonum
3373 2016 3446 2062 est
3468 2007 3736 2077 conﬁdere
3788 2011 3840 2064 in

2253 2095 2496 2163 Domino,
2529 2115 2686 2170 quam
2723 2099 2982 2169 conﬁdere
3010 2100 3063 2153 in
3108 2099 3318 2153 homine
3367 2097 3531 2159 (Ibid.
3573 2116 3628 2154 v.
3655 2103 3737 2170 8).
3779 2103 3844 2158 Et

2251 2187 2416 2242 alibi:
2466 2187 2642 2244 Nolite
2683 2190 2942 2259 conﬁdere
2969 2189 3023 2244 in
3057 2191 3378 2261 principibus
3423 2208 3584 2264 neque
3610 2193 3662 2246 in
3714 2193 3843 2262 ﬁliis

2251 2277 2540 2343 hominum,
2568 2279 2622 2332 in
2648 2278 2834 2350 quibus
2860 2295 2963 2333 non
2995 2288 3069 2332 est
3101 2279 3266 2333 salus.
3293 2277 3446 2335 Exiet
3477 2282 3694 2351 spiritus
3727 2285 3844 2353 ejus

2249 2379 2299 2423 et
2324 2377 2605 2424 revertetur
2634 2370 2688 2424 in
2718 2380 2913 2424 terram
2948 2388 3117 2424 suam.
3145 2371 3213 2426 Et
3237 2371 3442 2442 reliqua
3468 2371 3641 2444 (Psal.
3676 2393 3838 2443 cxnv,

2249 2461 2304 2525 3,
2348 2460 2424 2530 4).
2453 2460 2550 2516 Cui
2581 2463 2741 2517 etiam
2771 2461 3035 2518 Jcremias
3062 2465 3301 2520 concinit
3330 2465 3552 2522 dicens:
3588 2467 3838 2535 Domine,

2249 2568 2425 2606 omnes
2447 2554 2535 2624 qui
2565 2563 2611 2608 te
2637 2553 3023 2624 derelinquunt,
3073 2555 3494 2626 confundentur;
3539 2560 3840 2616 recedentes

2250 2662 2283 2699 a
2313 2655 2385 2710 te,
2431 2646 2485 2699 in
2509 2653 2647 2699 terra
2671 2645 2998 2712 scribentur;
3032 2648 3280 2717 quoniam
3317 2649 3718 2720 dereliquerunt'
3758 2670 3839 2706 re-

2248 2753 2371 2790 nam
2398 2753 2654 2808 aquarum
2678 2737 2952 2790 viventium
2982 2737 3266 2792 Dominum
3296 2739 3512 2810 (Jerem.
3557 2756 3694 2804 xm,
3727 2742 3835 2814 15).

2249 2824 2560 2880 Maledictus
2585 2827 2738 2881 homo
2769 2828 2858 2897 qui
2881 2827 3097 2896 conﬁdit
3121 2829 3174 2882 in
3215 2829 3441 2895 homine,
3470 2840 3520 2884 et
3547 2834 3697 2902 ponit
3720 2851 3840 2887 car-

2247 2933 2362 2972 nem
2397 2917 2668 2971 brachium
2693 2933 2867 2982 suum,
2910 2925 2960 2971 et
2997 2935 3028 2971 a
3072 2917 3299 2974 Domino
3330 2921 3519 2975 recedit
3565 2938 3654 2974 cor
3693 2925 3833 2994 ejus.

2247 3005 2314 3061 Et
2339 3005 2544 3078 reliqua
2570 3005 2758 3078 (Ibid.,
2787 3021 2838 3060 v.
2877 3005 2951 3078 5).
2986 3006 3174 3062 Nullus
3204 3023 3332 3080 ergo
3358 3009 3520 3063 debet
3553 3009 3836 3067 conﬁdere

2247 3097 2304 3152 in
2329 3098 2563 3162 homine,
2614 3106 2707 3152 aut
2736 3113 3063 3168 pmsumere
3089 3100 3231 3167 quod
3256 3099 3434 3156 nullus
3461 3100 3511 3155 ei
3541 3103 3720 3171 possit
3751 3120 3833 3159 re-

2170 3168 2222 3260 (ξ
2249 3189 2460 3244 sistere.
2510 3187 2876 3244 Praesumebat
2900 3197 2954 3243 et
2990 3189 3188 3244 silurus
3230 3190 3394 3260 piscis
3431 3168 3572 3262 quod
3604 3195 3832 3252 hamum

2246 3279 2352 3337 sibi
2373 3294 2530 3334 nemo
2553 3280 2782 3349 jaceret,
2814 3294 2974 3334 nemo
3011 3281 3256 3336 tenderet
3290 3283 3465 3350 retia;
3519 3295 3573 3339 et
3602 3286 3646 3341 si
3694 3288 3834 3346 inci-

2245 3370 2434 3437 disset,
2466 3372 2645 3426 omnia
2674 3371 3055 3444 disrumperet,
3086 3382 3140 3430 et
3163 3384 3342 3432 tamen
3367 3378 3630 3435 fuscinam
3663 3394 3696 3423 ι
3723 3399 3831 3440 non

2245 3461 2438 3514 evasit.
2488 3459 2641 3528 Quod
2670 3462 2716 3517 si
2760 3463 2882 3532 quis
2919 3465 3175 3535 singulari
3208 3467 3523 3526 fortitudine
3548 3474 3830 3530 excellens

2244 3553 2315 3607 ob
2338 3553 2441 3608 hoc
2464 3555 2704 3625 singulos
2728 3571 2835 3610 non
2866 3545 3069 3624 timeat,
3114 3558 3253 3613 idem
3281 3561 3477 3616 multos
3498 3577 3730 3622 necesse
3752 3576 3830 3624 est

2244 3656 2306 3702 ut
2326 3656 2530 3703 caveat.
2573 3647 2708 3703 Nam
2741 3650 2832 3720 qui
2877 3651 2945 3706 ab
2969 3668 3076 3707 uno
3103 3654 3244 3710 vinci
3273 3672 3379 3712 non
3405 3668 3601 3729 potest,
3652 3663 3828 3721 inter-

2244 3736 2372 3790 dum
2401 3753 2433 3791 a
2462 3737 2645 3794 multis
2670 3739 2920 3794 vincitur.
2962 3741 3192 3812 Elephas
3218 3747 3436 3816 grandis
3459 3758 3562 3815 est,
3595 3761 3648 3806 et
3681 3756 3828 3811 occi-

2246 3828 2426 3893 ditur;
2475 3829 2559 3885 leo
2589 3829 2746 3886 fortis
2772 3839 2881 3896 est,
2913 3831 3067 3901 tigris
3094 3833 3249 3890 fortis
3277 3847 3383 3904 est,
3433 3847 3488 3894 et
3531 3842 3824 3900 occiditur.

2242 3917 2533 3975 Prudentis
2561 3929 2743 3976 autem
2771 3923 2998 3979 rectoris
3016 3931 3099 3979 est
3123 3926 3287 3982 etiam
3313 3937 3552 3987 metuere
3577 3933 3658 3988 vel
3691 3953 3827 4007 pra}-

2243 4026 2437 4068 cavere
2475 4012 2777 4080 inferiores,
2823 4031 2948 4071 cum
2981 4032 3123 4089 saepe
3167 4020 3235 4074 ab
3276 4020 3619 4080 inferioribus
3657 4043 3826 4100 supe-

2243 4101 2416 4157 riores
2439 4113 2776 4173 superentur.
2830 4104 3002 4173 Quam
3043 4109 3296 4166 immanis
3322 4122 3407 4168 est
3433 4117 3747 4175 crocodilus
3777 4130 3826 4176 et

2243 4191 2495 4249 dentibus
2519 4201 2681 4265 atque
2701 4196 2969 4267 unguibus
2999 4199 3386 4258 intolerabilis!
3414 4206 3506 4274 qui
3532 4216 3722 4264 tamen
3761 4211 3822 4265 ab

2243 4285 2432 4340 enideo
2453 4284 2680 4342 bestiola
2702 4298 2888 4344 ventre
2901 4291 3204 4358 perimitur.
3235 4293 3552 4351 Monoceron
3569 4298 3824 4370 elephan-

2241 4382 2352 4430 tem
2385 4391 2553 4431 cornu
2592 4376 2854 4449 perforat.
2912 4378 3294 4440 Formidabilis
3330 4385 3645 4457 elephantus
3698 4409 3822 4447 mu—

2242 4482 2358 4523 rem
2397 4469 2568 4524 timet.
2614 4469 2726 4526 Leo
2747 4486 2843 4527 rex
2875 4471 3112 4529 ferarum
3137 4477 3332 4548 exiguo
3357 4481 3654 4552 scorpionis
3688 4501 3819 4543 acu-

2160 4534 2215 4622 D
2240 4557 2326 4613 leo
2355 4559 2637 4614 occiditur.
2697 4559 2865 4617 Nemo
2901 4562 3085 4633 itaque
3125 4564 3182 4621 in
3224 4534 3338 4623 δαίς
3375 4534 3821 4632 viribus—temeie

2239 4661 2548 4722 praesumat.

2313 4745 2419 4801 Sed
2452 4761 2520 4800 ne
2548 4745 2668 4815 quis
2697 4746 2751 4801 in
2779 4761 2999 4803 suorum
3043 4748 3357 4808 fortitudine
3385 4767 3451 4809 ac
3496 4760 3817 4815 numerosi-

2239 4882 2431 4970 ἰχθύων
2450 4881 2621 4954 θήραν,
2636 4881 2678 4966 ’ἢ
2702 4879 3087 4971 ὠς-ἕπιτηδιιίον.
3102 4885 3294 4971 τούτοις
3316 4893 3407 4971 to“:
3428 4889 3644 4971 ρργάγου
3681 4899 3819 4971 πρὸς

2236 4958 2324 5028 τάν
2369 4955 2558 5028 “im”
2598 4957 2686 5009 τῆς
2728 4960 2820 5022 γῆς
2845 4967 2859 5028 Ξ
2909 4953 3123 5028 “ﬁeri.
3155 4957 3294 5024 quod
3323 4953 3818 5028 i’aldé'mirorfin

2235 5021 2367 5096 alias
2395 5021 2610 5084 abeunt,
2643 5021 2775 5088 quas
2808 5021 3192 5096 pigetreferre
3223 5027 3624 5096 explicationes,
3661 5021 3816 5092 lianc

2232 5091 2391 5165 unice
2437 5104 2650 5165 verum,
2681 5098 2742 5143 ut
2749 5106 2910 5165 _reor,
2960 5091 3308 5165 ignorantes;
3364 5100 3527 5154 veluti
3557 5091 3815 5164 Servius.

2231 5160 2296 5214 ad
2327 5159 2453 5235 nan.
2487 5176 2526 5223 ι,
2551 5159 2656 5235 iss
2678 5176 2725 5235 ὶ-
2749 5159 3085 5235 Fulgentius,
3132 5164 3223 5235 ns.
3257 5159 3394 5235 1,5;
3441 5180 3498 5226 et
3554 5159 3813 5231 Vaticani

2230 5228 3093 5310 mythographi,.ClasszA:1“:
3136 5234 3219 5310 ω,
3268 5228 3356 5310 pp.
3382 5228 3478 5310 '59,
3524 5241 3612 5302 86,
3655 5228 3810 5308 433‘;

2231 5253 2838 5354 mytuugraamluwass.
2885 5253 2996 5285 AA.
3045 5253 3091 5286 ι.
3136 5253 3219 5299 lu,
3265 5253 3356 5361 ἥρ.
3389 5253 3478 5305 53,
3524 5253 3612 5302 ὃὸ,
3655 5253 3810 5308 185;

2228 5315 2328 5355 nec
2353 5316 2457 5355 non
2497 5369 2505 5370 ί
2533 5315 2656 5354 nec:
2686 5309 2933 5356 auctores
2974 5303 3170 5358 laudati
3201 5322 3232 5360 a
3320 5309 3550 5365 unckero
3572 5313 3636 5366 ad
3670 5315 3813 5370 Ful-

2227 5372 2466 5447 gentium
2494 5369 2596 5424 loc.
2629 5375 2722 5424 cit.
2773 5371 3016 5447 Pictores
3059 5390 3191 5447 vero
3242 5392 3306 5432 ac
3350 5382 3640 5447 statuarii,
3703 5369 3813 5442 hoc

2224 5442 2418 5511 aptius,
2448 5454 2574 5512 pra:
2613 5441 2823 5512 caneris
2867 5443 3193 5512 piscatoriis,
3243 5441 3662 5506 instrumentum
3701 5441 3812 5512 Ne;

2219 5509 2388 5586 ptuno
2431 5509 2810 5586 distinguendo
2831 5509 3118 5582 adhibent;
3155 5509 3352 5572 etenim
3395 5523 3618 5586 tridens,
3675 5509 3810 5582 cum

550 5579 967 5662 rissimanf,_cur
992 5589 1148 5662 detur
1177 5579 1673 5662 Neptunofuscina,
1721 5601 1856 5639 unus
1890 5585 2120 5662 fortasse
2219 5579 2483 5662 inarinurn
2529 5579 2688 5661 deum
2729 5579 2980 5662 denotat,
3023 5579 3133 5639 tum
3179 5587 3341 5662 etiam
3385 5592 3583 5662 sceptri
3605 5579 3807 5652 “se;

553 5658 694 5713 inter
739 5655 1162 5726 mythographos
1199 5655 1348 5712 novit
1386 5657 1739 5726 Phomutust
1763 5670 1878 5726 cap.
1920 5655 1986 5709 de
2016 5655 2121 5709 Ne-

549 5737 738 5796 ptuno,
765 5719 1072 5799 quanquam
1111 5735 1166 5781 et
1189 5728 1303 5797 ipse
1345 5726 1614 5780 immerito
1654 5719 1941 5799 dubita—ns:
1981 5727 2116 5799 φέρει

552 5795 604 5854 δί
625 5801 870 5869 τρίαιναν,
907 5795 1122 5871 πότερον
1169 5795 1279 5855 inti
1321 5799 1450 5872 αὐτῇ
1481 5803 1682 5868 χρῶναι
1707 5795 1836 5864 πρὸς
1881 5795 2115 5868 ﬁdem»

2256 5653 2378 5736 erit,
2406 5658 2459 5705 et
2485 5650 2704 5737 omnino
2732 5651 2998 5737 decoram.
3012 5663 3171 5737 atque
3199 5650 3496 5727 speciosam
3525 5650 3805 5737 aquarum

2256 5668 2378 5715 81⁵11,
2406 5668 2459 5705 ει
2485 5668 2704 5703 0111111110
2732 5668 2983 5706 decoram
3012 5668 3078 5709 alt

2219 5668 2438 5778 domino
2473 5720 2786 5790 dignitatem
2810 5723 3078 5780 conciliat.

3979 3920 3983 4016 1

3977 4019 3981 4169 ‘l

3975 4205 3977 4253 |

3973 4283 3975 4335 |

3969 4461 3971 4503 l

3965 4623 3967 4669 l

3963 4685 3965 4753 1

3961 4783 3963 4835 1

3959 4877 3961 4919 l

3979 3920 3983 4016 1

3977 4019 3981 4169 ‘l

3975 4205 3977 4253 |

3973 4283 3975 4335 |

3969 4461 3971 4503 l

3965 4623 3967 4669 l

3963 4685 3965 4753 1

3961 4783 3963 4835 1

3959 4877 3961 4919 l
