4046 6332
282 352 388 414 317

1252 335 1584 404 LIBER‘DE
1621 344 2061 411 RECTORIBUS
2095 349 2548 411 CHRISTIANIS.

3438 357 3543 422 518

281 472 392 523 tate
419 460 673 529 confidat,
702 458 910 517 Xerxes
939 475 1036 517 rex
1060 462 1351 518 Persarum
1377 460 1574 518 bellum
1601 461 1860 519 adversus
1885 465 1940 536 Α
2033 465 2092 524 In
2121 466 2350 524 Domino
2373 469 2553 541 potius
2577 466 2699 528 vivo
2725 481 2848 539 spes
2875 474 2987 524 tota
3016 467 3242 538 locetur,

282 557 546 615 Graeciam
578 571 607 609 a
646 563 798 630 patre
834 561 1142 626 susceptum
1189 568 1287 624 per
1310 553 1736 625 quinquennium
1778 552 1860 610 in-

281 650 477 708 struxit
510 665 525 717 ;
571 647 662 723 qui
686 647 935 702 videlicet
963 646 1174 702 Xerxes
1198 661 1292 702 ncc
1319 643 1484 700 millia
1519 651 1854 700 armatorum

281 743 347 798 de
375 757 568 814 regno,
598 746 655 795 et
687 754 780 798 ccc
808 737 975 794 millia
1019 738 1083 794 de
1109 736 1341 804 auxiliis,
1392 744 1652 794 rostratas
1696 735 1862 794 etiam

279 833 426 891 mille
475 834 758 898 ducentas,
801 830 1082 888 onerarias
1129 829 1232 884 tria
1288 829 1456 886 millia
1492 843 1717 886 numero
1764 829 1862 886 ha-

278 926 462 984 buisse
491 933 780 990 narratur;
834 932 895 979 ut
920 923 1115 992 merito
1139 920 1416 994 inopinato
1446 920 1728 985 exercitui,
1761 921 1865 978 im.

279 1032 587 1088 mensteque
616 1016 774 1076 classi
804 1015 892 1072 vix
942 1015 1009 1071 ad
1035 1021 1219 1085 potum
1271 1011 1488 1068 flumina
1516 1054 1530 1079 ,
1568 1013 1657 1068 vix
1686 1019 1863 1071 terras

279 1111 350 1168 ad
371 1110 707 1186 ingressum,
737 1108 830 1163 vix
873 1106 1043 1163 maria
1074 1105 1142 1162 ad
1186 1121 1404 1165 cursum
1432 1103 1705 1164 sutl‘ecisse
1751 1119 1866 1166 me-

279 1210 550 1260 moratum
581 1201 698 1257 sit..
721 1199 830 1257 Sed
879 1199 1145 1272 Leonidas
1193 1214 1290 1256 rex
1319 1196 1708 1269 Spartanorum
1740 1211 1864 1254 cum

280 1301 513 1366 quatuor
534 1293 770 1348 millibus
797 1291 1075 1350 hominum
1104 1300 1292 1344 contra
1318 1288 1463 1346 mille
1494 1287 1661 1344 millia
1687 1303 1867 1350 arma-

281 1393 460 1442 torum
493 1385 733 1457 ejusdem
763 1383 960 1439 Xerxis
992 1382 1046 1436 in
1071 1379 1268 1437 bellum
1295 1377 1584 1452 processit,
1609 1395 1692 1448 ac,
1722 1379 1867 1438 dele-

282 1477 352 1534 tis
385 1477 673 1534 Persarum
700 1476 891 1548 copiis,
923 1474 1096 1530 victor
1122 1480 1178 1528 et
1200 1471 1342 1528 bello
1373 1471 1710 1532 clarissimus
1741 1486 1866 1530 cum

280 1571 394 1629 suis
433 1571 622 1647 paucis
652 1586 751 1643 pro
795 1584 977 1625 amore
1024 1566 1318 1622 liberanda:
1348 1565 1539 1638 patriae
1588 1563 1860 1624 occubuit.

279 1663 492 1720 'Xerxes
520 1678 670 1728 vero,
704 1660 843 1716 bello
873 1661 928 1716 in
957 1658 1163 1730 Graecia
1190 1655 1476 1711 infeliciter
1510 1663 1683 1732 gesto,
1733 1669 1863 1712 con-

284 1754 597 1827 lemptibilis
621 1755 733 1810 suis
761 1753 956 1821 factus,
990 1751 1044 1806 in
1069 1749 1215 1826 regia
1245 1749 1646 1816 circumventus
1671 1747 1866 1808 occidi-

2104 559 2206 628 Qui
2233 560 2373 632 regit
2399 560 2724 618 altithronus
2751 561 2972 617 numine
2999 577 3163 632 regna
3198 561 3356 618 Deus.

2033 649 2135 717 Qui
2165 651 2259 706 dat
2281 659 2339 710 et
2363 651 2704 723 omnipotens
2731 651 2956 708 ducibus
2982 667 3202 722 sperare
3229 667 3485 724 superna,

2111 740 2379 801 Virtutem
2405 745 2582 804 valida
2611 746 2830 802 vincere
2858 761 3020 818 posse
3045 761 3228 804 manu.

2608 881 2760 938 CAP.
2786 883 2901 940 XV.

2037 1009 2193 1070 Unde
2216 1011 2262 1070 si
2303 1013 2518 1084 quando
2544 1014 2722 1074 bellici
2755 1032 2999 1074 rumores
3041 1018 3404 1084 crebrescant,
3437 1033 3547 1079 non

1965 1115 2076 1167 tam
2122 1107 2179 1164 in
2231 1107 2396 1166 armis
2424 1110 2794 1183 corporalibus
2829 1119 2884 1168 et
2929 1111 3240 1170 fortitudine
3273 1109 3550 1170 conﬁden-

1965 1199 2094 1260 dum
2118 1242 2134 1268 ,
2185 1216 2348 1272 quam
2379 1203 2611 1263 assiduis
2655 1205 2724 1264 ad
2754 1204 3042 1262 Dominum
3083 1206 3417 1264 orationibus
3461 1213 3548 1266 est.

1966 1292 2347 1360 insistendum,
2389 1293 2588 1364 Deique
2616 1304 2745 1352 sunt
2767 1296 3102 1368 imploranda
3127 1296 3344 1362 auxilia,
3394 1295 3553 1367 cujus

1965 1386 2024 1444 in
2066 1386 2318 1444 manibus
2362 1372 2612 1448 consistit
2631 1388 2798 1453 salus,
2838 1403 2945 1460 pax
2972 1397 3134 1460 atque
3155 1389 3420 1454 victoria;
3455 1387 3551 1460 qui

1965 1478 2012 1551 si
2041 1477 2129 1548 pia
2162 1477 2445 1536 devotione
2472 1479 2752 1536 invocatus
2781 1477 2967 1548 fuerit,
3004 1495 3276 1551 nunquam
3304 1494 3362 1534 se
3399 1479 3552 1536 invo-

1968 1579 2155 1633 cantes
2184 1571 2402 1636 deserit,
2450 1572 2544 1628 sed
2580 1571 2784 1629 eisdem
2814 1572 3237 1632 misericorditer
3261 1570 3474 1642 adjutor
3497 1571 3554 1628 in

1966 1662 2464 1734 importunitatibus
2490 1661 2720 1720 assistit.
2771 1660 2908 1716 Nam
2936 1678 3060 1720 cum
3100 1676 3322 1718 suorum
3347 1659 3552 1716 electo-

1966 1772 2088 1812 rum
2119 1772 2310 1812 manus
2337 1763 2392 1812 et
2410 1770 2572 1812 voces
2593 1756 2662 1810 ad
2682 1754 2898 1810 Patrem
2925 1752 3422 1814 misericordiarum
3447 1749 3558 1806 ele-

283 1859 389 1906 tur.
441 1849 575 1904 Nam
624 1847 898 1903 saecularis
927 1847 1109 1918 gloriae
1138 1853 1194 1899 et
1221 1843 1570 1906 incurvabilis
1599 1843 1864 1914 superbia:
1891 1851 1942 1913 Β
1966 1856 2184 1913 vantur,
2235 1848 2474 1905 hostium
2512 1846 2766 1908 ferocitas
2814 1846 3167 1912 annihilatur,
3217 1859 3281 1900 ac
3307 1859 3558 1900 nonnun-

279 1939 574 2012 pedisequa
609 1946 694 1994 est
718 1936 1030 2008 ignominia.
1065 1936 1202 1992 Hinc
1229 1951 1328 2005 per
1357 1933 1701 1994 Salomonem
1733 1935 1866 1992 dici-

283 2040 410 2087 tur:
448 2031 705 2087 Dominus
737 2030 1057 2085 exercituum
1087 2029 1183 2082 hoc
1210 2027 1451 2098 cogitavit
1477 2036 1531 2081 ut
1575 2026 1866 2084 detraheret

280 2124 584 2196 superbiam
625 2122 794 2178 omnis
819 2120 1022 2194 glorier,
1069 2129 1116 2174 et
1154 2118 1223 2172 ad
1254 2118 1595 2188 ignominiam
1639 2117 1866 2174 deduce—

201 2267 226 2287 ο
283 2226 360 2270 ret
391 2232 568 2270 omnes
587 2214 808 2286 inclytos
836 2222 989 2266 terra:
1019 2208 1153 2281 (Isa.
1181 2223 1336 2274 χχιιι,
1367 2207 1446 2280 9).

356 2304 476 2364 Νοιι
502 2321 630 2376 ergo
654 2305 914 2377 glorietur
941 2302 1094 2358 fortis
1121 2301 1174 2358 in
1197 2299 1512 2356 fortitudine
1535 2313 1653 2368 sua,
1680 2315 1782 2356 nec
1796 2301 1870 2356 di—

280 2409 378 2451 ves
398 2395 452 2464 in
483 2395 683 2450 divitiis
712 2394 843 2452 suis.
891 2392 1026 2448 Nam
1056 2391 1101 2448 si
1137 2406 1298 2448 eruca
1335 2406 1641 2462 parvusque
1670 2392 1869 2448 vermi-

207 2526 210 2528 η
282 2485 437 2542 cuius
465 2484 660 2543 fortior
678 2485 896 2544 homine
925 2492 1029 2550 est,
1058 2484 1246 2556 utquid
1275 2500 1333 2542 se
1351 2483 1523 2556 jactat
1550 2493 1695 2543 terra
1721 2492 1776 2543 et
1796 2485 1871 2542 ci-

281 2577 392 2644 nis,
435 2586 492 2633 et
531 2578 674 2634 elata
702 2593 800 2648 per
824 2577 1149 2648 superbiam,
1182 2593 1304 2634 cum
1345 2592 1411 2634 ex
1437 2579 1602 2636 humo
1645 2579 1735 2646 sit,
1767 2579 1870 2640 hu-

282 2684 446 2726 mana
485 2669 832 2738 contemnit?
877 2669 1064 2740 Itaque
1097 2671 1187 2742 qui
1217 2669 1495 2742 gloriatur,
1542 2672 1598 2728 in
1644 2669 1871 2728 Domino

282 2761 536 2834 glorietur
563 2760 620 2833 (Ι
654 2760 776 2817 Cor.
807 2777 848 2829 ι,
876 2760 988 2833 51),
1015 2761 1107 2834 qui
1153 2777 1342 2822 arcum
1368 2761 1672 2832 potentium
1723 2759 1876 2816 infir-

284 2861 417 2918 mat,
455 2862 511 2908 et
545 2853 792 2909 infirmos
823 2854 1016 2908 robore
1046 2851 1280 2922 accingit
1306 2868 1320 2915 ;
1354 2852 1507 2921 cujus
1536 2850 1874 2908 adiuventio-

283 2959 384 3000 nes
420 2953 629 3002 suntut
669 2946 888 3018 superbi
915 2945 1112 3001 cadant
1134 2953 1189 2999 et
1224 2944 1454 3000 humiles
1481 2951 1739 3016 surgant;
1786 2943 1874 3002 cui

285 3037 462 3094 omnis
484 3045 730 3109 potestas
761 3052 790 3090 a
819 3033 980 3094 Patre
1011 3036 1136 3092 data
1160 3043 1244 3092 est
1273 3036 1327 3090 in
1357 3035 1496 3092 coelo
1537 3043 1592 3091 et
1623 3036 1676 3090 in
1705 3043 1872 3100 terra,

287 3135 341 3182 et
370 3127 556 3183 omnia
592 3124 832 3196 subjecta
877 3135 1006 3197 sunt
1048 3128 1147 3184 sub
1175 3127 1401 3198 pedibus
1430 3126 1564 3200 ejus.
1612 3126 1669 3180 In
1695 3141 1801 3197 quo
1828 3125 1874 3182 si

1969 1955 2131 2012 quam
2164 1940 2410 1996 hostibus
2456 1939 2739 2000 subitanea
2784 1939 3080 2011 ignominia
3129 1921 3560 2005 mortisque'foc

1969 2046 2092 2098 vea,
2132 2031 2233 2104 piis
2264 2047 2392 2088 vero
2429 2031 2646 2102 inopina
2679 2031 2903 2087 victoria
2929 2029 3272 2101 disponitur;
3323 2026 3451 2086 dum
3479 2024 3557 2094 pii

1970 2121 2116 2178 viam
2147 2121 2442 2192 desperata:
2475 2120 2687 2192 salutis,
2729 2121 2881 2191 impii
2927 2128 3107 2178 autem
3146 2117 3448 2187 decipulam
3477 2115 3560 2170 inv

1971 2220 2202 2283 speratae
2233 2214 2424 2268 mortis
2444 2213 2664 2268 intrant.
2695 2209 2804 2267 Sed
2840 2212 2983 2282 quod
3012 2210 3258 2274 dicimus,
3297 2206 3562 2264 evidenti-

1969 2303 2075 2366 bus
2101 2302 2363 2372 exemplis
2401 2317 2498 2356 nos
2528 2302 2909 2374 approbemus.

2045 2393 2256 2464 Moyses
2303 2392 2578 2464 legislator
2623 2408 2744 2448 cum
2792 2407 2986 2450 manus
3033 2406 3162 2451 suas
3205 2390 3261 2448 in
3311 2387 3560 2448 oratione

1974 2485 2222 2541 elevabat
2248 2485 2316 2540 ad
2346 2484 2651 2547 Dominum,
2696 2484 2948 2543 vincebat
2976 2482 3141 2538 lsrael
3165 2499 3180 2547 ;
3212 2497 3337 2539 cum
3363 2481 3558 2551 paulu-

1973 2575 2084 2637 lum
2109 2574 2439 2641 remittebat,
2483 2574 2732 2630 vincebat
2765 2571 3009 2630 Amalec.
3061 2573 3151 2628 Sic
3173 2580 3227 2627 et
3272 2585 3400 2642 rege
3427 2571 3563 2626 Eze-

1975 2667 2098 2724 chia
2125 2683 2232 2722 non
2259 2665 2630 2738 corporalibus
2656 2665 2822 2724 armis
2848 2673 3139 2736 pugnante,
3196 2664 3291 2720 sed
3332 2678 3458 2719 cum
3480 2661 3562 2717 la-

1975 2757 2176 2830 crymis
2202 2766 2488 2823 exorante,
2538 2756 2762 2829 angelus
2787 2757 3002 2816 Domini
3032 2764 3249 2814 centum
3285 2753 3563 2822 octoginta

1976 2852 2215 2925 quinque
2243 2850 2410 2907 millia
2445 2848 2794 2921 Assyriorum
2823 2864 2930 2908 una
2953 2857 3114 2906 nocte
3147 2844 3438 2903 interfecit.
3472 2840 3566 2899 Jo-

1977 2945 2171 3016 saphat
2216 2959 2313 3000 rex
2342 2943 2529 3002 laudes
2570 2941 2801 2998 Domino
2834 2939 3178 3011 personabat,
3219 2946 3275 2994 et
3301 2936 3566 2992 Dominus

1975 3050 2076 3105 pro
2107 3035 2362 3100 laudante
2407 3034 2592 3090 hostes
2634 3031 2962 3102 superabat,
3008 3031 3086 3092 ita
3131 3037 3192 3086 ut
3217 3032 3564 3086 converteret

1977 3125 2216 3184 hostium
2247 3125 2473 3186 insidias
2499 3124 2554 3180 in
2595 3124 2933 3193 semetipsos,
2967 3121 3054 3182 vel
3081 3121 3285 3182 mutuis
3311 3119 3569 3176 caderent

286 3217 408 3290 quis
435 3217 760 3284 fiducialiter
787 3218 1081 3274 anchoram
1123 3217 1235 3289 spei
1265 3215 1464 3282 ﬁxerit,
1501 3215 1876 3274 misericordia
1903 3201 1948 3266 C
1978 3217 2309 3276 vulneribus.
2347 3217 2603 3278 Israelita:
2628 3231 2757 3279 vero
2785 3217 3059 3287 ingentem
3084 3214 3320 3287 prmdam
3353 3211 3420 3268 de
3444 3224 3569 3281 spo-

284 3308 733 3377 circumdabitur,
773 3309 912 3364 sicut
934 3309 1195 3382 scriptum
1225 3313 1328 3374 est,
1359 3305 1462 3374 Qui
1490 3316 1665 3378 sperat
1690 3307 1746 3359 in
1768 3305 1878 3360 Do—

285 3399 448 3464 mino,
477 3398 832 3455 sublevabitur
860 3395 1043 3472 (Prov.
1088 3415 1241 3466 xxix,
1265 3393 1379 3469 25).
1416 3397 1762 3469 Exspectatio
1789 3396 1878 3466 ju-

286 3501 500 3570 storum.
523 3494 733 3563 laetitia,
754 3491 1044 3550 Psalmista
1069 3499 1379 3559 attestante,
1409 3491 1502 3562 qui
1524 3491 1629 3545 ait:
1651 3489 1879 3561 Speran-

293 3594 371 3640 tes
400 3596 568 3641 autem
590 3586 645 3642 in
681 3585 906 3641 Domino
933 3583 1295 3642 misericordia
1325 3582 1671 3638 circumdabit
1703 3578 1875 3654 (Psal.

294 3690 449 3744 xxx-1,
493 3674 602 3748 10).
638 3675 708 3732 Et
755 3676 986 3732 iterum:
1021 3675 1214 3731 Beatus
1252 3674 1352 3742 uir,
1403 3674 1554 3746 cujus
1595 3680 1669 3727 est
1696 3687 1881 3727 nomen

291 3763 509 3822 Domini
553 3784 666 3839 spes
697 3767 811 3840 ejus
843 3765 1016 3840 (Psal.
1050 3783 1236 3833 XXXIX,
1268 3764 1342 3837 5).
1398 3765 1531 3832 Quis
1581 3764 1727 3820 enim
1761 3777 1883 3837 spe-

291 3856 435 3912 ravit
462 3855 516 3922 in
546 3856 797 3928 Domino,
825 3866 880 3914 et
903 3855 1159 3916 confusus
1183 3857 1308 3913 est?
1336 3856 1468 3924 Quis
1490 3855 1792 3928 permansit
1822 3854 1880 3910 in

291 3949 567 4008 mandatis
593 3949 730 4022 ejus,
762 3959 817 4006 et
842 3950 1133 4007 derelictus
1166 3951 1292 4006 est?
1321 3947 1451 4017 Quis
1478 3949 1750 4006 invocavit
1777 3949 1883 4004 Do-

292 4039 523 4107 minum,
548 4049 603 4096 et
629 4041 914 4113 despectus
940 4043 1066 4099 est?
1092 4028 1354 4108 Quoniam
1379 4042 1496 4115 pius
1517 4050 1564 4098 et
1588 4040 1883 4098 misericors

293 4125 560 4186 Do‘minus
599 4130 786 4205 (Eccli.
818 4149 880 4200 ιι,
907 4132 1018 4206 15).

368 4220 627 4293 Quisquis
660 4222 979 4294 bellipotens
1027 4225 1185 4282 saevis
1210 4221 1432 4281 confidit
1455 4223 1510 4280 in
1532 4222 1722 4290 armis,

438 4310 496 4370 In
524 4329 582 4368 se
607 4315 722 4371 sive
747 4316 861 4374 suis
892 4333 1041 4392 spem
1072 4317 1214 4376 male
1248 4316 1388 4376 ﬁdus
1417 4316 1644 4382 habens,

364 4404 608 4463 Instabili
636 4409 934 4470 tremulans
962 4410 1088 4468 folio
1119 4410 1462 4469 simulabitur
1482 4409 1594 4474 ille,

442 4497 662 4556 Grande
692 4501 836 4574 quod
854 4502 1113 4570 excussit,
1145 4500 1286 4572 quod
1305 4507 1467 4558 notus
1491 4508 1654 4572 atque
1684 4505 1885 4558 movet.

371 4587 539 4660 Cujus
568 4590 749 4648 lorica:
777 4600 986 4650 textura
1011 4593 1218 4666 rigente
1246 4591 1462 4652 metallo

447 4684 519 4740 Ut
545 4683 752 4758 fragilis
776 4686 896 4742 tela:
924 4695 1080 4744 nutat
1116 4669 1400 4744 araneolte.

375 4778 666 4840 Plumbeus
695 4790 754 4841 ut
770 4782 933 4854 pugio
956 4781 1164 4856 gladius
1192 4781 1440 4844 lentescit
1466 4787 1676 4848 acutus,

447 4873 556 4930 Nec
586 4875 726 4934 fidus
753 4875 1029 4932 dominum
1054 4875 1288 4947 protegit
1318 4883 1372 4931 et
1397 4874 1634 4946 clypeus.

377 4963 552 5031 Quem
580 4964 748 5036 galeae
777 4964 946 5020 tutela
966 4965 1166 5034 premit
1187 4980 1287 5021 ceu
1316 4964 1471 5022 lanea
1498 4963 1694 5030 cassis,

448 5053 665 5112 Lancea
689 5055 1030 5128 vulnipotens
1051 5055 1189 5112 sicut
1220 5056 1424 5114 arundo
1455 5055 1614 5112 valet.

383 5149 606 5205 Talibus
631 5148 937 5206 horrendus
954 5148 1199 5220 jactabat
1219 5163 1359 5217 saepe
1386 5146 1592 5212 Colias,

452 5242 622 5310 Quem
652 5243 818 5300 funda
847 5244 1045 5302 missus
1072 5243 1264 5298 stravit
1284 5241 1350 5298 ab
1379 5243 1531 5299 hoste
1557 5242 1715 5312 lapis.

381 5335 538 5390 lllum
569 5352 677 5392 non
708 5337 840 5392 vicit
864 5337 1106 5410 clypeus,
1138 5350 1247 5394 non
1271 5349 1423 5392 arma
1455 5335 1756 5399 tremenda,

453 5427 680 5502 Nonque
705 5433 888 5490 minax
912 5446 1092 5488 sermo
1115 5428 1319 5500 profuit
1338 5427 1640 5500 Allophylo.

385 5519 445 5577 Si
467 5521 574 5588 leo,
607 5523 654 5580 si
681 5523 859 5594 tigris,
885 5522 1192 5594 perimitur,
1224 5521 1269 5578 si
1292 5519 1615 5583 crocodilus,

456 5611 654 5688 Ingens
681 5614 724 5670 si
751 5628 960 5670 murem
990 5621 1112 5670 trux
1135 5611 1463 5684 elephasque
1499 5607 1653 5666 timet
1677 5624 1694 5675 ;

387 5703 531 5775 Ergo
561 5718 660 5759 nec
688 5703 741 5758 in
767 5703 973 5774 proprii
999 5703 1272 5758 fidendum
1302 5701 1508 5756 viribus
1534 5698 1627 5754 ulli

463 5795 751 5862 Bellicam.
778 5797 1028 5856 quamvis
1049 5809 1200 5864 aenea
1229 5793 1469 5872 membra
1497 5797 1668 5872 gerat.

1977 3309 2068 3366 liis
2113 3309 2414 3368 occisorum
2448 3309 2718 3375 tollentes,
2771 3309 2846 3370 ita
2894 3307 3071 3366 onusti
3120 3313 3247 3364 sunt
3293 3312 3354 3360 ut
3384 3301 3569 3360 omnia

1979 3409 2197 3473 portare
2222 3418 2328 3464 non
2357 3411 2598 3474 possent,
2630 3418 2732 3462 nec
2753 3418 2850 3473 per
2880 3411 2990 3458 tres
3018 3401 3133 3456 dies
3153 3398 3325 3469 spolia
3353 3396 3572 3452 auferre

1978 3508 2091 3565 prae
2114 3493 2310 3563 praedas
2340 3494 2726 3564 magnitudine.
2769 3493 2909 3560 Quid
2941 3491 3205 3550 referrem
3233 3491 3301 3546 de
3348 3486 3568 3544 Macha-

1979 3585 2132 3648 baeis,
2181 3585 2273 3654 qui
2299 3585 2481 3648 divino
2527 3583 2654 3646 freti
2685 3585 2956 3655 adiutorio
2997 3599 3138 3652 serpe
3186 3583 3423 3636 victores
3451 3578 3569 3634 fue-

1983 3674 2150 3732 runt?
2180 3673 2335 3730 Unde
2363 3680 2419 3729 et
2441 3673 2840 3730 famosissimus
2875 3671 2966 3733 ille
2994 3669 3161 3730 ludas
3187 3677 3350 3738 atque
3374 3667 3431 3724 in
3452 3665 3568 3722 bel-

1982 3762 2051 3821 lis
2073 3762 2287 3819 Domini
2312 3763 2723 3828 invictissimus,
2767 3763 2834 3818 ad
2861 3762 3071 3832 plebem
3105 3759 3482 3820 formidantem
3505 3772 3572 3812 ac

1986 3856 2274 3924 dicentem,
2315 3855 2588 3922 Quomodo
2627 3856 2910 3928 poterimus
2939 3854 3094 3926 pauci
3118 3867 3350 3928 pugnare
3386 3849 3572 3906 aducr-v

1985 3967 2074 4006 sus
2113 3949 2504 4006 multitudinem
2540 3959 2743 4006 tantam
2772 3959 2820 4004 et
2847 3958 2955 4004 tam
2983 3947 3189 4016 fortem,
3238 3951 3287 3997 et
3316 3958 3410 3997 nos
3439 3941 3572 4011 fati-

1985 4041 2093 4115 gati
2155 4057 2335 4096 sumus
2373 4041 2582 4113 jejunio
2634 4040 2833 4096 hodie?
2882 4036 3206 4109 respondit:
3258 4031 3444 4088 Facile
3493 4040 3572 4090 est

1988 4137 2230 4198 concludi
2259 4136 2452 4194 multos
2495 4135 2550 4191 in
2579 4150 2768 4188 manus
2787 4146 3113 4204 paucorum;
3144 4136 3192 4188 et
3231 4143 3334 4182 non
3361 4134 3435 4180 est
3463 4123 3571 4195 dif-

1990 4229 2212 4302 ferentia
2261 4228 2316 4284 in
2348 4235 2622 4297 conspectu
2655 4223 2754 4279 Dei
2784 4223 2897 4279 cwli
2922 4223 3142 4276 liberare
3177 4220 3232 4276 in
3276 4216 3454 4274 multis
3494 4213 3572 4302 uel

1987 4301 2046 4380 in
2070 4321 2282 4393 paucis,
2314 4319 2437 4390 quia
2471 4334 2575 4374 non
2619 4319 2676 4372 in
2717 4316 3050 4372 multitudine
3077 4313 3334 4370 exercitus
3358 4301 3573 4366 victoria

1993 4413 2129 4478 belli,
2167 4411 2258 4468 sed
2287 4411 2350 4466 de
2371 4409 2496 4466 cwlo
2518 4409 2772 4480 fortitudo
2797 4417 2891 4462 est.
2918 4406 3028 4476 Ipsi
3061 4405 3270 4460 ueniunt
3298 4402 3367 4456 ad
3395 4418 3488 4456 nos
3515 4401 3574 4454 in

1994 4502 2330 4561 multitudine
2357 4501 2652 4558 contumaci
2696 4508 2744 4554 et
2774 4496 3020 4570 superba,
3068 4504 3124 4552 ut
3151 4493 3453 4566 disperdant
3479 4507 3574 4552 nos

1994 4603 2042 4652 et
2075 4609 2264 4650 uxores
2304 4599 2509 4648 nostras
2532 4598 2581 4644 et
2613 4588 2751 4659 ﬁlios
2775 4597 3002 4657 nostros,
3026 4596 3075 4646 et
3103 4597 3161 4641 ut
3189 4585 3409 4658 spoliem
3439 4598 3531 4642 nos
3554 4598 3573 4646 .'

1995 4702 2088 4748 nos
2120 4701 2236 4742 vero
2277 4697 2564 4756 pugnemus
2609 4697 2702 4751 pro
2749 4678 3026 4736 animabus
3061 4679 3252 4734 nostris
3299 4685 3346 4732 et
3379 4672 3575 4745 legibus

1994 4777 2206 4843 nostris,
2247 4783 2296 4832 et
2317 4774 2425 4846 ipse
2453 4772 2708 4830 Dominus
2737 4780 2963 4830 conteret
3003 4787 3091 4826 eos
3133 4779 3253 4824 ante
3278 4768 3464 4838 faciem
3494 4781 3578 4822 vc-

1993 4879 2178 4926 stram.
2235 4864 2336 4922 Vos
2360 4873 2531 4924 autem
2555 4864 2915 4922 netimueritia
2941 4879 3026 4924 eos
3054 4861 3106 4934 (Ι
3135 4860 3312 4936 ΜαεΙι.
3351 4873 3438 4923 ιιι,
3477 4854 3576 4912 17-

1995 4959 2107 5036 22).
2165 4957 2362 5028 Sicque
2389 4957 2694 5026 irrumpens
2725 4953 2780 5010 in
2824 4954 3009 5010 hostes
3031 4992 3046 5019 ,
3090 4948 3346 5008 contrivit
3370 4961 3488 5014 eos,
3517 4953 3579 5002 et

1995 5051 2279 5118 victoriam
2309 5048 2518 5120 accepit
2541 5047 2608 5102 de
2636 5047 2870 5103 inimicis
2891 5046 3023 5119 suis.

2069 5141 2182 5200 Nec
2210 5140 2384 5198 solum
2415 5139 2469 5193 in
2523 5139 2706 5196 Veteri
2749 5137 3094 5194 Testamento
3113 5135 3231 5190 haec
3266 5131 3408 5190 facta
3429 5137 3578 5197 sunt,

2002 5232 2098 5290 sed
2133 5231 2296 5290 etiam
2319 5229 2375 5283 in
2406 5227 2556 5284 Novo
2585 5228 2670 5283 his
2703 5228 2900 5285 similia
2930 5225 3289 5295 contigerunt.
3319 5221 3476 5279 Unde
3504 5221 3582 5276 hi-

2004 5323 2185 5380 storiae
2233 5319 2453 5380 tradunt
2487 5318 2632 5388 quod
2670 5315 3056 5394 Constantinus
3100 5313 3395 5388 imperator
3420 5327 3584 5370 cruce

2007 5411 2210 5472 Christi
2244 5424 2343 5482 pro
2378 5408 2577 5480 vexillo,
2603 5415 2780 5472 utens,
2813 5405 3097 5464 universos
3129 5404 3311 5468 hostes
3338 5418 3468 5462 suos
3494 5419 3584 5459 su-

2010 5505 2240 5579 peravit.
2295 5502 2559 5560 Similiter
2608 5508 2662 5556 et
2715 5495 3052 5556 Theodosius
3103 5495 3376 5570 Augustus
3413 5494 3588 5568 magis

2011 5598 2217 5666 orando
2241 5611 2404 5666 quam
2441 5591 2693 5650 bellando
2720 5588 2980 5662 quosdam
3013 5596 3268 5673 tyrannos
3291 5597 3588 5658 eorumque

2013 5694 2284 5750 exercitus
2307 5687 2640 5762 prostravit;
2668 5685 2755 5741 cui
2794 5683 3051 5738 Dominus
3089 5678 3588 5764 tempestates,.ful-

2017 5800 2150 5857 gura
2201 5790 2258 5840 et
2305 5780 2543 5838 tonitrua
2588 5777 2646 5833 in
2691 5773 2951 5832 auxilium
2997 5783 3186 5856 contra
3247 5769 3584 5852 adversarios
