4012 6336
413 324 522 388 819

1801 308 2072 368 SEDULll
2109 308 2309 370 SCOTl

3571 323 3675 379 320

417 442 590 508 misit,
623 445 678 496 et
721 450 816 494 eos
845 435 1082 492 vindicta
1107 429 1317 490 cmlesti
1343 428 1614 503 protrivit,
1658 428 1724 485 de
1749 441 1856 502 quo
1879 426 2000 499 qui-
2023 425 2080 490 Α
2101 425 2262 492 citus,
2291 425 2424 482 ﬁdes
2453 423 2626 482 fervet
2645 426 2698 481 iu
2728 425 2944 497 populo,
2971 434 3027 482 et
3061 433 3369 500 contempto
3397 445 3676 491 armorum

419 532 545 587 dam
571 530 850 601 eleganter
874 536 1035 598 poeta
1062 539 1089 568 ι
1121 525 1203 581 sic
1233 525 1311 579 ait
1341 541 1355 580 :

490 621 536 678 0
564 620 726 675 nimis
747 619 938 674 dilecte
969 618 1100 683 Deo,
1129 615 1228 674 tibi
1262 613 1460 670 militat
1489 612 1688 680 aether,

489 711 560 768 Et
581 709 852 780 coniurati
877 709 1102 765 veniunt
1130 708 1196 762 ad
1225 707 1450 764 classica
1475 706 1642 762 venti.

491 803 630 872 Quid
656 811 838 859 autem
863 803 1061 859 mirum
1085 801 1131 858 si
1153 817 1248 874 per
1266 815 1462 872 magna
1487 800 1754 855 elementa
1774 814 2000 871 magnus

422 899 684 955 Dominus
721 898 990 970 magnalia
1014 905 1288 967 operetur,
1321 909 1445 950 cum
1475 893 1640 950 etiam
1684 894 1740 948 in
1779 893 2002 948 minutis

421 990 730 1045 volatilibus
751 990 1009 1060 stupenda
1033 986 1290 1042 miracula
1313 987 1429 1056 ipse
1450 985 1630 1040 facere
1644 985 2003 1055 prmdicetur?

422 1081 805 1138 Ecclesiastica
849 1097 1081 1151 namque
1135 1079 1304 1135 refert
1331 1078 1558 1134 historia
1590 1077 1734 1148 quod
1761 1085 2004 1148 tempore

423 1172 727 1232 Constantii
775 1174 1116 1245 imperatoris
1163 1189 1260 1228 rex
1303 1172 1590 1228 Persarum
1637 1171 1871 1241 Sapores
1912 1187 2006 1227 uo-

421 1271 591 1335 mine,
624 1270 833 1325 Nisibin
872 1269 1164 1334 civitatem,
1213 1282 1375 1336 quam
1407 1267 1626 1338 quidam
1662 1264 2003 1321 Antiochiam

425 1357 763 1430 Mygdoniam
795 1366 1012 1424 vocant,
1053 1357 1239 1412 multis
1264 1373 1386 1412 cum
1421 1357 1658 1412 millibus
1699 1355 2002 1422 obsidebat,

423 1451 578 1521 cujus
606 1451 756 1506 urbis
782 1452 1069 1521 episcopus
1109 1458 1271 1520 atque
1297 1457 1478 1506 rector
1510 1457 1564 1505 et
1591 1449 1701 1504 dux
1739 1430 1858 1503 erat
1881 1463 2007 1504 san-

423 1548 545 1595 ctus
566 1538 801 1596 Jacobus
826 1541 1133 1610 apostolicae
1155 1541 1343 1610 gratia:
1369 1539 1540 1595 radiis
1558 1541 1879 1596 illustratus.
1902 1540 2008 1596 Per

424 1628 565 1684 idem
597 1645 728 1700 ergo
775 1639 987 1699 tempus
1022 1630 1280 1699 Ephraim
1335 1629 1419 1684 vir
1470 1629 1732 1685 mirabilis
1775 1637 1830 1685 et
1876 1645 2007 1685 con-

425 1719 659 1788 scriptor
709 1719 958 1792 egregius
1005 1720 1146 1790 apud
1175 1720 1343 1790 Syros
1391 1721 1762 1775 sacratissimo
1806 1719 2008 1776 Iacobo

2097 517 2370 588 praesidio,
2427 516 2726 573 divinitatis
2779 526 3126 588 exspectatur
3185 521 3468 580 auxilium.
3527 524 3678 583 Tunc

2098 607 2399 664 Germanus
2427 607 2620 664 ducem
2654 623 2712 664 se
2741 608 2912 680 praelii
2937 610 3246 679 profitetur,
3276 612 3432 685 eligit
3449 617 3673 687 expedi-

2097 706 2206 766 tos,
2232 707 2287 754 et
2323 715 2356 755 e
2385 699 2603 771 regione
2629 715 2736 771 qua
2779 701 3017 756 hostium
3046 703 3366 772 sperabatur
3391 708 3676 776 adventus,

2099 789 2297 846 vallem
2332 789 2722 847 circumdatam
2751 793 2913 848 editis
2949 793 3223 850 montibus
3259 795 3522 865 intuetur,
3576 816 3681 870 quo

2103 881 2156 937 in
2187 881 2305 937 loco
2353 898 2552 938 novum
2583 884 2858 952 componit
2903 886 3200 941 exercitum
3229 888 3346 959 ipse
3373 889 3483 945 dux
3512 892 3685 962 agmi-

2103 977 2208 1032 nis.
2243 975 2310 1030 Et
2331 975 2447 1045 jam
2493 977 2680 1032 aderat
2706 975 2859 1032 ferox
2900 978 3186 1034 multitudo
3225 981 3482 1049 hostium,
3521 999 3684 1054 quam

2103 1082 2227 1122 cum
2252 1067 2683 1138 appropinquare
2703 1068 3044 1125 intuerentur
3065 1070 3120 1126 in
3143 1071 3356 1128 insidiis
3379 1073 3684 1142 constituti,

2105 1167 2236 1216 tunc
2268 1159 2447 1216 subito
2487 1159 2794 1217 Germanus
2821 1161 3046 1234 signifer
3081 1163 3366 1220 universos
3409 1166 3685 1232 admonet,

2105 1260 2160 1307 et
2202 1253 2465 1322 prmdicat
2492 1262 2554 1308 ut
2580 1254 2698 1310 voci
2729 1269 2839 1309 suae
2883 1269 2992 1310 uno
3019 1255 3256 1311 clamore
3285 1255 3687 1328 respondeant;

2106 1347 2421 1416 securisque
2463 1346 2730 1412 hostibus,
2757 1347 2849 1418 qui
2889 1363 2950 1403 se
2998 1347 3304 1418 insperatos
3343 1349 3538 1404 adesse
3566 1364 3692 1405 con-

2107 1437 2352 1504 ﬁderent,
2411 1437 2627 1495 alleluia
2667 1437 2780 1508 jam
2827 1438 2992 1495 tertio
3038 1441 3326 1510 repetitam
3379 1440 3694 1496 sacerdotes

2106 1530 2504 1586 exclamabant.
2545 1530 2802 1601 Sequitur
2840 1547 2947 1586 una
2981 1546 3084 1587 vox
3114 1533 3377 1599 omnium,
3406 1539 3462 1588 et
3488 1532 3695 1588 elatum

2108 1622 2400 1677 clamorem
2427 1636 2747 1693 repercusso
2777 1638 2902 1678 aere
2933 1623 3198 1678 montium
3228 1622 3483 1678 conclusa
3512 1621 3694 1678 multi-

2109 1716 2328 1787 plicant.
2355 1715 2562 1772 Hostile
2586 1731 2779 1788 agmen
2803 1723 3012 1770 terrore
3037 1715 3420 1785 prosternitur,
3453 1722 3509 1768 et
3531 1729 3696 1786 super

424 1787 765 1879 supplicabat
785 1787 1072 1867 ut'vcuire—t
1097 1813 1165 1895 ad
1187 1787 1394 1878 muros,
1423 1822 1479 1868 et
1505 1814 1694 1868 videns
1719 1813 2004 1880 barbaros,
2036 1787 2085 1847 Β
2111 1824 2170 1864 se
2206 1823 2314 1863 non
2345 1808 2514 1863 solum
2560 1787 2720 1879 rupes
2741 1808 3176 1872 circumstantes,
3212 1808 3308 1863 sed
3331 1808 3496 1862 etiam
3520 1807 3694 1878 ipsam

424 1899 822 1955 maledictionis
862 1899 1044 1969 jacula
1097 1912 1286 1958 contra
1329 1919 1424 1960 eos
1469 1904 1761 1959 emitteret.
1812 1905 2010 1960 Flexus

424 2000 556 2060 ergo
583 1990 911 2046 venerabilis
943 1993 1106 2047 homo
1136 1995 1380 2050 ascendit
1428 1993 1484 2048 in
1515 2010 1753 2062 murum,
1807 2003 1862 2051 et
1887 2010 2012 2051 cum

425 2081 594 2137 millia
637 2083 863 2138 millium
906 2085 1113 2142 videret
1150 2087 1443 2152 exercitus,
1483 2087 1645 2141 aliam
1688 2086 2014 2142 maledictio-

424 2185 548 2226 nem
578 2171 659 2227 eis
687 2188 793 2226 non
827 2174 1000 2242 petiit,
1030 2175 1135 2231 nisi
1175 2177 1448 2246 sciniphes
1473 2185 1530 2231 et
1557 2176 1777 2241 culices,
1813 2184 1875 2230 ut
1917 2191 2016 2246 per

423 2275 593 2330 parva
623 2263 876 2318 animalia
921 2280 1213 2335 supernam
1241 2266 1498 2321 virtutem
1521 2265 1826 2334 potuissent
1850 2280 2015 2334 agno-

425 2364 598 2406 scere.
617 2350 934 2408 Orationem
954 2370 1084 2408 vero
1111 2363 1310 2409 secutae
1332 2362 1458 2410 sunt
1479 2353 1688 2408 nebulae
1708 2353 2015 2424 sciuiphum

425 2449 481 2495 et
521 2442 776 2496 culicum.
822 2443 892 2497 Et
927 2444 1343 2514 elephantorum
1390 2445 1612 2514 quidem
1641 2444 2014 2514 proboscidas,

427 2544 550 2585 cum
577 2531 687 2586 sint
717 2546 884 2597 cavae,
925 2547 1189 2602 equorum
1215 2549 1346 2590 vero
1375 2533 1715 2606 aliorumque
1741 2533 2016 2604 jumento-

427 2636 549 2676 rum
599 2636 760 2677 aures
811 2621 972 2677 simul
1018 2631 1073 2679 et
1106 2639 1268 2680 nares
1309 2625 1620 2695 implerunt.
1654 2626 1723 2681 At
1749 2627 1826 2682 illi
1869 2626 2012 2684 ferre

425 2713 538 2767 vim
585 2727 877 2783 parvorum
933 2715 1251 2774 animalium
1294 2733 1402 2773 non
1448 2717 1711 2784 valentes,
1771 2733 2014 2774 sessores

428 2817 556 2858 suos
607 2805 969 2876 ductoresque
1011 2823 1271 2864 excussos
1317 2809 1497 2865 dorsis
1544 2809 1913 2880 projecerunt,
1960 2818 2016 2866 et

429 2894 702 2966 disruptas
747 2898 893 2953 acies
947 2900 1330 2967 confuderunt,
1381 2901 1791 2972 exercitumque
1842 2902 2013 2958 relin-

430 2993 677 3057 quentes,
709 3003 920 3045 summo
953 2991 1155 3062 impetu
1183 2993 1480 3064 fugiebant.
1513 2993 1626 3049 Hoc
1656 2995 1816 3050 modo
1844 2995 2011 3050 terri-

427 3084 518 3132 tus
554 3077 851 3149 imperator
878 3096 1102 3150 parvam
1149 3083 1579 3154 clementemque
1613 3086 2010 3156 corrcptionem

430 3165 485 3221 in
509 3181 568 3222 se
588 3183 922 3240 cognoscens
945 3171 1145 3226 factam
1172 3188 1204 3226 a
1233 3173 1344 3228 Deo
1367 3173 1599 3230 habente
1617 3177 2016 3246 providentiam

430 3261 736 3315 animarum
765 3276 891 3318 eum
919 3263 1007 3333 pie
1044 3263 1355 3328 colentium,
1392 3279 1550 3319 suum
1579 3267 1776 3322 exinde
1804 3268 2018 3322 reduxit

429 3353 753 3420 exercitum,
783 3353 1158 3411 confusionem
1195 3369 1304 3412 non
1344 3355 1632 3412 victoriam
1657 3372 1726 3413 ex
1753 3357 1844 3413 illa
1871 3359 2018 3416 obsi-

431 3447 591 3504 dione
615 3447 942 3519 percipiens.

501 3538 755 3610 Legimus
783 3549 840 3595 et
869 3540 1003 3598 alios
1043 3549 1261 3600 sanctos
1295 3543 1460 3610 viros,
1492 3559 1627 3614 quos
1663 3545 1888 3618 contigit
1919 3545 2014 3602 ali-

433 3631 648 3700 quando
673 3647 795 3687 cum
824 3631 1133 3690 Christiano
1157 3635 1430 3707 populoin
1451 3636 1847 3706 expeditionem
1867 3653 2020 3692 exer-

430 3722 574 3779 citus
593 3739 738 3790 esse,
767 3727 941 3795 magis
962 3728 1208 3784 oratione
1236 3737 1426 3784 contra
1455 3731 1639 3786 hostes
1661 3747 1824 3802 quam
1847 3733 2017 3788 armis

431 3815 786 3872 saecularibus
813 3832 1114 3888 pugnasse;
1154 3823 1424 3890 quomodo
1463 3829 1685 3875 sanctus
1715 3821 2020 3879 Germanus

431 3904 928 3961 Autissiodorensis
952 3909 1240 3977 episcopus
1271 3909 1467 3964 fecisse
1510 3909 1726 3980 legitur,
1765 3911 1858 3979 qui
1894 3925 2021 3965 cum

430 3997 593 4052 beato
639 3996 808 4068 Lupo,
859 3999 1114 4069 episcopo
1143 4000 1467 4056 Tricassinae
1503 4002 1756 4067 civitatis,
1797 4003 1851 4056 in
1895 4001 2018 4056 Bri-

431 4087 678 4143 tanniam
713 4089 781 4143 ad
807 4091 1209 4160 exstirpandam
1239 4091 1588 4162 Pelagianam
1615 4093 1868 4149 haeresim
1891 4094 2024 4150 mis-

437 4199 533 4241 sus
566 4185 765 4252 fuerat,
797 4201 906 4257 quo
945 4195 1188 4258 tempore
1227 4189 1524 4246 necessitas
1551 4190 1677 4247 belli
1708 4189 2023 4248 Britonibus

434 4285 625 4332 contra
656 4279 838 4336 Pictos
867 4287 922 4335 et
952 4279 1195 4337 Saxones
1245 4282 1586 4351 imminebat,
1617 4285 1742 4356 quia
1788 4283 1925 4341 Picti
1966 4293 2022 4340 et

436 4372 699 4439 Saxones,
743 4373 1078 4431 confidentes
1115 4377 1168 4431 in
1197 4376 1545 4434 multitudine
1593 4380 1866 4435 exercitus
1913 4377 2018 4445 sui,

432 4462 683 4520 Britones
711 4468 1018 4536 opprimere
1042 4469 1422 4539 disponebant,
1446 4487 1582 4542 quos
1613 4473 1803 4529 eadem
1830 4486 2019 4528 ncces-

432 4554 571 4610 sitas
611 4555 663 4608 in
692 4564 873 4612 castra
914 4567 1262 4614 contraxerat
1286 4562 1338 4614 ἱ).
1367 4560 1435 4616 Et
1460 4577 1581 4617 cum
1613 4563 1806 4632 trepidi
1835 4570 2019 4632 partes

434 4661 562 4702 suas
587 4645 824 4715 impares
849 4645 1175 4717 iudicarent,
1205 4660 1516 4707 sanctorum
1539 4654 1842 4708 antistitum
1867 4651 2022 4706 auxi-

435 4739 568 4794 lium
604 4740 896 4809 petierunt.
938 4738 1127 4810 Itaque
1151 4743 1464 4811 apostolicis
1506 4743 1734 4798 ducibus
1770 4742 2020 4800 Christus

433 4832 702 4888 militabat
752 4831 807 4886 in
855 4831 1072 4888 castris.
1104 4830 1349 4888 Aderant
1380 4834 1541 4889 etiam
1587 4833 2021 4906 Quadragesima:

433 4923 775 4980 venerabiles
823 4922 962 4989 dies,
1005 4939 1142 4994 quos
1189 4924 1554 4996 religiosiores
1603 4925 1860 4980 reddebat
1888 4940 2024 4996 pra:-

435 5015 608 5071 sentia
639 5015 981 5072 sacerdotum
1015 5016 1074 5071 in
1102 5023 1314 5071 tantum
1355 5025 1436 5082 ut,
1465 5017 1797 5088 quotidiauis
1825 5017 2020 5087 prmdi—
2055 5077 2062 5085 ο

437 5105 739 5162 cationibus
795 5106 1051 5173 instituti,
1105 5109 1354 5162 certatim
1417 5108 1598 5179 pepuli
1671 5109 1739 5164 ad
1791 5110 2020 5181 gratiam

435 5197 774 5267 baptismatis
833 5199 1205 5256 convolarent.
1265 5199 1399 5254 Nam
1453 5201 1691 5255 maxima
1750 5202 2022 5258 exercitus

434 5287 721 5343 multitudo
751 5291 949 5346 undam
977 5291 1178 5348 lavacri
1207 5291 1461 5347 salutaris
1495 5293 1743 5363 expetiit.
1777 5291 2018 5348 Ecclesia

436 5379 506 5434 ad
541 5379 684 5434 diem
706 5383 1120 5439 resurrectibnis
1140 5383 1437 5440 Dominicaa
1456 5383 1740 5440 frondibus
1763 5393 2018 5440 contexta

435 5470 800 5541 componitur,
839 5480 999 5542 atque
1043 5476 1098 5530 in
1125 5475 1468 5546 expeditione
1514 5475 1808 5545 campestri
1849 5475 2024 5531 instar

436 5562 674 5618 civitatis
699 5569 934 5632 aptatur.
975 5563 1219 5622 Madidus
1239 5567 1564 5638 baptismate
1597 5565 1842 5638 procedit
1868 5579 2023 5620 exer-

509 5719 536 5747 ³
564 5706 913 5775 Claudianus,
939 5709 1009 5765 de
1036 5711 1200 5768 tertio
1228 5712 1527 5769 Consulatu
1554 5711 1801 5769 Honorii.

514 5778 543 5818 ι’
570 5776 751 5837 Sumit
773 5780 918 5838 hanc
961 5783 1327 5840 narrationem
1358 5785 1571 5842 Sedulis
1608 5801 1638 5840 a
1678 5781 2015 5848 Constantio,

2040 3133 2087 3198 C

2111 1900 2235 1958 caeli
2277 1900 2586 1955 machinam
2631 1899 3071 1962 contremiscunt,
3105 1897 3566 1968 trepidationique
3617 1898 3692 1953 in-

2104 1990 2265 2062 iectae
2285 1992 2372 2046 vix
2395 1988 2641 2046 sufﬁcere
2656 1989 2853 2060 pedum
2882 1990 3178 2062 pernicitas
3203 1990 3547 2045 credebatur.
3572 1988 3689 2045 Pas-

2113 2084 2218 2140 sim
2256 2082 2483 2155 fugiunt,
2525 2097 2676 2137 arma
2727 2080 3036 2154 projiciunt,
3088 2081 3386 2152 gaudentes
3427 2079 3516 2135 vel
3553 2081 3696 2134 nuda

2115 2191 2341 2246 corpora
2386 2175 2650 2245 eripuisse
2697 2173 3018 2230 discrimini.
3057 2172 3249 2229 Plures
3287 2173 3452 2229 etiam
3501 2173 3696 2228 timore
3761 2179 3780 2198 ‘

2113 2267 2418 2342 praecipites
2439 2264 2637 2320 ﬂumen
2662 2264 2806 2336 quod
2835 2263 3162 2319 transierant
3190 2261 3491 2318 devoravit.
3522 2261 3694 2317 Ultio-

2116 2373 2240 2414 nem
2280 2372 2434 2412 suam
2486 2357 2745 2412 innocens
2773 2355 3046 2410 exercitus
3089 2354 3350 2418 intuetur,
3378 2363 3433 2410 et
3457 2353 3698 2410 victoriae.

2116 2462 2386 2504 concessa:
2409 2447 2615 2502 otiosus
2649 2453 2924 2516 spectator
2948 2443 3197 2499 cllicitur.
3231 2441 3412 2513 Spolia
3438 2441 3694 2514 colligun-

2116 2545 2205 2594 tur
2231 2537 2496 2609 exposita,
2531 2545 2584 2592 ct
2611 2535 2850 2593 caelestis
2869 2535 3062 2606 palmae
3092 2534 3286 2606 gaudia
3307 2533 3463 2591 miles
3494 2534 3694 2606 religio-

2117 2651 2209 2692 sus
2260 2634 2619 2704 amplectitur.
2675 2632 3034 2702 Triumphant
3086 2630 3392 2702 pontifices,
3448 2631 3696 2688 hostibus

2115 2725 2251 2782 fusis
2279 2726 2398 2781 sine
2436 2725 2732 2796 sanguine;
2765 2723 3065 2796 triumphat
3089 2721 3337 2789 victoria,
3369 2721 3477 2779 fide
3503 2722 3695 2780 obten-

2117 2825 2192 2884 ta,
2222 2831 2330 2872 non
2352 2816 2576 2872 viribus.

2185 2911 2282 2968 llis
2307 2913 2488 2981 itaque
2508 2918 2564 2966 et
2585 2909 2783 2966 talibus
2807 2908 3070 2980 exemplis
3092 2907 3372 2963 evidenter
3390 2906 3700 2963 ostenditur

2115 3005 2255 3076 quod
2275 3005 2446 3077 magis
2459 3003 2706 3058 homines
2719 3001 2918 3058 sanctis
2931 3001 3268 3056 orationibus
3281 3015 3345 3054 ac
3358 2997 3541 3054 divino
3555 2999 3702 3054 auxi-

2117 3095 2212 3161 lio,
2234 3111 2394 3166 quam
2416 3081 2582 3149 armis
2604 3094 2952 3152 sacularibus
2978 3108 3009 3147 a
3033 3091 3274 3162 periculo
3299 3091 3491 3146 mortis
3515 3099 3702 3162 prote-

2119 3194 2335 3259 gantur.
2362 3184 2518 3241 Unde
2544 3191 2725 3239 autem
2753 3183 2944 3239 solatia
2963 3181 3248 3253 praesentis
3270 3181 3417 3247 vitae,
3443 3187 3498 3236 et
3525 3179 3704 3236 defen-

2117 3281 2199 3338 sio
2225 3286 2413 3335 coutra
2439 3277 2692 3334 universa
2729 3275 2989 3348 pericula,
3021 3283 3075 3330 et
3102 3275 3334 3330 victoria
3357 3274 3424 3330 de
3451 3274 3702 3330 hostibus

2117 3375 2353 3430 maxime
2382 3371 2671 3442 quaerenda
2717 3371 2807 3435 sit,
2853 3369 2970 3439 ipse
2996 3368 3260 3424 Dominus
3294 3368 3351 3423 in
3376 3367 3549 3423 veteri
3583 3367 3704 3438 lege

2115 3464 2351 3535 priorem
2377 3461 2634 3534 populum
2683 3459 2960 3516 instruens
3001 3458 3075 3512 ita
3104 3457 3342 3514 ostendit
3370 3457 3557 3513 dicens
3589 3475 3602 3511 :
3636 3453 3698 3512 Si

2117 3556 2174 3609 in
2196 3553 2466 3626 praeceptis
2497 3552 2624 3607 meis
2662 3549 3071 3612 ambulaveritis,
3102 3557 3151 3603 et
3176 3548 3428 3603 mandata
3452 3564 3569 3602 mea
3607 3562 3706 3601 eu-

2117 3644 2426 3709 stodieritis,
2467 3651 2516 3698 et
2543 3643 2770 3713 feceritis
2793 3658 2878 3706 ea,
2905 3638 3041 3694 dabo
3067 3639 3206 3694 vobis
3233 3637 3464 3711 pluviam
3490 3639 3547 3693 in
3574 3645 3708 3692 ιαπ-

2118 3736 2329 3809 poribus
2371 3737 2500 3800 suis,
2525 3744 2573 3789 et
2612 3745 2750 3790 terra
2790 3735 2965 3805 gignet
2987 3731 3218 3801 fructum
3250 3747 3425 3805 suum,
3451 3740 3498 3785 et
3531 3731 3706 3802 pomis

2121 3828 2334 3882 arbores
2390 3824 2746 3897 replebantur.
2807 3820 3169 3894 Apprehendet
3219 3821 3466 3875 messium
3513 3819 3708 3873 tritura

2121 3918 2457 3982 vindemiam,
2481 3926 2528 3970 et
2547 3915 2805 3971 vindemia
2837 3912 3108 3985 occupabit
3144 3921 3444 3977 sementem,
3469 3917 3518 3966 et
3557 3926 3706 3964 com-

2121 4009 2285 4064 edetis
2308 4023 2494 4078 panem
2521 4015 2748 4060 vestrum
2781 4005 2837 4058 in
2879 4004 3179 4069 saturitate,
3217 4011 3264 4057 et
3297 4001 3491 4071 absque
3511 4015 3707 4070 pavore

2122 4101 2423 4160 Itabitabitis
2471 4099 2526 4152 in
2575 4106 2716 4151 terra
2765 4103 2955 4150 vestra.
2993 4094 3141 4148 Dabo
3181 4107 3362 4164 pacem
3410 4091 3468 4146 in
3507 4089 3707 4160 finibus

2123 4193 2337 4257 vestris;
2378 4186 2668 4252 dormietis,
2693 4194 2741 4240 et
2771 4201 2876 4240 non
2904 4185 2999 4240 erit
3026 4185 3116 4255 qui
3149 4189 3426 4238 exterreat.
3451 4179 3709 4250 Auferam

2122 4285 2294 4343 malas
2315 4283 2524 4348 bestias,
2547 4289 2594 4335 et
2613 4278 2820 4351 gladius
2841 4294 2944 4332 non
2959 4275 3199 4330 transibit
3217 4273 3466 4329 terminos
3485 4281 3707 4327 vestros.

2125 4373 2517 4447 Persequemini
2544 4371 2785 4426 inimicos
2812 4378 3026 4435 vestros,
3050 4376 3100 4423 et
3133 4373 3376 4422 corruent
3403 4379 3583 4419 coram
3610 4380 3712 4418 vo-

2125 4469 2222 4524 bis.
2246 4467 2634 4536 Persequentur
2655 4462 2882 4534 quinque
2923 4461 2988 4514 de
3024 4457 3205 4514 vestris
3245 4465 3450 4512 centum
3479 4453 3710 4521 alienos,

2122 4570 2171 4616 et
2197 4567 2401 4614 centum
2418 4572 2483 4612 ex
2506 4555 2648 4611 vobis
2690 4553 2867 4608 decem
2889 4550 3076 4606 millia.
3101 4549 3304 4606 Cadent
3323 4547 3525 4604 inimici
3549 4548 3711 4604 vestri

2124 4655 2180 4709 in
2210 4660 2487 4724 conspectu
2508 4658 2696 4705 vestro.
2724 4644 2932 4702 Gaudio
2955 4645 3231 4716 respiciam
3253 4659 3364 4709 vos,
3401 4652 3450 4698 et
3473 4659 3712 4700 crescere

2120 4743 2334 4816 faciam,
2357 4739 2851 4812 multiplicabimini.
2869 4738 2936 4793 Et
2949 4736 3170 4807 firmabo
3193 4745 3403 4807 pactum
3424 4751 3599 4790 meum
3618 4752 3715 4792 vo-

2121 4835 2340 4891 biscum.
2365 4833 2572 4888 Ponam
2608 4829 3004 4886 tabernaculum
3024 4844 3199 4883 meum
3227 4827 3285 4883 in
3314 4827 3485 4883 medio
3525 4827 3710 4894 vestri,

2123 4938 2171 4984 et
2201 4945 2306 4984 non
2325 4928 2534 4998 objiciet
2555 4943 2643 4981 vos
2669 4925 2848 4979 anima
2889 4940 3025 4978 mea.
3049 4921 3341 4978 Ambulabo
3361 4921 3498 4976 inter
3523 4937 3632 4986 vos,
3660 4932 3714 4976 et

2124 5038 2214 5078 ero
2237 5029 2400 5076 vester
2429 5020 2594 5084 Deus,
2623 5034 2808 5090 vosque
2835 5017 2978 5072 eritis
3011 5015 3232 5087 populus
3261 5030 3428 5069 meus.
3451 5012 3570 5085 Ego
3595 5012 3714 5069 Do-

2125 5115 2299 5169 minus
2321 5111 2463 5168 Deus
2489 5120 2670 5167 vester.
2704 5109 2858 5176 Quod
2879 5111 2925 5164 si
2950 5125 3055 5164 non
3081 5107 3356 5163 audieritis
3383 5122 3488 5172 me,
3510 5122 3604 5161 nec
3623 5106 3711 5176 fe-

2126 5205 2300 5261 ceritis
2325 5203 2502 5259 omnia
2523 5202 2775 5258 mandata
2813 5218 2950 5266 mea,
2978 5201 3024 5254 si
3052 5199 3350 5272 spreveritis
3379 5197 3514 5270 leges
3537 5214 3708 5264 meas,

2125 5308 2172 5354 et
2189 5296 2399 5369 judicia
2425 5312 2542 5351 mea
2568 5293 2998 5366 contempseritis,
3032 5301 3088 5347 ut
3113 5309 3218 5347 non
3255 5291 3465 5362 faciatis
3500 5307 3562 5346 ea
3585 5308 3710 5362 qua:

2125 5407 2158 5444 a
2183 5405 2264 5444 me
2285 5389 2570 5443 constituta
2593 5395 2735 5452 sunt,
2763 5395 2810 5440 et
2839 5385 2909 5438 ad
2934 5386 3145 5439 irritum
3167 5383 3464 5454 perduceris
3490 5391 3708 5455 pactum

2125 5496 2319 5546 meum,
2353 5495 2447 5550 ego
2468 5495 2672 5551 quoque
2702 5477 2812 5531 ha’c
2841 5475 3036 5546 faciam
3061 5474 3202 5530 vobis
3240 5487 3258 5526 :
3286 5473 3504 5529 visitabo
3531 5490 3618 5530 vos
3645 5473 3708 5530 in

2122 5581 2348 5644 egestate
2381 5581 2430 5627 et
2453 5571 2662 5637 ardore,
2703 5569 2792 5642 qui
2813 5567 3057 5638 conﬁciat
3078 5566 3258 5622 oculos
3281 5576 3475 5623 vestros
3497 5576 3545 5622 et
3570 5582 3705 5638 con-

2123 5709 2346 5778 antiquo
2372 5707 2430 5764 S.
2455 5706 2710 5764 Germani
2735 5704 3184 5778 biograph9,__l_ib.
3207 5721 3250 5776 ι,
3275 5719 3396 5777 cap.
3423 5705 3516 5773 28,
3539 5721 3703 5777 quem

2121 5774 2322 5837 videsis
2361 5779 2504 5850 apud
2533 5777 2750 5834 Surium
2783 5774 2870 5834 die
2896 5774 2960 5832 ⁸5]
2991 5774 3139 5831 Julii.
