4046 6332
279 419 386 480 321

1265 419 1468 476 LIBER
1504 421 1593 478 DE
1629 415 2064 478 RECTORIBUS
2099 413 2550 473 CHRISTIANIS.

3420 415 3526 471 52?.

280 541 457 591 sumat
487 531 692 588 animus
712 540 928 588 vestras.
952 530 1180 589 Frustra
1212 535 1391 591 seretis
1411 544 1710 603 sementem,
1735 551 1852 606 quae
1878 537 1933 599 Α
1956 527 2227 587 dientihus
2253 529 2426 602 aliqua
2455 528 2510 583 in
2537 528 2642 583 hoc
2686 526 2886 582 mundo
2916 526 3141 582 adversa
3180 527 3524 599 contigerint,

281 626 346 680 ab
368 624 604 680 hostibus
625 624 973 680 devorabitur.
1008 624 1214 681 Ponam
1256 627 1444 697 faciem
1468 644 1636 683 meam
1669 635 1852 682 contra

279 733 390 783 vos,
419 725 469 772 et
495 718 748 772 corruetis
767 735 944 773 coram
980 719 1214 774 hostibus
1238 721 1441 788 vestris,
1472 729 1520 776 et
1541 720 1857 791 subjiciemi-

279 809 410 863 mini
446 809 528 863 his
576 809 680 879 qui-
704 809 924 865 oderunt
965 827 1072 865 vos.
1121 809 1358 882 Fugietis
1381 852 1396 877 ,
1439 811 1642 866 nemine
1683 827 1856 882 perse-

280 909 486 971 quente.
513 899 667 965 Quod
688 901 734 954 si
755 917 846 955 nec
867 902 942 956 sic
965 901 1228 956 volueritis
1253 901 1478 972 recipere
1499 901 1852 972 disciplinam,

279 989 373 1044 sed
403 987 793 1045 ambulaveritis
819 1009 884 1047 ea:
904 992 1118 1048 adverso
1144 993 1288 1058 mihi,
1315 1011 1408 1066 ego
1438 1011 1641 1066 quoque
1673 1004 1856 1050 contra

280 1097 370 1135 vos
407 1081 654 1136 adversus
688 1083 960 1151 incedam;
989 1094 1036 1139 et
1059 1087 1344 1155 percutiam
1385 1103 1472 1141 vos
1517 1089 1703 1159 septies
1736 1104 1856 1158 pro-

276 1181 394 1241 pter
415 1183 627 1242 peccata
678 1184 866 1241 vestra,
901 1177 1246 1248 inducamque
1289 1194 1443 1249 super
1489 1195 1576 1233 vos
1620 1177 1856 1249 gladium

277 1261 503 1316 ultorem
545 1263 754 1333 [aderis
791 1266 912 1322 mei.
944 1265 1176 1339 Cumque
1211 1269 1551 1341 confugeritis
1588 1271 1643 1324 in
1680 1272 1854 1335 urbes,

275 1353 484 1408 mittam
509 1355 857 1425 pestilentiam
876 1358 932 1413 in
963 1359 1190 1414 medium
1223 1361 1393 1424 uestri,
1419 1368 1468 1414 et
1496 1360 1776 1415 trademini
1800 1362 1856 1415 in

275 1443 506 1499 hostium
535 1462 744 1500 manus.
768 1446 836 1502 Et
860 1448 1087 1519 reliqua.
1118 1449 1303 1521 (Leuit.
1330 1465 1479 1517 xxvr,
1503 1451 1678 1522 5-25.)

348 1531 475 1587 Haec
521 1548 651 1605 ergo
697 1534 825 1591 licet
861 1537 1030 1606 priori
1078 1538 1300 1609 populo,
1331 1539 1422 1609 qui
1447 1548 1665 1595 terrena
1715 1540 1856 1596 bona

278 1622 570 1690 ambiebat,
620 1640 719 1696 per
745 1626 1110 1698 legislatorem
1152 1630 1297 1685 dicta
1333 1631 1461 1697 sint,
1491 1640 1670 1686 tamen
1696 1630 1856 1686 Chri-

276 1711 454 1771 stiano
484 1728 628 1772 nunc
648 1714 846 1786 populo
870 1718 1260 1774 convenienter
1293 1719 1470 1791 aptari
1495 1728 1741 1792 possunt,
1771 1720 1856 1776 cui

213 1881 218 1884 _
277 1823 309 1862 a
337 1809 562 1864 Domino
583 1825 682 1866 suo
712 1811 766 1866 in
792 1811 1047 1882 przesenti
1080 1811 1428 1868 tribulatione
1453 1813 1775 1880 consulitur,
1802 1821 1858 1869 et

1956 637 2059 677 nec
2096 637 2222 678 mox
2249 621 2446 676 debent
2467 619 2768 675 contristati
2794 618 2862 674 ab
2891 634 2957 674 eo
2986 617 3231 688 refugere
3271 627 3433 688 atque
3461 621 3530 674 de

1953 711 2070 782 ejus
2104 712 2305 767 auxilio
2335 713 2644 782 desperare,
2677 711 2772 766 sed
2814 710 3141 766 ﬂducialiter
3169 726 3349 781 agere,
3378 726 3441 765 ac
3463 712 3529 766 de

1953 804 2050 860 Dei
2077 805 2314 860 bonitate
2339 805 2568 876 pleniter
2596 805 2884 861 conﬁdere.
2911 804 3189 875 Siquidem
3216 805 3332 860 haec
3361 814 3534 860 trans-

1954 895 2117 952 itoria
2156 897 2265 951 vita
2311 906 2396 953 est
2428 897 2576 969 justo
2616 897 2843 952 tentatio
2877 905 3006 961 tota,
3053 897 3108 950 in
3155 911 3260 966 qua
3291 896 3412 967 plus
3457 896 3535 950 in-

1954 987 2166 1042 terdum
2213 982 2713 1059 nocent'prospera
2759 1003 2921 1059 quam
2961 986 3228 1055 adversa;
3279 987 3404 1058 quia
3435 987 3531 1043 Dei

1953 1077 2156 1134 electos
2179 1093 2441 1150 prospera
2485 1077 2764 1148 dejiciunt,
2812 1078 3035 1133 adversa
3081 1091 3212 1132 vero
3257 1076 3531 1132 erudiunt.

1955 1169 2029 1227 Ut
2081 1171 2225 1225 enim
2268 1171 2543 1241 sapientes
2589 1172 2896 1242 perhibent,
2945 1172 3183 1243 quinque
3227 1180 3535 1242 temporum

1938 1262 2310 1318 varietatibus
2357 1278 2586 1332 regnum
2629 1272 2906 1320 terrenum
2943 1265 3208 1321 consistit.
3251 1263 3385 1319 Nam
3420 1265 3533 1334 pri-

1956 1368 2104 1408 mum
2133 1361 2343 1424 tempus
2388 1354 2588 1410 laboris
2631 1364 2733 1421 est,
2765 1356 2983 1426 quando
3010 1373 3108 1428 per
3133 1356 3374 1428 fragores
3412 1356 3539 1412 hos-

1954 1446 2092 1500 tium
2121 1454 2176 1501 et
2220 1446 2359 1501 bella
2397 1447 2758 1503 contenditur.
2811 1447 3119 1505 Secundum
3166 1465 3295 1505 vero
3323 1451 3538 1520 quando

1955 1535 2130 1607 ipsum
2181 1551 2407 1607 regnum
2457 1539 2569 1594 suis
2607 1539 2958 1596 incrementis
2995 1549 3057 1595 ut
3103 1540 3229 1594 luna
3267 1533 3438 1611 usque
3472 1542 3539 1597 ad

1955 1627 2344 1698 plenitudinem
2371 1629 2561 1686 tendit.
2596 1629 2841 1685 Tertium
2862 1639 3075 1700 tempus
3108 1640 3194 1686 est
3221 1631 3390 1701 ipsius
3425 1630 3537 1701 ple-

1955 1718 2239 1784 nitudinis,
2282 1721 2496 1791 quando
2539 1720 2779 1790 undique
2809 1720 2876 1775 ab
2903 1720 3153 1776 omnibus
3182 1737 3291 1775 non
3318 1720 3544 1777 oﬂ‘endi-

1955 1819 2068 1877 tur,
2099 1811 2193 1866 sed
2218 1811 2272 1865 in
2300 1811 2635 1881 plenitudine
2665 1811 2847 1882 gloriae
2872 1825 2983 1866 suae
3021 1819 3278 1881 tanquam
3310 1811 3542 1882 plenilu-

276 1900 498 1972 insuper
540 1904 682 1959 bona
733 1903 915 1959 futura
954 1905 1010 1959 in
1055 1904 1211 1960 caelis
1249 1905 1667 1975 praemittuntur.
1720 1906 1857 1962 Huic
1883 1919 1933 1979 Β
1959 1902 2036 1957 nii
2069 1902 2288 1958 claritas
2331 1902 2667 1958 nobilitatur.
2706 1901 2971 1968 Quartum
2999 1909 3211 1971 tempus
3238 1909 3322 1956 est
3356 1901 3411 1956 in
3435 1917 3543 1972 quo

273 2007 408 2066 ergo
433 1995 635 2066 optime
657 1997 931 2062 convenit,
948 2004 1008 2050 ut
1031 1995 1287 2052 mandata
1310 1995 1521 2052 Domini
1550 1996 1634 2050 sui
1655 2004 1856 2063 servet,

275 2093 334 2139 et
364 2093 534 2140 totam
573 2100 724 2156 spem
767 2099 920 2140 suam
961 2085 1014 2139 in
1046 2099 1113 2140 eo
1164 2084 1478 2151 constituat,
1531 2085 1625 2155 qui
1666 2093 1859 2156 potens

272 2182 363 2230 est
407 2176 476 2230 ab
524 2175 775 2231 omnibus
813 2175 1054 2230 adversis
1085 2173 1140 2230 in
1193 2189 1254 2229 se
1305 2181 1586 2244 sperantes
1626 2175 1855 2245 eripere,

1941 1993 2130 2064 ipsius
2156 1995 2307 2063 regni
2339 1994 2642 2049 sublimitas
2680 1993 2853 2048 instar
2877 1993 3016 2048 lunae
3047 1993 3366 2048 decrescere
3406 1993 3542 2047 inci-

1958 2086 2059 2157 pit.
2103 2083 2275 2141 Porro
2315 2085 2584 2154 quintum,
2617 2085 2761 2154 quod
2808 2094 2892 2140 est
2925 2085 3301 2152 novissimum,
3334 2093 3544 2155 tempus

1960 2183 2046 2232 est
2071 2176 2469 2232 colluctationis
2499 2185 2554 2231 et
2581 2177 3050 2243 contradictionis,
3096 2178 3312 2247 quando
3342 2177 3420 2232 rei
3448 2193 3545 2248 pu-

273 2272 444 2334 atque
486 2265 555 2319 ad
587 2264 964 2336 prosperitatis
1014 2271 1271 2320 eventum
1305 2271 1362 2320 et
1389 2264 1478 2321 hic
1513 2272 1568 2321 et
1594 2265 1650 2320 in
1679 2263 1860 2320 futuro
1957 2266 2114 2323 blicae
2139 2268 2293 2336 quasi
2315 2267 2483 2322 turris
2509 2265 2658 2322 Siloa
2681 2283 2892 2322 summa
2921 2267 3146 2334 corruit,
3171 2283 3235 2324 ac
3261 2269 3442 2324 nullus
3476 2269 3544 2324 ad

275 2367 408 2410 suos
435 2353 636 2412 electos
662 2353 979 2410 transferre.

634 2463 871 2519 Ventosa
895 2479 1020 2519 cum
1046 2463 1305 2520 desaeviat

629 2553 760 2610 Euri
791 2553 1028 2624 procella
1053 2563 1396 2626 perstrepens
1420 2593 1436 2623 ,

627 2643 931 2702 Altitonans
957 2646 1024 2702 de
1048 2647 1322 2703 montibus

630 2734 768 2792 Cum
790 2737 1038 2793 nubilosa
1062 2738 1326 2809 grandine
1342 2778 1358 2805 ,

633 2825 810 2898 Sylvre
855 2836 1120 2897 ruantque
1152 2828 1400 2897 protinus
1418 2868 1434 2896 ,

632 2913 905 2970 Turbetur
932 2923 987 2970 et
1007 2923 1161 2970 actus
1182 2916 1351 2971 maris
1378 2956 1394 2981 ,

631 3003 805 3060 Minas
836 3014 892 3061 et
919 3008 1082 3062 astris
1109 3005 1325 3061 inferat’

563 3083 568 3086 ’
623 3096 829 3152 Ventus
854 3097 1100 3168 crepanti
1129 3096 1383 3162 fulmine;

626 3185 779 3243 Ferit
801 3200 970 3257 pavor
994 3186 1314 3242 mortalium

620 3279 775 3336 Tunc
800 3281 963 3337 corda
988 3282 1443 3339 conti-ementium
1468 3334 1484 3360 ,

628 3368 709 3426 Ne
729 3378 936 3426 sternat
963 3371 1043 3428 ira
1073 3372 1320 3428 caelitus

631 3459 989 3534 Propaginem
1017 3463 1380 3519 terrestrium.

629 3549 886 3624 Quisquis
914 3553 1055 3623 sapit
1081 3553 1342 3624 pericula-

630 3641 814 3699 Vitare
842 3643 1006 3698 corde
1037 3643 1294 3714 provido,
1317 3663 1331 3676 σ

633 3733 790 3807 Fugit
813 3734 1011 3789 timens
1034 3735 1152 3794 haec
1179 3735 1356 3790 omnia
1371 3775 1388 3803 ,

631 3821 829 3880 Tutum
848 3831 1097 3895 capessat
1125 3831 1185 3878 ut
1207 3821 1407 3879 locu'm.

629 3915 721 3973 Sic
743 3918 1028 3989 ingruente
1058 3917 1309 3974 maximo-

631 4010 1033 4067 Adversitatum
1076 4011 1292 4066 turbine
1309 4039 1318 4046 -

628 4100 780 4159 Totis
799 4103 1031 4172 petenda
1051 4102 1282 4159 viribus-

633 4193 1006 4251 leitonantis
1035 4194 1277 4250 dextera.

631 4284 829 4341 Beatus
853 4285 945 4342 ille
971 4287 1254 4356 praeminet

632 4373 737 4442 Qui
765 4383 894 4432 tunc
914 4375 1130 4432 volante
1161 4383 1402 4447 praepete

627 4464 886 4523 Oratione
905 4468 1211 4522 machinam

640 4559 756 4615 Poli
781 4570 1032 4630 penetrat
1059 4563 1314 4618 arduam!

640 4653 770 4708 Alas
799 4653 962 4709 habet
997 4655 1113 4711 haec
1140 4671 1335 4715 aureas

641 4744 891 4801 Volueris
910 4762 1006 4802 ore
1028 4747 1225 4804 lucida.

633 4834 852 4894 Laevum
879 4838 1018 4908 regit
1032 4837 1321 4910 jejunium,

629 4929 888 4986 Dextram
915 4938 1167 5002 tenetque
1190 4933 1431 5005 largitas.

632 5017 786 5076 Hanc
817 5021 995 5078 noscit
1013 5023 1147 5077 ordo
1173 5023 1414 5081 caelitum
1433 5065 1450 5093 ,

631 5110 885 5169 Gaudens
909 5111 1110 5168 salutat
1134 5115 1399 5172 advenam
1426 5157 1443 5185 ,

633 5201 804 5259 Oll‘ert
823 5217 1054 5274 eamque
1081 5202 1268 5274 gloriae

633 5293 894 5350 Tribunal
921 5302 1046 5350 ante
1073 5294 1356 5365 principis.

621 5385 829 5444 .Votiva
857 5384 1056 5440 mentis
1082 5384 1245 5442 xenia

636 5475 790 5531 Tunc
811 5476 1046 5546 prendit,
1071 5477 1190 5548 ipsa
1207 5476 1381 5533 lactea

633 5565 752 5623 Poli
782 5567 970 5624 revisit
994 5568 1248 5636 climata,
1285 5618 1292 5626 .

637 5659 1123 5732 Donisque'omnia
1151 5663 1358 5735 gratias.

888 5752 1038 5809 CAP.
1093 5754 1233 5812 XVI.

349 5839 422 5899 At
451 5855 587 5901 vero
622 5843 669 5901 si
690 5845 829 5902 bene
848 5845 1162 5918 regentibus
1185 5855 1242 5905 et
1267 5856 1536 5922 praecepta
1558 5847 1656 5906 Dei
1681 5855 1862 5906 custo-

243 5959 327 5998 ί.

1956 2360 2131 2432 ipsam
2177 2375 2290 2416 rem
2339 2359 2610 2430 publicam
2665 2360 3046 2416 stabiliendam
3080 2361 3376 2432 quidquam
3413 2361 3543 2418 boni

1958 2450 2140 2508 facere
2167 2451 2301 2507 vult.
2345 2450 2498 2507 Unde
2532 2451 2894 2523 colligendum
2921 2461 3006 2506 est
3047 2467 3206 2522 quam
3237 2453 3454 2509 mobilis
3493 2463 3550 2512 et

1957 2558 2122 2614 quam
2166 2542 2446 2598 variabilis
2493 2542 2564 2597 sit
2608 2542 2812 2597 terreni
2857 2543 3011 2614 regni
3040 2542 3232 2613 gloria,
3265 2559 3384 2614 qua:
3409 2560 3547 2600 nun-

1959 2654 2122 2711 quam
2163 2639 2217 2694 in
2272 2639 2461 2695 eodem
2501 2646 2643 2694 statu
2686 2647 3019 2709 perseverat,
3045 2641 3141 2697 sed
3167 2642 3309 2697 sicut
3336 2643 3462 2698 luna
3489 2652 3549 2699 ut

1957 2749 2060 2808 per
2082 2741 2359 2790 momenta
2391 2734 2588 2790 crescit
2610 2734 2666 2788 in
2693 2735 2990 2805 prosperis,
3014 2734 3090 2790 ita
3119 2743 3174 2791 et
3203 2736 3470 2794 decrescit
3493 2737 3548 2793 in

1962 2826 2223 2883 adversis.
2264 2825 2334 2881 At
2361 2841 2489 2881 vero
2527 2826 2699 2897 gloria
2729 2827 2848 2882 sine
2873 2826 3175 2884 mobilitate
3201 2844 3542 2901 nequaquam

1961 2919 2018 2976 in
2056 2921 2325 2987 terrestri,
2360 2921 2453 2976 sed
2484 2921 2537 2974 in
2578 2919 2786 2976 caelesti
2816 2937 2982 2992 regno
3012 2923 3304 2978 invenitur.
3330 2923 3390 2978 In
3427 2939 3546 2982 mo-

1961 3021 2250 3071 mentanea
2293 3013 2436 3069 enim
2476 3012 2636 3082 hujus
2680 3014 2863 3070 saeculi
2896 3023 3184 3085 potestate,
3231 3024 3288 3072 et
3314 3017 3542 3073 confusa

1961 3121 2145 3164 rerum
2192 3107 2554 3163 transibilium
2588 3107 2970 3175 inconstantia,
3003 3110 3272 3180 quomodo
3309 3125 3451 3181 saepe
3480 3127 3550 3168 ex

1959 3196 2214 3268 procellis
2237 3197 2625 3258 adversitatum
2651 3199 2919 3256 serenitas
2945 3199 3212 3270 redditur,
3241 3201 3317 3258 ita
3344 3202 3399 3258 in
3421 3216 3547 3273 pro-

1885 3277 1933 3342 C
1962 3287 2126 3345 cellas
2149 3295 2341 3344 serena
2376 3297 2674 3346 mutantur.

2028 3379 2216 3451 Itaque
2247 3379 2290 3436 si
2321 3380 2502 3452 aliqua
2531 3383 2857 3454 contigerint
2893 3385 3144 3451 adversa,
3172 3384 3264 3456 qui
3288 3387 3549 3457 providus

1957 3479 2045 3528 est
2071 3473 2150 3528 rei
2182 3472 2412 3543 publica:
2449 3475 2799 3545 gubernator,
2830 3493 2938 3532 non
2970 3479 3152 3533 statim
3183 3477 3380 3535 talibus
3407 3488 3547 3536 tem-

1961 3571 2235 3634 pestatum
2265 3563 2572 3620 turbinibus
2599 3565 2945 3637 infringatur,
2975 3571 3070 3623 sed
3097 3582 3127 3622 e
3150 3577 3340 3625 contra
3372 3570 3548 3627 valida

1959 3654 2160 3709 mentis
2212 3653 2527 3711 fortitudine
2581 3657 2638 3711 in
2695 3657 2923 3713 Domino
2973 3657 3332 3728 confortetur,
3387 3670 3550 3732 atque

1959 3743 2326 3816 Omnipotenti
2357 3736 2559 3818 gratias
2586 3749 2642 3804 in
2673 3751 2914 3807 adversis
2951 3752 3173 3822 referat,
3211 3755 3304 3825 qui
3334 3756 3386 3811 in
3419 3773 3546 3828 pro-

1960 3837 2137 3907 speris
2182 3840 2524 3895 successibus
2574 3840 2643 3897 de
2680 3842 2895 3898 Domini
2933 3844 3015 3900 sui
3052 3846 3340 3903 clementia
3368 3857 3550 3919 grates

1960 3928 2174 4001 agebat.
2222 3929 2420 3986 Parum
2449 3941 2534 3989 est
2569 3934 2716 3989 enim
2749 3936 2967 4004 quando
3009 3938 3064 3993 in
3109 3939 3205 3994 Dei
3239 3940 3542 4007 beneficiis,

1962 4035 2084 4092 quae
2108 4022 2264 4079 nobis
2307 4024 2578 4090 accidunt,
2616 4027 2970 4098 gratulamur.
3002 4027 3136 4085 Nam
3166 4039 3221 4087 et
3248 4032 3351 4088 hoc
3381 4034 3551 4104 genti-

1960 4113 2031 4172 lis
2067 4113 2197 4171 facit
2229 4121 2281 4171 et
2323 4112 2542 4172 Iudaeus
2569 4124 2625 4173 et
2653 4119 2972 4188 publicanus
3006 4129 3060 4176 et
3086 4121 3356 4179 ethnicus.
3390 4123 3550 4180 Chri-

1961 4206 2266 4263 stianorum
2309 4210 2526 4279 propria
2578 4210 2751 4267 virtus
2804 4221 2918 4279 est,
2981 4214 3146 4268 etiam
3198 4216 3253 4270 in
3312 4217 3380 4272 iis
3427 4233 3548 4288 quae

1963 4299 2190 4354 adversa
2213 4307 2490 4368 putantur,
2523 4301 2730 4358 referre
2752 4304 2953 4372 gratias
2984 4305 3252 4371 Creatori,
3279 4316 3339 4361 ut
3371 4307 3427 4360 in
3449 4308 3548 4363 Dei

1962 4388 2295 4459 praeconium
2319 4389 2611 4446 menslaata
2637 4402 2978 4466 prorumpat,
3007 4395 3358 4464 dicamusque
3389 4413 3402 4451 :
3435 4396 3550 4451 Nu-

1965 4477 2066 4533 dus
2111 4478 2256 4533 exivi
2304 4479 2369 4533 de
2418 4489 2568 4536 utero
2597 4484 2781 4537 matris
2828 4499 2976 4548 mete,
3007 4483 3180 4538 nudus
3221 4494 3268 4538 et
3313 4486 3543 4542 redeam.

1969 4568 2119 4625 Sicut
2148 4567 2346 4640 placuit
2382 4571 2632 4639 Domino,
2668 4574 2744 4627 ita
2777 4574 2976 4645 factum
2997 4583 3108 4642 est;
3137 4577 3205 4630 sit
3232 4593 3420 4632 nomen
3441 4577 3550 4632 Do-

1889 4641 2098 4718 Dmini
2126 4664 2450 4719 benedictum
2482 4664 2627 4739 (Job.
2666 4683 2707 4732 ι,
2742 4641 2856 4741 at).
2903 4641 3126 4736 Quoties
3175 4671 3321 4726 enim
3370 4671 3550 4742 aliqua

1969 4756 2245 4815 tribulatio
2277 4758 2336 4815 in
2374 4759 2576 4815 mundo
2620 4761 2881 4829 evenerit,
2911 4763 3004 4833 qui
3053 4763 3182 4819 boni
3228 4773 3373 4830 sunt,
3405 4765 3550 4820 velut

1971 4867 2100 4909 vasa
2125 4861 2333 4922 sancta,
2365 4854 2569 4926 gratias
2597 4866 2765 4928 agunt
2790 4857 2902 4914 Deo
2931 4857 3024 4928 qui
3051 4873 3146 4914 eos
3168 4859 3437 4930 castigare
3463 4859 3548 4915 di-

1971 4952 2203 5016 gnatur;
2231 4945 2306 5001 illi
2326 4962 2458 5002 vero
2500 4948 2592 5018 qui
2620 4957 2746 5005 sunt
2771 4950 3010 5020 superbi,
3040 4948 3125 5005 vel
3152 4949 3434 5016 luxuriosi,
3465 4951 3549 5006 vel

1969 5035 2170 5106 cupidi,
2198 5035 2573 5107 blasphemant
2602 5049 2792 5095 contra
2817 5040 2987 5095 Deum
3017 5048 3072 5094 et
3097 5048 3440 5094 murmurant
3467 5041 3550 5097 di-

1971 5137 2157 5187 centes
2186 5148 2200 5185 :
2225 5131 2270 5188 0
2297 5131 2458 5198 Deus,
2488 5133 2632 5203 quod
2674 5141 2882 5188 tantum
2914 5132 3039 5188 mali
3082 5131 3309 5186 fecimus
3335 5140 3394 5186 ut
3421 5133 3549 5190 talia

1970 5223 2280 5296 patiamur?
2304 5223 2376 5278 At
2401 5239 2534 5280 vero
2559 5224 2627 5281 de
2652 5226 2811 5281 bonis
2852 5222 3125 5279 tribulatis
3150 5221 3226 5276 ita
3257 5222 3311 5276 in
3331 5219 3431 5280 Job
3471 5223 3547 5280 le-

1973 5317 2120 5390 gitur
2149 5335 2162 5372 :
2188 5313 2382 5371 Beatus
2406 5317 2560 5371 homo
2596 5318 2687 5389 qui
2712 5317 2997 5388 corripitur
3019 5333 3052 5370 a
3074 5315 3300 5370 Domino
3316 5317 3338 5370 .'
3365 5315 3548 5373 Incre-

1969 5409 2234 5481 pationem
2253 5424 2373 5479 ergo
2401 5406 2617 5462 Domini
2638 5425 2702 5464 ne
2729 5407 2990 5478 reprobes,
3014 5406 3138 5478 quia
3167 5407 3278 5477 ipse
3310 5407 3548 5464 vulnerat

1969 5508 2019 5554 et
2045 5498 2300 5566 medetur,
2325 5500 2548 5569 percutit
2573 5508 2622 5555 et
2652 5515 2839 5554 manus
2873 5497 2987 5570 ejus
3028 5498 3287 5554 sanabunt
3319 5498 3461 5572 (Job.
3489 5516 3545 5568 v,

1970 5591 2062 5659 i7,
2109 5592 2218 5664 18).
2259 5590 2395 5647 Nam
2429 5591 2683 5648 fomentis
2726 5589 2960 5658 lenibus,
3009 5591 3204 5662 quibus
3259 5605 3360 5647 nos
3402 5592 3548 5650 Deus

1967 5684 2276 5742 consolatur
2303 5699 2464 5754 saepe,
2502 5697 2643 5754 saepe
2680 5683 2845 5738 etiam
2875 5682 3340 5739 mordacissimum
3375 5683 3548 5739 medi-

1968 5783 2274 5832 camentum
2305 5774 2666 5830 tribulationis
2720 5772 2984 5846 adjungit,
3031 5783 3088 5830 et
3121 5774 3278 5845 quasi
3307 5773 3544 5830 clemen-

1967 5868 2210 5927 tissimus
2236 5867 2480 5923 medicus
2503 5864 2743 5923 incidere
2761 5867 2986 5942 cupiens
3004 5868 3250 5942 putridas
3275 5882 3467 5925 carnes
3491 5876 3547 5929 ct
