  <div class='ocr_page' id='page_1' title='image "/cluster/home/n/w/nwhite01/storage/ocr_20150623/103/hvd.32044015466816/167.png"; bbox 0 0 4046 6332; ppageno 0'>
   <div class='ocr_carea' id='block_1_1' title="bbox 547 469 658 530">
    <p class='ocr_par' dir='ltr' id='par_1_1' title="bbox 547 469 658 530">
     <span class='ocr_line' id='line_1_1' title="bbox 547 469 658 530; baseline 0 -1"><span class='ocrx_word' id='word_1_1' title='bbox 547 469 658 530; x_wconf 73' lang='grc' dir='ltr'><strong>δ25</strong></span> 
     </span>
    </p>
   </div>
   <div class='ocr_carea' id='block_1_2' title="bbox 483 576 2197 652">
    <p class='ocr_par' dir='ltr' id='par_1_2' title="bbox 483 576 2197 652">
     <span class='ocr_line' id='line_1_2' title="bbox 483 576 2197 652; baseline -0.003 -11"><span class='ocrx_word' id='word_1_2' title='bbox 483 583 492 593; x_wconf 71' lang='grc'><strong><em>³</em></strong></span> <span class='ocrx_word' id='word_1_3' title='bbox 547 585 760 642; x_wconf 89' lang='lat' dir='ltr'><strong>cariosa</strong></span> <span class='ocrx_word' id='word_1_4' title='bbox 804 579 1027 638; x_wconf 80' lang='lat' dir='ltr'><strong>vulnera</strong></span> <span class='ocrx_word' id='word_1_5' title='bbox 1076 579 1326 648; x_wconf 81' lang='lat' dir='ltr'><strong>adurere,</strong></span> <span class='ocrx_word' id='word_1_6' title='bbox 1357 578 1600 638; x_wconf 78' lang='lat' dir='ltr'><strong>cauterio</strong></span> <span class='ocrx_word' id='word_1_7' title='bbox 1632 593 1743 638; x_wconf 90' lang='lat' dir='ltr'><strong>non</strong></span> <span class='ocrx_word' id='word_1_8' title='bbox 1766 579 1978 652; x_wconf 87' lang='lat' dir='ltr'><strong>parcit;</strong></span> <span class='ocrx_word' id='word_1_9' title='bbox 2011 595 2121 637; x_wconf 90' lang='lat' dir='ltr'><strong>non</strong></span> <span class='ocrx_word' id='word_1_10' title='bbox 2146 576 2197 646; x_wconf 83' lang='grc' dir='ltr'><strong>Α</strong></span> 
     </span>
    </p>
   </div>
   <div class='ocr_carea' id='block_1_3' title="bbox 548 674 1514 744">
    <p class='ocr_par' dir='ltr' id='par_1_3' title="bbox 548 674 1514 744">
     <span class='ocr_line' id='line_1_3' title="bbox 548 674 1514 744; baseline -0.005 -12"><span class='ocrx_word' id='word_1_11' title='bbox 548 676 856 740; x_wconf 81' lang='lat' dir='ltr'><strong>miseretur,</strong></span> <span class='ocrx_word' id='word_1_12' title='bbox 887 677 949 729; x_wconf 91' lang='lat' dir='ltr'><strong>ut</strong></span> <span class='ocrx_word' id='word_1_13' title='bbox 975 674 1148 744; x_wconf 90' lang='lat' dir='ltr'><strong>magis</strong></span> <span class='ocrx_word' id='word_1_14' title='bbox 1174 674 1514 729; x_wconf 77' lang='lat' dir='ltr'><strong>misereatur.</strong></span> 
     </span>
    </p>
   </div>
   <div class='ocr_carea' id='block_1_4' title="bbox 617 757 2123 836">
    <p class='ocr_par' dir='ltr' id='par_1_4' title="bbox 617 757 2123 836">
     <span class='ocr_line' id='line_1_4' title="bbox 617 757 2123 836; baseline -0.005 -13"><span class='ocrx_word' id='word_1_15' title='bbox 617 768 894 823; x_wconf 85' lang='lat' dir='ltr'><strong>Interdum</strong></span> <span class='ocrx_word' id='word_1_16' title='bbox 919 781 1049 820; x_wconf 86' lang='lat' dir='ltr'><strong>vero</strong></span> <span class='ocrx_word' id='word_1_17' title='bbox 1085 765 1204 836; x_wconf 87' lang='lat' dir='ltr'><strong>plus</strong></span> <span class='ocrx_word' id='word_1_18' title='bbox 1231 766 1385 821; x_wconf 92' lang='lat' dir='ltr'><strong>nobis</strong></span> <span class='ocrx_word' id='word_1_19' title='bbox 1410 763 1562 820; x_wconf 83' lang='lat' dir='ltr'><strong>utilia</strong></span> <span class='ocrx_word' id='word_1_20' title='bbox 1585 769 1712 820; x_wconf 88' lang='lat' dir='ltr'><strong>sunt</strong></span> <span class='ocrx_word' id='word_1_21' title='bbox 1736 762 1874 820; x_wconf 86' lang='lat' dir='ltr'><strong>bella</strong></span> <span class='ocrx_word' id='word_1_22' title='bbox 1896 770 1951 818; x_wconf 92' lang='lat' dir='ltr'><strong>et</strong></span> <span class='ocrx_word' id='word_1_23' title='bbox 1964 757 2123 834; x_wconf 60' lang='lat' dir='ltr'><strong>qum-</strong></span> 
     </span>
    </p>
   </div>
   <div class='ocr_carea' id='block_1_5' title="bbox 548 853 2118 932">
    <p class='ocr_par' dir='ltr' id='par_1_5' title="bbox 548 853 2118 932">
     <span class='ocr_line' id='line_1_5' title="bbox 548 853 2118 932; baseline -0.004 -16"><span class='ocrx_word' id='word_1_24' title='bbox 548 856 680 918; x_wconf 82' lang='lat' dir='ltr'><strong>libet</strong></span> <span class='ocrx_word' id='word_1_25' title='bbox 706 859 932 916; x_wconf 88' lang='lat' dir='ltr'><strong>adversa</strong></span> <span class='ocrx_word' id='word_1_26' title='bbox 964 865 1125 930; x_wconf 87' lang='lat' dir='ltr'><strong>quam</strong></span> <span class='ocrx_word' id='word_1_27' title='bbox 1153 873 1260 929; x_wconf 80' lang='lat' dir='ltr'><strong>pax</strong></span> <span class='ocrx_word' id='word_1_28' title='bbox 1286 866 1340 913; x_wconf 92' lang='lat' dir='ltr'><strong>et</strong></span> <span class='ocrx_word' id='word_1_29' title='bbox 1364 858 1556 923; x_wconf 87' lang='lat' dir='ltr'><strong>otium,</strong></span> <span class='ocrx_word' id='word_1_30' title='bbox 1583 856 1710 927; x_wconf 87' lang='lat' dir='ltr'><strong>quia</strong></span> <span class='ocrx_word' id='word_1_31' title='bbox 1729 870 1836 932; x_wconf 77' lang='lat' dir='ltr'><strong>pax</strong></span> <span class='ocrx_word' id='word_1_32' title='bbox 1861 853 2118 910; x_wconf 89' lang='lat' dir='ltr'><strong>delicatos</strong></span> 
     </span>
    </p>
   </div>
   <div class='ocr_carea' id='block_1_6' title="bbox 548 945 2119 1020">
    <p class='ocr_par' dir='ltr' id='par_1_6' title="bbox 548 945 2119 1020">
     <span class='ocr_line' id='line_1_6' title="bbox 548 945 2119 1020; baseline -0.006 -11"><span class='ocrx_word' id='word_1_33' title='bbox 548 961 604 1010; x_wconf 91' lang='lat' dir='ltr'><strong>et</strong></span> <span class='ocrx_word' id='word_1_34' title='bbox 627 945 886 1007; x_wconf 87' lang='lat' dir='ltr'><strong>remissos</strong></span> <span class='ocrx_word' id='word_1_35' title='bbox 914 949 1047 1006; x_wconf 87' lang='lat' dir='ltr'><strong>facit</strong></span> <span class='ocrx_word' id='word_1_36' title='bbox 1071 965 1134 1004; x_wconf 90' lang='lat' dir='ltr'><strong>ac</strong></span> <span class='ocrx_word' id='word_1_37' title='bbox 1163 950 1378 1004; x_wconf 89' lang='lat' dir='ltr'><strong>timidos</strong></span> <span class='ocrx_word' id='word_1_38' title='bbox 1402 966 1416 1016; x_wconf 90' lang='lat'><strong>;</strong></span> <span class='ocrx_word' id='word_1_39' title='bbox 1456 963 1620 1020; x_wconf 91' lang='lat' dir='ltr'><strong>porro</strong></span> <span class='ocrx_word' id='word_1_40' title='bbox 1661 945 1861 1002; x_wconf 90' lang='lat' dir='ltr'><strong>bellum</strong></span> <span class='ocrx_word' id='word_1_41' title='bbox 1886 953 1940 1000; x_wconf 91' lang='lat' dir='ltr'><strong>et</strong></span> <span class='ocrx_word' id='word_1_42' title='bbox 1970 959 2119 1000; x_wconf 90' lang='lat' dir='ltr'><strong>men-</strong></span> 
     </span>
    </p>
   </div>
   <div class='ocr_carea' id='block_1_7' title="bbox 548 1040 2121 1114">
    <p class='ocr_par' dir='ltr' id='par_1_7' title="bbox 548 1040 2121 1114">
     <span class='ocr_line' id='line_1_7' title="bbox 548 1040 2121 1114; baseline -0.005 -13"><span class='ocrx_word' id='word_1_43' title='bbox 548 1055 657 1101; x_wconf 87' lang='lat' dir='ltr'><strong>tem</strong></span> <span class='ocrx_word' id='word_1_44' title='bbox 683 1045 846 1111; x_wconf 87' lang='lat' dir='ltr'><strong>acuit,</strong></span> <span class='ocrx_word' id='word_1_45' title='bbox 871 1052 926 1099; x_wconf 91' lang='lat' dir='ltr'><strong>et</strong></span> <span class='ocrx_word' id='word_1_46' title='bbox 955 1043 1241 1114; x_wconf 83' lang='lat' dir='ltr'><strong>praesentia</strong></span> <span class='ocrx_word' id='word_1_47' title='bbox 1271 1042 1424 1112; x_wconf 91' lang='lat' dir='ltr'><strong>quasi</strong></span> <span class='ocrx_word' id='word_1_48' title='bbox 1455 1040 1787 1096; x_wconf 90' lang='lat' dir='ltr'><strong>transeuntia</strong></span> <span class='ocrx_word' id='word_1_49' title='bbox 1811 1045 2121 1094; x_wconf 88' lang='lat' dir='ltr'><strong>contemne-</strong></span> 
     </span>
    </p>
   </div>
   <div class='ocr_carea' id='block_1_8' title="bbox 546 1129 2121 1208">
    <p class='ocr_par' dir='ltr' id='par_1_8' title="bbox 546 1129 2121 1208">
     <span class='ocr_line' id='line_1_8' title="bbox 546 1129 2121 1208; baseline -0.006 -15"><span class='ocrx_word' id='word_1_50' title='bbox 546 1155 606 1194; x_wconf 90' lang='lat' dir='ltr'><strong>re</strong></span> <span class='ocrx_word' id='word_1_51' title='bbox 645 1137 953 1208; x_wconf 84' lang='lat' dir='ltr'><strong>persuadet.</strong></span> <span class='ocrx_word' id='word_1_52' title='bbox 1002 1135 1081 1190; x_wconf 88' lang='lat' dir='ltr'><strong>Ac</strong></span> <span class='ocrx_word' id='word_1_53' title='bbox 1127 1150 1270 1206; x_wconf 61' lang='lat' dir='ltr'><strong>saepe</strong></span> <span class='ocrx_word' id='word_1_54' title='bbox 1304 1150 1537 1205; x_wconf 88' lang='lat' dir='ltr'><strong>superna</strong></span> <span class='ocrx_word' id='word_1_55' title='bbox 1581 1129 1898 1204; x_wconf 70' lang='lat' dir='ltr'><strong>disponente</strong></span> <span class='ocrx_word' id='word_1_56' title='bbox 1947 1130 2121 1204; x_wconf 85' lang='lat' dir='ltr'><strong>gratia</strong></span> 
     </span>
    </p>
   </div>
   <div class='ocr_carea' id='block_1_9' title="bbox 547 1226 2120 1299">
    <p class='ocr_par' dir='ltr' id='par_1_9' title="bbox 547 1226 2120 1299">
     <span class='ocr_line' id='line_1_9' title="bbox 547 1226 2120 1299; baseline -0.004 -14"><span class='ocrx_word' id='word_1_57' title='bbox 547 1229 884 1286; x_wconf 88' lang='lat' dir='ltr'><strong>dulcissimos</strong></span> <span class='ocrx_word' id='word_1_58' title='bbox 909 1227 1115 1283; x_wconf 88' lang='lat' dir='ltr'><strong>fructus</strong></span> <span class='ocrx_word' id='word_1_59' title='bbox 1142 1226 1366 1297; x_wconf 79' lang='lat' dir='ltr'><strong>majoris</strong></span> <span class='ocrx_word' id='word_1_60' title='bbox 1392 1227 1540 1297; x_wconf 85' lang='lat' dir='ltr'><strong>pacis</strong></span> <span class='ocrx_word' id='word_1_61' title='bbox 1585 1234 1640 1280; x_wconf 92' lang='lat' dir='ltr'><strong>et</strong></span> <span class='ocrx_word' id='word_1_62' title='bbox 1660 1226 1963 1299; x_wconf 64' lang='lat' dir='ltr'><strong>concordia:</strong></span> <span class='ocrx_word' id='word_1_63' title='bbox 1990 1237 2120 1294; x_wconf 91' lang='lat' dir='ltr'><strong>pro—</strong></span> 
     </span>
    </p>
   </div>
   <div class='ocr_carea' id='block_1_10' title="bbox 545 1316 2120 1396">
    <p class='ocr_par' dir='ltr' id='par_1_10' title="bbox 545 1316 2120 1396">
     <span class='ocr_line' id='line_1_10' title="bbox 545 1316 2120 1396; baseline -0.008 -15"><span class='ocrx_word' id='word_1_64' title='bbox 545 1332 788 1396; x_wconf 79' lang='lat' dir='ltr'><strong>generat.</strong></span> <span class='ocrx_word' id='word_1_65' title='bbox 831 1321 982 1379; x_wconf 90' lang='lat' dir='ltr'><strong>Unde</strong></span> <span class='ocrx_word' id='word_1_66' title='bbox 1019 1330 1074 1376; x_wconf 92' lang='lat' dir='ltr'><strong>et</strong></span> <span class='ocrx_word' id='word_1_67' title='bbox 1110 1320 1496 1376; x_wconf 87' lang='lat' dir='ltr'><strong>Constantinus</strong></span> <span class='ocrx_word' id='word_1_68' title='bbox 1535 1319 1852 1389; x_wconf 88' lang='lat' dir='ltr'><strong>imperator,</strong></span> <span class='ocrx_word' id='word_1_69' title='bbox 1893 1316 2120 1372; x_wconf 87' lang='lat' dir='ltr'><strong>Suavio-</strong></span> 
     </span>
    </p>
   </div>
   <div class='ocr_carea' id='block_1_11' title="bbox 547 1409 2123 1485">
    <p class='ocr_par' dir='ltr' id='par_1_11' title="bbox 547 1409 2123 1485">
     <span class='ocr_line' id='line_1_11' title="bbox 547 1409 2123 1485; baseline -0.005 -15"><span class='ocrx_word' id='word_1_70' title='bbox 547 1431 654 1482; x_wconf 90' lang='lat' dir='ltr'><strong>res,</strong></span> <span class='ocrx_word' id='word_1_71' title='bbox 693 1413 886 1485; x_wconf 89' lang='lat' dir='ltr'><strong>inquit,</strong></span> <span class='ocrx_word' id='word_1_72' title='bbox 917 1417 1043 1470; x_wconf 91' lang='lat' dir='ltr'><strong>sunt</strong></span> <span class='ocrx_word' id='word_1_73' title='bbox 1068 1409 1318 1468; x_wconf 82' lang='lat' dir='ltr'><strong>amicitiae</strong></span> <span class='ocrx_word' id='word_1_74' title='bbox 1343 1418 1463 1481; x_wconf 90' lang='lat' dir='ltr'><strong>post</strong></span> <span class='ocrx_word' id='word_1_75' title='bbox 1485 1409 1894 1465; x_wconf 87' lang='lat' dir='ltr'><strong>inimicitiarum</strong></span> <span class='ocrx_word' id='word_1_76' title='bbox 1928 1420 2123 1464; x_wconf 84' lang='lat' dir='ltr'><strong>causas</strong></span> 
     </span>
    </p>
   </div>
   <div class='ocr_carea' id='block_1_12' title="bbox 545 1495 2122 1578">
    <p class='ocr_par' dir='ltr' id='par_1_12' title="bbox 545 1495 2122 1578">
     <span class='ocr_line' id='line_1_12' title="bbox 545 1495 2122 1578; baseline -0.004 -18"><span class='ocrx_word' id='word_1_77' title='bbox 545 1507 612 1561; x_wconf 92' lang='lat' dir='ltr'><strong>ad</strong></span> <span class='ocrx_word' id='word_1_78' title='bbox 659 1495 1002 1562; x_wconf 84' lang='lat' dir='ltr'><strong>concordiam</strong></span> <span class='ocrx_word' id='word_1_79' title='bbox 1054 1503 1336 1560; x_wconf 77' lang='lat' dir='ltr'><strong>restitutae.</strong></span> <span class='ocrx_word' id='word_1_80' title='bbox 1386 1502 1640 1571; x_wconf 84' lang='lat' dir='ltr'><strong>Quisquis</strong></span> <span class='ocrx_word' id='word_1_81' title='bbox 1666 1515 1797 1578; x_wconf 86' lang='lat' dir='ltr'><strong>vero</strong></span> <span class='ocrx_word' id='word_1_82' title='bbox 1841 1499 2014 1555; x_wconf 90' lang='lat' dir='ltr'><strong>bonus</strong></span> <span class='ocrx_word' id='word_1_83' title='bbox 2066 1506 2122 1553; x_wconf 93' lang='lat' dir='ltr'><strong>et</strong></span> 
     </span>
    </p>
   </div>
   <div class='ocr_carea' id='block_1_13' title="bbox 538 1593 2121 1669">
    <p class='ocr_par' dir='ltr' id='par_1_13' title="bbox 538 1593 2121 1669">
     <span class='ocr_line' id='line_1_13' title="bbox 538 1593 2121 1669; baseline -0.005 -17"><span class='ocrx_word' id='word_1_84' title='bbox 538 1595 718 1669; x_wconf 89' lang='lat' dir='ltr'><strong>justus</strong></span> <span class='ocrx_word' id='word_1_85' title='bbox 759 1607 940 1654; x_wconf 89' lang='lat' dir='ltr'><strong>rector</strong></span> <span class='ocrx_word' id='word_1_86' title='bbox 971 1594 1278 1667; x_wconf 88' lang='lat' dir='ltr'><strong>spirituales</strong></span> <span class='ocrx_word' id='word_1_87' title='bbox 1307 1601 1363 1649; x_wconf 92' lang='lat' dir='ltr'><strong>et</strong></span> <span class='ocrx_word' id='word_1_88' title='bbox 1386 1593 1634 1649; x_wconf 86' lang='lat' dir='ltr'><strong>carnales</strong></span> <span class='ocrx_word' id='word_1_89' title='bbox 1673 1593 1856 1648; x_wconf 84' lang='lat' dir='ltr'><strong>hostes</strong></span> <span class='ocrx_word' id='word_1_90' title='bbox 1883 1606 1982 1647; x_wconf 90' lang='lat' dir='ltr'><strong>nec</strong></span> <span class='ocrx_word' id='word_1_91' title='bbox 2011 1605 2121 1646; x_wconf 90' lang='lat' dir='ltr'><strong>non</strong></span> 
     </span>
    </p>
   </div>
   <div class='ocr_carea' id='block_1_14' title="bbox 542 1684 2122 1760">
    <p class='ocr_par' dir='ltr' id='par_1_14' title="bbox 542 1684 2122 1760">
     <span class='ocr_line' id='line_1_14' title="bbox 542 1684 2122 1760; baseline -0.003 -16"><span class='ocrx_word' id='word_1_92' title='bbox 542 1689 796 1760; x_wconf 85' lang='lat' dir='ltr'><strong>quaelibet</strong></span> <span class='ocrx_word' id='word_1_93' title='bbox 830 1688 1056 1744; x_wconf 88' lang='lat' dir='ltr'><strong>adversa</strong></span> <span class='ocrx_word' id='word_1_94' title='bbox 1085 1687 1170 1742; x_wconf 88' lang='lat' dir='ltr'><strong>vel</strong></span> <span class='ocrx_word' id='word_1_95' title='bbox 1197 1686 1425 1742; x_wconf 88' lang='lat' dir='ltr'><strong>evadere</strong></span> <span class='ocrx_word' id='word_1_96' title='bbox 1459 1685 1545 1741; x_wconf 88' lang='lat' dir='ltr'><strong>vel</strong></span> <span class='ocrx_word' id='word_1_97' title='bbox 1569 1685 1968 1755; x_wconf 88' lang='lat' dir='ltr'><strong>triumphaliter</strong></span> <span class='ocrx_word' id='word_1_98' title='bbox 2006 1684 2122 1739; x_wconf 92' lang='lat' dir='ltr'><strong>vin-</strong></span> 
     </span>
    </p>
   </div>
   <div class='ocr_carea' id='block_1_15' title="bbox 546 1775 2120 1848">
    <p class='ocr_par' dir='ltr' id='par_1_15' title="bbox 546 1775 2120 1848">
     <span class='ocr_line' id='line_1_15' title="bbox 546 1775 2120 1848; baseline -0.003 -13"><span class='ocrx_word' id='word_1_99' title='bbox 546 1795 671 1836; x_wconf 91' lang='lat' dir='ltr'><strong>cere</strong></span> <span class='ocrx_word' id='word_1_100' title='bbox 716 1780 1007 1844; x_wconf 86' lang='lat' dir='ltr'><strong>desiderat,</strong></span> <span class='ocrx_word' id='word_1_101' title='bbox 1054 1775 1405 1832; x_wconf 87' lang='lat' dir='ltr'><strong>armamentis</strong></span> <span class='ocrx_word' id='word_1_102' title='bbox 1461 1776 1832 1848; x_wconf 89' lang='lat' dir='ltr'><strong>spiritualibus</strong></span> <span class='ocrx_word' id='word_1_103' title='bbox 1879 1776 2120 1831; x_wconf 89' lang='lat' dir='ltr'><strong>munitus</strong></span> 
     </span>
    </p>
   </div>
   <div class='ocr_carea' id='block_1_16' title="bbox 545 1867 2119 1940">
    <p class='ocr_par' dir='ltr' id='par_1_16' title="bbox 545 1867 2119 1940">
     <span class='ocr_line' id='line_1_16' title="bbox 545 1867 2119 1940; baseline -0.003 -15"><span class='ocrx_word' id='word_1_104' title='bbox 545 1880 707 1940; x_wconf 90' lang='lat' dir='ltr'><strong>atque</strong></span> <span class='ocrx_word' id='word_1_105' title='bbox 729 1871 1007 1926; x_wconf 86' lang='lat' dir='ltr'><strong>ordinatus</strong></span> <span class='ocrx_word' id='word_1_106' title='bbox 1035 1870 1149 1936; x_wconf 83' lang='lat' dir='ltr'><strong>ﬁat,</strong></span> <span class='ocrx_word' id='word_1_107' title='bbox 1170 1869 1325 1940; x_wconf 80' lang='lat' dir='ltr'><strong>juxta</strong></span> <span class='ocrx_word' id='word_1_108' title='bbox 1361 1867 1676 1938; x_wconf 87' lang='lat' dir='ltr'><strong>Apostolum</strong></span> <span class='ocrx_word' id='word_1_109' title='bbox 1700 1868 1920 1923; x_wconf 89' lang='lat' dir='ltr'><strong>indutus</strong></span> <span class='ocrx_word' id='word_1_110' title='bbox 1948 1867 2119 1923; x_wconf 88' lang='lat' dir='ltr'><strong>lorica</strong></span> 
     </span>
    </p>
   </div>
   <div class='ocr_carea' id='block_1_17' title="bbox 540 1960 2118 2035">
    <p class='ocr_par' dir='ltr' id='par_1_17' title="bbox 540 1960 2118 2035">
     <span class='ocr_line' id='line_1_17' title="bbox 540 1960 2118 2035; baseline -0.001 -19"><span class='ocrx_word' id='word_1_111' title='bbox 540 1961 782 2033; x_wconf 73' lang='lat' dir='ltr'><strong>justitize,</strong></span> <span class='ocrx_word' id='word_1_112' title='bbox 811 1964 962 2035; x_wconf 89' lang='lat' dir='ltr'><strong>galea</strong></span> <span class='ocrx_word' id='word_1_113' title='bbox 987 1963 1122 2033; x_wconf 88' lang='lat' dir='ltr'><strong>spei,</strong></span> <span class='ocrx_word' id='word_1_114' title='bbox 1165 1978 1265 2018; x_wconf 90' lang='lat' dir='ltr'><strong>nec</strong></span> <span class='ocrx_word' id='word_1_115' title='bbox 1301 1976 1408 2018; x_wconf 90' lang='lat' dir='ltr'><strong>non</strong></span> <span class='ocrx_word' id='word_1_116' title='bbox 1439 1961 1626 2034; x_wconf 82' lang='lat' dir='ltr'><strong>clypeo</strong></span> <span class='ocrx_word' id='word_1_117' title='bbox 1655 1960 1782 2016; x_wconf 91' lang='lat' dir='ltr'><strong>ﬁdei</strong></span> <span class='ocrx_word' id='word_1_118' title='bbox 1821 1968 2118 2032; x_wconf 87' lang='lat' dir='ltr'><strong>protectus,</strong></span> 
     </span>
    </p>
   </div>
   <div class='ocr_carea' id='block_1_18' title="bbox 547 2054 2127 2125">
    <p class='ocr_par' dir='ltr' id='par_1_18' title="bbox 547 2054 2127 2125">
     <span class='ocr_line' id='line_1_18' title="bbox 547 2054 2127 2125; baseline 0.001 -16"><span class='ocrx_word' id='word_1_119' title='bbox 547 2069 613 2110; x_wconf 92' lang='lat' dir='ltr'><strong>ac</strong></span> <span class='ocrx_word' id='word_1_120' title='bbox 666 2055 832 2109; x_wconf 88' lang='lat' dir='ltr'><strong>divini</strong></span> <span class='ocrx_word' id='word_1_121' title='bbox 882 2055 1148 2112; x_wconf 88' lang='lat' dir='ltr'><strong>sermonis</strong></span> <span class='ocrx_word' id='word_1_122' title='bbox 1192 2054 1368 2125; x_wconf 89' lang='lat' dir='ltr'><strong>gladio</strong></span> <span class='ocrx_word' id='word_1_123' title='bbox 1411 2069 1668 2110; x_wconf 89' lang='lat' dir='ltr'><strong>coruscus</strong></span> <span class='ocrx_word' id='word_1_124' title='bbox 1715 2054 1970 2109; x_wconf 85' lang='lat' dir='ltr'><strong>emineat.</strong></span> <span class='ocrx_word' id='word_1_125' title='bbox 2029 2054 2127 2110; x_wconf 88' lang='lat' dir='ltr'><strong>His</strong></span> 
     </span>
    </p>
   </div>
   <div class='ocr_carea' id='block_1_19' title="bbox 546 2146 2128 2218">
    <p class='ocr_par' dir='ltr' id='par_1_19' title="bbox 546 2146 2128 2218">
     <span class='ocr_line' id='line_1_19' title="bbox 546 2146 2128 2218; baseline 0 -16"><span class='ocrx_word' id='word_1_126' title='bbox 546 2147 692 2203; x_wconf 89' lang='lat' dir='ltr'><strong>enim</strong></span> <span class='ocrx_word' id='word_1_127' title='bbox 717 2156 772 2203; x_wconf 91' lang='lat' dir='ltr'><strong>et</strong></span> <span class='ocrx_word' id='word_1_128' title='bbox 799 2148 992 2204; x_wconf 87' lang='lat' dir='ltr'><strong>talibus</strong></span> <span class='ocrx_word' id='word_1_129' title='bbox 1023 2148 1194 2202; x_wconf 90' lang='lat' dir='ltr'><strong>armis</strong></span> <span class='ocrx_word' id='word_1_130' title='bbox 1223 2156 1444 2203; x_wconf 89' lang='lat' dir='ltr'><strong>sanctos</strong></span> <span class='ocrx_word' id='word_1_131' title='bbox 1471 2155 1634 2218; x_wconf 91' lang='lat' dir='ltr'><strong>atque</strong></span> <span class='ocrx_word' id='word_1_132' title='bbox 1655 2146 1991 2203; x_wconf 88' lang='lat' dir='ltr'><strong>clarissimos</strong></span> <span class='ocrx_word' id='word_1_133' title='bbox 2017 2155 2128 2203; x_wconf 89' lang='lat' dir='ltr'><strong>ter-</strong></span> 
     </span>
    </p>
   </div>
   <div class='ocr_carea' id='block_1_20' title="bbox 545 2232 2129 2313">
    <p class='ocr_par' dir='ltr' id='par_1_20' title="bbox 545 2232 2129 2313">
     <span class='ocr_line' id='line_1_20' title="bbox 545 2232 2129 2313; baseline -0.001 -17"><span class='ocrx_word' id='word_1_134' title='bbox 545 2256 732 2296; x_wconf 88' lang='lat' dir='ltr'><strong>rarum</strong></span> <span class='ocrx_word' id='word_1_135' title='bbox 766 2232 919 2313; x_wconf 82' lang='lat' dir='ltr'><strong>reges</strong></span> <span class='ocrx_word' id='word_1_136' title='bbox 962 2240 1130 2296; x_wconf 91' lang='lat' dir='ltr'><strong>fuisse</strong></span> <span class='ocrx_word' id='word_1_137' title='bbox 1172 2241 1433 2306; x_wconf 89' lang='lat' dir='ltr'><strong>munitos,</strong></span> <span class='ocrx_word' id='word_1_138' title='bbox 1463 2247 1519 2294; x_wconf 90' lang='lat' dir='ltr'><strong>et</strong></span> <span class='ocrx_word' id='word_1_139' title='bbox 1554 2254 1842 2310; x_wconf 82' lang='lat' dir='ltr'><strong>superasse</strong></span> <span class='ocrx_word' id='word_1_140' title='bbox 1875 2240 2129 2294; x_wconf 87' lang='lat' dir='ltr'><strong>adversa-</strong></span> 
     </span>
    </p>
   </div>
   <div class='ocr_carea' id='block_1_21' title="bbox 545 2333 2128 2406">
    <p class='ocr_par' dir='ltr' id='par_1_21' title="bbox 545 2333 2128 2406">
     <span class='ocr_line' id='line_1_21' title="bbox 545 2333 2128 2406; baseline -0.003 -15"><span class='ocrx_word' id='word_1_141' title='bbox 545 2335 676 2402; x_wconf 88' lang='lat' dir='ltr'><strong>rios,</strong></span> <span class='ocrx_word' id='word_1_142' title='bbox 723 2341 780 2390; x_wconf 91' lang='lat' dir='ltr'><strong>et</strong></span> <span class='ocrx_word' id='word_1_143' title='bbox 806 2335 982 2406; x_wconf 87' lang='lat' dir='ltr'><strong>ampla</strong></span> <span class='ocrx_word' id='word_1_144' title='bbox 1023 2343 1227 2406; x_wconf 80' lang='lat' dir='ltr'><strong>tropaea</strong></span> <span class='ocrx_word' id='word_1_145' title='bbox 1266 2335 1331 2389; x_wconf 93' lang='lat' dir='ltr'><strong>de</strong></span> <span class='ocrx_word' id='word_1_146' title='bbox 1378 2333 1624 2389; x_wconf 82' lang='lat' dir='ltr'><strong>hostibus</strong></span> <span class='ocrx_word' id='word_1_147' title='bbox 1651 2333 1921 2398; x_wconf 91' lang='lat' dir='ltr'><strong>retulisse,</strong></span> <span class='ocrx_word' id='word_1_148' title='bbox 1966 2339 2128 2401; x_wconf 90' lang='lat' dir='ltr'><strong>atque</strong></span> 
     </span>
    </p>
   </div>
   <div class='ocr_carea' id='block_1_22' title="bbox 546 2423 2127 2498">
    <p class='ocr_par' dir='ltr' id='par_1_22' title="bbox 546 2423 2127 2498">
     <span class='ocr_line' id='line_1_22' title="bbox 546 2423 2127 2498; baseline -0.001 -17"><span class='ocrx_word' id='word_1_149' title='bbox 546 2426 746 2498; x_wconf 87' lang='lat' dir='ltr'><strong>inclyta</strong></span> <span class='ocrx_word' id='word_1_150' title='bbox 798 2442 960 2498; x_wconf 89' lang='lat' dir='ltr'><strong>regna</strong></span> <span class='ocrx_word' id='word_1_151' title='bbox 1007 2427 1097 2480; x_wconf 92' lang='lat' dir='ltr'><strong>diu</strong></span> <span class='ocrx_word' id='word_1_152' title='bbox 1153 2436 1208 2480; x_wconf 90' lang='lat' dir='ltr'><strong>et</strong></span> <span class='ocrx_word' id='word_1_153' title='bbox 1249 2425 1479 2480; x_wconf 86' lang='lat' dir='ltr'><strong>feliciter</strong></span> <span class='ocrx_word' id='word_1_154' title='bbox 1529 2427 1884 2496; x_wconf 82' lang='lat' dir='ltr'><strong>gubernasse,</strong></span> <span class='ocrx_word' id='word_1_155' title='bbox 1944 2423 2127 2490; x_wconf 83' lang='lat' dir='ltr'><strong>multis</strong></span> 
     </span>
    </p>
   </div>
   <div class='ocr_carea' id='block_1_23' title="bbox 547 2513 2128 2587">
    <p class='ocr_par' dir='ltr' id='par_1_23' title="bbox 547 2513 2128 2587">
     <span class='ocr_line' id='line_1_23' title="bbox 547 2513 2128 2587; baseline 0 -17"><span class='ocrx_word' id='word_1_156' title='bbox 547 2514 950 2587; x_wconf 89' lang='lat' dir='ltr'><strong>Scripturarum</strong></span> <span class='ocrx_word' id='word_1_157' title='bbox 1010 2516 1143 2572; x_wconf 90' lang='lat' dir='ltr'><strong>locis</strong></span> <span class='ocrx_word' id='word_1_158' title='bbox 1195 2513 1496 2586; x_wconf 84' lang='lat' dir='ltr'><strong>saepissime</strong></span> <span class='ocrx_word' id='word_1_159' title='bbox 1548 2516 1794 2586; x_wconf 77' lang='lat' dir='ltr'><strong>legimus.</strong></span> <span class='ocrx_word' id='word_1_160' title='bbox 1849 2514 2128 2582; x_wconf 81' lang='lat' dir='ltr'><strong>Quomodo</strong></span> 
     </span>
    </p>
   </div>
   <div class='ocr_carea' id='block_1_24' title="bbox 547 2593 2126 2673">
    <p class='ocr_par' dir='ltr' id='par_1_24' title="bbox 547 2593 2126 2673">
     <span class='ocr_line' id='line_1_24' title="bbox 547 2593 2126 2673; baseline 0 -13"><span class='ocrx_word' id='word_1_161' title='bbox 547 2613 770 2661; x_wconf 90' lang='lat' dir='ltr'><strong>sanctus</strong></span> <span class='ocrx_word' id='word_1_162' title='bbox 798 2605 989 2672; x_wconf 89' lang='lat' dir='ltr'><strong>David,</strong></span> <span class='ocrx_word' id='word_1_163' title='bbox 1038 2615 1096 2661; x_wconf 91' lang='lat' dir='ltr'><strong>ut</strong></span> <span class='ocrx_word' id='word_1_164' title='bbox 1145 2606 1280 2663; x_wconf 91' lang='lat' dir='ltr'><strong>alios</strong></span> <span class='ocrx_word' id='word_1_165' title='bbox 1309 2621 1474 2663; x_wconf 88' lang='lat' dir='ltr'><strong>causa</strong></span> <span class='ocrx_word' id='word_1_166' title='bbox 1525 2605 1806 2662; x_wconf 89' lang='lat' dir='ltr'><strong>brevitatis</strong></span> <span class='ocrx_word' id='word_1_167' title='bbox 1855 2593 2126 2673; x_wconf 87' lang='lat' dir='ltr'><strong>omittam,</strong></span> 
     </span>
    </p>
   </div>
   <div class='ocr_carea' id='block_1_25' title="bbox 549 2687 2128 2780">
    <p class='ocr_par' dir='ltr' id='par_1_25' title="bbox 549 2687 2128 2780">
     <span class='ocr_line' id='line_1_25' title="bbox 549 2687 2128 2780; baseline 0.001 -29"><span class='ocrx_word' id='word_1_168' title='bbox 549 2697 719 2752; x_wconf 88' lang='lat' dir='ltr'><strong>armis</strong></span> <span class='ocrx_word' id='word_1_169' title='bbox 746 2687 1119 2780; x_wconf 84' lang='lat' dir='ltr'><strong>spiritualibus</strong></span> <span class='ocrx_word' id='word_1_170' title='bbox 1138 2698 1417 2767; x_wconf 63' lang='lat' dir='ltr'><strong>praeditus,</strong></span> <span class='ocrx_word' id='word_1_171' title='bbox 1447 2698 1571 2768; x_wconf 90' lang='lat' dir='ltr'><strong>quia</strong></span> <span class='ocrx_word' id='word_1_172' title='bbox 1595 2699 1767 2752; x_wconf 92' lang='lat' dir='ltr'><strong>Deum</strong></span> <span class='ocrx_word' id='word_1_173' title='bbox 1795 2712 1984 2753; x_wconf 92' lang='lat' dir='ltr'><strong>verum</strong></span> <span class='ocrx_word' id='word_1_174' title='bbox 2016 2705 2128 2754; x_wconf 91' lang='lat' dir='ltr'><strong>toto</strong></span> 
     </span>
    </p>
   </div>
   <div class='ocr_carea' id='block_1_26' title="bbox 550 2782 2126 2864">
    <p class='ocr_par' dir='ltr' id='par_1_26' title="bbox 550 2782 2126 2864">
     <span class='ocr_line' id='line_1_26' title="bbox 550 2782 2126 2864; baseline 0 -18"><span class='ocrx_word' id='word_1_175' title='bbox 550 2790 715 2846; x_wconf 88' lang='lat' dir='ltr'><strong>corde</strong></span> <span class='ocrx_word' id='word_1_176' title='bbox 759 2782 984 2846; x_wconf 86' lang='lat' dir='ltr'><strong>timebat</strong></span> <span class='ocrx_word' id='word_1_177' title='bbox 1009 2799 1065 2847; x_wconf 91' lang='lat' dir='ltr'><strong>et</strong></span> <span class='ocrx_word' id='word_1_178' title='bbox 1110 2787 1346 2858; x_wconf 84' lang='lat' dir='ltr'><strong>amabat,</strong></span> <span class='ocrx_word' id='word_1_179' title='bbox 1382 2793 1552 2848; x_wconf 91' lang='lat' dir='ltr'><strong>multa</strong></span> <span class='ocrx_word' id='word_1_180' title='bbox 1587 2801 1834 2848; x_wconf 88' lang='lat' dir='ltr'><strong>evaserat</strong></span> <span class='ocrx_word' id='word_1_181' title='bbox 1855 2791 2126 2864; x_wconf 87' lang='lat' dir='ltr'><strong>pericula,</strong></span> 
     </span>
    </p>
   </div>
   <div class='ocr_carea' id='block_1_27' title="bbox 549 2870 2126 2954">
    <p class='ocr_par' dir='ltr' id='par_1_27' title="bbox 549 2870 2126 2954">
     <span class='ocr_line' id='line_1_27' title="bbox 549 2870 2126 2954; baseline 0.002 -18"><span class='ocrx_word' id='word_1_182' title='bbox 549 2890 714 2953; x_wconf 88' lang='lat' dir='ltr'><strong>atque</strong></span> <span class='ocrx_word' id='word_1_183' title='bbox 765 2879 951 2938; x_wconf 86' lang='lat' dir='ltr'><strong>hostes</strong></span> <span class='ocrx_word' id='word_1_184' title='bbox 986 2870 1202 2938; x_wconf 82' lang='lat' dir='ltr'><strong>Domini</strong></span> <span class='ocrx_word' id='word_1_185' title='bbox 1249 2883 1408 2954; x_wconf 83' lang='lat' dir='ltr'><strong>digna</strong></span> <span class='ocrx_word' id='word_1_186' title='bbox 1447 2899 1588 2953; x_wconf 65' lang='lat' dir='ltr'><strong>saepe</strong></span> <span class='ocrx_word' id='word_1_187' title='bbox 1643 2882 1876 2954; x_wconf 86' lang='lat' dir='ltr'><strong>perculit</strong></span> <span class='ocrx_word' id='word_1_188' title='bbox 1904 2882 2126 2940; x_wconf 86' lang='lat' dir='ltr'><strong>ultione.</strong></span> 
     </span>
    </p>
   </div>
   <div class='ocr_carea' id='block_1_28' title="bbox 693 2994 1718 3066">
    <p class='ocr_par' dir='ltr' id='par_1_28' title="bbox 693 2994 1718 3066">
     <span class='ocr_line' id='line_1_28' title="bbox 693 2994 1718 3066; baseline -0.001 -15"><span class='ocrx_word' id='word_1_189' title='bbox 693 2994 763 3051; x_wconf 91' lang='lat' dir='ltr'><strong>Ut</strong></span> <span class='ocrx_word' id='word_1_190' title='bbox 796 2995 986 3066; x_wconf 83' lang='lat' dir='ltr'><strong>globus</strong></span> <span class='ocrx_word' id='word_1_191' title='bbox 1017 2995 1157 3052; x_wconf 66' lang='lat' dir='ltr'><strong>lunai</strong></span> <span class='ocrx_word' id='word_1_192' title='bbox 1181 2997 1342 3054; x_wconf 90' lang='lat' dir='ltr'><strong>modo</strong></span> <span class='ocrx_word' id='word_1_193' title='bbox 1371 2996 1491 3053; x_wconf 91' lang='lat' dir='ltr'><strong>luce</strong></span> <span class='ocrx_word' id='word_1_194' title='bbox 1519 2996 1718 3053; x_wconf 88' lang='lat' dir='ltr'><strong>crescit</strong></span> 
     </span>
    </p>
   </div>
   <div class='ocr_carea' id='block_1_29' title="bbox 690 3085 1813 3158">
    <p class='ocr_par' dir='ltr' id='par_1_29' title="bbox 690 3085 1813 3158">
     <span class='ocr_line' id='line_1_29' title="bbox 690 3085 1813 3158; baseline 0 -17"><span class='ocrx_word' id='word_1_195' title='bbox 690 3085 897 3142; x_wconf 90' lang='lat' dir='ltr'><strong>Ductus</strong></span> <span class='ocrx_word' id='word_1_196' title='bbox 923 3087 977 3142; x_wconf 92' lang='lat' dir='ltr'><strong>in</strong></span> <span class='ocrx_word' id='word_1_197' title='bbox 1003 3087 1270 3158; x_wconf 83' lang='lat' dir='ltr'><strong>sphaeram</strong></span> <span class='ocrx_word' id='word_1_198' title='bbox 1302 3087 1468 3142; x_wconf 88' lang='lat' dir='ltr'><strong>radiis</strong></span> <span class='ocrx_word' id='word_1_199' title='bbox 1495 3100 1779 3142; x_wconf 83' lang='lat' dir='ltr'><strong>coruscam</strong></span> <span class='ocrx_word' id='word_1_200' title='bbox 1796 3121 1813 3154; x_wconf 88' lang='lat'><strong>,</strong></span> 
     </span>
    </p>
   </div>
   <div class='ocr_carea' id='block_1_30' title="bbox 691 3176 1721 3250">
    <p class='ocr_par' dir='ltr' id='par_1_30' title="bbox 691 3176 1721 3250">
     <span class='ocr_line' id='line_1_30' title="bbox 691 3176 1721 3250; baseline 0.002 -18"><span class='ocrx_word' id='word_1_201' title='bbox 691 3176 954 3250; x_wconf 87' lang='lat' dir='ltr'><strong>Nuncque</strong></span> <span class='ocrx_word' id='word_1_202' title='bbox 987 3179 1256 3236; x_wconf 85' lang='lat' dir='ltr'><strong>decrescit</strong></span> <span class='ocrx_word' id='word_1_203' title='bbox 1297 3179 1544 3236; x_wconf 82' lang='lat' dir='ltr'><strong>variante</strong></span> <span class='ocrx_word' id='word_1_204' title='bbox 1571 3186 1721 3235; x_wconf 87' lang='lat' dir='ltr'><strong>motu</strong></span> 
     </span>
    </p>
   </div>
   <div class='ocr_carea' id='block_1_31' title="bbox 687 3265 1348 3340">
    <p class='ocr_par' dir='ltr' id='par_1_31' title="bbox 687 3265 1348 3340">
     <span class='ocr_line' id='line_1_31' title="bbox 687 3265 1348 3340; baseline 0.002 -18"><span class='ocrx_word' id='word_1_205' title='bbox 687 3269 690 3271; x_wconf 42' lang='lat'>‘</span> <span class='ocrx_word' id='word_1_206' title='bbox 873 3265 1133 3340; x_wconf 85' lang='lat' dir='ltr'><strong>Corniger</strong></span> <span class='ocrx_word' id='word_1_207' title='bbox 1165 3270 1311 3326; x_wconf 87' lang='lat' dir='ltr'><strong>orbis</strong></span> <span class='ocrx_word' id='word_1_208' title='bbox 1337 3288 1348 3323; x_wconf 95' lang='lat'>:</span> 
     </span>
    </p>
   </div>
   <div class='ocr_carea' id='block_1_32' title="bbox 692 3356 1572 3429">
    <p class='ocr_par' dir='ltr' id='par_1_32' title="bbox 692 3356 1572 3429">
     <span class='ocr_line' id='line_1_32' title="bbox 692 3356 1572 3429; baseline 0.005 -18"><span class='ocrx_word' id='word_1_209' title='bbox 692 3356 880 3429; x_wconf 84' lang='lat' dir='ltr'><strong>Regna</strong></span> <span class='ocrx_word' id='word_1_210' title='bbox 905 3359 985 3414; x_wconf 89' lang='lat' dir='ltr'><strong>sic</strong></span> <span class='ocrx_word' id='word_1_211' title='bbox 1005 3369 1166 3415; x_wconf 82' lang='lat' dir='ltr'><strong>terrae</strong></span> <span class='ocrx_word' id='word_1_212' title='bbox 1191 3359 1356 3416; x_wconf 89' lang='lat' dir='ltr'><strong>biﬁdo</strong></span> <span class='ocrx_word' id='word_1_213' title='bbox 1386 3368 1572 3416; x_wconf 88' lang='lat' dir='ltr'><strong>tenore</strong></span> 
     </span>
    </p>
   </div>
   <div class='ocr_carea' id='block_1_33' title="bbox 689 3439 1772 3535">
    <p class='ocr_par' dir='ltr' id='par_1_33' title="bbox 689 3439 1772 3535">
     <span class='ocr_line' id='line_1_33' title="bbox 689 3439 1772 3535; baseline 0.001 -26"><span class='ocrx_word' id='word_1_214' title='bbox 689 3454 873 3535; x_wconf 77' lang='lat' dir='ltr'><strong>Gloria</strong></span> <span class='ocrx_word' id='word_1_215' title='bbox 898 3464 1148 3512; x_wconf 84' lang='lat' dir='ltr'><strong>crescunt</strong></span> <span class='ocrx_word' id='word_1_216' title='bbox 1188 3455 1346 3512; x_wconf 90' lang='lat' dir='ltr'><strong>modo</strong></span> <span class='ocrx_word' id='word_1_217' title='bbox 1370 3439 1732 3527; x_wconf 84' lang='lat' dir='ltr'><strong>prosperante</strong></span> <span class='ocrx_word' id='word_1_218' title='bbox 1754 3493 1772 3520; x_wconf 92' lang='lat'><strong>,</strong></span> 
     </span>
    </p>
   </div>
   <div class='ocr_carea' id='block_1_34' title="bbox 689 3545 1710 3618">
    <p class='ocr_par' dir='ltr' id='par_1_34' title="bbox 689 3545 1710 3618">
     <span class='ocr_line' id='line_1_34' title="bbox 689 3545 1710 3618; baseline -0.001 -17"><span class='ocrx_word' id='word_1_219' title='bbox 689 3545 845 3603; x_wconf 89' lang='lat' dir='ltr'><strong>Nunc</strong></span> <span class='ocrx_word' id='word_1_220' title='bbox 870 3555 924 3604; x_wconf 90' lang='lat' dir='ltr'><strong>et</strong></span> <span class='ocrx_word' id='word_1_221' title='bbox 947 3547 1189 3618; x_wconf 80' lang='lat' dir='ltr'><strong>adversis</strong></span> <span class='ocrx_word' id='word_1_222' title='bbox 1218 3548 1539 3604; x_wconf 88' lang='lat' dir='ltr'><strong>minuuntur</strong></span> <span class='ocrx_word' id='word_1_223' title='bbox 1571 3545 1710 3604; x_wconf 88' lang='lat' dir='ltr'><strong>ortis</strong></span> 
     </span>
    </p>
   </div>
   <div class='ocr_carea' id='block_1_35' title="bbox 864 3637 1315 3708">
    <p class='ocr_par' dir='ltr' id='par_1_35' title="bbox 864 3637 1315 3708">
     <span class='ocr_line' id='line_1_35' title="bbox 864 3637 1315 3708; baseline -0.002 -16"><span class='ocrx_word' id='word_1_224' title='bbox 864 3637 1052 3693; x_wconf 86' lang='lat' dir='ltr'><strong>Aulica</strong></span> <span class='ocrx_word' id='word_1_225' title='bbox 1080 3647 1315 3708; x_wconf 88' lang='lat' dir='ltr'><strong>sceptra.</strong></span> 
     </span>
    </p>
   </div>
   <div class='ocr_carea' id='block_1_36' title="bbox 694 3727 1810 3803">
    <p class='ocr_par' dir='ltr' id='par_1_36' title="bbox 694 3727 1810 3803">
     <span class='ocr_line' id='line_1_36' title="bbox 694 3727 1810 3803; baseline -0.002 -17"><span class='ocrx_word' id='word_1_226' title='bbox 694 3729 804 3786; x_wconf 80' lang='lat' dir='ltr'><strong>Res</strong></span> <span class='ocrx_word' id='word_1_227' title='bbox 839 3731 971 3803; x_wconf 91' lang='lat' dir='ltr'><strong>quid</strong></span> <span class='ocrx_word' id='word_1_228' title='bbox 999 3733 1263 3786; x_wconf 89' lang='lat' dir='ltr'><strong>humanas</strong></span> <span class='ocrx_word' id='word_1_229' title='bbox 1283 3729 1562 3800; x_wconf 91' lang='lat' dir='ltr'><strong>querimur</strong></span> <span class='ocrx_word' id='word_1_230' title='bbox 1588 3727 1810 3800; x_wconf 82' lang='lat' dir='ltr'><strong>fugaces</strong></span> 
     </span>
    </p>
   </div>
   <div class='ocr_carea' id='block_1_37' title="bbox 689 3820 1782 3893">
    <p class='ocr_par' dir='ltr' id='par_1_37' title="bbox 689 3820 1782 3893">
     <span class='ocr_line' id='line_1_37' title="bbox 689 3820 1782 3893; baseline -0.005 -13"><span class='ocrx_word' id='word_1_231' title='bbox 689 3824 826 3880; x_wconf 88' lang='lat' dir='ltr'><strong>Esse</strong></span> <span class='ocrx_word' id='word_1_232' title='bbox 850 3838 950 3879; x_wconf 90' lang='lat' dir='ltr'><strong>ceu</strong></span> <span class='ocrx_word' id='word_1_233' title='bbox 968 3823 1149 3879; x_wconf 89' lang='lat' dir='ltr'><strong>fumus</strong></span> <span class='ocrx_word' id='word_1_234' title='bbox 1170 3823 1470 3892; x_wconf 83' lang='lat' dir='ltr'><strong>ﬂuviusque</strong></span> <span class='ocrx_word' id='word_1_235' title='bbox 1497 3820 1782 3893; x_wconf 70' lang='lat' dir='ltr'><strong>praiceps?</strong></span> 
     </span>
    </p>
   </div>
   <div class='ocr_carea' id='block_1_38' title="bbox 693 3915 1784 3973">
    <p class='ocr_par' dir='ltr' id='par_1_38' title="bbox 693 3915 1784 3973">
     <span class='ocr_line' id='line_1_38' title="bbox 693 3915 1784 3973; baseline -0.005 -1"><span class='ocrx_word' id='word_1_236' title='bbox 693 3915 883 3973; x_wconf 85' lang='lat' dir='ltr'><strong>Nonne</strong></span> <span class='ocrx_word' id='word_1_237' title='bbox 910 3916 992 3970; x_wconf 86' lang='lat' dir='ltr'><strong>sic</strong></span> <span class='ocrx_word' id='word_1_238' title='bbox 1034 3915 1219 3971; x_wconf 90' lang='lat' dir='ltr'><strong>mundi</strong></span> <span class='ocrx_word' id='word_1_239' title='bbox 1253 3915 1470 3971; x_wconf 85' lang='lat' dir='ltr'><strong>variant</strong></span> <span class='ocrx_word' id='word_1_240' title='bbox 1499 3925 1784 3971; x_wconf 72' lang='lat' dir='ltr'><strong>recursum</strong></span> 
     </span>
    </p>
   </div>
   <div class='ocr_carea' id='block_1_39' title="bbox 879 4004 1346 4061">
    <p class='ocr_par' dir='ltr' id='par_1_39' title="bbox 879 4004 1346 4061">
     <span class='ocr_line' id='line_1_39' title="bbox 879 4004 1346 4061; baseline -0.002 0"><span class='ocrx_word' id='word_1_241' title='bbox 879 4004 1009 4061; x_wconf 70' lang='lat' dir='ltr'><strong>Hrec</strong></span> <span class='ocrx_word' id='word_1_242' title='bbox 1033 4005 1346 4061; x_wconf 84' lang='lat' dir='ltr'><strong>elementa?</strong></span> 
     </span>
    </p>
   </div>
   <div class='ocr_carea' id='block_1_40' title="bbox 697 4095 1853 4166">
    <p class='ocr_par' dir='ltr' id='par_1_40' title="bbox 697 4095 1853 4166">
     <span class='ocr_line' id='line_1_40' title="bbox 697 4095 1853 4166; baseline -0.003 -14"><span class='ocrx_word' id='word_1_243' title='bbox 697 4095 829 4154; x_wconf 85' lang='lat' dir='ltr'><strong>Post</strong></span> <span class='ocrx_word' id='word_1_244' title='bbox 853 4097 998 4153; x_wconf 89' lang='lat' dir='ltr'><strong>diem</strong></span> <span class='ocrx_word' id='word_1_245' title='bbox 1025 4096 1228 4153; x_wconf 86' lang='lat' dir='ltr'><strong>claram</strong></span> <span class='ocrx_word' id='word_1_246' title='bbox 1261 4096 1495 4153; x_wconf 69' lang='lat' dir='ltr'><strong>tenebrae</strong></span> <span class='ocrx_word' id='word_1_247' title='bbox 1520 4101 1853 4166; x_wconf 74' lang='lat' dir='ltr'><strong>sequuntur,</strong></span> 
     </span>
    </p>
   </div>
   <div class='ocr_carea' id='block_1_41' title="bbox 697 4189 1724 4263">
    <p class='ocr_par' dir='ltr' id='par_1_41' title="bbox 697 4189 1724 4263">
     <span class='ocr_line' id='line_1_41' title="bbox 697 4189 1724 4263; baseline 0 -17"><span class='ocrx_word' id='word_1_248' title='bbox 697 4189 828 4248; x_wconf 88' lang='lat' dir='ltr'><strong>Post</strong></span> <span class='ocrx_word' id='word_1_249' title='bbox 860 4200 1142 4247; x_wconf 83' lang='lat' dir='ltr'><strong>serenatas</strong></span> <span class='ocrx_word' id='word_1_250' title='bbox 1175 4191 1417 4263; x_wconf 90' lang='lat' dir='ltr'><strong>placidas</strong></span> <span class='ocrx_word' id='word_1_251' title='bbox 1441 4198 1499 4246; x_wconf 89' lang='lat' dir='ltr'><strong>et</strong></span> <span class='ocrx_word' id='word_1_252' title='bbox 1526 4203 1688 4246; x_wconf 84' lang='lat' dir='ltr'><strong>auras</strong></span> <span class='ocrx_word' id='word_1_253' title='bbox 1707 4229 1724 4257; x_wconf 88' lang='lat'><strong>,</strong></span> 
     </span>
    </p>
   </div>
   <div class='ocr_carea' id='block_1_42' title="bbox 690 4280 1479 4352">
    <p class='ocr_par' dir='ltr' id='par_1_42' title="bbox 690 4280 1479 4352">
     <span class='ocr_line' id='line_1_42' title="bbox 690 4280 1479 4352; baseline -0.001 -15"><span class='ocrx_word' id='word_1_254' title='bbox 690 4280 837 4337; x_wconf 88' lang='lat' dir='ltr'><strong>illico</strong></span> <span class='ocrx_word' id='word_1_255' title='bbox 861 4281 1036 4352; x_wconf 85' lang='lat' dir='ltr'><strong>surgit</strong></span> <span class='ocrx_word' id='word_1_256' title='bbox 1057 4281 1269 4337; x_wconf 88' lang='lat' dir='ltr'><strong>nebulis</strong></span> <span class='ocrx_word' id='word_1_257' title='bbox 1293 4281 1479 4352; x_wconf 85' lang='lat' dir='ltr'><strong>opacis</strong></span> 
     </span>
    </p>
   </div>
   <div class='ocr_carea' id='block_1_43' title="bbox 868 4372 1318 4445">
    <p class='ocr_par' dir='ltr' id='par_1_43' title="bbox 868 4372 1318 4445">
     <span class='ocr_line' id='line_1_43' title="bbox 868 4372 1318 4445; baseline -0.004 -15"><span class='ocrx_word' id='word_1_258' title='bbox 868 4372 1023 4430; x_wconf 59' lang='lat' dir='ltr'><strong>Saeva</strong></span> <span class='ocrx_word' id='word_1_259' title='bbox 1058 4374 1318 4445; x_wconf 86' lang='lat' dir='ltr'><strong>procella.</strong></span> 
     </span>
    </p>
   </div>
   <div class='ocr_carea' id='block_1_44' title="bbox 698 4465 1749 4537">
    <p class='ocr_par' dir='ltr' id='par_1_44' title="bbox 698 4465 1749 4537">
     <span class='ocr_line' id='line_1_44' title="bbox 698 4465 1749 4537; baseline -0.003 -15"><span class='ocrx_word' id='word_1_260' title='bbox 698 4465 901 4522; x_wconf 88' lang='lat' dir='ltr'><strong>Taliter</strong></span> <span class='ocrx_word' id='word_1_261' title='bbox 939 4466 1151 4522; x_wconf 87' lang='lat' dir='ltr'><strong>dulcem</strong></span> <span class='ocrx_word' id='word_1_262' title='bbox 1179 4467 1534 4537; x_wconf 86' lang='lat' dir='ltr'><strong>sequiturque</strong></span> <span class='ocrx_word' id='word_1_263' title='bbox 1560 4478 1749 4537; x_wconf 87' lang='lat' dir='ltr'><strong>pacem</strong></span> 
     </span>
    </p>
   </div>
   <div class='ocr_carea' id='block_1_45' title="bbox 695 4557 1555 4630">
    <p class='ocr_par' dir='ltr' id='par_1_45' title="bbox 695 4557 1555 4630">
     <span class='ocr_line' id='line_1_45' title="bbox 695 4557 1555 4630; baseline -0.002 -18"><span class='ocrx_word' id='word_1_264' title='bbox 695 4557 896 4612; x_wconf 91' lang='lat' dir='ltr'><strong>Litium</strong></span> <span class='ocrx_word' id='word_1_265' title='bbox 919 4574 1116 4630; x_wconf 83' lang='lat' dir='ltr'><strong>gurges</strong></span> <span class='ocrx_word' id='word_1_266' title='bbox 1144 4559 1336 4614; x_wconf 74' lang='lat' dir='ltr'><strong>subita:</strong></span> <span class='ocrx_word' id='word_1_267' title='bbox 1366 4558 1555 4614; x_wconf 82' lang='lat' dir='ltr'><strong>ruinae.</strong></span> 
     </span>
    </p>
   </div>
   <div class='ocr_carea' id='block_1_46' title="bbox 698 4648 1738 4722">
    <p class='ocr_par' dir='ltr' id='par_1_46' title="bbox 698 4648 1738 4722">
     <span class='ocr_line' id='line_1_46' title="bbox 698 4648 1738 4722; baseline 0.002 -17"><span class='ocrx_word' id='word_1_268' title='bbox 698 4648 851 4706; x_wconf 88' lang='lat' dir='ltr'><strong>Unde</strong></span> <span class='ocrx_word' id='word_1_269' title='bbox 875 4652 1164 4707; x_wconf 90' lang='lat' dir='ltr'><strong>marcescit</strong></span> <span class='ocrx_word' id='word_1_270' title='bbox 1192 4652 1470 4707; x_wconf 84' lang='lat' dir='ltr'><strong>hominum</strong></span> <span class='ocrx_word' id='word_1_271' title='bbox 1498 4661 1738 4722; x_wconf 84' lang='lat' dir='ltr'><strong>propago</strong></span> 
     </span>
    </p>
   </div>
   <div class='ocr_carea' id='block_1_47' title="bbox 871 4741 1341 4816">
    <p class='ocr_par' dir='ltr' id='par_1_47' title="bbox 871 4741 1341 4816">
     <span class='ocr_line' id='line_1_47' title="bbox 871 4741 1341 4816; baseline 0.004 -21"><span class='ocrx_word' id='word_1_272' title='bbox 871 4741 996 4798; x_wconf 88' lang='lat' dir='ltr'><strong>Flos</strong></span> <span class='ocrx_word' id='word_1_273' title='bbox 1024 4744 1171 4798; x_wconf 82' lang='lat' dir='ltr'><strong>velut</strong></span> <span class='ocrx_word' id='word_1_274' title='bbox 1205 4745 1341 4816; x_wconf 84' lang='lat' dir='ltr'><strong>agri.</strong></span> 
     </span>
    </p>
   </div>
   <div class='ocr_carea' id='block_1_48' title="bbox 693 4831 1672 4905">
    <p class='ocr_par' dir='ltr' id='par_1_48' title="bbox 693 4831 1672 4905">
     <span class='ocr_line' id='line_1_48' title="bbox 693 4831 1672 4905; baseline 0.002 -19"><span class='ocrx_word' id='word_1_275' title='bbox 693 4831 765 4886; x_wconf 83' lang='lat' dir='ltr'><strong>At</strong></span> <span class='ocrx_word' id='word_1_276' title='bbox 796 4832 917 4902; x_wconf 90' lang='lat' dir='ltr'><strong>pius</strong></span> <span class='ocrx_word' id='word_1_277' title='bbox 940 4834 1191 4905; x_wconf 86' lang='lat' dir='ltr'><strong>princeps</strong></span> <span class='ocrx_word' id='word_1_278' title='bbox 1213 4835 1440 4890; x_wconf 90' lang='lat' dir='ltr'><strong>Domino</strong></span> <span class='ocrx_word' id='word_1_279' title='bbox 1463 4833 1672 4904; x_wconf 86' lang='lat' dir='ltr'><strong>potenti</strong></span> 
     </span>
    </p>
   </div>
   <div class='ocr_carea' id='block_1_49' title="bbox 696 4923 1604 4997">
    <p class='ocr_par' dir='ltr' id='par_1_49' title="bbox 696 4923 1604 4997">
     <span class='ocr_line' id='line_1_49' title="bbox 696 4923 1604 4997; baseline 0.003 -18"><span class='ocrx_word' id='word_1_280' title='bbox 696 4923 872 4979; x_wconf 88' lang='lat' dir='ltr'><strong>Corde</strong></span> <span class='ocrx_word' id='word_1_281' title='bbox 901 4926 1131 4980; x_wconf 88' lang='lat' dir='ltr'><strong>contrito</strong></span> <span class='ocrx_word' id='word_1_282' title='bbox 1161 4927 1428 4997; x_wconf 86' lang='lat' dir='ltr'><strong>hilarique</strong></span> <span class='ocrx_word' id='word_1_283' title='bbox 1454 4926 1604 4982; x_wconf 86' lang='lat' dir='ltr'><strong>vultu</strong></span> 
     </span>
    </p>
   </div>
   <div class='ocr_carea' id='block_1_50' title="bbox 697 5003 1886 5090">
    <p class='ocr_par' dir='ltr' id='par_1_50' title="bbox 697 5003 1886 5090">
     <span class='ocr_line' id='line_1_50' title="bbox 697 5003 1886 5090; baseline 0.001 -17"><span class='ocrx_word' id='word_1_284' title='bbox 697 5017 932 5085; x_wconf 87' lang='lat' dir='ltr'><strong>Gratias,</strong></span> <span class='ocrx_word' id='word_1_285' title='bbox 959 5027 1246 5090; x_wconf 86' lang='lat' dir='ltr'><strong>postquam</strong></span> <span class='ocrx_word' id='word_1_286' title='bbox 1281 5036 1420 5077; x_wconf 88' lang='lat' dir='ltr'><strong>nova</strong></span> <span class='ocrx_word' id='word_1_287' title='bbox 1460 5003 1657 5074; x_wconf 81' lang='lat' dir='ltr'><strong>damna</strong></span> <span class='ocrx_word' id='word_1_288' title='bbox 1681 5017 1886 5084; x_wconf 81' lang='lat' dir='ltr'><strong>sentit,</strong></span> 
     </span>
    </p>
   </div>
   <div class='ocr_carea' id='block_1_51' title="bbox 876 5111 1282 5169">
    <p class='ocr_par' dir='ltr' id='par_1_51' title="bbox 876 5111 1282 5169">
     <span class='ocr_line' id='line_1_51' title="bbox 876 5111 1282 5169; baseline 0.005 -3"><span class='ocrx_word' id='word_1_289' title='bbox 876 5111 1081 5167; x_wconf 88' lang='lat' dir='ltr'><strong>Taliter</strong></span> <span class='ocrx_word' id='word_1_290' title='bbox 1107 5113 1282 5169; x_wconf 75' lang='lat' dir='ltr'><strong>offert.</strong></span> 
     </span>
    </p>
   </div>
   <div class='ocr_carea' id='block_1_52' title="bbox 698 5202 1647 5276">
    <p class='ocr_par' dir='ltr' id='par_1_52' title="bbox 698 5202 1647 5276">
     <span class='ocr_line' id='line_1_52' title="bbox 698 5202 1647 5276; baseline 0.003 -20"><span class='ocrx_word' id='word_1_291' title='bbox 698 5202 876 5258; x_wconf 89' lang='lat' dir='ltr'><strong>Patris</strong></span> <span class='ocrx_word' id='word_1_292' title='bbox 895 5203 1095 5260; x_wconf 80' lang='lat' dir='ltr'><strong>excelsi</strong></span> <span class='ocrx_word' id='word_1_293' title='bbox 1120 5204 1400 5261; x_wconf 90' lang='lat' dir='ltr'><strong>benedicta</strong></span> <span class='ocrx_word' id='word_1_294' title='bbox 1428 5203 1610 5276; x_wconf 89' lang='lat' dir='ltr'><strong>proles</strong></span> <span class='ocrx_word' id='word_1_295' title='bbox 1628 5235 1647 5270; x_wconf 80' lang='lat'><strong>,</strong></span> 
     </span>
    </p>
   </div>
   <div class='ocr_carea' id='block_1_53' title="bbox 697 5291 1884 5365">
    <p class='ocr_par' dir='ltr' id='par_1_53' title="bbox 697 5291 1884 5365">
     <span class='ocr_line' id='line_1_53' title="bbox 697 5291 1884 5365; baseline 0 -18"><span class='ocrx_word' id='word_1_296' title='bbox 697 5293 799 5359; x_wconf 85' lang='lat' dir='ltr'><strong>Qui</strong></span> <span class='ocrx_word' id='word_1_297' title='bbox 836 5310 992 5352; x_wconf 83' lang='lat' dir='ltr'><strong>creas</strong></span> <span class='ocrx_word' id='word_1_298' title='bbox 1024 5303 1197 5351; x_wconf 90' lang='lat' dir='ltr'><strong>totum</strong></span> <span class='ocrx_word' id='word_1_299' title='bbox 1233 5309 1569 5365; x_wconf 90' lang='lat' dir='ltr'><strong>renovasque</strong></span> <span class='ocrx_word' id='word_1_300' title='bbox 1595 5291 1884 5356; x_wconf 84' lang='lat' dir='ltr'><strong>mundum,</strong></span> 
     </span>
    </p>
   </div>
   <div class='ocr_carea' id='block_1_54' title="bbox 703 5377 1682 5460">
    <p class='ocr_par' dir='ltr' id='par_1_54' title="bbox 703 5377 1682 5460">
     <span class='ocr_line' id='line_1_54' title="bbox 703 5377 1682 5460; baseline -0.001 -20"><span class='ocrx_word' id='word_1_301' title='bbox 703 5385 854 5443; x_wconf 88' lang='lat' dir='ltr'><strong>Nunc</strong></span> <span class='ocrx_word' id='word_1_302' title='bbox 877 5396 982 5444; x_wconf 71' lang='lat' dir='ltr'><strong>tute</strong></span> <span class='ocrx_word' id='word_1_303' title='bbox 1011 5397 1196 5460; x_wconf 86' lang='lat' dir='ltr'><strong>grates</strong></span> <span class='ocrx_word' id='word_1_304' title='bbox 1224 5377 1451 5445; x_wconf 85' lang='lat' dir='ltr'><strong>ferimus</strong></span> <span class='ocrx_word' id='word_1_305' title='bbox 1479 5385 1682 5443; x_wconf 83' lang='lat' dir='ltr'><strong>salubri</strong></span> 
     </span>
    </p>
   </div>
   <div class='ocr_carea' id='block_1_55' title="bbox 870 5480 1316 5538">
    <p class='ocr_par' dir='ltr' id='par_1_55' title="bbox 870 5480 1316 5538">
     <span class='ocr_line' id='line_1_55' title="bbox 870 5480 1316 5538; baseline -0.007 0"><span class='ocrx_word' id='word_1_306' title='bbox 870 5480 981 5538; x_wconf 87' lang='lat' dir='ltr'><strong>Nos</strong></span> <span class='ocrx_word' id='word_1_307' title='bbox 1018 5482 1316 5538; x_wconf 63' lang='lat' dir='ltr'><strong>medicinas.</strong></span> 
     </span>
    </p>
   </div>
   <div class='ocr_carea' id='block_1_56' title="bbox 700 5569 1632 5644">
    <p class='ocr_par' dir='ltr' id='par_1_56' title="bbox 700 5569 1632 5644">
     <span class='ocr_line' id='line_1_56' title="bbox 700 5569 1632 5644; baseline -0.005 -17"><span class='ocrx_word' id='word_1_308' title='bbox 700 5572 852 5630; x_wconf 90' lang='lat' dir='ltr'><strong>Tune</strong></span> <span class='ocrx_word' id='word_1_309' title='bbox 879 5573 1114 5644; x_wconf 86' lang='lat' dir='ltr'><strong>castigas</strong></span> <span class='ocrx_word' id='word_1_310' title='bbox 1144 5573 1451 5628; x_wconf 88' lang='lat' dir='ltr'><strong>medicante</strong></span> <span class='ocrx_word' id='word_1_311' title='bbox 1477 5569 1632 5640; x_wconf 88' lang='lat' dir='ltr'><strong>virga</strong></span> 
     </span>
    </p>
   </div>
   <div class='ocr_carea' id='block_1_57' title="bbox 702 5663 1736 5732">
    <p class='ocr_par' dir='ltr' id='par_1_57' title="bbox 702 5663 1736 5732">
     <span class='ocr_line' id='line_1_57' title="bbox 702 5663 1736 5732; baseline -0.004 -12"><span class='ocrx_word' id='word_1_312' title='bbox 702 5665 812 5721; x_wconf 84' lang='lat' dir='ltr'><strong>Nos</strong></span> <span class='ocrx_word' id='word_1_313' title='bbox 838 5664 1026 5721; x_wconf 86' lang='lat' dir='ltr'><strong>volens</strong></span> <span class='ocrx_word' id='word_1_314' title='bbox 1050 5663 1229 5720; x_wconf 86' lang='lat' dir='ltr'><strong>salvos</strong></span> <span class='ocrx_word' id='word_1_315' title='bbox 1254 5663 1457 5718; x_wconf 89' lang='lat' dir='ltr'><strong>nitidos</strong></span> <span class='ocrx_word' id='word_1_316' title='bbox 1483 5669 1544 5715; x_wconf 88' lang='lat' dir='ltr'><strong>ut</strong></span> <span class='ocrx_word' id='word_1_317' title='bbox 1568 5672 1736 5732; x_wconf 89' lang='lat' dir='ltr'><strong>agnos</strong></span> 
     </span>
    </p>
   </div>
   <div class='ocr_carea' id='block_1_58' title="bbox 699 5754 1611 5831">
    <p class='ocr_par' dir='ltr' id='par_1_58' title="bbox 699 5754 1611 5831">
     <span class='ocr_line' id='line_1_58' title="bbox 699 5754 1611 5831; baseline -0.002 -17"><span class='ocrx_word' id='word_1_318' title='bbox 699 5760 758 5814; x_wconf 92' lang='lat' dir='ltr'><strong>ln</strong></span> <span class='ocrx_word' id='word_1_319' title='bbox 792 5760 871 5813; x_wconf 87' lang='lat' dir='ltr'><strong>tui</strong></span> <span class='ocrx_word' id='word_1_320' title='bbox 904 5774 1061 5814; x_wconf 86' lang='lat' dir='ltr'><strong>sacra</strong></span> <span class='ocrx_word' id='word_1_321' title='bbox 1085 5760 1263 5831; x_wconf 84' lang='lat' dir='ltr'><strong>gregis</strong></span> <span class='ocrx_word' id='word_1_322' title='bbox 1285 5772 1407 5815; x_wconf 87' lang='lat' dir='ltr'><strong>esse</strong></span> <span class='ocrx_word' id='word_1_323' title='bbox 1429 5754 1611 5824; x_wconf 70' lang='lat' dir='ltr'><strong>caule,</strong></span> 
     </span>
    </p>
   </div>
   <div class='ocr_carea' id='block_1_59' title="bbox 885 5850 1331 5922">
    <p class='ocr_par' dir='ltr' id='par_1_59' title="bbox 885 5850 1331 5922">
     <span class='ocr_line' id='line_1_59' title="bbox 885 5850 1331 5922; baseline 0.002 -17"><span class='ocrx_word' id='word_1_324' title='bbox 885 5850 1099 5920; x_wconf 86' lang='lat' dir='ltr'><strong>Optime</strong></span> <span class='ocrx_word' id='word_1_325' title='bbox 1127 5860 1331 5922; x_wconf 87' lang='lat' dir='ltr'><strong>pastor.</strong></span> 
     </span>
    </p>
   </div>
   <div class='ocr_carea' id='block_1_60' title="bbox 713 5939 1662 6016">
    <p class='ocr_par' dir='ltr' id='par_1_60' title="bbox 713 5939 1662 6016">
     <span class='ocr_line' id='line_1_60' title="bbox 713 5939 1662 6016; baseline 0.006 -18"><span class='ocrx_word' id='word_1_326' title='bbox 713 5939 863 5998; x_wconf 85' lang='lat' dir='ltr'><strong>Unde</strong></span> <span class='ocrx_word' id='word_1_327' title='bbox 890 5945 1152 6016; x_wconf 81' lang='lat' dir='ltr'><strong>myrrhati</strong></span> <span class='ocrx_word' id='word_1_328' title='bbox 1180 5944 1404 6001; x_wconf 88' lang='lat' dir='ltr'><strong>calicem</strong></span> <span class='ocrx_word' id='word_1_329' title='bbox 1429 5942 1662 6016; x_wconf 79' lang='lat' dir='ltr'><strong>liquoris</strong></span> 
     </span>
    </p>
   </div>
   <div class='ocr_carea' id='block_1_61' title="bbox 1715 6024 1767 6038">
    <p class='ocr_par' dir='ltr' id='par_1_61' title="bbox 1715 6024 1767 6038">
     <span class='ocr_line' id='line_1_61' title="bbox 1715 6024 1767 6038; baseline 0 0"><span class='ocrx_word' id='word_1_330' title='bbox 1715 6024 1767 6038; x_wconf 54' lang='grc' dir='ltr'><strong>ὀ</strong></span> 
     </span>
    </p>
   </div>
   <div class='ocr_carea' id='block_1_62' title="bbox 1922 451 2420 528">
    <p class='ocr_par' dir='ltr' id='par_1_62' title="bbox 1922 451 2420 528">
     <span class='ocr_line' id='line_1_62' title="bbox 1922 451 2420 528; baseline -0.006 -3"><span class='ocrx_word' id='word_1_331' title='bbox 1922 451 2191 528; x_wconf 87' lang='lat' dir='ltr'><strong>SEDULll</strong></span> <span class='ocrx_word' id='word_1_332' title='bbox 2227 451 2420 524; x_wconf 84' lang='lat' dir='ltr'><strong>SCOTl</strong></span> 
     </span>
    </p>
   </div>
   <div class='ocr_carea' id='block_1_63' title="bbox 2365 557 3410 647">
    <p class='ocr_par' dir='ltr' id='par_1_63' title="bbox 2365 557 3410 647">
     <span class='ocr_line' id='line_1_63' title="bbox 2365 557 3410 647; baseline 0 -15"><span class='ocrx_word' id='word_1_333' title='bbox 2365 577 2537 645; x_wconf 83' lang='lat' dir='ltr'><strong>Quem</strong></span> <span class='ocrx_word' id='word_1_334' title='bbox 2561 575 2649 647; x_wconf 90' lang='lat' dir='ltr'><strong>pie</strong></span> <span class='ocrx_word' id='word_1_335' title='bbox 2676 571 2830 630; x_wconf 86' lang='lat' dir='ltr'><strong>nobis</strong></span> <span class='ocrx_word' id='word_1_336' title='bbox 2853 581 2939 629; x_wconf 88' lang='lat' dir='ltr'><strong>tua</strong></span> <span class='ocrx_word' id='word_1_337' title='bbox 2978 571 3171 630; x_wconf 80' lang='lat' dir='ltr'><strong>dextra</strong></span> <span class='ocrx_word' id='word_1_338' title='bbox 3193 557 3410 646; x_wconf 65' lang='lat' dir='ltr'><strong>porgit,</strong></span> 
     </span>
    </p>
   </div>
   <div class='ocr_carea' id='block_1_64' title="bbox 2363 657 3321 735">
    <p class='ocr_par' dir='ltr' id='par_1_64' title="bbox 2363 657 3321 735">
     <span class='ocr_line' id='line_1_64' title="bbox 2363 657 3321 735; baseline -0.002 -8"><span class='ocrx_word' id='word_1_339' title='bbox 2363 657 2547 727; x_wconf 82' lang='lat' dir='ltr'><strong>Simus</strong></span> <span class='ocrx_word' id='word_1_340' title='bbox 2568 679 2630 725; x_wconf 94' lang='lat' dir='ltr'><strong>ut</strong></span> <span class='ocrx_word' id='word_1_341' title='bbox 2653 669 2809 735; x_wconf 90' lang='lat' dir='ltr'><strong>salvi,</strong></span> <span class='ocrx_word' id='word_1_342' title='bbox 2832 668 3067 725; x_wconf 84' lang='lat' dir='ltr'><strong>bibimus</strong></span> <span class='ocrx_word' id='word_1_343' title='bbox 3086 667 3321 726; x_wconf 80' lang='lat' dir='ltr'><strong>libenter</strong></span> 
     </span>
    </p>
   </div>
   <div class='ocr_carea' id='block_1_65' title="bbox 2534 760 2923 820">
    <p class='ocr_par' dir='ltr' id='par_1_65' title="bbox 2534 760 2923 820">
     <span class='ocr_line' id='line_1_65' title="bbox 2534 760 2923 820; baseline -0.008 -2"><span class='ocrx_word' id='word_1_344' title='bbox 2534 763 2685 820; x_wconf 88' lang='lat' dir='ltr'><strong>Dona</strong></span> <span class='ocrx_word' id='word_1_345' title='bbox 2713 760 2923 818; x_wconf 90' lang='lat' dir='ltr'><strong>salutis.</strong></span> 
     </span>
    </p>
   </div>
   <div class='ocr_carea' id='block_1_66' title="bbox 2361 850 3269 926">
    <p class='ocr_par' dir='ltr' id='par_1_66' title="bbox 2361 850 3269 926">
     <span class='ocr_line' id='line_1_66' title="bbox 2361 850 3269 926; baseline -0.002 -14"><span class='ocrx_word' id='word_1_346' title='bbox 2361 854 2580 926; x_wconf 79' lang='lat' dir='ltr'><strong>Nosque</strong></span> <span class='ocrx_word' id='word_1_347' title='bbox 2603 854 2771 910; x_wconf 87' lang='lat' dir='ltr'><strong>lorica</strong></span> <span class='ocrx_word' id='word_1_348' title='bbox 2801 851 3072 910; x_wconf 89' lang='lat' dir='ltr'><strong>renitente</strong></span> <span class='ocrx_word' id='word_1_349' title='bbox 3098 850 3269 923; x_wconf 83' lang='lat' dir='ltr'><strong>justi,</strong></span> 
     </span>
    </p>
   </div>
   <div class='ocr_carea' id='block_1_67' title="bbox 2364 943 3192 1020">
    <p class='ocr_par' dir='ltr' id='par_1_67' title="bbox 2364 943 3192 1020">
     <span class='ocr_line' id='line_1_67' title="bbox 2364 943 3192 1020; baseline -0.006 -16"><span class='ocrx_word' id='word_1_350' title='bbox 2364 949 2444 1006; x_wconf 81' lang='lat' dir='ltr'><strong>Ac</strong></span> <span class='ocrx_word' id='word_1_351' title='bbox 2463 949 2578 1020; x_wconf 90' lang='lat' dir='ltr'><strong>spei</strong></span> <span class='ocrx_word' id='word_1_352' title='bbox 2601 955 2717 1003; x_wconf 91' lang='lat' dir='ltr'><strong>tuta</strong></span> <span class='ocrx_word' id='word_1_353' title='bbox 2736 945 2909 1018; x_wconf 86' lang='lat' dir='ltr'><strong>galea,</strong></span> <span class='ocrx_word' id='word_1_354' title='bbox 2930 943 3192 1017; x_wconf 81' lang='lat' dir='ltr'><strong>flagrante</strong></span> 
     </span>
    </p>
   </div>
   <div class='ocr_carea' id='block_1_68' title="bbox 2364 1036 3272 1108">
    <p class='ocr_par' dir='ltr' id='par_1_68' title="bbox 2364 1036 3272 1108">
     <span class='ocr_line' id='line_1_68' title="bbox 2364 1036 3272 1108; baseline -0.004 -10"><span class='ocrx_word' id='word_1_355' title='bbox 2364 1041 2506 1098; x_wconf 87' lang='lat' dir='ltr'><strong>Ense</strong></span> <span class='ocrx_word' id='word_1_356' title='bbox 2539 1037 2824 1104; x_wconf 88' lang='lat' dir='ltr'><strong>sermonis,</strong></span> <span class='ocrx_word' id='word_1_357' title='bbox 2850 1036 3085 1108; x_wconf 87' lang='lat' dir='ltr'><strong>ﬁdeique</strong></span> <span class='ocrx_word' id='word_1_358' title='bbox 3115 1045 3272 1094; x_wconf 89' lang='lat' dir='ltr'><strong>scuto</strong></span> 
     </span>
    </p>
   </div>
   <div class='ocr_carea' id='block_1_69' title="bbox 2544 1133 3070 1199">
    <p class='ocr_par' dir='ltr' id='par_1_69' title="bbox 2544 1133 3070 1199">
     <span class='ocr_line' id='line_1_69' title="bbox 2544 1133 3070 1199; baseline -0.006 -13"><span class='ocrx_word' id='word_1_359' title='bbox 2544 1133 2865 1199; x_wconf 72' lang='lat' dir='ltr'><strong>Quaesumus</strong></span> <span class='ocrx_word' id='word_1_360' title='bbox 2897 1145 3070 1184; x_wconf 87' lang='lat' dir='ltr'><strong>arma.</strong></span> 
     </span>
    </p>
   </div>
   <div class='ocr_carea' id='block_1_70' title="bbox 2365 1217 3274 1292">
    <p class='ocr_par' dir='ltr' id='par_1_70' title="bbox 2365 1217 3274 1292">
     <span class='ocr_line' id='line_1_70' title="bbox 2365 1217 3274 1292; baseline -0.008 -12"><span class='ocrx_word' id='word_1_361' title='bbox 2365 1225 2436 1280; x_wconf 90' lang='lat' dir='ltr'><strong>Et</strong></span> <span class='ocrx_word' id='word_1_362' title='bbox 2461 1224 2638 1279; x_wconf 86' lang='lat' dir='ltr'><strong>crucis</strong></span> <span class='ocrx_word' id='word_1_363' title='bbox 2661 1217 2815 1292; x_wconf 86' lang='lat' dir='ltr'><strong>signo</strong></span> <span class='ocrx_word' id='word_1_364' title='bbox 2837 1221 3084 1276; x_wconf 89' lang='lat' dir='ltr'><strong>radiante</strong></span> <span class='ocrx_word' id='word_1_365' title='bbox 3103 1234 3274 1274; x_wconf 89' lang='lat' dir='ltr'><strong>cornu</strong></span> 
     </span>
    </p>
   </div>
   <div class='ocr_carea' id='block_1_71' title="bbox 2364 1310 3225 1384">
    <p class='ocr_par' dir='ltr' id='par_1_71' title="bbox 2364 1310 3225 1384">
     <span class='ocr_line' id='line_1_71' title="bbox 2364 1310 3225 1384; baseline -0.008 -12"><span class='ocrx_word' id='word_1_366' title='bbox 2364 1315 2570 1372; x_wconf 80' lang='lat' dir='ltr'><strong>Exhibe</strong></span> <span class='ocrx_word' id='word_1_367' title='bbox 2591 1313 2729 1369; x_wconf 90' lang='lat' dir='ltr'><strong>votis</strong></span> <span class='ocrx_word' id='word_1_368' title='bbox 2749 1311 2932 1384; x_wconf 88' lang='lat' dir='ltr'><strong>populi</strong></span> <span class='ocrx_word' id='word_1_369' title='bbox 2954 1310 3225 1382; x_wconf 87' lang='lat' dir='ltr'><strong>precantis</strong></span> 
     </span>
    </p>
   </div>
   <div class='ocr_carea' id='block_1_72' title="bbox 2366 1398 3358 1472">
    <p class='ocr_par' dir='ltr' id='par_1_72' title="bbox 2366 1398 3358 1472">
     <span class='ocr_line' id='line_1_72' title="bbox 2366 1398 3358 1472; baseline -0.007 -11"><span class='ocrx_word' id='word_1_370' title='bbox 2366 1405 2614 1461; x_wconf 85' lang='lat' dir='ltr'><strong>Hostium</strong></span> <span class='ocrx_word' id='word_1_371' title='bbox 2641 1410 2868 1457; x_wconf 91' lang='lat' dir='ltr'><strong>cunctos</strong></span> <span class='ocrx_word' id='word_1_372' title='bbox 2897 1416 3160 1472; x_wconf 88' lang='lat' dir='ltr'><strong>superare</strong></span> <span class='ocrx_word' id='word_1_373' title='bbox 3185 1398 3358 1454; x_wconf 81' lang='lat' dir='ltr'><strong>fastus</strong></span> 
     </span>
    </p>
   </div>
   <div class='ocr_carea' id='block_1_73' title="bbox 2540 1496 3170 1560">
    <p class='ocr_par' dir='ltr' id='par_1_73' title="bbox 2540 1496 3170 1560">
     <span class='ocr_line' id='line_1_73' title="bbox 2540 1496 3170 1560; baseline -0.011 -7"><span class='ocrx_word' id='word_1_374' title='bbox 2540 1496 2616 1553; x_wconf 86' lang='lat' dir='ltr'><strong>Te</strong></span> <span class='ocrx_word' id='word_1_375' title='bbox 2637 1496 2973 1552; x_wconf 89' lang='lat' dir='ltr'><strong>dominante.</strong></span> <span class='ocrx_word' id='word_1_376' title='bbox 3167 1557 3170 1560; x_wconf 24' lang='lat'><strong>,</strong></span> 
     </span>
    </p>
   </div>
   <div class='ocr_carea' id='block_1_74' title="bbox 2415 1581 3205 1664">
    <p class='ocr_par' dir='ltr' id='par_1_74' title="bbox 2415 1581 3205 1664">
     <span class='ocr_line' id='line_1_74' title="bbox 2415 1581 3205 1664; baseline -0.01 -18"><span class='ocrx_word' id='word_1_377' title='bbox 2415 1661 2420 1664; x_wconf 33' lang='grc'><em>,</em></span> <span class='ocrx_word' id='word_1_378' title='bbox 2828 1584 2978 1643; x_wconf 80' lang='lat' dir='ltr'><strong>CAP.</strong></span> <span class='ocrx_word' id='word_1_379' title='bbox 3045 1581 3205 1640; x_wconf 81' lang='lat' dir='ltr'><strong>xvu.</strong></span> 
     </span>
    </p>
   </div>
   <div class='ocr_carea' id='block_1_75' title="bbox 2294 1663 3810 1747">
    <p class='ocr_par' dir='ltr' id='par_1_75' title="bbox 2294 1663 3810 1747">
     <span class='ocr_line' id='line_1_75' title="bbox 2294 1663 3810 1747; baseline -0.003 -14"><span class='ocrx_word' id='word_1_380' title='bbox 2294 1678 2397 1747; x_wconf 90' lang='lat' dir='ltr'><strong>Qui</strong></span> <span class='ocrx_word' id='word_1_381' title='bbox 2416 1678 2588 1734; x_wconf 88' lang='lat' dir='ltr'><strong>bonus</strong></span> <span class='ocrx_word' id='word_1_382' title='bbox 2607 1686 2691 1734; x_wconf 89' lang='lat' dir='ltr'><strong>est</strong></span> <span class='ocrx_word' id='word_1_383' title='bbox 2714 1677 2986 1747; x_wconf 87' lang='lat' dir='ltr'><strong>princeps,</strong></span> <span class='ocrx_word' id='word_1_384' title='bbox 3018 1673 3201 1730; x_wconf 87' lang='lat' dir='ltr'><strong>multis</strong></span> <span class='ocrx_word' id='word_1_385' title='bbox 3228 1663 3491 1736; x_wconf 55' lang='lat' dir='ltr'><strong>Virtutum</strong></span> <span class='ocrx_word' id='word_1_386' title='bbox 3515 1675 3810 1744; x_wconf 56' lang='lat' dir='ltr'><strong>paeoniis</strong></span> 
     </span>
    </p>
   </div>
   <div class='ocr_carea' id='block_1_76' title="bbox 2224 1755 3814 1836">
    <p class='ocr_par' dir='ltr' id='par_1_76' title="bbox 2224 1755 3814 1836">
     <span class='ocr_line' id='line_1_76' title="bbox 2224 1755 3814 1836; baseline -0.005 -8"><span class='ocrx_word' id='word_1_387' title='bbox 2224 1755 2537 1836; x_wconf 88' lang='lat' dir='ltr'><strong>adornatur,</strong></span> <span class='ocrx_word' id='word_1_388' title='bbox 2583 1768 2818 1824; x_wconf 78' lang='lat' dir='ltr'><strong>maxime</strong></span> <span class='ocrx_word' id='word_1_389' title='bbox 2866 1782 2996 1822; x_wconf 84' lang='lat' dir='ltr'><strong>vero</strong></span> <span class='ocrx_word' id='word_1_390' title='bbox 3021 1764 3329 1833; x_wconf 88' lang='lat' dir='ltr'><strong>clementia,</strong></span> <span class='ocrx_word' id='word_1_391' title='bbox 3376 1764 3814 1831; x_wconf 79' lang='lat' dir='ltr'><strong>mansuetudine,</strong></span> 
     </span>
    </p>
   </div>
   <div class='ocr_carea' id='block_1_77' title="bbox 2223 1855 3818 1933">
    <p class='ocr_par' dir='ltr' id='par_1_77' title="bbox 2223 1855 3818 1933">
     <span class='ocr_line' id='line_1_77' title="bbox 2223 1855 3818 1933; baseline -0.006 -14"><span class='ocrx_word' id='word_1_392' title='bbox 2223 1865 2417 1920; x_wconf 78' lang='lat' dir='ltr'><strong>animae</strong></span> <span class='ocrx_word' id='word_1_393' title='bbox 2455 1861 2862 1933; x_wconf 83' lang='lat' dir='ltr'><strong>tranquillitate,</strong></span> <span class='ocrx_word' id='word_1_394' title='bbox 2896 1873 3174 1928; x_wconf 85' lang='lat' dir='ltr'><strong>nunquam</strong></span> <span class='ocrx_word' id='word_1_395' title='bbox 3219 1855 3489 1926; x_wconf 87' lang='lat' dir='ltr'><strong>recipiens</strong></span> <span class='ocrx_word' id='word_1_396' title='bbox 3517 1863 3818 1926; x_wconf 79' lang='lat' dir='ltr'><strong>tempesta-</strong></span> 
     </span>
    </p>
   </div>
   <div class='ocr_carea' id='block_1_78' title="bbox 2149 1946 3818 2036">
    <p class='ocr_par' dir='ltr' id='par_1_78' title="bbox 2149 1946 3818 2036">
     <span class='ocr_line' id='line_1_78' title="bbox 2149 1946 3818 2036; baseline -0.009 -22"><span class='ocrx_word' id='word_1_397' title='bbox 2149 1975 2198 2036; x_wconf 77' lang='grc' dir='ltr'><strong>Β</strong></span> <span class='ocrx_word' id='word_1_398' title='bbox 2224 1966 2348 2023; x_wconf 89' lang='lat' dir='ltr'><strong>tem,</strong></span> <span class='ocrx_word' id='word_1_399' title='bbox 2382 1955 2478 2012; x_wconf 87' lang='lat' dir='ltr'><strong>sed</strong></span> <span class='ocrx_word' id='word_1_400' title='bbox 2500 1955 2650 2026; x_wconf 88' lang='lat' dir='ltr'><strong>pacis</strong></span> <span class='ocrx_word' id='word_1_401' title='bbox 2676 1951 3024 2008; x_wconf 86' lang='lat' dir='ltr'><strong>concordiam</strong></span> <span class='ocrx_word' id='word_1_402' title='bbox 3053 1963 3216 2018; x_wconf 91' lang='lat' dir='ltr'><strong>quam</strong></span> <span class='ocrx_word' id='word_1_403' title='bbox 3244 1946 3365 2002; x_wconf 90' lang='lat' dir='ltr'><strong>ﬁeri</strong></span> <span class='ocrx_word' id='word_1_404' title='bbox 3386 1954 3567 2019; x_wconf 78' lang='lat' dir='ltr'><strong>potest</strong></span> <span class='ocrx_word' id='word_1_405' title='bbox 3594 1961 3818 2018; x_wconf 87' lang='lat' dir='ltr'><strong>semper</strong></span> 
     </span>
    </p>
   </div>
   <div class='ocr_carea' id='block_1_79' title="bbox 2228 2045 3818 2125">
    <p class='ocr_par' dir='ltr' id='par_1_79' title="bbox 2228 2045 3818 2125">
     <span class='ocr_line' id='line_1_79' title="bbox 2228 2045 3818 2125; baseline -0.007 -15"><span class='ocrx_word' id='word_1_406' title='bbox 2228 2054 2688 2125; x_wconf 66' lang='lat' dir='ltr'><strong>amplexans,.non</strong></span> <span class='ocrx_word' id='word_1_407' title='bbox 2713 2049 2888 2106; x_wconf 91' lang='lat' dir='ltr'><strong>solum</strong></span> <span class='ocrx_word' id='word_1_408' title='bbox 2909 2063 3037 2119; x_wconf 87' lang='lat' dir='ltr'><strong>erga</strong></span> <span class='ocrx_word' id='word_1_409' title='bbox 3062 2062 3208 2114; x_wconf 86' lang='lat' dir='ltr'><strong>suos,</strong></span> <span class='ocrx_word' id='word_1_410' title='bbox 3231 2045 3326 2102; x_wconf 91' lang='lat' dir='ltr'><strong>sed</strong></span> <span class='ocrx_word' id='word_1_411' title='bbox 3350 2045 3516 2101; x_wconf 86' lang='lat' dir='ltr'><strong>etiam</strong></span> <span class='ocrx_word' id='word_1_412' title='bbox 3539 2045 3689 2101; x_wconf 81' lang='lat' dir='ltr'><strong>circa</strong></span> <span class='ocrx_word' id='word_1_413' title='bbox 3707 2045 3818 2100; x_wconf 87' lang='lat' dir='ltr'><strong>ini-</strong></span> 
     </span>
    </p>
   </div>
   <div class='ocr_carea' id='block_1_80' title="bbox 2227 2137 3820 2216">
    <p class='ocr_par' dir='ltr' id='par_1_80' title="bbox 2227 2137 3820 2216">
     <span class='ocr_line' id='line_1_80' title="bbox 2227 2137 3820 2216; baseline -0.007 -13"><span class='ocrx_word' id='word_1_414' title='bbox 2227 2147 2440 2213; x_wconf 85' lang='lat' dir='ltr'><strong>micos;</strong></span> <span class='ocrx_word' id='word_1_415' title='bbox 2488 2160 2624 2216; x_wconf 90' lang='lat' dir='ltr'><strong>quos</strong></span> <span class='ocrx_word' id='word_1_416' title='bbox 2680 2141 2927 2213; x_wconf 78' lang='lat' dir='ltr'><strong>exemplo</strong></span> <span class='ocrx_word' id='word_1_417' title='bbox 2964 2141 3239 2212; x_wconf 65' lang='lat' dir='ltr'><strong>patientiae</strong></span> <span class='ocrx_word' id='word_1_418' title='bbox 3287 2146 3450 2208; x_wconf 86' lang='lat' dir='ltr'><strong>atque</strong></span> <span class='ocrx_word' id='word_1_419' title='bbox 3505 2137 3820 2192; x_wconf 68' lang='lat' dir='ltr'><strong>clementia:</strong></span> 
     </span>
    </p>
   </div>
   <div class='ocr_carea' id='block_1_81' title="bbox 2225 2229 3820 2310">
    <p class='ocr_par' dir='ltr' id='par_1_81' title="bbox 2225 2229 3820 2310">
     <span class='ocr_line' id='line_1_81' title="bbox 2225 2229 3820 2310; baseline -0.008 -17"><span class='ocrx_word' id='word_1_420' title='bbox 2225 2239 2374 2310; x_wconf 87' lang='lat' dir='ltr'><strong>pium</strong></span> <span class='ocrx_word' id='word_1_421' title='bbox 2410 2245 2466 2298; x_wconf 76' lang='lat' dir='ltr'><strong>et</strong></span> <span class='ocrx_word' id='word_1_422' title='bbox 2495 2235 2898 2307; x_wconf 88' lang='lat' dir='ltr'><strong>magnanimum</strong></span> <span class='ocrx_word' id='word_1_423' title='bbox 2925 2240 3191 2288; x_wconf 89' lang='lat' dir='ltr'><strong>rectorem</strong></span> <span class='ocrx_word' id='word_1_424' title='bbox 3225 2229 3443 2286; x_wconf 76' lang='lat' dir='ltr'><strong>vincere</strong></span> <span class='ocrx_word' id='word_1_425' title='bbox 3468 2236 3707 2298; x_wconf 85' lang='lat' dir='ltr'><strong>oportet,</strong></span> <span class='ocrx_word' id='word_1_426' title='bbox 3735 2236 3820 2282; x_wconf 82' lang='lat' dir='ltr'><strong>te-</strong></span> 
     </span>
    </p>
   </div>
   <div class='ocr_carea' id='block_1_82' title="bbox 2227 2320 3819 2395">
    <p class='ocr_par' dir='ltr' id='par_1_82' title="bbox 2227 2320 3819 2395">
     <span class='ocr_line' id='line_1_82' title="bbox 2227 2320 3819 2395; baseline -0.007 -10"><span class='ocrx_word' id='word_1_427' title='bbox 2227 2338 2407 2386; x_wconf 86' lang='lat' dir='ltr'><strong>stante</strong></span> <span class='ocrx_word' id='word_1_428' title='bbox 2432 2327 2742 2392; x_wconf 89' lang='lat' dir='ltr'><strong>Psalmista,</strong></span> <span class='ocrx_word' id='word_1_429' title='bbox 2769 2326 2860 2395; x_wconf 89' lang='lat' dir='ltr'><strong>qui</strong></span> <span class='ocrx_word' id='word_1_430' title='bbox 2889 2325 2995 2379; x_wconf 86' lang='lat' dir='ltr'><strong>ait:</strong></span> <span class='ocrx_word' id='word_1_431' title='bbox 3021 2321 3154 2378; x_wconf 87' lang='lat' dir='ltr'><strong>Cum</strong></span> <span class='ocrx_word' id='word_1_432' title='bbox 3174 2322 3256 2378; x_wconf 75' lang='lat' dir='ltr'><strong>his</strong></span> <span class='ocrx_word' id='word_1_433' title='bbox 3274 2321 3364 2393; x_wconf 75' lang='lat' dir='ltr'><strong>qui</strong></span> <span class='ocrx_word' id='word_1_434' title='bbox 3387 2320 3609 2374; x_wconf 72' lang='lat' dir='ltr'><strong>oderunt</strong></span> <span class='ocrx_word' id='word_1_435' title='bbox 3632 2335 3819 2391; x_wconf 62' lang='lat' dir='ltr'><strong>pacet:</strong></span> 
     </span>
    </p>
   </div>
   <div class='ocr_carea' id='block_1_83' title="bbox 2227 2410 3821 2491">
    <p class='ocr_par' dir='ltr' id='par_1_83' title="bbox 2227 2410 3821 2491">
     <span class='ocr_line' id='line_1_83' title="bbox 2227 2410 3821 2491; baseline -0.008 -13"><span class='ocrx_word' id='word_1_436' title='bbox 2227 2438 2372 2478; x_wconf 87' lang='lat' dir='ltr'><strong>eram</strong></span> <span class='ocrx_word' id='word_1_437' title='bbox 2429 2420 2679 2490; x_wconf 80' lang='lat' dir='ltr'><strong>paciﬁcus</strong></span> <span class='ocrx_word' id='word_1_438' title='bbox 2720 2416 2892 2491; x_wconf 78' lang='lat' dir='ltr'><strong>(Psel.</strong></span> <span class='ocrx_word' id='word_1_439' title='bbox 2939 2429 3089 2481; x_wconf 69' lang='grc' dir='ltr'><strong>ειυς,</strong></span> <span class='ocrx_word' id='word_1_440' title='bbox 3130 2414 3206 2486; x_wconf 87' lang='lat'><strong>7).</strong></span> <span class='ocrx_word' id='word_1_441' title='bbox 3233 2413 3477 2469; x_wconf 87' lang='lat' dir='ltr'><strong>Prudens</strong></span> <span class='ocrx_word' id='word_1_442' title='bbox 3523 2411 3691 2484; x_wconf 89' lang='lat' dir='ltr'><strong>igitur</strong></span> <span class='ocrx_word' id='word_1_443' title='bbox 3719 2410 3821 2466; x_wconf 90' lang='lat' dir='ltr'><strong>do-</strong></span> 
     </span>
    </p>
   </div>
   <div class='ocr_carea' id='block_1_84' title="bbox 2229 2505 3820 2582">
    <p class='ocr_par' dir='ltr' id='par_1_84' title="bbox 2229 2505 3820 2582">
     <span class='ocr_line' id='line_1_84' title="bbox 2229 2505 3820 2582; baseline -0.009 -13"><span class='ocrx_word' id='word_1_444' title='bbox 2229 2515 2464 2569; x_wconf 91' lang='lat' dir='ltr'><strong>minator</strong></span> <span class='ocrx_word' id='word_1_445' title='bbox 2499 2526 2597 2582; x_wconf 92' lang='lat' dir='ltr'><strong>per</strong></span> <span class='ocrx_word' id='word_1_446' title='bbox 2624 2511 2775 2581; x_wconf 91' lang='lat' dir='ltr'><strong>pacis</strong></span> <span class='ocrx_word' id='word_1_447' title='bbox 2821 2507 3215 2580; x_wconf 82' lang='lat' dir='ltr'><strong>connexionem</strong></span> <span class='ocrx_word' id='word_1_448' title='bbox 3242 2505 3424 2560; x_wconf 88' lang='lat' dir='ltr'><strong>studet</strong></span> <span class='ocrx_word' id='word_1_449' title='bbox 3450 2517 3669 2573; x_wconf 90' lang='lat' dir='ltr'><strong>semper</strong></span> <span class='ocrx_word' id='word_1_450' title='bbox 3693 2515 3820 2555; x_wconf 86' lang='lat' dir='ltr'><strong>am-</strong></span> 
     </span>
    </p>
   </div>
   <div class='ocr_carea' id='block_1_85' title="bbox 2228 2591 3821 2677">
    <p class='ocr_par' dir='ltr' id='par_1_85' title="bbox 2228 2591 3821 2677">
     <span class='ocr_line' id='line_1_85' title="bbox 2228 2591 3821 2677; baseline -0.009 -16"><span class='ocrx_word' id='word_1_451' title='bbox 2228 2606 2491 2677; x_wconf 89' lang='lat' dir='ltr'><strong>pliﬁcare,</strong></span> <span class='ocrx_word' id='word_1_452' title='bbox 2521 2604 2776 2659; x_wconf 90' lang='lat' dir='ltr'><strong>ordinare</strong></span> <span class='ocrx_word' id='word_1_453' title='bbox 2804 2609 2966 2674; x_wconf 88' lang='lat' dir='ltr'><strong>atque</strong></span> <span class='ocrx_word' id='word_1_454' title='bbox 3002 2591 3310 2672; x_wconf 79' lang='lat' dir='ltr'><strong>gubernare</strong></span> <span class='ocrx_word' id='word_1_455' title='bbox 3339 2595 3660 2666; x_wconf 89' lang='lat' dir='ltr'><strong>imperium;</strong></span> <span class='ocrx_word' id='word_1_456' title='bbox 3693 2609 3821 2649; x_wconf 87' lang='lat' dir='ltr'><strong>cum</strong></span> 
     </span>
    </p>
   </div>
   <div class='ocr_carea' id='block_1_86' title="bbox 2228 2687 3852 2770">
    <p class='ocr_par' dir='ltr' id='par_1_86' title="bbox 2228 2687 3852 2770">
     <span class='ocr_line' id='line_1_86' title="bbox 2228 2687 3852 2770; baseline -0.009 -17"><span class='ocrx_word' id='word_1_457' title='bbox 2228 2713 2334 2770; x_wconf 83' lang='lat' dir='ltr'><strong>pax</strong></span> <span class='ocrx_word' id='word_1_458' title='bbox 2374 2697 2446 2752; x_wconf 89' lang='lat' dir='ltr'><strong>sit</strong></span> <span class='ocrx_word' id='word_1_459' title='bbox 2471 2698 2712 2751; x_wconf 90' lang='lat' dir='ltr'><strong>omnium</strong></span> <span class='ocrx_word' id='word_1_460' title='bbox 2755 2708 2938 2748; x_wconf 87' lang='lat' dir='ltr'><strong>rerum</strong></span> <span class='ocrx_word' id='word_1_461' title='bbox 2969 2689 3336 2762; x_wconf 76' lang='lat' dir='ltr'><strong>tranquillitas</strong></span> <span class='ocrx_word' id='word_1_462' title='bbox 3365 2687 3572 2743; x_wconf 91' lang='lat' dir='ltr'><strong>ordinis</strong></span> <span class='ocrx_word' id='word_1_463' title='bbox 3613 2697 3668 2742; x_wconf 92' lang='lat' dir='ltr'><strong>et</strong></span> <span class='ocrx_word' id='word_1_464' title='bbox 3694 2702 3852 2747; x_wconf 48' lang='lat' dir='ltr'><strong>cons</strong></span> 
     </span>
    </p>
   </div>
   <div class='ocr_carea' id='block_1_87' title="bbox 2229 2775 3824 2855">
    <p class='ocr_par' dir='ltr' id='par_1_87' title="bbox 2229 2775 3824 2855">
     <span class='ocr_line' id='line_1_87' title="bbox 2229 2775 3824 2855; baseline -0.011 -10"><span class='ocrx_word' id='word_1_465' title='bbox 2229 2789 2391 2845; x_wconf 83' lang='lat' dir='ltr'><strong>nexio</strong></span> <span class='ocrx_word' id='word_1_466' title='bbox 2419 2796 2474 2843; x_wconf 91' lang='lat' dir='ltr'><strong>et</strong></span> <span class='ocrx_word' id='word_1_467' title='bbox 2502 2787 2897 2842; x_wconf 90' lang='lat' dir='ltr'><strong>incrementum</strong></span> <span class='ocrx_word' id='word_1_468' title='bbox 2920 2783 3082 2854; x_wconf 66' lang='lat' dir='ltr'><strong>regia:</strong></span> <span class='ocrx_word' id='word_1_469' title='bbox 3107 2780 3412 2855; x_wconf 88' lang='lat' dir='ltr'><strong>potestatis.</strong></span> <span class='ocrx_word' id='word_1_470' title='bbox 3439 2776 3511 2834; x_wconf 93' lang='lat' dir='ltr'><strong>Ut</strong></span> <span class='ocrx_word' id='word_1_471' title='bbox 3535 2777 3682 2831; x_wconf 89' lang='lat' dir='ltr'><strong>enim</strong></span> <span class='ocrx_word' id='word_1_472' title='bbox 3706 2775 3824 2830; x_wconf 80' lang='lat' dir='ltr'><strong>dis-</strong></span> 
     </span>
    </p>
   </div>
   <div class='ocr_carea' id='block_1_88' title="bbox 2230 2867 3823 2941">
    <p class='ocr_par' dir='ltr' id='par_1_88' title="bbox 2230 2867 3823 2941">
     <span class='ocr_line' id='line_1_88' title="bbox 2230 2867 3823 2941; baseline -0.011 -3"><span class='ocrx_word' id='word_1_473' title='bbox 2230 2881 2415 2939; x_wconf 88' lang='lat' dir='ltr'><strong>cordia</strong></span> <span class='ocrx_word' id='word_1_474' title='bbox 2470 2880 2721 2935; x_wconf 66' lang='lat' dir='ltr'><strong>maximae</strong></span> <span class='ocrx_word' id='word_1_475' title='bbox 2768 2892 2858 2932; x_wconf 88' lang='lat' dir='ltr'><strong>res</strong></span> <span class='ocrx_word' id='word_1_476' title='bbox 2900 2869 3178 2941; x_wconf 88' lang='lat' dir='ltr'><strong>labuntur,</strong></span> <span class='ocrx_word' id='word_1_477' title='bbox 3218 2875 3296 2927; x_wconf 84' lang='lat' dir='ltr'><strong>ita</strong></span> <span class='ocrx_word' id='word_1_478' title='bbox 3326 2870 3618 2927; x_wconf 84' lang='lat' dir='ltr'><strong>concordia</strong></span> <span class='ocrx_word' id='word_1_479' title='bbox 3664 2867 3823 2940; x_wconf 85' lang='lat' dir='ltr'><strong>pacis</strong></span> 
     </span>
    </p>
   </div>
   <div class='ocr_carea' id='block_1_89' title="bbox 2231 2959 3824 3034">
    <p class='ocr_par' dir='ltr' id='par_1_89' title="bbox 2231 2959 3824 3034">
     <span class='ocr_line' id='line_1_89' title="bbox 2231 2959 3824 3034; baseline -0.008 -5"><span class='ocrx_word' id='word_1_480' title='bbox 2231 2974 2398 3029; x_wconf 86' lang='lat' dir='ltr'><strong>etiam</strong></span> <span class='ocrx_word' id='word_1_481' title='bbox 2424 2971 2648 3027; x_wconf 85' lang='lat' dir='ltr'><strong>minima</strong></span> <span class='ocrx_word' id='word_1_482' title='bbox 2674 2977 2945 3026; x_wconf 86' lang='lat' dir='ltr'><strong>crescunt.</strong></span> <span class='ocrx_word' id='word_1_483' title='bbox 2980 2967 3134 3024; x_wconf 89' lang='lat' dir='ltr'><strong>Unde</strong></span> <span class='ocrx_word' id='word_1_484' title='bbox 3157 2965 3348 3020; x_wconf 86' lang='lat' dir='ltr'><strong>Publio</strong></span> <span class='ocrx_word' id='word_1_485' title='bbox 3375 2962 3632 3034; x_wconf 81' lang='lat' dir='ltr'><strong>Scipione</strong></span> <span class='ocrx_word' id='word_1_486' title='bbox 3658 2959 3824 3016; x_wconf 84' lang='lat' dir='ltr'><strong>inter-</strong></span> 
     </span>
    </p>
   </div>
   <div class='ocr_carea' id='block_1_90' title="bbox 2173 3053 3822 3136">
    <p class='ocr_par' dir='ltr' id='par_1_90' title="bbox 2173 3053 3822 3136">
     <span class='ocr_line' id='line_1_90' title="bbox 2173 3053 3822 3136; baseline -0.009 -14"><span class='ocrx_word' id='word_1_487' title='bbox 2173 3125 2178 3128; x_wconf 95' lang='lat'><em>_</em></span> <span class='ocrx_word' id='word_1_488' title='bbox 2231 3073 2478 3136; x_wconf 86' lang='lat' dir='ltr'><strong>rogante,</strong></span> <span class='ocrx_word' id='word_1_489' title='bbox 2532 3078 2639 3133; x_wconf 89' lang='lat' dir='ltr'><strong>qua</strong></span> <span class='ocrx_word' id='word_1_490' title='bbox 2668 3077 2770 3133; x_wconf 89' lang='lat' dir='ltr'><strong>ope</strong></span> <span class='ocrx_word' id='word_1_491' title='bbox 2799 3075 2887 3117; x_wconf 86' lang='lat' dir='ltr'><strong>res</strong></span> <span class='ocrx_word' id='word_1_492' title='bbox 2929 3059 3149 3130; x_wconf 79' lang='lat' dir='ltr'><strong>publica</strong></span> <span class='ocrx_word' id='word_1_493' title='bbox 3197 3056 3500 3112; x_wconf 77' lang='lat' dir='ltr'><strong>Numantiae</strong></span> <span class='ocrx_word' id='word_1_494' title='bbox 3527 3054 3686 3126; x_wconf 89' lang='lat' dir='ltr'><strong>prius</strong></span> <span class='ocrx_word' id='word_1_495' title='bbox 3733 3053 3822 3107; x_wconf 80' lang='lat' dir='ltr'><strong>in-</strong></span> 
     </span>
    </p>
   </div>
   <div class='ocr_carea' id='block_1_91' title="bbox 2231 3146 3823 3222">
    <p class='ocr_par' dir='ltr' id='par_1_91' title="bbox 2231 3146 3823 3222">
     <span class='ocr_line' id='line_1_91' title="bbox 2231 3146 3823 3222; baseline -0.007 -11"><span class='ocrx_word' id='word_1_496' title='bbox 2231 3156 2376 3212; x_wconf 92' lang='lat' dir='ltr'><strong>victa</strong></span> <span class='ocrx_word' id='word_1_497' title='bbox 2421 3155 2700 3220; x_wconf 90' lang='lat' dir='ltr'><strong>durasset,</strong></span> <span class='ocrx_word' id='word_1_498' title='bbox 2752 3161 2845 3217; x_wconf 82' lang='lat' dir='ltr'><strong>aut</strong></span> <span class='ocrx_word' id='word_1_499' title='bbox 2889 3159 3016 3222; x_wconf 89' lang='lat' dir='ltr'><strong>post</strong></span> <span class='ocrx_word' id='word_1_500' title='bbox 3061 3150 3253 3214; x_wconf 82' lang='lat' dir='ltr'><strong>fuisset</strong></span> <span class='ocrx_word' id='word_1_501' title='bbox 3304 3162 3493 3203; x_wconf 85' lang='lat' dir='ltr'><strong>eversa</strong></span> <span class='ocrx_word' id='word_1_502' title='bbox 3514 3187 3530 3213; x_wconf 91' lang='lat'><strong>,</strong></span> <span class='ocrx_word' id='word_1_503' title='bbox 3584 3146 3823 3217; x_wconf 80' lang='lat' dir='ltr'><strong>Tyrseus</strong></span> 
     </span>
    </p>
   </div>
   <div class='ocr_carea' id='block_1_92' title="bbox 2233 3235 3820 3316">
    <p class='ocr_par' dir='ltr' id='par_1_92' title="bbox 2233 3235 3820 3316">
     <span class='ocr_line' id='line_1_92' title="bbox 2233 3235 3820 3316; baseline -0.007 -16"><span class='ocrx_word' id='word_1_504' title='bbox 2233 3245 2454 3316; x_wconf 89' lang='lat' dir='ltr'><strong>quidam</strong></span> <span class='ocrx_word' id='word_1_505' title='bbox 2475 3243 2834 3299; x_wconf 86' lang='lat' dir='ltr'><strong>Numantinus</strong></span> <span class='ocrx_word' id='word_1_506' title='bbox 2875 3240 3153 3312; x_wconf 87' lang='lat' dir='ltr'><strong>respondit</strong></span> <span class='ocrx_word' id='word_1_507' title='bbox 3178 3257 3205 3310; x_wconf 88' lang='lat'><strong>:_</strong></span> <span class='ocrx_word' id='word_1_508' title='bbox 3223 3237 3542 3307; x_wconf 81' lang='lat' dir='ltr'><strong>Concordia,</strong></span> <span class='ocrx_word' id='word_1_509' title='bbox 3576 3235 3820 3302; x_wconf 81' lang='lat' dir='ltr'><strong>invicta;</strong></span> 
     </span>
    </p>
   </div>
   <div class='ocr_carea' id='block_1_93' title="bbox 2151 3301 3825 3403">
    <p class='ocr_par' dir='ltr' id='par_1_93' title="bbox 2151 3301 3825 3403">
     <span class='ocr_line' id='line_1_93' title="bbox 2151 3301 3825 3403; baseline -0.008 -8"><span class='ocrx_word' id='word_1_510' title='bbox 2151 3301 2203 3401; x_wconf 62' lang='grc' dir='ltr'>ὃ</span> <span class='ocrx_word' id='word_1_511' title='bbox 2235 3301 2521 3402; x_wconf 73' lang='lat' dir='ltr'><strong>discordia,</strong></span> <span class='ocrx_word' id='word_1_512' title='bbox 2549 3334 2716 3390; x_wconf 80' lang='lat' dir='ltr'><strong>exitio</strong></span> <span class='ocrx_word' id='word_1_513' title='bbox 2738 3332 2858 3388; x_wconf 89' lang='lat' dir='ltr'><strong>fuit.</strong></span> <span class='ocrx_word' id='word_1_514' title='bbox 2889 3301 3169 3403; x_wconf 77' lang='lat' dir='ltr'><strong>Siquidem</strong></span> <span class='ocrx_word' id='word_1_515' title='bbox 3190 3301 3482 3385; x_wconf 83' lang='lat' dir='ltr'><strong>Numantia</strong></span> <span class='ocrx_word' id='word_1_516' title='bbox 3505 3301 3705 3382; x_wconf 84' lang='lat' dir='ltr'><strong>civitas</strong></span> <span class='ocrx_word' id='word_1_517' title='bbox 3724 3341 3825 3397; x_wconf 84' lang='lat' dir='ltr'><strong>per</strong></span> 
     </span>
    </p>
   </div>
   <div class='ocr_carea' id='block_1_94' title="bbox 2234 3419 3824 3497">
    <p class='ocr_par' dir='ltr' id='par_1_94' title="bbox 2234 3419 3824 3497">
     <span class='ocr_line' id='line_1_94' title="bbox 2234 3419 3824 3497; baseline -0.008 -11"><span class='ocrx_word' id='word_1_518' title='bbox 2234 3445 2406 3486; x_wconf 90' lang='lat' dir='ltr'><strong>annos</strong></span> <span class='ocrx_word' id='word_1_519' title='bbox 2433 3444 2551 3497; x_wconf 82' lang='lat' dir='ltr'><strong>xrv,</strong></span> <span class='ocrx_word' id='word_1_520' title='bbox 2582 3428 2710 3484; x_wconf 89' lang='lat' dir='ltr'><strong>solis</strong></span> <span class='ocrx_word' id='word_1_521' title='bbox 2739 3443 2792 3482; x_wconf 83' lang='lat' dir='ltr'><strong>iV</strong></span> <span class='ocrx_word' id='word_1_522' title='bbox 2836 3425 3074 3482; x_wconf 89' lang='lat' dir='ltr'><strong>millibus</strong></span> <span class='ocrx_word' id='word_1_523' title='bbox 3104 3438 3347 3490; x_wconf 81' lang='lat' dir='ltr'><strong>suorum,</strong></span> <span class='ocrx_word' id='word_1_524' title='bbox 3394 3436 3462 3478; x_wconf 71' lang='grc' dir='ltr'><strong>ιι.</strong></span> <span class='ocrx_word' id='word_1_525' title='bbox 3493 3420 3664 3476; x_wconf 91' lang='lat' dir='ltr'><strong>millia</strong></span> <span class='ocrx_word' id='word_1_526' title='bbox 3715 3419 3824 3474; x_wconf 80' lang='lat' dir='ltr'><strong>Ro-</strong></span> 
     </span>
    </p>
   </div>
   <div class='ocr_carea' id='block_1_95' title="bbox 2232 3502 3825 3584">
    <p class='ocr_par' dir='ltr' id='par_1_95' title="bbox 2232 3502 3825 3584">
     <span class='ocr_line' id='line_1_95' title="bbox 2232 3502 3825 3584; baseline -0.008 -5"><span class='ocrx_word' id='word_1_527' title='bbox 2232 3537 2518 3580; x_wconf 90' lang='lat' dir='ltr'><strong>manorum</strong></span> <span class='ocrx_word' id='word_1_528' title='bbox 2543 3536 2649 3576; x_wconf 91' lang='lat' dir='ltr'><strong>non</strong></span> <span class='ocrx_word' id='word_1_529' title='bbox 2677 3519 2849 3575; x_wconf 88' lang='lat' dir='ltr'><strong>solum</strong></span> <span class='ocrx_word' id='word_1_530' title='bbox 2871 3517 3152 3584; x_wconf 80' lang='lat' dir='ltr'><strong>sustinuit,</strong></span> <span class='ocrx_word' id='word_1_531' title='bbox 3183 3515 3279 3572; x_wconf 86' lang='lat' dir='ltr'><strong>sed</strong></span> <span class='ocrx_word' id='word_1_532' title='bbox 3299 3502 3466 3570; x_wconf 85' lang='lat' dir='ltr'><strong>etiam</strong></span> <span class='ocrx_word' id='word_1_533' title='bbox 3495 3514 3651 3568; x_wconf 86' lang='lat' dir='ltr'><strong>vicit.</strong></span> <span class='ocrx_word' id='word_1_534' title='bbox 3681 3511 3825 3568; x_wconf 82' lang='lat' dir='ltr'><strong>Con-</strong></span> 
     </span>
    </p>
   </div>
   <div class='ocr_carea' id='block_1_96' title="bbox 2232 3605 3819 3682">
    <p class='ocr_par' dir='ltr' id='par_1_96' title="bbox 2232 3605 3819 3682">
     <span class='ocr_line' id='line_1_96' title="bbox 2232 3605 3819 3682; baseline -0.008 -11"><span class='ocrx_word' id='word_1_535' title='bbox 2232 3614 2419 3672; x_wconf 88' lang='lat' dir='ltr'><strong>cordia</strong></span> <span class='ocrx_word' id='word_1_536' title='bbox 2455 3613 2820 3669; x_wconf 90' lang='lat' dir='ltr'><strong>dissensiones</strong></span> <span class='ocrx_word' id='word_1_537' title='bbox 2854 3609 3124 3682; x_wconf 84' lang='lat' dir='ltr'><strong>reprimit,</strong></span> <span class='ocrx_word' id='word_1_538' title='bbox 3172 3622 3365 3679; x_wconf 87' lang='lat' dir='ltr'><strong>aspera</strong></span> <span class='ocrx_word' id='word_1_539' title='bbox 3411 3605 3483 3662; x_wconf 86' lang='lat' dir='ltr'><strong>ad</strong></span> <span class='ocrx_word' id='word_1_540' title='bbox 3517 3605 3819 3671; x_wconf 87' lang='lat' dir='ltr'><strong>lenitatem,</strong></span> 
     </span>
    </p>
   </div>
   <div class='ocr_carea' id='block_1_97' title="bbox 2235 3697 3824 3779">
    <p class='ocr_par' dir='ltr' id='par_1_97' title="bbox 2235 3697 3824 3779">
     <span class='ocr_line' id='line_1_97' title="bbox 2235 3697 3824 3779; baseline -0.011 -13"><span class='ocrx_word' id='word_1_541' title='bbox 2235 3709 2464 3766; x_wconf 91' lang='lat' dir='ltr'><strong>adversa</strong></span> <span class='ocrx_word' id='word_1_542' title='bbox 2500 3710 2555 3764; x_wconf 91' lang='lat' dir='ltr'><strong>in</strong></span> <span class='ocrx_word' id='word_1_543' title='bbox 2604 3707 3046 3779; x_wconf 81' lang='lat' dir='ltr'><strong>prosperitatem,</strong></span> <span class='ocrx_word' id='word_1_544' title='bbox 3087 3700 3402 3759; x_wconf 85' lang='lat' dir='ltr'><strong>inimicitias</strong></span> <span class='ocrx_word' id='word_1_545' title='bbox 3450 3698 3520 3754; x_wconf 91' lang='lat' dir='ltr'><strong>ad</strong></span> <span class='ocrx_word' id='word_1_546' title='bbox 3553 3697 3824 3752; x_wconf 87' lang='lat' dir='ltr'><strong>amicitia-</strong></span> 
     </span>
    </p>
   </div>
   <div class='ocr_carea' id='block_1_98' title="bbox 2234 3790 3822 3870">
    <p class='ocr_par' dir='ltr' id='par_1_98' title="bbox 2234 3790 3822 3870">
     <span class='ocr_line' id='line_1_98' title="bbox 2234 3790 3822 3870; baseline -0.011 -11"><span class='ocrx_word' id='word_1_547' title='bbox 2234 3818 2358 3860; x_wconf 89' lang='lat' dir='ltr'><strong>rum</strong></span> <span class='ocrx_word' id='word_1_548' title='bbox 2387 3799 2837 3870; x_wconf 82' lang='lat' dir='ltr'><strong>tranquillitatem</strong></span> <span class='ocrx_word' id='word_1_549' title='bbox 2858 3796 3102 3862; x_wconf 80' lang='lat' dir='ltr'><strong>reducit;</strong></span> <span class='ocrx_word' id='word_1_550' title='bbox 3132 3791 3382 3849; x_wconf 83' lang='lat' dir='ltr'><strong>amabilis</strong></span> <span class='ocrx_word' id='word_1_551' title='bbox 3411 3792 3556 3847; x_wconf 86' lang='lat' dir='ltr'><strong>i&#39;nter</strong></span> <span class='ocrx_word' id='word_1_552' title='bbox 3593 3790 3822 3854; x_wconf 87' lang='lat' dir='ltr'><strong>amicos,</strong></span> 
     </span>
    </p>
   </div>
   <div class='ocr_carea' id='block_1_99' title="bbox 2235 3879 3824 3964">
    <p class='ocr_par' dir='ltr' id='par_1_99' title="bbox 2235 3879 3824 3964">
     <span class='ocr_line' id='line_1_99' title="bbox 2235 3879 3824 3964; baseline -0.011 -15"><span class='ocrx_word' id='word_1_553' title='bbox 2235 3891 2671 3964; x_wconf 79' lang='lat' dir='ltr'><strong>inexpugnabilis</strong></span> <span class='ocrx_word' id='word_1_554' title='bbox 2694 3885 3130 3954; x_wconf 73' lang='lat' dir='ltr'><strong>abadversariis,</strong></span> <span class='ocrx_word' id='word_1_555' title='bbox 3159 3881 3535 3942; x_wconf 83' lang='lat' dir='ltr'><strong>desiderabilis</strong></span> <span class='ocrx_word' id='word_1_556' title='bbox 3562 3881 3733 3936; x_wconf 88' lang='lat' dir='ltr'><strong>etiam</strong></span> <span class='ocrx_word' id='word_1_557' title='bbox 3753 3879 3824 3934; x_wconf 85' lang='lat' dir='ltr'><strong>ab</strong></span> 
     </span>
    </p>
   </div>
   <div class='ocr_carea' id='block_1_100' title="bbox 2235 3970 3818 4044">
    <p class='ocr_par' dir='ltr' id='par_1_100' title="bbox 2235 3970 3818 4044">
     <span class='ocr_line' id='line_1_100' title="bbox 2235 3970 3818 4044; baseline -0.011 -4"><span class='ocrx_word' id='word_1_558' title='bbox 2235 3984 2488 4041; x_wconf 89' lang='lat' dir='ltr'><strong>inimicis.</strong></span> <span class='ocrx_word' id='word_1_559' title='bbox 2542 3982 2668 4038; x_wconf 82' lang='lat' dir='ltr'><strong>Haec</strong></span> <span class='ocrx_word' id='word_1_560' title='bbox 2701 3995 2896 4038; x_wconf 87' lang='lat' dir='ltr'><strong>serena</strong></span> <span class='ocrx_word' id='word_1_561' title='bbox 2931 3987 3017 4036; x_wconf 86' lang='lat' dir='ltr'><strong>est</strong></span> <span class='ocrx_word' id='word_1_562' title='bbox 3053 3977 3221 4044; x_wconf 74' lang='lat' dir='ltr'><strong>domi,</strong></span> <span class='ocrx_word' id='word_1_563' title='bbox 3270 3972 3467 4031; x_wconf 76' lang='lat' dir='ltr'><strong>victrix</strong></span> <span class='ocrx_word' id='word_1_564' title='bbox 3496 3973 3554 4027; x_wconf 91' lang='lat' dir='ltr'><strong>in</strong></span> <span class='ocrx_word' id='word_1_565' title='bbox 3601 3970 3818 4043; x_wconf 72' lang='lat' dir='ltr'><strong>praelio;</strong></span> 
     </span>
    </p>
   </div>
   <div class='ocr_carea' id='block_1_101' title="bbox 2235 4065 3823 4146">
    <p class='ocr_par' dir='ltr' id='par_1_101' title="bbox 2235 4065 3823 4146">
     <span class='ocr_line' id='line_1_101' title="bbox 2235 4065 3823 4146; baseline -0.01 -13"><span class='ocrx_word' id='word_1_566' title='bbox 2235 4078 2363 4134; x_wconf 91' lang='lat' dir='ltr'><strong>licet</strong></span> <span class='ocrx_word' id='word_1_567' title='bbox 2390 4091 2562 4146; x_wconf 90' lang='lat' dir='ltr'><strong>neque</strong></span> <span class='ocrx_word' id='word_1_568' title='bbox 2586 4074 2742 4132; x_wconf 89' lang='lat' dir='ltr'><strong>bellis</strong></span> <span class='ocrx_word' id='word_1_569' title='bbox 2768 4073 2899 4130; x_wconf 89' lang='lat' dir='ltr'><strong>velit</strong></span> <span class='ocrx_word' id='word_1_570' title='bbox 2928 4086 3050 4128; x_wconf 85' lang='lat' dir='ltr'><strong>esse</strong></span> <span class='ocrx_word' id='word_1_571' title='bbox 3077 4070 3378 4145; x_wconf 77' lang='lat' dir='ltr'><strong>implicata,</strong></span> <span class='ocrx_word' id='word_1_572' title='bbox 3405 4065 3513 4122; x_wconf 89' lang='lat' dir='ltr'><strong>nisi</strong></span> <span class='ocrx_word' id='word_1_573' title='bbox 3537 4079 3665 4122; x_wconf 89' lang='lat' dir='ltr'><strong>cum</strong></span> <span class='ocrx_word' id='word_1_574' title='bbox 3694 4077 3823 4135; x_wconf 84' lang='lat' dir='ltr'><strong>per-</strong></span> 
     </span>
    </p>
   </div>
   <div class='ocr_carea' id='block_1_102' title="bbox 2235 4163 3425 4235">
    <p class='ocr_par' dir='ltr' id='par_1_102' title="bbox 2235 4163 3425 4235">
     <span class='ocr_line' id='line_1_102' title="bbox 2235 4163 3425 4235; baseline -0.009 -10"><span class='ocrx_word' id='word_1_575' title='bbox 2235 4168 2542 4225; x_wconf 86' lang='lat' dir='ltr'><strong>necessaria</strong></span> <span class='ocrx_word' id='word_1_576' title='bbox 2563 4175 2620 4222; x_wconf 89' lang='lat' dir='ltr'><strong>et</strong></span> <span class='ocrx_word' id='word_1_577' title='bbox 2637 4164 2942 4235; x_wconf 87' lang='lat' dir='ltr'><strong>justissima</strong></span> <span class='ocrx_word' id='word_1_578' title='bbox 2970 4163 3214 4234; x_wconf 76' lang='lat' dir='ltr'><strong>exegerit</strong></span> <span class='ocrx_word' id='word_1_579' title='bbox 3238 4173 3425 4216; x_wconf 87' lang='lat' dir='ltr'><strong>causa.</strong></span> 
     </span>
    </p>
   </div>
   <div class='ocr_carea' id='block_1_103' title="bbox 2310 4246 3823 4329">
    <p class='ocr_par' dir='ltr' id='par_1_103' title="bbox 2310 4246 3823 4329">
     <span class='ocr_line' id='line_1_103' title="bbox 2310 4246 3823 4329; baseline -0.011 -11"><span class='ocrx_word' id='word_1_580' title='bbox 2310 4262 2419 4318; x_wconf 88' lang='lat' dir='ltr'><strong>Sed</strong></span> <span class='ocrx_word' id='word_1_581' title='bbox 2447 4270 2573 4317; x_wconf 90' lang='lat' dir='ltr'><strong>sunt</strong></span> <span class='ocrx_word' id='word_1_582' title='bbox 2606 4258 2848 4317; x_wconf 90' lang='lat' dir='ltr'><strong>nonnulli</strong></span> <span class='ocrx_word' id='word_1_583' title='bbox 2876 4259 2970 4329; x_wconf 90' lang='lat' dir='ltr'><strong>qui</strong></span> <span class='ocrx_word' id='word_1_584' title='bbox 2997 4265 3255 4313; x_wconf 83' lang='lat' dir='ltr'><strong>successu</strong></span> <span class='ocrx_word' id='word_1_585' title='bbox 3284 4261 3516 4309; x_wconf 82' lang='lat' dir='ltr'><strong>terrenae</strong></span> <span class='ocrx_word' id='word_1_586' title='bbox 3536 4246 3823 4305; x_wconf 89' lang='lat' dir='ltr'><strong>felicitatis</strong></span> 
     </span>
    </p>
   </div>
   <div class='ocr_carea' id='block_1_104' title="bbox 2237 4342 3820 4423">
    <p class='ocr_par' dir='ltr' id='par_1_104' title="bbox 2237 4342 3820 4423">
     <span class='ocr_line' id='line_1_104' title="bbox 2237 4342 3820 4423; baseline -0.011 -12"><span class='ocrx_word' id='word_1_587' title='bbox 2237 4363 2293 4411; x_wconf 91' lang='lat' dir='ltr'><strong>et</strong></span> <span class='ocrx_word' id='word_1_588' title='bbox 2323 4363 2533 4410; x_wconf 89' lang='lat' dir='ltr'><strong>tumore</strong></span> <span class='ocrx_word' id='word_1_589' title='bbox 2569 4351 2835 4423; x_wconf 68' lang='lat' dir='ltr'><strong>superbiae</strong></span> <span class='ocrx_word' id='word_1_590' title='bbox 2864 4350 2919 4404; x_wconf 90' lang='lat' dir='ltr'><strong>in</strong></span> <span class='ocrx_word' id='word_1_591' title='bbox 2941 4357 3154 4404; x_wconf 84' lang='lat' dir='ltr'><strong>tantum</strong></span> <span class='ocrx_word' id='word_1_592' title='bbox 3188 4345 3430 4402; x_wconf 78' lang='lat' dir='ltr'><strong>existunt</strong></span> <span class='ocrx_word' id='word_1_593' title='bbox 3453 4342 3606 4409; x_wconf 89' lang='lat' dir='ltr'><strong>elati,</strong></span> <span class='ocrx_word' id='word_1_594' title='bbox 3632 4351 3693 4396; x_wconf 91' lang='lat' dir='ltr'><strong>ut</strong></span> <span class='ocrx_word' id='word_1_595' title='bbox 3721 4357 3820 4412; x_wconf 86' lang='lat' dir='ltr'><strong>pa-</strong></span> 
     </span>
    </p>
   </div>
   <div class='ocr_carea' id='block_1_105' title="bbox 2237 4433 3823 4510">
    <p class='ocr_par' dir='ltr' id='par_1_105' title="bbox 2237 4433 3823 4510">
     <span class='ocr_line' id='line_1_105' title="bbox 2237 4433 3823 4510; baseline -0.009 -8"><span class='ocrx_word' id='word_1_596' title='bbox 2237 4461 2357 4503; x_wconf 89' lang='lat' dir='ltr'><strong>cem</strong></span> <span class='ocrx_word' id='word_1_597' title='bbox 2385 4445 2453 4501; x_wconf 91' lang='lat' dir='ltr'><strong>ab</strong></span> <span class='ocrx_word' id='word_1_598' title='bbox 2479 4445 2727 4500; x_wconf 90' lang='lat' dir='ltr'><strong>hostibus</strong></span> <span class='ocrx_word' id='word_1_599' title='bbox 2767 4441 3006 4498; x_wconf 86' lang='lat' dir='ltr'><strong>oblatam</strong></span> <span class='ocrx_word' id='word_1_600' title='bbox 3033 4453 3316 4510; x_wconf 81' lang='lat' dir='ltr'><strong>spernere,</strong></span> <span class='ocrx_word' id='word_1_601' title='bbox 3352 4446 3409 4492; x_wconf 89' lang='lat' dir='ltr'><strong>et</strong></span> <span class='ocrx_word' id='word_1_602' title='bbox 3444 4434 3646 4506; x_wconf 84' lang='lat' dir='ltr'><strong>injusta</strong></span> <span class='ocrx_word' id='word_1_603' title='bbox 3683 4433 3823 4489; x_wconf 86' lang='lat' dir='ltr'><strong>bella</strong></span> 
     </span>
    </p>
   </div>
   <div class='ocr_carea' id='block_1_106' title="bbox 2238 4527 3820 4609">
    <p class='ocr_par' dir='ltr' id='par_1_106' title="bbox 2238 4527 3820 4609">
     <span class='ocr_line' id='line_1_106' title="bbox 2238 4527 3820 4609; baseline -0.009 -14"><span class='ocrx_word' id='word_1_604' title='bbox 2238 4539 2512 4609; x_wconf 89' lang='lat' dir='ltr'><strong>suscipere</strong></span> <span class='ocrx_word' id='word_1_605' title='bbox 2559 4552 2667 4591; x_wconf 91' lang='lat' dir='ltr'><strong>non</strong></span> <span class='ocrx_word' id='word_1_606' title='bbox 2713 4534 3136 4604; x_wconf 85' lang='lat' dir='ltr'><strong>pertimescant;</strong></span> <span class='ocrx_word' id='word_1_607' title='bbox 3161 4539 3240 4597; x_wconf 88' lang='lat' dir='ltr'><strong>et,</strong></span> <span class='ocrx_word' id='word_1_608' title='bbox 3281 4528 3426 4600; x_wconf 71' lang='lat' dir='ltr'><strong>quod</strong></span> <span class='ocrx_word' id='word_1_609' title='bbox 3468 4535 3553 4583; x_wconf 89' lang='lat' dir='ltr'><strong>est</strong></span> <span class='ocrx_word' id='word_1_610' title='bbox 3579 4527 3820 4598; x_wconf 76' lang='lat' dir='ltr'><strong>gravius,</strong></span> 
     </span>
    </p>
   </div>
   <div class='ocr_carea' id='block_1_107' title="bbox 2239 4618 3821 4696">
    <p class='ocr_par' dir='ltr' id='par_1_107' title="bbox 2239 4618 3821 4696">
     <span class='ocr_line' id='line_1_107' title="bbox 2239 4618 3821 4696; baseline -0.011 -10"><span class='ocrx_word' id='word_1_611' title='bbox 2239 4630 2448 4686; x_wconf 92' lang='lat' dir='ltr'><strong>duobus</strong></span> <span class='ocrx_word' id='word_1_612' title='bbox 2472 4628 2613 4684; x_wconf 90' lang='lat' dir='ltr'><strong>forte</strong></span> <span class='ocrx_word' id='word_1_613' title='bbox 2640 4626 2795 4682; x_wconf 90' lang='lat' dir='ltr'><strong>bellis</strong></span> <span class='ocrx_word' id='word_1_614' title='bbox 2834 4623 3109 4696; x_wconf 89' lang='lat' dir='ltr'><strong>impliciti,</strong></span> <span class='ocrx_word' id='word_1_615' title='bbox 3138 4631 3396 4691; x_wconf 87' lang='lat' dir='ltr'><strong>tanquam</strong></span> <span class='ocrx_word' id='word_1_616' title='bbox 3423 4618 3821 4689; x_wconf 88' lang='lat' dir='ltr'><strong>Spartanorum</strong></span> 
     </span>
    </p>
   </div>
   <div class='ocr_carea' id='block_1_108' title="bbox 2159 4698 3826 4788">
    <p class='ocr_par' dir='ltr' id='par_1_108' title="bbox 2159 4698 3826 4788">
     <span class='ocr_line' id='line_1_108' title="bbox 2159 4698 3826 4788; baseline -0.01 -10"><span class='ocrx_word' id='word_1_617' title='bbox 2159 4698 2214 4760; x_wconf 71' lang='grc' dir='ltr'><strong>Β</strong></span> <span class='ocrx_word' id='word_1_618' title='bbox 2239 4721 2446 4788; x_wconf 88' lang='lat' dir='ltr'><strong>furore,</strong></span> <span class='ocrx_word' id='word_1_619' title='bbox 2463 4721 2682 4775; x_wconf 90' lang='lat' dir='ltr'><strong>tertium</strong></span> <span class='ocrx_word' id='word_1_620' title='bbox 2705 4733 2810 4774; x_wconf 92' lang='lat' dir='ltr'><strong>non</strong></span> <span class='ocrx_word' id='word_1_621' title='bbox 2827 4723 3098 4772; x_wconf 80' lang='lat' dir='ltr'><strong>recusent.</strong></span> <span class='ocrx_word' id='word_1_622' title='bbox 3116 4714 3226 4770; x_wconf 83' lang='lat' dir='ltr'><strong>Sed</strong></span> <span class='ocrx_word' id='word_1_623' title='bbox 3248 4725 3390 4783; x_wconf 65' lang='lat' dir='ltr'><strong>saepe</strong></span> <span class='ocrx_word' id='word_1_624' title='bbox 3407 4710 3545 4768; x_wconf 85' lang='lat' dir='ltr'><strong>tales</strong></span> <span class='ocrx_word' id='word_1_625' title='bbox 3567 4709 3722 4779; x_wconf 85' lang='lat' dir='ltr'><strong>virga</strong></span> <span class='ocrx_word' id='word_1_626' title='bbox 3742 4707 3826 4762; x_wconf 81' lang='lat' dir='ltr'><strong>di-</strong></span> 
     </span>
    </p>
   </div>
   <div class='ocr_carea' id='block_1_109' title="bbox 2241 4801 3823 4881">
    <p class='ocr_par' dir='ltr' id='par_1_109' title="bbox 2241 4801 3823 4881">
     <span class='ocr_line' id='line_1_109' title="bbox 2241 4801 3823 4881; baseline -0.01 -10"><span class='ocrx_word' id='word_1_627' title='bbox 2241 4816 2379 4871; x_wconf 86' lang='lat' dir='ltr'><strong>vinae</strong></span> <span class='ocrx_word' id='word_1_628' title='bbox 2411 4812 2633 4868; x_wconf 91' lang='lat' dir='ltr'><strong>ultionis</strong></span> <span class='ocrx_word' id='word_1_629' title='bbox 2665 4809 2809 4881; x_wconf 91' lang='lat' dir='ltr'><strong>juste</strong></span> <span class='ocrx_word' id='word_1_630' title='bbox 2837 4809 3133 4875; x_wconf 86' lang='lat' dir='ltr'><strong>intereunt,</strong></span> <span class='ocrx_word' id='word_1_631' title='bbox 3155 4806 3413 4879; x_wconf 83' lang='lat' dir='ltr'><strong>quoniam</strong></span> <span class='ocrx_word' id='word_1_632' title='bbox 3437 4804 3594 4874; x_wconf 82' lang='lat' dir='ltr'><strong>pacis</strong></span> <span class='ocrx_word' id='word_1_633' title='bbox 3621 4801 3823 4859; x_wconf 89' lang='lat' dir='ltr'><strong>donum</strong></span> 
     </span>
    </p>
   </div>
   <div class='ocr_carea' id='block_1_110' title="bbox 2239 4895 3824 4973">
    <p class='ocr_par' dir='ltr' id='par_1_110' title="bbox 2239 4895 3824 4973">
     <span class='ocr_line' id='line_1_110' title="bbox 2239 4895 3824 4973; baseline -0.01 -8"><span class='ocrx_word' id='word_1_634' title='bbox 2239 4909 2344 4965; x_wconf 85' lang='lat' dir='ltr'><strong>sibi</strong></span> <span class='ocrx_word' id='word_1_635' title='bbox 2385 4906 2623 4963; x_wconf 91' lang='lat' dir='ltr'><strong>oblatum</strong></span> <span class='ocrx_word' id='word_1_636' title='bbox 2671 4903 2948 4973; x_wconf 84' lang='lat' dir='ltr'><strong>suscipere</strong></span> <span class='ocrx_word' id='word_1_637' title='bbox 2997 4901 3208 4958; x_wconf 88' lang='lat' dir='ltr'><strong>nolunt.</strong></span> <span class='ocrx_word' id='word_1_638' title='bbox 3259 4899 3540 4966; x_wconf 85' lang='lat' dir='ltr'><strong>Quomodo</strong></span> <span class='ocrx_word' id='word_1_639' title='bbox 3588 4895 3824 4950; x_wconf 68' lang='lat' dir='ltr'><strong>Amasiae</strong></span> 
     </span>
    </p>
   </div>
   <div class='ocr_carea' id='block_1_111' title="bbox 2241 4987 3825 5071">
    <p class='ocr_par' dir='ltr' id='par_1_111' title="bbox 2241 4987 3825 5071">
     <span class='ocr_line' id='line_1_111' title="bbox 2241 4987 3825 5071; baseline -0.009 -14"><span class='ocrx_word' id='word_1_640' title='bbox 2241 5000 2358 5071; x_wconf 91' lang='lat' dir='ltr'><strong>regi</strong></span> <span class='ocrx_word' id='word_1_641' title='bbox 2389 4999 2540 5054; x_wconf 65' lang='lat' dir='ltr'><strong>Judaz</strong></span> <span class='ocrx_word' id='word_1_642' title='bbox 2576 4996 2868 5066; x_wconf 74' lang='lat' dir='ltr'><strong>contigisse</strong></span> <span class='ocrx_word' id='word_1_643' title='bbox 2904 4993 3152 5066; x_wconf 82' lang='lat' dir='ltr'><strong>legimus,</strong></span> <span class='ocrx_word' id='word_1_644' title='bbox 3198 4992 3292 5063; x_wconf 88' lang='lat' dir='ltr'><strong>qui</strong></span> <span class='ocrx_word' id='word_1_645' title='bbox 3333 4990 3481 5046; x_wconf 78' lang='lat' dir='ltr'><strong>misit</strong></span> <span class='ocrx_word' id='word_1_646' title='bbox 3511 4989 3730 5044; x_wconf 90' lang='lat' dir='ltr'><strong>nuntios</strong></span> <span class='ocrx_word' id='word_1_647' title='bbox 3752 4987 3825 5043; x_wconf 85' lang='lat' dir='ltr'><strong>ad</strong></span> 
     </span>
    </p>
   </div>
   <div class='ocr_carea' id='block_1_112' title="bbox 2241 5082 3821 5157">
    <p class='ocr_par' dir='ltr' id='par_1_112' title="bbox 2241 5082 3821 5157">
     <span class='ocr_line' id='line_1_112' title="bbox 2241 5082 3821 5157; baseline -0.009 -7"><span class='ocrx_word' id='word_1_648' title='bbox 2241 5094 2367 5151; x_wconf 85' lang='lat' dir='ltr'><strong>Joas</strong></span> <span class='ocrx_word' id='word_1_649' title='bbox 2407 5092 2576 5146; x_wconf 89' lang='lat' dir='ltr'><strong>ﬁlium</strong></span> <span class='ocrx_word' id='word_1_650' title='bbox 2607 5089 2838 5146; x_wconf 74' lang='lat' dir='ltr'><strong>Joaehas</strong></span> <span class='ocrx_word' id='word_1_651' title='bbox 2877 5087 2976 5144; x_wconf 80' lang='lat' dir='ltr'><strong>ﬁlii</strong></span> <span class='ocrx_word' id='word_1_652' title='bbox 3023 5086 3164 5144; x_wconf 76' lang='lat' dir='ltr'><strong>Jeltu</strong></span> <span class='ocrx_word' id='word_1_653' title='bbox 3194 5085 3340 5157; x_wconf 87' lang='lat' dir='ltr'><strong>regis</strong></span> <span class='ocrx_word' id='word_1_654' title='bbox 3373 5082 3542 5140; x_wconf 88' lang='lat' dir='ltr'><strong>lsrael</strong></span> <span class='ocrx_word' id='word_1_655' title='bbox 3586 5083 3770 5141; x_wconf 88' lang='lat' dir='ltr'><strong>dicens</strong></span> <span class='ocrx_word' id='word_1_656' title='bbox 3804 5097 3821 5136; x_wconf 87' lang='lat'><strong>:</strong></span> 
     </span>
    </p>
   </div>
   <div class='ocr_carea' id='block_1_113' title="bbox 2249 5175 3827 5253">
    <p class='ocr_par' dir='ltr' id='par_1_113' title="bbox 2249 5175 3827 5253">
     <span class='ocr_line' id='line_1_113' title="bbox 2249 5175 3827 5253; baseline -0.008 -13"><span class='ocrx_word' id='word_1_657' title='bbox 2249 5185 2380 5242; x_wconf 82' lang='lat' dir='ltr'><strong>Veni</strong></span> <span class='ocrx_word' id='word_1_658' title='bbox 2418 5195 2466 5241; x_wconf 87' lang='lat' dir='ltr'><strong>et</strong></span> <span class='ocrx_word' id='word_1_659' title='bbox 2504 5183 2770 5240; x_wconf 75' lang='lat' dir='ltr'><strong>videamus</strong></span> <span class='ocrx_word' id='word_1_660' title='bbox 2809 5198 2902 5237; x_wconf 72' lang='lat' dir='ltr'><strong>nos</strong></span> <span class='ocrx_word' id='word_1_661' title='bbox 2925 5180 2978 5253; x_wconf 82' lang='lat'><strong>(1</strong></span> <span class='ocrx_word' id='word_1_662' title='bbox 2995 5178 3034 5233; x_wconf 86' lang='lat' dir='ltr'><strong><em>V</em></strong></span> <span class='ocrx_word' id='word_1_663' title='bbox 3064 5179 3196 5250; x_wconf 75' lang='lat' dir='ltr'><strong>Reg.</strong></span> <span class='ocrx_word' id='word_1_664' title='bbox 3233 5191 3347 5244; x_wconf 71' lang='lat' dir='ltr'><strong>xxv,</strong></span> <span class='ocrx_word' id='word_1_665' title='bbox 3369 5176 3454 5247; x_wconf 84' lang='lat'><strong>&#39;8).</strong></span> <span class='ocrx_word' id='word_1_666' title='bbox 3484 5175 3827 5244; x_wconf 83' lang='lat' dir='ltr'><strong>Remisitque</strong></span> 
     </span>
    </p>
   </div>
   <div class='ocr_carea' id='block_1_114' title="bbox 2240 5267 3820 5344">
    <p class='ocr_par' dir='ltr' id='par_1_114' title="bbox 2240 5267 3820 5344">
     <span class='ocr_line' id='line_1_114' title="bbox 2240 5267 3820 5344; baseline -0.011 -6"><span class='ocrx_word' id='word_1_667' title='bbox 2240 5281 2369 5338; x_wconf 84' lang='lat' dir='ltr'><strong>Joas</strong></span> <span class='ocrx_word' id='word_1_668' title='bbox 2415 5295 2512 5336; x_wconf 81' lang='lat' dir='ltr'><strong>rex</strong></span> <span class='ocrx_word' id='word_1_669' title='bbox 2545 5278 2712 5335; x_wconf 90' lang='lat' dir='ltr'><strong>Israel</strong></span> <span class='ocrx_word' id='word_1_670' title='bbox 2761 5277 2828 5332; x_wconf 88' lang='lat' dir='ltr'><strong>ad</strong></span> <span class='ocrx_word' id='word_1_671' title='bbox 2861 5274 3139 5331; x_wconf 77' lang='lat' dir='ltr'><strong>Amasiatn</strong></span> <span class='ocrx_word' id='word_1_672' title='bbox 3183 5275 3366 5344; x_wconf 78' lang='lat' dir='ltr'><strong>regem</strong></span> <span class='ocrx_word' id='word_1_673' title='bbox 3396 5267 3548 5325; x_wconf 67' lang='lat' dir='ltr'><strong>Iudae</strong></span> <span class='ocrx_word' id='word_1_674' title='bbox 3591 5268 3820 5322; x_wconf 88' lang='lat' dir='ltr'><strong>dicens:</strong></span> 
     </span>
    </p>
   </div>
   <div class='ocr_carea' id='block_1_115' title="bbox 2243 5358 3822 5435">
    <p class='ocr_par' dir='ltr' id='par_1_115' title="bbox 2243 5358 3822 5435">
     <span class='ocr_line' id='line_1_115' title="bbox 2243 5358 3822 5435; baseline -0.013 -5"><span class='ocrx_word' id='word_1_675' title='bbox 2243 5373 2488 5431; x_wconf 82' lang='lat' dir='ltr'><strong>Carduus</strong></span> <span class='ocrx_word' id='word_1_676' title='bbox 2517 5370 2705 5427; x_wconf 83' lang='lat' dir='ltr'><strong>Libani</strong></span> <span class='ocrx_word' id='word_1_677' title='bbox 2728 5369 2868 5425; x_wconf 80' lang='lat' dir='ltr'><strong>misit</strong></span> <span class='ocrx_word' id='word_1_678' title='bbox 2895 5367 2966 5422; x_wconf 78' lang='lat' dir='ltr'><strong>ad</strong></span> <span class='ocrx_word' id='word_1_679' title='bbox 2995 5365 3213 5420; x_wconf 76' lang='lat' dir='ltr'><strong>cedrum</strong></span> <span class='ocrx_word' id='word_1_680' title='bbox 3250 5377 3368 5435; x_wconf 68' lang='lat' dir='ltr'><strong>quae</strong></span> <span class='ocrx_word' id='word_1_681' title='bbox 3400 5369 3480 5417; x_wconf 74' lang='lat' dir='ltr'><strong>est</strong></span> <span class='ocrx_word' id='word_1_682' title='bbox 3517 5361 3574 5415; x_wconf 82' lang='lat' dir='ltr'><strong>in</strong></span> <span class='ocrx_word' id='word_1_683' title='bbox 3599 5358 3822 5422; x_wconf 85' lang='lat' dir='ltr'><strong>Libano,</strong></span> 
     </span>
    </p>
   </div>
   <div class='ocr_carea' id='block_1_116' title="bbox 2244 5454 3827 5537">
    <p class='ocr_par' dir='ltr' id='par_1_116' title="bbox 2244 5454 3827 5537">
     <span class='ocr_line' id='line_1_116' title="bbox 2244 5454 3827 5537; baseline -0.013 -10"><span class='ocrx_word' id='word_1_684' title='bbox 2244 5471 2444 5536; x_wconf 78' lang='lat' dir='ltr'><strong>dicens,</strong></span> <span class='ocrx_word' id='word_1_685' title='bbox 2482 5469 2566 5524; x_wconf 90' lang='lat' dir='ltr'><strong>Da</strong></span> <span class='ocrx_word' id='word_1_686' title='bbox 2607 5467 2776 5537; x_wconf 79' lang='lat' dir='ltr'><strong>ﬁliam</strong></span> <span class='ocrx_word' id='word_1_687' title='bbox 2802 5473 2948 5518; x_wconf 68' lang='lat' dir='ltr'><strong>tuam</strong></span> <span class='ocrx_word' id='word_1_688' title='bbox 2986 5459 3103 5532; x_wconf 67' lang='lat' dir='ltr'><strong>ﬁlio</strong></span> <span class='ocrx_word' id='word_1_689' title='bbox 3147 5472 3263 5515; x_wconf 79' lang='lat' dir='ltr'><strong>meo</strong></span> <span class='ocrx_word' id='word_1_690' title='bbox 3289 5472 3527 5514; x_wconf 57' lang='lat' dir='ltr'><strong>uxorem.</strong></span> <span class='ocrx_word' id='word_1_691' title='bbox 3578 5454 3827 5509; x_wconf 71' lang='lat' dir='ltr'><strong>Transie-</strong></span> 
     </span>
    </p>
   </div>
   <div class='ocr_carea' id='block_1_117' title="bbox 2246 5544 3826 5636">
    <p class='ocr_par' dir='ltr' id='par_1_117' title="bbox 2246 5544 3826 5636">
     <span class='ocr_line' id='line_1_117' title="bbox 2246 5544 3826 5636; baseline -0.013 -17"><span class='ocrx_word' id='word_1_692' title='bbox 2246 5573 2469 5636; x_wconf 84' lang='lat' dir='ltr'><strong>runtque</strong></span> <span class='ocrx_word' id='word_1_693' title='bbox 2503 5560 2677 5616; x_wconf 69' lang='lat' dir='ltr'><strong>bestia:</strong></span> <span class='ocrx_word' id='word_1_694' title='bbox 2706 5557 2869 5613; x_wconf 73' lang='lat' dir='ltr'><strong>saltus</strong></span> <span class='ocrx_word' id='word_1_695' title='bbox 2915 5556 3006 5627; x_wconf 82' lang='lat' dir='ltr'><strong>qui</strong></span> <span class='ocrx_word' id='word_1_696' title='bbox 3035 5562 3157 5610; x_wconf 77' lang='lat' dir='ltr'><strong>sunt</strong></span> <span class='ocrx_word' id='word_1_697' title='bbox 3189 5553 3247 5607; x_wconf 78' lang='lat' dir='ltr'><strong>in</strong></span> <span class='ocrx_word' id='word_1_698' title='bbox 3284 5549 3510 5616; x_wconf 74' lang='lat' dir='ltr'><strong>Libano,</strong></span> <span class='ocrx_word' id='word_1_699' title='bbox 3539 5557 3587 5603; x_wconf 84' lang='lat' dir='ltr'><strong>et</strong></span> <span class='ocrx_word' id='word_1_700' title='bbox 3612 5544 3826 5602; x_wconf 76' lang='lat' dir='ltr'><strong>concal-</strong></span> 
     </span>
    </p>
   </div>
   <div class='ocr_carea' id='block_1_118' title="bbox 2244 5638 3821 5711">
    <p class='ocr_par' dir='ltr' id='par_1_118' title="bbox 2244 5638 3821 5711">
     <span class='ocr_line' id='line_1_118' title="bbox 2244 5638 3821 5711; baseline -0.013 0"><span class='ocrx_word' id='word_1_701' title='bbox 2244 5663 2493 5711; x_wconf 79' lang='lat' dir='ltr'><strong>caverunt</strong></span> <span class='ocrx_word' id='word_1_702' title='bbox 2522 5651 2796 5706; x_wconf 81' lang='lat' dir='ltr'><strong>carduum.</strong></span> <span class='ocrx_word' id='word_1_703' title='bbox 2830 5645 3138 5703; x_wconf 76' lang='lat' dir='ltr'><strong>Percutiens</strong></span> <span class='ocrx_word' id='word_1_704' title='bbox 3161 5643 3432 5700; x_wconf 72' lang='lat' dir='ltr'><strong>maluisti</strong></span> <span class='ocrx_word' id='word_1_705' title='bbox 3447 5656 3608 5711; x_wconf 76' lang='lat' dir='ltr'><strong>super</strong></span> <span class='ocrx_word' id='word_1_706' title='bbox 3627 5638 3821 5701; x_wconf 80' lang='lat' dir='ltr'><strong>Edam,</strong></span> 
     </span>
    </p>
   </div>
   <div class='ocr_carea' id='block_1_119' title="bbox 2243 5729 3824 5821">
    <p class='ocr_par' dir='ltr' id='par_1_119' title="bbox 2243 5729 3824 5821">
     <span class='ocr_line' id='line_1_119' title="bbox 2243 5729 3824 5821; baseline -0.015 -17"><span class='ocrx_word' id='word_1_707' title='bbox 2243 5758 2293 5804; x_wconf 87' lang='lat' dir='ltr'><strong>et</strong></span> <span class='ocrx_word' id='word_1_708' title='bbox 2311 5745 2592 5821; x_wconf 72' lang='lat' dir='ltr'><strong>sublevavit</strong></span> <span class='ocrx_word' id='word_1_709' title='bbox 2614 5753 2662 5797; x_wconf 84' lang='lat' dir='ltr'><strong>te</strong></span> <span class='ocrx_word' id='word_1_710' title='bbox 2679 5758 2769 5796; x_wconf 88' lang='lat' dir='ltr'><strong>cor</strong></span> <span class='ocrx_word' id='word_1_711' title='bbox 2787 5750 2957 5795; x_wconf 79' lang='lat' dir='ltr'><strong>tuum.</strong></span> <span class='ocrx_word' id='word_1_712' title='bbox 2981 5739 3268 5795; x_wconf 76' lang='lat' dir='ltr'><strong>Contentus</strong></span> <span class='ocrx_word' id='word_1_713' title='bbox 3289 5745 3394 5790; x_wconf 75' lang='lat' dir='ltr'><strong>esto</strong></span> <span class='ocrx_word' id='word_1_714' title='bbox 3417 5731 3608 5804; x_wconf 80' lang='lat' dir='ltr'><strong>gloria,</strong></span> <span class='ocrx_word' id='word_1_715' title='bbox 3633 5739 3681 5785; x_wconf 83' lang='lat' dir='ltr'><strong>et</strong></span> <span class='ocrx_word' id='word_1_716' title='bbox 3705 5729 3824 5784; x_wconf 82' lang='lat' dir='ltr'><strong>sede</strong></span> 
     </span>
    </p>
   </div>
   <div class='ocr_carea' id='block_1_120' title="bbox 2239 5824 3823 5904">
    <p class='ocr_par' dir='ltr' id='par_1_120' title="bbox 2239 5824 3823 5904">
     <span class='ocr_line' id='line_1_120' title="bbox 2239 5824 3823 5904; baseline -0.014 -10"><span class='ocrx_word' id='word_1_717' title='bbox 2239 5840 2301 5894; x_wconf 76' lang='lat' dir='ltr'><strong>in</strong></span> <span class='ocrx_word' id='word_1_718' title='bbox 2331 5839 2484 5893; x_wconf 84' lang='lat' dir='ltr'><strong>domo</strong></span> <span class='ocrx_word' id='word_1_719' title='bbox 2524 5845 2636 5889; x_wconf 85' lang='lat' dir='ltr'><strong>tua.</strong></span> <span class='ocrx_word' id='word_1_720' title='bbox 2670 5833 2846 5900; x_wconf 81' lang='lat' dir='ltr'><strong>Quare</strong></span> <span class='ocrx_word' id='word_1_721' title='bbox 2880 5847 3130 5904; x_wconf 74' lang='lat' dir='ltr'><strong>provocas</strong></span> <span class='ocrx_word' id='word_1_722' title='bbox 3163 5828 3382 5891; x_wconf 77' lang='lat' dir='ltr'><strong>malum,</strong></span> <span class='ocrx_word' id='word_1_723' title='bbox 3403 5834 3460 5879; x_wconf 79' lang='lat' dir='ltr'><strong>ut</strong></span> <span class='ocrx_word' id='word_1_724' title='bbox 3499 5824 3666 5881; x_wconf 75' lang='lat' dir='ltr'><strong>cadas</strong></span> <span class='ocrx_word' id='word_1_725' title='bbox 3692 5832 3750 5876; x_wconf 68' lang='lat' dir='ltr'><strong>te</strong></span> <span class='ocrx_word' id='word_1_726' title='bbox 3773 5828 3823 5874; x_wconf 76' lang='lat' dir='ltr'><strong>et</strong></span> 
     </span>
    </p>
   </div>
   <div class='ocr_carea' id='block_1_121' title="bbox 2243 5917 3830 6008">
    <p class='ocr_par' dir='ltr' id='par_1_121' title="bbox 2243 5917 3830 6008">
     <span class='ocr_line' id='line_1_121' title="bbox 2243 5917 3830 6008; baseline -0.014 -22"><span class='ocrx_word' id='word_1_727' title='bbox 2243 5929 2414 5992; x_wconf 72' lang='lat' dir='ltr'><strong>ludas</strong></span> <span class='ocrx_word' id='word_1_728' title='bbox 2437 5927 2643 5985; x_wconf 79' lang='lat' dir='ltr'><strong>tecum?</strong></span> <span class='ocrx_word' id='word_1_729' title='bbox 2673 5925 2738 5982; x_wconf 83' lang='lat' dir='ltr'><strong>Et</strong></span> <span class='ocrx_word' id='word_1_730' title='bbox 2765 5941 2870 6008; x_wconf 65' lang='lat' dir='ltr'><strong>non</strong></span> <span class='ocrx_word' id='word_1_731' title='bbox 2902 5925 3154 5996; x_wconf 85' lang='lat' dir='ltr'><strong>acquievit</strong></span> <span class='ocrx_word' id='word_1_732' title='bbox 3189 5919 3452 5976; x_wconf 74' lang='lat' dir='ltr'><strong>Amasias.</strong></span> <span class='ocrx_word' id='word_1_733' title='bbox 3475 5917 3830 5989; x_wconf 70' lang='lat' dir='ltr'><strong>Ascendilque</strong></span> 
     </span>
    </p>
   </div>
  </div>
