4046 6332
231 481 324 546 ωδ

230 596 345 653 Joas
367 610 458 651 rex
472 587 661 659 Israel,
688 601 737 648 et
757 590 994 648 viderunt
1010 609 1064 648 se
1085 595 1192 665 ipse
1206 602 1253 648 et
1267 593 1510 648 Amasias
1527 608 1622 647 res;
1634 591 1795 648 Judae
1821 593 1876 654 Α

230 688 278 741 in
308 685 603 741 Bethsames
631 683 817 755 oppido
858 683 1050 750 ludat;
1098 701 1474 756 percussusque
1492 693 1569 739 est
1607 698 1787 738 coram

229 778 383 832 Israel
409 775 517 850 (IV
549 775 676 847 Reg.
705 791 818 842 liv,
846 776 1014 850 9-12).

290 869 436 924 Libet
469 867 630 922 etiam
673 881 1095 923 commemorare
1122 867 1265 938 quod
1309 868 1375 923 de
1421 867 1536 938 ipso
1575 865 1788 923 Iuliano

225 961 450 1036 principe
472 959 525 1015 in
547 959 772 1015 historia
802 959 1035 1015 refertur
1053 960 1438 1024 ecclesiastica,
1471 959 1564 1030 qui
1591 957 1788 1013 mullos

225 1055 358 1109 vicos
383 1060 672 1122 castraque
699 1049 964 1117 detinens,
981 1043 1096 1118 jam
1126 1050 1289 1105 etiam
1315 1050 1566 1106 civitates
1594 1049 1788 1104 Persa-

225 1161 332 1200 rum
358 1142 623 1214 capiebat.
657 1139 899 1210 Cumque
939 1143 1176 1197 venisset
1210 1142 1614 1212 Ctesiphontem
1656 1140 1788 1196 civi-

223 1243 395 1299 tatem,
427 1232 484 1288 in
516 1242 722 1288 tantum
759 1232 971 1288 obsedit
1004 1247 1209 1303 regem,
1238 1241 1297 1287 ut
1328 1233 1536 1288 crebris
1560 1232 1788 1303 legatio-

225 1327 369 1380 nibus
394 1332 656 1389 uteretur,
687 1322 918 1379 olferens
952 1323 1082 1378 dare
1113 1339 1223 1380 suae
1253 1324 1442 1395 patria:
1470 1332 1702 1394 partem,
1739 1321 1787 1377 si

225 1418 384 1474 soluto
415 1416 554 1472 bello
592 1411 919 1480 discederet;
947 1415 1090 1484 quod
1116 1412 1358 1469 Julianus
1389 1411 1586 1479 noluit,
1614 1426 1788 1482 neque

223 1507 632 1579 supplicantibus
659 1515 742 1562 est
784 1505 1056 1570 misertus,
1088 1521 1264 1575 neque
1304 1513 1487 1560 mente
1521 1503 1783 1574 percepit,

221 1603 338 1672 quia
365 1601 577 1655 vincere
603 1593 818 1670 quidem
862 1591 1062 1653 bonum
1090 1606 1202 1665 est;
1253 1597 1656 1667 supervincere,
1705 1595 1787 1649 ni-

223 1694 318 1748 mis
344 1691 684 1747 invidiosum.
717 1689 955 1746 Credens
981 1687 1168 1760 utique
1207 1688 1432 1759 magicis
1475 1685 1706 1753 artibus,
1734 1693 1791 1741 et

1201 481 1405 542 LIBER
1443 481 1534 539 ne
1571 448 2008 539 nscronmus
2045 475 2500 538 cumsmms.

3351 478 3465 543 326

2109 591 2318 661 Expers
2345 589 2552 646 consilii
2586 585 2846 662 naufraga
2874 589 3111 662 parturit

2105 682 2343 738 Incautis
2371 683 2594 738 ducibus
2619 697 2760 753 saepe
2781 683 3048 753 pericula,

2109 774 2285 842 Quam
2307 776 2498 831 mortis
2523 776 2765 845 sequitur
2790 790 2916 830 mox
2939 775 3217 832 violentia.

2104 866 2215 921 Pax
2234 882 2365 922 vero
2387 867 2661 922 medicans
2681 867 2896 922 dissona
2929 865 3183 936 glutinat,

2103 960 2216 1016 Pax
2246 960 2368 1016 lites
2395 960 2695 1030 reprimens
2723 961 2915 1031 gaudia
2942 959 3195 1027 seminat,

2104 1054 2216 1108 Pax
2247 1052 2430 1124 jungit
2452 1054 2679 1124 populos
2711 1063 2933 1124 perpete
2961 1055 3184 1121 findere,

2099 1146 2344 1217 Regnum
2381 1159 2514 1216 pace
2537 1147 2679 1217 regit
2703 1155 2882 1202 rector
2908 1155 2962 1202 ct
2988 1148 3243 1216 optimus.

2105 1237 2238 1304 Quis
2279 1238 2550 1292 charisma
2578 1237 2753 1307 placet
2795 1241 2947 1308 pacis
2975 1245 3218 1297 aromate

2099 1327 2374 1382 Virtutum
2403 1327 2646 1382 redolent
2670 1330 2812 1383 sicut
2841 1330 3054 1386 oiivifer

2104 1417 2254 1473 Mons
2280 1418 2497 1490 pinguis
2524 1419 2769 1486 Domini,
2801 1437 2909 1490 quo
2933 1422 3052 1479 ﬂuit
3083 1415 3287 1482 affatim

2105 1509 2216 1566 Lac
2237 1509 2340 1566 mel
2373 1509 2713 1566 Christicolis
2738 1514 2976 1570 nectaris
3001 1510 3188 1573 ubere.

2493 1601 2643 1657 CAP.
2683 1602 2871 1659 XVIII.

1961 1694 2194 1754 Gloriosi
2233 1695 2507 1768 principes
2544 1705 2601 1752 et
2641 1708 2798 1769 reges
2831 1705 2994 1769 atque
3034 1700 3197 1758 duces
3225 1701 3475 1760 timorem
3523 1689 3535 1700 ’

220 1785 347 1840 falsa
385 1801 480 1857 spe
510 1781 750 1839 victoriae
788 1780 1150 1854 praisumens;
1191 1781 1286 1851 qui
1332 1781 1461 1836 dum
1507 1779 1685 1834 fuerat
1735 1779 1790 1832 in

1909 1786 2160 1843 tltissimi
2229 1796 2354 1844 ante
2401 1789 2589 1845 oculos
2644 1789 2926 1856 habentes,
2983 1801 3156 1864 neque
3211 1795 3278 1852 de
3327 1797 3479 1868 pacis

220 1891 350 1947 equo
381 1884 435 1932 et
455 1876 753 1931 exercitum
771 1873 1114 1930 confortabat
1133 1882 1343 1928 certum
1365 1886 1589 1942 sperans
1605 1870 1793 1925 trium-

1893 1878 2300 1948 tranquillitate,
2343 1893 2517 1948 neque
2557 1879 2626 1936 de
2665 1881 2952 1950 triumphis
2981 1881 3220 1939 victoriae
3257 1883 3477 1942 sibimet

217 1973 395 2042 phum,
427 1979 613 2026 contra
643 1968 793 2024 illum
831 1967 1073 2036 jaculum
1118 1975 1340 2036 repente
1383 1964 1642 2028 delatum,
1683 1962 1794 2018 dis—
1821 1961 1868 2020 B
1898 1973 2245 2042 arrogabant,
2270 1973 2363 2027 sed
2387 1979 2557 2027 totum
2584 1971 2983 2044 Omnipotentls
3006 1976 3196 2044 gratiae
3214 1975 3476 2049 deputan-

219 2078 436 2119 currens
462 2077 560 2133 per
601 2055 885 2116 brachium
917 2061 972 2112 in
1003 2055 1118 2125 ejus
1159 2056 1299 2110 latus
1345 2055 1658 2109 immersum
1685 2061 1788 2108 est.

216 2153 291 2210 Ex
318 2154 419 2208 hoc
453 2151 674 2207 vulnere
708 2148 943 2219 suscepit
989 2148 1283 2204 terminum
1327 2146 1467 2200 vitae.
1517 2144 1620 2212 Qui
1662 2158 1793 2199 vero

208 2243 568 2316 iustissimum
614 2243 794 2300 intulit
827 2239 1037 2308 vulnus,
1076 2231 1343 2295 hactenus
1371 2239 1667 2309 ignoratur,
1699 2236 1793 2290 sed

215 2341 309 2396 alii
354 2340 639 2410 quemdam
685 2337 1032 2393 invisibilium
1067 2335 1171 2390 hoc
1200 2332 1444 2388 intulisse
1471 2329 1672 2395 ferunt,
1700 2327 1792 2383 alii

214 2448 346 2490 vero
405 2449 570 2487 unum
625 2439 898 2502 pastorem
957 2427 1374 2490 Ismaelitarum,
1421 2422 1513 2476 alii
1566 2420 1794 2476 militem

217 2524 354 2580 fame
382 2531 438 2579 et
469 2523 661 2578 itinere
690 2519 992 2592 fatigatam.
1021 2518 1126 2574 Sed
1139 2518 1262 2573 .sive
1284 2516 1463 2576 homo,
1495 2506 1608 2568 sive
1631 2527 1793 2583 ange-

215 2616 298 2672 lus
323 2615 504 2679 fuerit,
543 2614 721 2684 palam
751 2619 834 2667 est
871 2607 997 2682 quia
1030 2609 1226 2665 divinis
1265 2605 1603 2678 jussionibus
1635 2603 1794 2658 mini-

219 2709 423 2766 stravit.
445 2707 610 2761 Aiunt
628 2707 774 2761 enim
793 2705 918 2778 quia
947 2703 1072 2758 dum
1094 2699 1286 2755 fuisset
1311 2691 1646 2762 vulneratus,
1669 2710 1795 2749 mox

217 2815 432 2855 manum
461 2795 718 2869 sanguine
750 2811 846 2850 suo
871 2791 1238 2864 compleverit,
1275 2798 1328 2846 et
1365 2789 1419 2843 in
1458 2802 1639 2843 aerem
1670 2801 1794 2855 pro-

211 2888 400 2961 iecerit
425 2890 610 2945 dicens
635 2901 650 2941 :
672 2885 912 2953 Galilaee,
950 2881 1157 2941 vicisti!
1186 2877 1253 2938 Et
1273 2883 1328 2938 in
1352 2897 1418 2938 eo
1445 2881 1561 2952 ipso
1585 2878 1798 2935 confes-

219 2999 310 3041 sus
336 2998 458 3038 cum
493 2975 827 3052 blasphemia
855 2977 1157 3033 victoriam.

288 3073 473 3130 Nullus
513 3090 640 3145 ergo
676 3071 827 3143 pacis
855 3070 1086 3142 gratiam
1135 3065 1277 3123 fastu
1321 3061 1612 3122 temerario
1641 3062 1799 3118 debet

219 3182 490 3240 aperuere,
530 3174 622 3220 aut
645 3173 768 3236 post
810 3165 995 3219 hostes
1020 3156 1322 3233 pro'stratos
1347 3159 1487 3214 elato
1513 3158 1673 3212 corde
1702 3169 1796 3210 su-

1893 2067 1996 2127 tes,
2027 2060 2218 2130 dignas
2241 2062 2630 2133 gratulationes
2653 2073 2918 2134 sacraque
2945 2073 3092 2131 vota,
3119 2083 3215 2122 seu
3237 2077 3336 2139 pro
3359 2075 3477 2124 sta-

1893 2158 1952 2206 tu
1976 2151 2151 2220 pacis,
2184 2165 2279 2206 seu
2305 2159 2405 2221 pro
2431 2159 2704 2208 transacta
2734 2153 2982 2221 victoria,
3008 2157 3239 2212 Domino
3265 2160 3478 2230 persol-

1892 2242 2109 2306 vebant,
2151 2243 2244 2313 qui
2274 2243 2366 2296 dat
2403 2243 2635 2298 salutem
2663 2252 2720 2299 et
2747 2244 2976 2315 gloriam
3016 2248 3233 2317 regibus
3277 2249 3331 2304 in
3362 2250 3479 2322 ipso

1893 2331 2143 2388 ﬁduciam
2187 2333 2300 2404 spei
2342 2334 2689 2402 habentibus,
2740 2338 2832 2406 qui
2876 2339 3208 2394 voluntatem
3255 2341 3483 2414 diligena

1892 2424 2032 2478 tium
2061 2438 2119 2479 se
2142 2422 2324 2489 faciet,
2352 2431 2411 2478 et
2443 2425 2718 2480 orationes
2745 2439 2934 2481 eorum
2965 2430 3242 2496 exaudiet,
3274 2432 3479 2487 salvos:-

1893 2531 1999 2588 que
2039 2517 2201 2574 faciet
2230 2533 2356 2582 eos;
2403 2518 2531 2588 quia
2573 2520 2810 2574 custodit
2849 2519 3112 2577 Dominus
3137 2527 3326 2580 omnes
3356 2520 3481 2580 dilia

1893 2618 2080 2678 gentes
2103 2623 2182 2675 se,
2209 2617 2264 2664 et
2285 2623 2472 2665 omnes
2495 2614 2810 2679 peccatores
2838 2610 3149 2681 disperdat:
3193 2613 3474 2684 Sapientia

1895 2716 2109 2772 quoque
2137 2701 2242 2757 hoc
2268 2701 2446 2772 ipsum
2473 2710 2764 2758 attestante
2793 2709 2958 2773 atque
2993 2701 3209 2762 dicente
3235 2723 3249 2760 :
3282 2703 3387 2773 Qui
3414 2707 3482 2762 tia

1894 2796 2048 2850 metis
2091 2794 2396 2859 Dominum,
2429 2805 2634 2868 sperate
2669 2798 2728 2851 in
2769 2797 2940 2864 illum,
2970 2808 3018 2852 et
3047 2799 3105 2853 in
3145 2798 3484 2857 oblectatione

1896 2887 2064 2941 veniet
2104 2886 2247 2941 vobis
2295 2887 2661 2942 misericordia
2706 2886 2896 2959 (Eccli.
2949 2901 3026 2954 II,
3074 2889 3151 2959 9).
3189 2885 3344 2946 Unde
3387 2899 3485 2960 per

1897 2974 2012 3032 Joel
2037 2978 2378 3048 prophetam
2395 2977 2631 3033 dicitur:
2661 2977 2920 3034 Dominus
2946 2993 3060 3048 spes
3088 2980 3268 3052 populi
3299 2981 3404 3048 sui,
3433 2987 3484 3036 et

1900 3069 2152 3139 fortitudo
2178 3069 2412 3139 ﬁliorum
2443 3069 2614 3124 Israel
2660 3068 2823 3141 (Joel.
2871 3087 2961 3138 ιιι,
3008 3070 3117 3143 16).
3169 3071 3339 3140 Quem
3383 3082 3485 3144 pro

1901 3161 2245 3217 multitudine
2269 3161 2766 3217 misericordiarum
2795 3177 3038 3228 suarum,
3064 3171 3121 3218 et
3151 3163 3484 3220 abundantia

216 3259 451 3332 Ρθνδίτεν
489 3251 757 3328 (ἰυοωοάο
785 3253 1040 3326 Ρΐῖεἷῖιίυε
1071 3251 1320 3306 Αῐηδείίιε
1346 3256 1401 3304 εί
1443 3245 1691 3303 ῙυῙὶειηυδ
1721 3243 1799 3332 fti-
1833 3295 1869 3332 λ
1902 3252 2352 3317 comolationum,
2381 3260 2438 3308 et
2461 3253 2710 3324 largitate
2730 3253 3137 3320 beneﬁciorum,
3163 3251 3360 3324 quibus
3382 3254 3484 3308 hu-

219 3320 613 3408 ceruntantde
649 3320 906 3418 scriptum
936 3355 1018 3401 est
1044 3363 1057 3399 :
1100 3341 1218 3398 Non
1247 3339 1446 3396 laeteris
1488 3353 1652 3408 super
1690 3329 1797 3391 ini-
1827 3320 1871 3384 C
1903 3359 2064 3401 nano
2085 3344 2267 3416 generi
2296 3320 2814 3401 ineﬂabili'bonime
2842 3345 3095 3410 consum,
3129 3320 3386 3399 admirari
3423 3352 3486 3401 ες

220 3445 349 3500 mici
372 3444 446 3498 tui
463 3441 763 3507 interitum,
779 3455 848 3495 ne
879 3437 1017 3494 forte
1041 3433 1426 3508 supervenient
1448 3431 1504 3487 in
1530 3440 1580 3486 te
1602 3428 1799 3486 similia

220 3533 415 3608 (Eccli.
442 3547 572 3599 vm,
602 3531 677 3605 8).
721 3529 787 3586 Et
827 3530 1058 3585 iterum:
1105 3525 1237 3582 Cum
1280 3521 1521 3580 ceciderit
1554 3520 1798 3574 inimicus

219 3635 371 3690 tuus,
398 3639 460 3678 ne
489 3621 734 3694 gaudeas,
787 3631 836 3676 et
880 3622 935 3676 in
964 3620 1122 3694 ruina
1170 3615 1285 3687 ejus
1338 3632 1400 3668 ne
1430 3611 1653 3668 exsultet
1706 3623 1800 3663 cor

219 3723 378 3769 tuum
408 3711 585 3786 (Prov.
615 3719 762 3780 mv‘,
810 3711 923 3786 17).
956 3709 1090 3766 Nam
1131 3699 1242 3764 Deo
1283 3705 1532 3776 displicet
1561 3695 1804 3773 quisquis

217 3799 432 3859 exultat
449 3809 507 3858 Se
521 3802 574 3857 in
589 3796 744 3858 malis
764 3801 1004 3857 alterius.
1022 3793 1176 3857 Unde
1195 3797 1387 3852 beatus
1408 3792 1578 3848 David
1600 3792 1666 3847 de
1688 3792 1806 3846 suo?

219 3903 349 3949 r‘um
366 3888 584 3950 interitu
604 3893 949 3949 inimicorum
974 3907 1082 3947 non
1105 3890 1279 3946 solum
1303 3895 1409 3944 non
1432 3893 1551 3942 erat
1570 3885 1804 3950 laetatus,

106 4003 108 4012 '
213 3983 320 4042 sed
340 3985 688 4041 vehementer
730 3985 906 4041 fuerat
932 3984 1307 4048 contristatus,
1341 3979 1536 4036 aﬁ‘ectu
1563 3977 1806 4033 charita-

215 4080 296 4134 tis
323 4075 585 4150 plangens
612 4077 781 4134 fortes
824 4077 989 4135 Israel
1026 4089 1057 4133 a
1107 4073 1438 4132 Philisthzeis
1474 4067 1641 4126 fuisse
1683 4075 1808 4141 pro-

218 4179 448 4238 stratos,
486 4180 540 4227 et
567 4169 750 4228 dicens
772 4181 787 4225 ἐ
833 4170 1026 4242 Inclyti
1057 4167 1226 4225 Israel
1255 4185 1411 4240 super
1454 4174 1655 4220 montes
1685 4171 1808 4217 suos

217 4264 490 4334 interfecti
537 4274 677 4320 sunt.
732 4263 1006 4330 Quomodo
1055 4261 1352 4317 ceciderunt
1401 4247 1810 4329 fortes?Nolite

215 4359 545 4414 annuntians
574 4359 628 4413 in
673 4351 821 4422 Ceth,
869 4365 1030 4429 neque
1084 4353 1408 4410 annuntietis
1464 4352 1518 4406 in
1573 4348 1811 4420 compitis

217 4448 525 4515 Ascalonis,
556 4459 620 4504 ne
644 4446 777 4518 forte
805 4447 1047 4501 lwtentur
1087 4444 1185 4514 ﬁlii
1228 4431 1572 4504 Philisthiim,
1622 4447 1685 4492 ne
1724 4453 1813 4491 ea:—

211 4537 422 4596 saltent
450 4535 577 4608 ﬁlia:
605 4537 1109 4593 incircumcisorum.
1139 4535 1210 4590 Et
1242 4541 1437 4590 caetera
1469 4525 1556 4603 (ΙΙ
1603 4529 1729 4600 Reg.
1761 4544 1812 4595 ι,

217 4617 341 4701 I9).
379 4628 586 4699 Quibus
611 4631 889 4686 evidenter
926 4629 1230 4685 ostenditur
1279 4631 1543 4698 quantum
1594 4623 1812 4695 pietatis
1843 4667 1860 4701 ί

212 4721 489 4780 affectum
513 4733 731 4780 sanctus
755 4715 921 4779 David
948 4723 1110 4778 etiam
1135 4737 1262 4793 erga
1285 4719 1529 4775 inimicos
1558 4715 1809 4773 habebat.

451 4809 495 4870 0
522 4829 682 4885 quam
708 4815 964 4885 paciﬁcos
992 4815 1384 4884 Cunctipotens
1410 4809 1560 4866 amat
1586 4811 1598 4864 ε

449 4905 581 4973 Quis
601 4918 826 4978 regnum
849 4903 1082 4977 Solymus
1109 4904 1348 4975 perpetis
1377 4899 1570 4958 annuit

448 4996 573 5053 Illos
601 4995 828 5066 angelici
858 4998 1032 5068 gratia
1057 4996 1356 5051 schematis

447 5087 660 5146 Ornans
681 5083 945 5145 clariﬁcat
967 5095 1187 5160 pectore
1210 5081 1472 5153 vultibus,

451 5182 691 5250 Querum
715 5177 1037 5253 simplicitas
1062 5179 1315 5236 cordibus
1341 5179 1527 5246 insita,

449 5259 608 5328 Sicut
634 5285 752 5328 mos
781 5271 972 5328 avibus
992 5269 1114 5328 felle
1147 5269 1477 5326 carentibus.

454 5364 567 5421 Bac
605 5367 801 5437 gaudet
829 5363 1012 5422 sobole
1035 5357 1396 5421 celsithronus
1417 5351 1604 5431 Pater,

455 5457 817 5530 Haeredesque
846 5475 974 5516 suos
999 5459 1100 5515 hos
1127 5458 1272 5513 Deus
1299 5449 1466 5528 eligit.

465 5548 664 5605 Pacem
697 5551 790 5621 qui
819 5551 1080 5620 sequitur,
1114 5547 1427 5620 splendidus
1453 5545 1645 5614 enitet,

462 5641 531 5698 Et
557 5643 741 5700 verbis
769 5640 974 5699 redolet
1003 5639 1109 5698 mel
1134 5641 1281 5698 velut
1314 5639 1576 5695 Atticum.

461 5728 570 5802 Qui
601 5745 793 5805 pacem
815 5735 1013 5802 renuit,
1038 5735 1092 5790 in
1124 5734 1362 5790 tenebris
1389 5739 1594 5799 manet,

466 5825 537 5882 Et
558 5841 735 5884 caicus
758 5829 1010 5898 gradiens
1032 5829 1084 5882 in
1122 5827 1330 5883 foveam
1352 5826 1515 5882 cadit.

463 5920 598 5982 Nam
619 5922 826 5980 discors
849 5921 1013 5978 animi
1034 5919 1248 5978 turbida
1269 5921 1439 5978 motio

1901 3436 2295 3507 praeconiorum
2360 3433 2610 3488 laudibus
2660 3448 2724 3488 ac
2782 3435 3030 3506 benignis
3103 3434 3484 3490 devotionibus

1903 3527 2130 3584 exaltari
2157 3534 2214 3581 et
2253 3525 2512 3582 honorari
2554 3533 2798 3596 oportet;
2841 3526 3131 3581 Psalmista
3159 3542 3257 3581 nos
3289 3527 3488 3581 exhor-

1906 3634 2055 3681 tante
2077 3633 2240 3694 atque
2270 3624 2480 3680 dicente
2506 3640 2519 3675 :
2549 3622 2913 3691 Conﬁteantur
2937 3621 3162 3675 Domino
3192 3622 3489 3676 misericor-

1907 3718 2010 3786 dia
2037 3717 2169 3787 ejus,
2200 3723 2257 3771 et
2283 3713 2546 3768 mirabilia
2572 3714 2686 3783 ejus
2707 3712 2833 3781 [iliis
2862 3713 3132 3768 hominum
3159 3711 3334 3786 (Paul.
3359 3726 3445 3770 ενι
3467 3753 3482 3783 ,

1906 3808 2018 3880 21).
2047 3807 2144 3863 Cui
2166 3814 2221 3862 et
2238 3805 2373 3860 illud
2412 3803 2652 3860 concinit
2680 3803 2825 3874 quod
2868 3805 2921 3859 in
2953 3804 3370 3860 Deuteronomio
3407 3804 3485 3862 lev-

1908 3899 2087 3972 gitur:
2116 3896 2236 3968 Ipse
2260 3906 2334 3950 est
2360 3895 2478 3950 laus
2519 3904 2613 3948 tua
2649 3903 2696 3948 et
2736 3893 2878 3949 Deus
2917 3903 3060 3960 tuus,
3111 3895 3201 3965 qui
3233 3895 3354 3964 fecit
3395 3894 3492 3950 tibi

1908 3975 2018 4046 lucc
2045 3987 2309 4061 magnalia
2353 3996 2402 4042 et
2449 3985 2729 4054 terribilia,
2779 3998 2896 4057 qua
2941 3986 3181 4041 viderunt
3226 3987 3367 4042 oculi
3414 3987 3492 4042 tui

1910 4088 2090 4159 (Deut.
2135 4102 2190 4153 x,
2233 4083 2346 4156 21).
2391 4082 2547 4140 Unde
2570 4092 2625 4140 et
2664 4083 2833 4139 Israel
2861 4083 3090 4155 populus
3125 4083 3261 4138 duce
3304 4081 3489 4152 Moyse

1908 4180 2243 4250 pertransito
2265 4178 2400 4234 mari
2429 4177 2641 4244 Rubro,
2675 4177 3080 4248 submersisque
3105 4177 3299 4247 pelago
3325 4175 3492 4246 Egy-

1911 4274 2060 4343 ptiis,
2087 4272 2355 4327 canticum
2381 4270 2758 4326 exsultationis
2780 4269 3010 4326 Domino
3037 4268 3340 4338 personuit,
3359 4267 3488 4335 quia

1914 4363 2030 4433 ejus
2057 4362 2340 4433 magniﬁca
2364 4363 2420 4416 in
2449 4377 2506 4418 se
2539 4361 2802 4417 beneﬁcia
2825 4361 3116 4432 persensit.
3147 4358 3287 4425 Quid
3312 4366 3491 4412 autem

1919 4455 2150 4511 referam
2183 4454 2249 4508 de
2297 4452 2520 4507 famosis
2557 4463 2613 4507 et
2656 4453 2861 4506 sanctis
2903 4450 3130 4504 ducibus
3173 4464 3237 4504 ac
3275 4447 3494 4519 regibus

1919 4547 2161 4618 ejusdem
2189 4544 2393 4615 populi,
2417 4545 2509 4612 qui
2531 4544 2746 4615 quoties
2773 4544 2840 4597 de
2876 4541 3126 4596 manibus
3152 4541 3492 4597 inimicorum

1918 4639 2149 4703 liberati,
2179 4637 2262 4691 vel
2287 4637 2353 4691 de
2373 4635 2619 4691 hostibus
2643 4633 2861 4689 fuerunt
2889 4633 3189 4700 victoriosi,
3215 4633 3493 4691 liberatori

1915 4740 1969 4790 et
1997 4727 2290 4802 protectori
2314 4740 2413 4782 suo
2440 4733 2548 4780 tam
2577 4725 2861 4796 hymnicas
2884 4724 3072 4780 laudes
3099 4729 3263 4794 quam
3302 4724 3494 4796 paciﬁ-

1915 4839 2009 4880 cas
2038 4821 2248 4877 hostias
2275 4827 2579 4887 czeteraque
2604 4824 2728 4873 vota
2753 4817 2983 4873 Domino
3021 4816 3373 4888 acceptabiiia
3406 4829 3495 4869 res

1914 4909 2263 4967 tribuebant?
2286 4908 2430 4964 Inter
2466 4922 2604 4978 quos
2628 4907 2718 4963 ille
2759 4907 2986 4966 devotus
3018 4906 3364 4978 hymnidicus
3392 4907 3496 4960 Da-

1916 5003 2006 5058 vid
2039 4997 2138 5073 pro
2166 4999 2374 5055 collatis
2412 4999 2517 5054 sibi
2554 5015 2585 5054 a
2629 4999 2858 5055 Domino
2886 4998 3164 5055 beneﬁciis
3199 4996 3495 5066 spirituali-

1919 5101 2004 5148 ter
2051 5091 2329 5146 exsultans
2377 5091 2556 5146 aiebat
2599 5107 2612 5146 :
2676 5088 2910 5145 Cantaba
2953 5087 3176 5143 Domino
3228 5085 3319 5156 qui
3365 5086 3497 5141 bona

1921 5183 2103 5238 tribuit
2154 5180 2306 5246 mihi,
2369 5190 2416 5235 et
2477 5177 2703 5252 psallam
2744 5181 2943 5236 nomini
2989 5177 3205 5233 Domini
3250 5175 3494 5231 altissimi

1923 5272 2096 5346 (Psal.
2120 5289 2218 5340 xu,
2233 5271 2309 5344 6).
2327 5271 2464 5328 Hinc
2485 5272 2576 5326 ille
2588 5271 2816 5344 populus
2835 5284 2934 5342 per
2946 5266 3157 5324 Nahum
3175 5267 3497 5337 pmphetam

1925 5364 2248 5420 admonetur
2306 5363 2576 5420 dicentem
2621 5381 2634 5418 :
2693 5360 2931 5427 Celebra,
2983 5357 3150 5432 Iuda,
3198 5357 3498 5428 festivitates

1925 5441 2061 5520 tuas,
2091 5465 2139 5510 et
2177 5455 2334 5510 redde
2376 5465 2494 5510 vota
2537 5463 2632 5508 tua
2680 5451 2850 5525 (Nati.
2881 5467 2935 5518 ι,
2967 5449 3078 5522 15).
3119 5449 3330 5518 Quanta
3370 5464 3499 5505 vero

1924 5548 2066 5604 bona
2087 5547 2203 5619 ipsa
2223 5547 2376 5619 plebs
2405 5545 2616 5602 Domini
2644 5543 3092 5613 consequebatur,
3120 5558 3217 5614 per
3240 5541 3356 5598 Joel
3375 5557 3493 5613 pro-

1924 5641 2144 5713 phetam
2173 5635 2414 5696 breviter
2439 5639 2512 5694 ita
2550 5638 2914 5695 describitur:
2963 5635 3030 5690 Et
3077 5623 3354 5692 comedetis
3392 5652 3494 5691 ves-

1927 5741 2099 5788 centes
2120 5741 2167 5788 et
2198 5731 2587 5798 saturabimini,
2615 5738 2662 5784 et
2691 5728 2974 5784 laudabitis
3001 5745 3192 5786 nomen
3229 5728 3326 5800 Dei
3345 5737 3500 5782 vestri

1927 5821 2016 5894 qui
2043 5824 2162 5895 fecit
2189 5823 2450 5878 vobiscum
2493 5822 2774 5886 mirabilia,
2808 5829 2856 5875 et
2897 5837 2999 5875 non
3041 5818 3478 5892 confundeturpo

1927 5915 2082 5985 pulns
2112 5933 2253 5971 mcus
2279 5918 2330 5970 in
2364 5927 2613 5971 numnum
2643 5913 2801 5987 (Jocl.
2830 5919 2899 5981 II’,
2933 5911 3048 5984 2'3).
