4046 6332
552 354 656 410 327

1937 339 2209 420 sanum
2245 342 2445 403 SCOTI

3729 339 3843 400 528

625 465 736 523 Sed
763 470 820 522 et
859 464 915 521 in
959 463 1095 522 Novi
1133 462 1469 523 Testamenti
1514 470 1759 536 tempore
1805 463 1960 520 multi
2005 480 2136 520 san-
2164 467 2219 527 Α
2241 460 2396 517 rimis
2445 443 2742 518 hdnoribus
2791 455 3064 515 sublimat.
3100 453 3440 513 Theodosius
3483 469 3710 528 quoque
3747 455 3843 512 lux

553 558 780 615 ctissimi
828 566 1094 624 rectores,
1132 559 1518 615 beneﬁciorum
1561 556 1825 612 Altissimi
1871 571 1978 612 non
2021 554 2139 612 fue-

553 659 681 704 runt
717 649 1096 714 immemores;
1142 649 1238 704 sed
1289 659 1494 720 quanto
1541 647 1755 704 caeteris
1802 647 1982 701 divina
2029 644 2138 700 lar-

553 745 734 814 giente
776 743 952 815 gratia
1011 742 1268 798 fortiores
1317 742 1628 798 eminebant
1665 748 1722 795 et
1771 739 2133 811 gloriosiores,

554 846 706 892 tanto
732 839 904 909 magis
927 835 1294 908 Omnipotenti
1316 836 1508 907 dignos
1537 832 2021 904 recompensabant
2047 833 2139 886 ho-

554 945 748 994 nores;
799 929 976 999 qualis
1018 937 1139 983 erat
1185 942 1414 998 magnus
1469 934 1523 980 et
1570 925 1806 995 optimus
1846 924 2140 994 imperator

555 1018 964 1086 Constantinus,
996 1020 1089 1089 qui
1119 1018 1317 1089 insigni
1337 1018 1542 1089 pietate
1567 1017 1874 1080 decoratus,
1902 1027 2139 1083 superna

556 1112 875 1183 disponente
905 1111 1262 1182 providentia,
1305 1111 1509 1182 potitus
1538 1115 1621 1164 est
1643 1109 1858 1178 Eur0pa
1887 1106 2140 1161 universa

555 1211 720 1274 atque
756 1204 954 1275 Libya;
984 1219 1148 1274 super
1176 1203 1276 1259 has
1302 1204 1470 1259 etiam
1500 1202 1799 1257 maximam
1827 1200 1970 1254 Asia:
2015 1214 2141 1268 par-

555 1302 665 1351 tem
701 1303 912 1362 tenens,
960 1294 1230 1364 subjectos
1276 1294 1465 1350 habuit
1507 1293 1712 1363 ubique
1758 1292 1998 1347 devotos.
2035 1288 2143 1345 Sed

554 1387 721 1443 etiam
751 1387 1108 1444 barbarorum
1155 1386 1247 1442 alii
1297 1385 1517 1455 quidem
1565 1391 1758 1453 sponte
1809 1382 2141 1448 serviebant,

552 1477 645 1532 alii
689 1477 908 1534 devicti.
943 1477 1156 1548 Ubique
1185 1475 1447 1546 triumphi
1490 1474 1838 1540 videbantur,
1868 1480 1924 1528 et
1963 1472 2144 1528 victor

553 1571 879 1628 cernebatur
917 1571 973 1626 in
1005 1570 1256 1626 omnibus
1285 1568 1602 1639 imperator,
1637 1567 1730 1639 qui
1757 1566 1951 1621 divinae
1976 1564 2142 1620 celsi-

553 1663 758 1719 tudinis
809 1664 1108 1736 potentiam
1138 1677 1472 1734 cognoscens
1525 1669 1687 1730 atque
1746 1659 2040 1726 admirans,
2088 1665 2144 1714 et

554 1763 706 1810 tanta
735 1754 836 1810 sibi
873 1763 930 1810 et
957 1755 1198 1810 humano
1221 1754 1409 1825 generi
1446 1753 1641 1810 collata
1673 1768 1772 1823 per
1791 1751 2143 1823 Omnipoten-

553 1846 626 1900 tis
691 1845 923 1916 gratiam
980 1844 1242 1908 beneﬁcia
1284 1858 1633 1910 enumerans,
1685 1843 1902 1898 divitias
1955 1842 2135 1897 divina
2163 1829 2212 1892 Β

553 1934 714 1991 laude
743 1944 906 2006 atque
940 1935 1160 1991 honoris
1189 1934 1357 2006 gloria
1379 1934 1608 1990 refertas
1641 1934 1697 1988 in
1738 1935 1884 1989 hunc
1919 1932 2141 1988 modum

555 2027 844 2098 descripsit
877 2027 1102 2082 dicens:
1145 2025 1584 2082 Sacratissimam
1620 2025 1930 2082 custodiens
1956 2024 2138 2090 ﬁdem,

553 2119 800 2175 veritatis
826 2119 946 2174 luce
969 2119 1320 2189 participatus
1347 2133 1465 2173 sum
1491 2135 1505 2185 ;
1533 2117 1754 2174 luminis
1779 2119 2014 2174 veritate
2043 2133 2144 2188 gu-

550 2209 831 2276 bernatus,
863 2225 1077 2266 sacram
1106 2225 1343 2282 agnosco
1386 2211 1570 2267 ﬁdem.
1600 2210 1845 2281 Denique
1885 2226 1984 2282 per
2012 2210 2139 2278 hoc,

553 2303 715 2361 sicuti
757 2318 846 2360 res
874 2304 993 2375 ipsa
1053 2305 1361 2369 confirmat,
1408 2304 1779 2360 venerabilem
1823 2304 2141 2374 religionem

553 2408 676 2451 esse
703 2395 1001 2465 conspicio,
1047 2405 1102 2449 et
1141 2394 1448 2450 doctrinam
1489 2395 1782 2466 agnitionis
1811 2395 2144 2452 sanctissimi

553 2487 651 2544 Dei
685 2488 936 2542 omnibus
957 2485 1297 2542 offerentem.
1342 2485 1514 2555 Hujus
1563 2487 1767 2542 cultum
1813 2503 1900 2544 me
1940 2489 2143 2544 habere

554 2580 835 2652 proﬁteor,
866 2579 994 2652 quia
1014 2577 1175 2649 hujus
1200 2579 1296 2634 Dei
1317 2578 1572 2634 virtutem
1595 2580 1650 2635 in
1679 2580 1883 2636 auxilio
1911 2581 2141 2648 habens,

555 2673 819 2729 inchoatis
851 2687 884 2727 a
925 2671 1126 2727 finibus
1151 2669 1375 2738 Oceani,
1403 2686 1620 2728 omnem
1647 2678 1917 2726 terrarum
1955 2671 2144 2726 orbem

554 2767 712 2822 ﬁrma
752 2781 846 2837 spe
875 2764 1066 2821 salutis
1103 2763 1334 2822 obtinui.
1384 2762 1539 2819 Hunc
1581 2764 1752 2820 Deum
1798 2763 1939 2828 colo,
1991 2763 2145 2834 cujus

553 2859 768 2930 signum
805 2858 916 2913 Deo
939 2857 1151 2914 dicatus
1174 2872 1328 2913 meus
1347 2856 1620 2912 exercitus
1653 2862 1839 2926 portat
1872 2854 1926 2909 in
1951 2854 2144 2911 hume-

556 2951 650 3016 ris,
674 2960 728 3005 et
745 2965 776 3004 a
804 2965 912 3021 quo
935 2949 1061 3006 dum
1083 2947 1233 3018 justo
1257 2963 1510 3004 sermone
1539 2947 1744 3018 aliquid
1774 2947 2018 3017 poscitur
2047 2947 2146 3002 im-

557 3052 819 3116 petratur.
871 3044 952 3100 Ex
978 3044 1111 3115 ipsis
1138 3052 1320 3098 autem
1364 3042 1582 3114 tr0pieis
1622 3039 1932 3113 insignibus
1979 3041 2145 3096 bene-

556 3136 679 3194 ﬁcia
708 3144 934 3207 repente
956 3135 1213 3205 suscipio.
1240 3133 1396 3190 Hunc
1427 3134 1616 3204 itaque
1647 3132 1817 3188 Deum
1845 3129 2143 3187 immortali

560 3229 828 3286 memoria
865 3243 954 3284 me
1002 3229 1275 3284 honorare
1322 3225 1602 3298 proﬁteor,
1651 3239 1886 3296 eumque
1932 3237 2142 3279 summa

556 3338 800 3396 puraque
821 3331 1004 3380 mente
1042 3337 1206 3394 super
1226 3321 1408 3377 omnia
1435 3336 1556 3378 esse
1580 3321 1766 3377 credo.
1804 3317 1961 3375 Hunc
1987 3317 2147 3374 incli-

557 3417 698 3475 natis
746 3416 972 3486 genibus
1020 3416 1308 3483 invocabo,
1377 3414 1469 3486 qui
1517 3429 1712 3486 puram
1770 3410 2144 3467 tantummodo

557 3519 796 3567 mentem
821 3517 877 3566 et
898 3509 1301 3566 immaculatam
1325 3507 1565 3564 animam
1587 3507 1656 3563 ab
1679 3505 1933 3564 omnibus
1953 3503 2139 3576 exigit;

508 3623 509 3626 η
559 3603 781 3658 virtutis
808 3609 864 3658 et
896 3602 1116 3673 pietatis
1143 3610 1300 3659 actus
1324 3601 1586 3671 exquirit,
1627 3595 2060 3654 mansuetudinis
2089 3605 2145 3652 et

557 3695 859 3752 clementiae
890 3693 1194 3751 delectatur
1233 3694 1510 3766 operibus,
1558 3692 1721 3748 mites
1761 3699 1932 3758 amat,
1979 3689 2146 3746 habet

559 3786 682 3842 odio
706 3785 1070 3855 turbulentos,
1094 3786 1271 3859 diligit
1293 3787 1474 3853 ﬁdem,
1500 3784 1656 3856 punit
1689 3782 1998 3854 perﬁdiam,
2030 3796 2148 3838 om-

560 3892 795 3948 nemque
823 3878 1124 3948 potentiam
1149 3893 1276 3934 cum
1313 3876 1458 3933 fastu
1501 3875 1752 3945 despicit,
1789 3874 2147 3945 superborum

561 3969 717 4039 punit
737 3969 1109 4038 asperitatem,
1133 3969 1201 4024 ad
1221 3967 1421 4024 fastum
1443 3967 1684 4023 elevatos
1709 3966 1948 4037 perimit,
1973 3965 2149 4022 humi-

563 4056 705 4113 libus
715 4065 896 4112 autem
913 4072 979 4112 ac
993 4057 1326 4128 patientibus
1339 4058 1500 4126 digna
1514 4056 1790 4112 retribuit.
1812 4054 2021 4123 Quibus
2039 4071 2151 4112 om-

564 4150 726 4206 nibus
764 4149 1143 4217 consideratis,
1183 4149 1384 4206 multas
1408 4150 1520 4206 Deo
1547 4149 1728 4206 refero
1765 4149 1990 4221 gratias,
2017 4165 2152 4222 quo-

565 4244 713 4299 niam
763 4244 974 4315 integra
1019 4243 1360 4315 providentia
1409 4258 1571 4300 omne
1623 4259 1792 4317 genus
1853 4245 2151 4302 humanum

563 4332 748 4390 colens
796 4332 973 4404 legem
1023 4332 1281 4404 divinam,
1331 4331 1542 4391 reddita
1587 4334 1690 4392 sibi
1728 4349 1863 4407 pace
1896 4335 2153 4394 decenter

562 4425 816 4483 exsultet.
1845 4412 1852 4418 ”

634 4519 704 4575 Et
725 4519 844 4574 haec
869 4518 1089 4590 quidem
1131 4518 1410 4590 piissimus
1439 4526 1603 4590 atque
1647 4519 2149 4579 Christianissimus

564 4613 861 4682 imperator
882 4613 1016 4668 dans
1042 4609 1271 4681 gloriam
1297 4613 1407 4667 Deo
1431 4627 1531 4683 pro
1563 4612 1844 4669 immensis
1864 4612 2033 4683 ipsius
2058 4614 2149 4669 be-

566 4702 776 4760 neﬁciis
807 4701 1038 4758 dicebat.
1074 4700 1208 4768 Quis
1229 4702 1374 4758 enim
1401 4713 1584 4760 rector
1606 4706 1707 4760 sub
1727 4703 2028 4761 Christiani
2052 4720 2150 4762 no-

565 4796 728 4853 minis
748 4794 907 4851 titulo
947 4793 1255 4864 iusignitus,
1287 4804 1450 4868 atque
1481 4797 1549 4852 ab
1583 4795 1811 4852 infantia
1841 4795 2008 4853 tutela
2035 4813 2151 4853 ma-

566 4889 666 4945 tris
695 4886 949 4943 Ecclesiae
975 4886 1142 4942 ubere
1182 4885 1322 4944 lacte
1363 4888 1487 4943 sinu
1515 4887 1793 4954 educatus,
1819 4895 1874 4943 et
1910 4887 1964 4943 in
1992 4887 2147 4958 prin-

565 4984 725 5056 cipali
789 4981 1068 5054 dignitatis
1133 4982 1284 5053 apice
1339 4982 1526 5038 divina
1603 4984 1922 5055 disponente
1973 4985 2150 5056 gratia

566 5079 909 5144 sublimatus,
949 5092 1059 5132 non
1086 5075 1291 5149 jugiter
1329 5075 1697 5149 Omnipotenti
1733 5077 1982 5134 victimas
2021 5093 2148 5150 gra-

570 5169 768 5225 tiarum
799 5169 1010 5237 ofl'eret,
1056 5184 1167 5226 non
1214 5168 1358 5225 illius
1383 5169 1647 5226 voluntati
1681 5169 1961 5226 humiliter
1990 5179 2152 5240 atque

568 5266 824 5318 ardenter
843 5263 1085 5330 obedire,
1115 5271 1170 5320 et
1208 5263 1414 5320 sanctis
1441 5264 1556 5336 ejus
1590 5264 1762 5322 servis
1801 5264 2020 5334 placare
2043 5280 2152 5320 non

569 5369 895 5426 magnopere
916 5357 1239 5415 contendet?
1280 5358 1326 5414 si
1356 5374 1452 5414 rex
1482 5357 1679 5429 impius
1717 5355 2151 5414 Nabuchodono-

568 5464 663 5505 sor
683 5447 853 5506 Deum
875 5450 1043 5510 lsrael
1071 5453 1322 5521 honorat,
1353 5452 1398 5509 si
1440 5453 1749 5510 Alexander
1772 5451 1997 5524 Magnus
2023 5467 2153 5508 cum

569 5549 715 5598 esset
747 5545 1147 5616 paganissimus
1191 5545 1334 5602 illius
1365 5545 1625 5616 templum
1655 5545 1806 5610 adiit,
1851 5544 1998 5600 illius
2038 5559 2154 5600 ma-

563 5633 754 5708 jestati
773 5638 1042 5694 cervicem
1066 5639 1322 5706 subdidit,
1355 5655 1414 5696 se
1435 5639 1661 5711 genibus
1684 5637 2005 5710 provolutus
2031 5653 2156 5693 cur-

569 5737 685 5796 vat,
707 5731 774 5787 ab
798 5730 891 5786 illo
914 5729 1174 5787 auxilium
1202 5732 1479 5805 efﬂagitat,
1511 5731 1587 5789 illi
1611 5731 1857 5788 victimas
1879 5730 2152 5800 immolat,

564 5828 737 5921 atque
765 5825 988 5897 insuper
1016 5826 1188 5884 sancti
1214 5826 1528 5900 pontificem
1557 5827 1741 5905 templi
1765 5825 2000 5887 Jaddum
2042 5825 2157 5901 plu«

1446 5995 1560 6007 ςο-,ν

2239 553 2599 624 imperatoriae
2637 551 2915 625 dignitatis
2955 551 3348 617 sacratissima,
3398 564 3498 620 pro
3545 548 3844 606 beneﬁciis

2236 659 2270 701 a
2293 647 2403 701 Deo
2419 645 2521 700 sibi
2533 644 2747 699 collatis
2767 643 3129 700 creberrimas
3139 643 3344 715 gratias
3366 639 3665 706 referebat,
3694 640 3844 695 mul-

2239 740 2311 795 tis
2339 739 2636 794 honoribus
2683 737 2902 794 Christo
2928 753 3027 793 suo
3050 745 3176 793 vota
3217 750 3601 806 compensans,
3633 734 3847 803 quibus

2238 829 2443 886 Christi
2480 845 2666 886 amore
2704 829 2940 897 refertis,
2975 837 3086 884 tam
3126 826 3521 898 Hierosolymis
3570 824 3846 880 ecclesias

2238 924 2560 980 constitutas
2587 939 2750 995 quam
2774 939 2871 995 per
2897 923 3138 992 singulas
3165 920 3416 978 civitates
3455 919 3669 990 positas
3702 918 3848 973 mul-

2242 1020 2352 1068 tum
2384 1016 2691 1082 honoravit,
2731 1025 2787 1070 et
2823 1029 2947 1070 cum
2979 1011 3410 1086 Hierosolymam
3455 1018 3750 1082 pergeret,
3795 1017 3848 1065 et

2241 1121 2364 1161 cum
2390 1107 2566 1163 denuo
2597 1115 2884 1163 remearet.

2315 1197 2376 1254 Si
2405 1215 2511 1270 pax
2540 1200 2843 1271 proveniat,
2872 1215 2966 1256 seu
2987 1197 3248 1270 plaudant
3284 1195 3465 1268 ampla
3490 1204 3702 1268 trOpaea
3725 1235 3748 1263 ,

2385 1290 2619 1362 Arroget
2647 1291 2898 1346 incautus
2924 1290 3051 1345 talia
3081 1305 3242 1346 nemo
3270 1289 3396 1345 sibi.

2313 1379 2450 1437 Nam
2474 1383 2617 1439 Deus
2643 1382 3014 1448 omniereans,
3044 1382 3286 1454 ingratos
3309 1387 3469 1450 atque
3495 1377 3783 1450 superbos

2387 1475 2566 1532 Mente
2592 1476 2676 1531 sui
2698 1476 2878 1533 cordis
2899 1474 3107 1545 spernit
3127 1474 3330 1544 ubique
3355 1473 3541 1528 duces.

2319 1569 2509 1642 Diligit
2537 1578 2593 1626 et
2621 1570 2801 1636 mites,
2827 1577 3007 1641 grates
3027 1566 3366 1638 Dominoque
3393 1565 3656 1632 ferentes,

2387 1661 2554 1733 Cujus
2579 1661 2907 1732 multiplices
2935 1659 3312 1733 gratiﬁcantur
3337 1673 3488 1730 opes.

2316 1751 2453 1809 Nam
2475 1767 2652 1824 neque
2677 1753 2878 1809 divitire
2903 1752 3111 1808 faciunt
3139 1765 3316 1821 neque
3346 1765 3513 1820 regna
3539 1751 3783 1817 beatos,

2381 1843 2440 1900 Si
2471 1859 2579 1901 non
2606 1843 2938 1900 celsithrono
2959 1843 3075 1898 laus
3096 1842 3167 1898 sit
3206 1843 3489 1912 honorque
3520 1840 3704 1897 Patri.

2316 1935 2399 1995 Ob
2421 1936 2528 1992 hoc
2557 1935 2794 1992 eximius
2835 1937 3016 1992 divino
3042 1921 3269 1991 munere
3296 1935 3552 2006 princeps

2386 2011 2746 2102 Hymnidicas
2776 2029 2962 2085 laudes
2991 2037 3117 2085 vota
3151 2028 3370 2099 Deoque
3411 2028 3574 2082 ferat.

2316 2121 2458 2178 Dum
2487 2137 2595 2194 pax
2626 2121 2849 2188 arridet,
2897 2121 3137 2177 tumidus
3181 2121 3305 2176 dum
3344 2119 3608 2176 sternitur
3634 2116 3846 2187 hostis,

2384 2215 2526 2271 Dum
2557 2216 2725 2288 pollet
2745 2216 2903 2271 terris
2931 2215 3086 2287 copia
3111 2215 3269 2286 plena
3296 2214 3476 2281 bonis,

2315 2305 2456 2364 Dum
2483 2307 2628 2363 Deus
2649 2322 2716 2361 ex
2753 2306 2862 2362 allo
2890 2321 3074 2377 regem
3104 2306 3469 2377 populumque
3497 2304 3816 2377 triumphet

2386 2401 2670 2472 Magniﬁce
2696 2399 2910 2469 plebem
2938 2398 3287 2470 gloriﬁcando
3313 2415 3490 2455 suam.

2314 2494 2471 2550 Absit
2492 2492 2851 2548 murmurium
2870 2491 3088 2564 populo,
3117 2507 3241 2548 cum
3265 2507 3465 2548 manna
3500 2490 3786 2550 redundet

2386 2584 2720 2657 Tranquillae
2746 2585 2897 2657 pacis
2918 2584 3343 2656 multiplicisque
3367 2586 3519 2640 boni.

2315 2677 2540 2738 Cantica
2570 2677 2772 2734 laetitia:
2797 2677 2982 2748 potius
3005 2678 3269 2734 tollantur
3296 2677 3351 2734 in
3383 2685 3555 2746 astra,

2386 2769 2578 2825 Tantis
2611 2784 2712 2840 pro
2742 2768 2899 2826 donis
2939 2769 3262 2840 organizare
3289 2769 3464 2825 decet.

2316 2859 2554 2935 Spiritus
2583 2861 2926 2932 omnipotens
2949 2863 3100 2919 orbis
3129 2863 3259 2919 dum
3282 2862 3502 2918 climata
3535 2860 3732 2928 refert,

2390 2952 2531 3010 Dum
2560 2967 2777 3024 quoque
2798 2954 3092 3024 terrigenis
3119 2969 3286 3025 regna
3317 2968 3555 3024 superna
3588 2959 3812 3026 patent.

2876 3044 3028 3102 CAP.
3069 3046 3187 3102 XIX
3198 3086 3214 3102 .

2317 3138 2455 3196 Nam
2494 3139 2744 3212 quisquis
2772 3148 2858 3197 est
2896 3139 3134 3210 prudens
3176 3147 3232 3196 et
3280 3148 3505 3196 sanctus
3546 3138 3846 3196 Christiani

2246 3233 2432 3309 populi
2477 3233 2806 3301 dominator,
2843 3232 3235 3293 beneficiorum
3276 3232 3490 3289 Domini
3538 3247 3763 3303 semper
3790 3232 3850 3288 fit

2245 3341 2487 3394 memor;
2540 3325 2773 3395 ideoque
2835 3323 3088 3381 beneficii
3164 3323 3480 3396 largitorem
3543 3323 3847 3380 honoribus

2245 3419 2582 3494 magniﬁcat,
2617 3427 2780 3490 atque
2805 3420 3130 3475 honoratum
3166 3433 3225 3474 se
3255 3433 3374 3474 esse
3394 3417 3701 3488 cognoscit,
3732 3417 3848 3489 pia-

2247 3526 2354 3583 que
2385 3509 2669 3566 affectione
2703 3509 2769 3566 de
2809 3508 3108 3581 privilegiis
3137 3516 3192 3565 et
3216 3510 3395 3564 causis
3423 3515 3629 3563 sanctae
3655 3508 3848 3563 matris

2246 3603 2522 3670 Ecclesizn,
2552 3618 2675 3676 qua:
2701 3609 2786 3660 est
2823 3603 3022 3672 sponsa
3051 3601 3149 3657 Dei
3191 3601 3322 3668 vivi,
3364 3600 3763 3658 conservandis
3794 3609 3846 3655 et

2248 3698 2530 3771 augendis,
2559 3712 2662 3753 nec
2690 3712 2799 3753 non
2823 3679 2891 3753 de
2917 3697 3126 3753 honore
3149 3711 3215 3752 ac
3239 3695 3554 3753 reverentia
3583 3694 3840 3752 sacerdo-

2247 3791 2344 3847 tali
2378 3790 2702 3847 laudabilem
2739 3789 3161 3846 sollicitudinem
3200 3789 3387 3846 habet.
3418 3789 3575 3846 Tunc
3609 3789 3764 3844 enim
3791 3804 3844 3844 se

2247 3881 2464 3940 ﬁdelem
2498 3881 2596 3939 Dei
2626 3897 2750 3940 esse
2774 3881 3040 3939 cultorem
3078 3882 3336 3950 ostendit,
3367 3882 3497 3938 dum
3537 3880 3843 3937 Christiana

2251 3977 2536 4034 devotione
2567 3978 2831 4049 quidquid
2866 3977 2936 4034 ad
2961 3978 3228 4034 honorem
3265 3985 3321 4033 et
3358 3977 3594 4050 gloriam
3642 3975 3844 4032 Christi

2250 4077 2561 4141 sanctasque
2574 4070 2692 4141 ejus
2705 4069 2965 4127 Ecclesiae
2986 4070 3243 4141 pertinet,
3263 4066 3649 4126 ordinabiliter
3668 4066 3845 4138 dispo-

2251 4175 2384 4219 nere
2406 4161 2552 4218 ﬁdeli
2571 4176 2823 4219 sermone
2848 4162 3053 4230 studet,
3077 4177 3246 4232 seque
3264 4161 3517 4218 omnibus
3547 4159 3844 4214 adversita-

2253 4253 2419 4320 tibus,
2463 4255 2511 4310 si
2536 4269 2760 4311 necesse
2796 4253 2987 4321 fuerit,
3025 4255 3096 4310 ob
3123 4251 3491 4310 defensionem
3517 4250 3705 4322 populi
3729 4249 3841 4316 Dei,

2255 4353 2516 4418 tanquam
2552 4355 2768 4402 scutum
2807 4345 3019 4417 objicit,
3063 4346 3155 4421 qui
3207 4361 3264 4401 se
3303 4359 3573 4414 suumque
3616 4355 3843 4415 regnum

2254 4443 2437 4500 divina
2473 4443 2812 4516 protectione
2841 4441 3057 4498 defendi
3099 4449 3340 4514 exoptat.
3384 4439 3496 4496 Nec
3545 4447 3724 4496 cessat
3753 4453 3844 4494 au-

2254 4548 2383 4606 gere
2408 4534 2706 4590 honoribus
2743 4532 2840 4588 Dei
2862 4532 3188 4600 Ecclesiam,
3220 4532 3314 4602 qui
3333 4531 3450 4586 vult
3473 4545 3634 4586 suum
3665 4527 3844 4601 augeri

2253 4633 2307 4682 et
2335 4625 2656 4696 ampliﬁcari
2681 4624 2999 4695 imperium;
3022 4640 3088 4680 ac
3118 4625 3184 4680 de
3206 4637 3339 4695 pace
3357 4631 3413 4678 et
3434 4621 3729 4678 securitate
3757 4621 3844 4690 pia

2254 4714 2477 4774 solertia
2504 4722 2804 4787 pertractat
2829 4714 3222 4781 ecclesiastica,
3263 4714 3358 4785 qui
3389 4713 3766 4769 transitoriam
3795 4719 3845 4766 et

2253 4816 2514 4864 aeternam
2542 4821 2733 4879 pacem
2760 4821 2826 4861 ac
2859 4806 3213 4863 securitatem
3257 4805 3534 4862 desiderat
3570 4804 3839 4861 obtinere.

2255 4901 2342 4958 Sit
2364 4917 2494 4974 ergo
2521 4899 2678 4958 fortis
2703 4900 2948 4958 imitator
2973 4901 3214 4972 ipsorum
3241 4899 3572 4970 principum,
3601 4898 3696 4970 qui
3720 4906 3844 4952 ante

2253 4993 2433 5066 ipsum
2463 4992 2612 5064 juste
2651 5001 2707 5050 et
2727 4993 2814 5066 pie
2843 4994 2900 5049 in
2927 4993 3204 5050 voluntate
3231 4993 3328 5049 Dei
3359 5001 3747 5065 regnaverunt,
3793 4997 3846 5045 et

2255 5086 2624 5146 Christianum
2687 5087 2947 5160 populum
3006 5089 3146 5144 bene
3198 5093 3478 5152 rexerunt,
3531 5084 3846 5153 Christique

2254 5178 2558 5236 Ecclesiam
2583 5188 2886 5250 opportuno
2917 5179 3109 5235 solatio
3156 5177 3431 5245 foverunt,
3463 5177 3562 5232 Dei
3592 5177 3843 5233 timore

2253 5278 2312 5328 et
2335 5269 2575 5327 caelestis
2595 5271 3048 5329 remunerationis
3069 5286 3221 5343 spem
3241 5285 3478 5342 semper,
3505 5279 3630 5325 ante
3658 5268 3846 5327 oculos

2255 5363 2539 5431 habentes,
2582 5371 2640 5422 et
2674 5365 2858 5420 omnia
2887 5379 3008 5435 quae
3048 5364 3282 5435 agebant
3311 5363 3425 5419 sive
3463 5363 3844 5434 disponebant,

2255 5458 2551 5514 secundum
2573 5458 2908 5514 voluntatem
2927 5458 3044 5530 ejus
3069 5457 3333 5528 perﬁcere
3355 5456 3708 5527 festinantes,
3739 5473 3846 5515 non

2253 5565 2549 5622 pravorum
2576 5553 2950 5624 iniquitatibus
2981 5555 3406 5619 consentientes,
3453 5555 3551 5610 sed
3579 5569 3752 5626 prava
3795 5556 3848 5610 in

2257 5641 2464 5699 directa
2490 5660 2702 5701 summo
2745 5645 2924 5702 studio
2965 5645 3261 5702 secundum
3308 5645 3573 5701 trutinam
3621 5645 3850 5715 iustitia:

2255 5739 2668 5797 transferentes.
2704 5739 2960 5798 Sciebant
2982 5741 3128 5798 enim
3156 5741 3285 5814 quia
3312 5741 3406 5813 qui
3435 5739 3736 5796 emendare
3756 5755 3851 5811 po—

2256 5831 2735 5928 testetgnegligit,
2771 5833 3092 5906 participem
3130 5847 3190 5892 se
3237 5831 3426 5904 procul
3463 5829 3634 5890 dubio
3663 5826 3860 5912 delicti
