4046 6332
178 384 292 442 329

1164 374 1366 435 LIBER
1401 374 1492 432 DE
1528 366 1972 432 RECTORIBUS
2007 369 2457 435 CHRISTIANIS,

3339 371 3448 433 330

175 496 483 565 eonttituit,
537 495 805 569 quomodo
855 495 911 549 in
954 493 1109 550 libris
1148 491 1359 564 Regum
1395 497 1650 546 narratur
1693 490 1762 546 de
1785 497 1840 554 Α
1863 488 2180 545 servitutem
2222 500 2515 558 congruam
2545 484 2664 558 regi
2696 485 3000 544 orthodoxe
3028 487 3096 543 de
3135 490 3298 545 rebus
3326 508 3450 563 qua

177 589 292 645 Heli
321 587 626 650 sacerdote,
655 586 749 656 qui
776 583 900 640 ﬁliis
941 585 1053 640 suis
1095 583 1151 638 in
1181 581 1329 638 cultu
1371 581 1555 638 divino
1591 579 1764 636 delin-

175 679 488 751 quentibus,
515 686 571 733 et
603 676 803 748 populo
834 675 1136 731 oblationes
1187 688 1315 728 suas
1357 672 1469 728 Deo
1513 670 1763 728 oﬁ’erenti

174 769 283 823 vim
314 767 657 833 facientibus,
686 768 906 838 insuper
932 775 988 822 et
1017 781 1141 821 cum
1168 765 1485 821 mulieribus
1529 780 1649 836 qua:
1671 763 1766 819 ob-

174 860 463 922 servabant
485 859 552 914 ad
576 859 776 914 ostium
803 857 1132 913 tabernaculi
1158 856 1555 912 dormientibus
1574 871 1764 926 peper-

174 953 270 1018 cit,
293 960 349 1008 et
372 969 480 1008 non
505 967 601 1008 eos
644 953 968 1008 auctoritate
993 961 1222 1022 paterna
1252 952 1456 1007 acriter
1477 951 1759 1020 corripuit.

177 1041 389 1110 Quanta
427 1041 668 1097 vindicta
710 1056 873 1112 super
901 1056 996 1097 eos
1037 1041 1205 1106 venit,
1235 1049 1293 1096 et
1344 1055 1507 1111 super
1550 1053 1767 1094 omnem

175 1134 462 1206 populum!
491 1134 756 1202 Quoniam
782 1135 970 1191 traditi
997 1143 1123 1190 sunt
1149 1135 1253 1206 ipsi
1299 1134 1397 1188 ﬁlii
1438 1133 1598 1190 simul
1639 1149 1763 1188 cum

176 1240 300 1280 arca
342 1225 553 1280 Domini
593 1234 648 1282 et
693 1226 976 1282 universus
999 1226 1233 1298 populus
1267 1226 1322 1280 in
1353 1241 1550 1281 manus
1598 1223 1766 1280 Phili-

174 1318 375 1383 sthiim,
411 1327 466 1373 et
487 1335 655 1375 czrsus
680 1327 762 1374 est
784 1318 945 1376 Israel
963 1319 1120 1390 plaga
1151 1333 1345 1389 magna
1374 1318 1558 1385 nimis,
1591 1318 1669 1372 ita
1697 1324 1759 1372 ut

175 1410 397 1482 triginta
422 1409 587 1465 millia
615 1410 852 1481 peditum
900 1410 974 1466 ibi
1009 1411 1354 1474 cecidissent,
1402 1409 1580 1480 quoad
1627 1423 1759 1464 arca

174 1497 385 1554 Domini
411 1507 567 1570 capta
597 1507 698 1554 est.
724 1501 839 1555 Duo
874 1515 1089 1571 quoque
1131 1499 1227 1556 ﬁlii
1281 1497 1423 1564 Heli,
1477 1498 1682 1568 Ophni'
1710 1503 1765 1553 et

174 1587 423 1656 Phinees,
451 1591 652 1646 mortui
683 1599 829 1656 sunt,
863 1591 1085 1662 ipseque
1116 1591 1234 1646 Heli
1262 1605 1388 1646 cum
1427 1591 1640 1646 audiret
1667 1605 1760 1645 ar-

175 1693 292 1733 cam
314 1677 410 1733 Dei
451 1687 661 1749 captam
708 1688 762 1734 et
793 1677 932 1735 ﬁlios
972 1695 1098 1736 suos
1139 1688 1404 1747 mortuos,
1453 1679 1648 1735 cecidit
1692 1679 1762 1734 de

174 1770 304 1826 sella
344 1780 662 1839 retrorsum,
695 1781 749 1828 et
793 1770 985 1828 fractis
1013 1773 1318 1830 cervicibus
1356 1781 1606 1828 mortuus
1633 1779 1754 1837 est;

1865 588 2157 650 supersunt
2190 577 2518 646 exhibeant;
2543 587 2607 633 ut
2636 577 2814 649 primo
2842 580 3034 636 ordine
3076 581 3174 636 ﬁat
3199 585 3344 654 quod
3375 585 3446 641 ad

1865 671 2139 739 divinum,
2169 679 2226 727 et
2257 672 2314 727 in
2353 672 2600 743 sequenti
2621 673 2766 742 quod
2791 673 2860 728 ad
2883 673 3176 729 humanum
3208 677 3450 746 pertinet

1864 765 2204 835 obsequium.
2245 763 2382 819 Nam
2419 765 2465 819 si
2499 765 2722 834 provida
2769 764 2990 821 solertia
3032 780 3159 837 erga
3200 768 3448 824 carnales

1866 857 2063 913 milites
2092 872 2224 913 cura
2256 857 2328 913 sit
2371 857 2695 925 exhibenda,
2726 867 2993 928 quatenus
3017 860 3098 914 eis
3123 869 3316 917 cuncta
3346 877 3444 917 ne—

1864 952 2102 1007 cessaris
2131 958 2422 1021 erogentur
2457 949 2764 1021 impendia;
2799 959 2853 1005 et
2881 952 2973 1022 qui
3005 951 3125 1022 plus
3154 953 3209 1006 in
3239 952 3449 1008 bellicis

1865 1041 2187 1096 tumultibus
2229 1039 2498 1107 laborant,
2539 1050 2596 1097 et
2651 1043 2717 1097 ad
2747 1041 3050 1112 profectum
3091 1044 3170 1099 rei
3216 1043 3450 1114 publicae

1866 1134 2169 1191 devotiores
2215 1141 2270 1189 et
2311 1133 2580 1198 fortiores,
2612 1142 2776 1204 atque
2824 1135 3068 1190 utiliores
3117 1135 3273 1202 ﬁunt,
3327 1135 3451 1207 plus

1865 1227 2139 1282 mercedis
2167 1235 2224 1282 et
2251 1226 2477 1284 honoris
2504 1226 2808 1296 accipiunt;
2835 1236 3039 1298 quanto
3062 1229 3233 1300 magis
3262 1229 3452 1300 provi-

1866 1308 2099 1382 dendum
2138 1321 2206 1377 de
2240 1321 2615 1391 spiritualibus
2657 1321 2858 1377 Christi
2891 1323 3174 1390 militibus,
3219 1338 3453 1392 quorum

1867 1412 2079 1468 sanctis
2103 1411 2379 1468 laboribus
2406 1421 2462 1466 et
2483 1411 2822 1467 orationibus
2842 1412 2958 1483 ipsa
2987 1427 3074 1468 res
3100 1411 3313 1484 publica
3339 1427 3454 1467 ser-

1865 1511 2032 1558 vatur
2073 1501 2360 1558 incolumis
2402 1510 2458 1558 et
2487 1501 2698 1558 illzesa?
2737 1501 2933 1558 Hostes
2961 1517 3174 1573 quoque
3214 1503 3456 1558 visibiles

1865 1602 1921 1649 et
1956 1593 2256 1650 invisibiles
2283 1600 2634 1662 superantur,
2665 1593 2821 1663 copia
2857 1607 3043 1648 rerum
3072 1593 3456 1664 temporalium

1863 1699 1990 1740 cum
2024 1683 2400 1754 prosperitatis
2441 1689 2639 1738 eventu
2677 1680 3003 1738 cumulatur.
3055 1681 3242 1738 Sancti
3280 1682 3456 1754 angeli

1864 1775 1920 1830 in
1969 1773 2298 1844 adjutorium
2343 1773 2541 1845 popqu
2592 1773 2911 1840 invitantur,
2973 1775 3244 1830 serenitas
3299 1775 3456 1844 pacis

173 1864 360 1934 sicque
397 1864 763 1921 sacerdotium
795 1865 863 1920 ab
895 1863 1011 1934 ejus
1039 1865 1196 1920 domo
1237 1865 1477 1920 ablatum
1509 1863 1579 1919 ad
1605 1863 1766 1919 aliam
1794 1857 1842 1916 B
1873 1865 2148 1932 redditur,
2202 1866 2491 1936 imperium
2531 1864 2912 1936 ampliﬁcatur.
2967 1863 3249 1920 Postremo
3303 1865 3454 1936 regia

173 1953 391 2010 domum
423 1953 745 2010 translatum
773 1962 890 2020 est;
917 1967 1018 2009 nec
1048 1954 1336 2024 quisquam
1365 1953 1432 2008 de
1453 1953 1624 2023 stirpe
1646 1951 1765 2008 Heli

171 2044 314 2101 ultra
345 2046 400 2102 in
438 2045 640 2116 templo
666 2045 883 2102 Domini
913 2043 1268 2099 ministravit.
1444 2068 1475 2095 ς

252 2140 574 2210 Hoc'itaque
596 2138 845 2209 exemplo
867 2145 923 2194 et
943 2136 1064 2193 aliis
1087 2136 1374 2204 similibus,
1399 2151 1521 2207 quae
1543 2136 1600 2190 in
1621 2133 1768 2191 Scri-

171 2237 355 2308 pturis
399 2234 571 2291 sacris
612 2233 924 2289 referuntur
972 2230 1350 2296 consideratis,
1407 2228 1764 2285 sacratissimi

169 2327 450 2399 principes
490 2335 654 2398 atque
699 2333 940 2382 rectores
981 2339 1087 2379 non
1130 2322 1468 2394 recipiebant
1501 2334 1764 2392 personas

173 2419 545 2486 adulatorum,
569 2419 675 2475 mel
697 2418 998 2474 dulcedinis
1025 2416 1317 2473 verborum
1337 2428 1520 2486 prava:
1538 2428 1764 2486 persua-

175 2510 346 2568 sionis
393 2524 601 2566 veneno
649 2507 1161 2573 intermiscentium,
1206 2523 1307 2563 nec
1351 2505 1764 2562 consentiebant

176 2599 459 2658 fraudibus
496 2601 806 2670 iniquorum
858 2599 1110 2670 nequiter
1151 2597 1580 2664 blandientium;
1627 2610 1764 2667 quo-

177 2694 320 2750 niam
349 2693 393 2747 si
425 2691 533 2747 illis
562 2691 935 2748 consentiatur
983 2691 1039 2745 in
1078 2688 1276 2744 talibus
1322 2688 1612 2759 nequitiis,
1652 2703 1761 2743 non

179 2784 351 2840 solum
373 2783 473 2854 ipsi
496 2791 802 2855 peccantes,
829 2783 926 2839 sed
951 2789 1008 2838 et
1026 2781 1107 2837 eis
1130 2780 1532 2837 consentientes
1555 2779 1763 2851 pariter

179 2875 495 2932 interibunt.
525 2875 606 2931 Ac
622 2875 750 2931 boni
775 2883 831 2930 et
856 2874 1150 2946 prudentes
1173 2886 1352 2944 reges,-
1374 2871 1631 2942 quoniam
1654 2869 1759 2941 ipsi

183 2975 328 3024 recte
354 2967 566 3034 vivunt,
592 2967 683 3038 pio
705 2967 821 3023 zelo
839 2967 1263 3039 prmvaricantes
1291 2963 1762 3036 disciplinahiliter

182 3061 516 3133 redarguunt
551 3070 607 3116 et
637 3061 952 3130 corrigunt;
977 3059 1122 3114 unde
1150 3058 1254 3114 sibi
1282 3056 1551 3128 duplicem
1587 3071 1762 3111 remu-

181 3154 480 3211 nerationis
505 3165 536 3208 a
583 3152 810 3209 Domino
838 3151 1072 3223 palmam
1105 3149 1416 3221 acquirunt,
1449 3149 1577 3205 dum
1616 3147 1758 3205 male

181 3248 236 3303 in
259 3247 516 3317 subjectis
546 3245 891 3318 redarguere,
925 3253 979 3301 et
1003 3244 1222 3301 eosdem
1247 3242 1313 3298 ad
1340 3243 1482 3298 bona
1512 3242 1678 3298 verbo
1706 3248 1762 3298 et
1788 3224 1834 3288 C

183 3341 442 3413 exemplis
466 3353 764 3412 provocare
785 3339 1024 3394 student.
1053 3333 1281 3406 Oportet
1299 3335 1446 3390 enim
1482 3333 1594 3390 Deo
1617 3349 1766 3388 ama-

181 3433 344 3489 bilem
383 3417 726 3501 regnatorem
746 3471 762 3496 ,
798 3443 959 3500 quem
991 3427 1172 3483 divina
1197 3424 1470 3483 ordinatio
1503 3431 1764 3494 tanquam

184 3525 449 3582 vicarium
473 3540 631 3580 suum
650 3524 705 3578 in
729 3521 993 3594 regimine
1019 3517 1276 3575 Ecclesiae
1299 3533 1410 3573 sure
1431 3531 1552 3572 esse
1571 3513 1762 3580 voluit,

182 3628 238 3677 et
261 3625 583 3690 potestatem
619 3616 668 3671 ei
705 3629 866 3686 super
896 3622 1185 3682 utrumque
1229 3609 1478 3666 ordinem
1514 3607 1767 3677 praelato-

184 3724 313 3765 rum
355 3716 413 3764 et
454 3705 786 3762 subditorum
819 3704 1028 3769 tribuit,
1073 3709 1135 3756 ut
1162 3700 1388 3771 singulis
1422 3697 1674 3768 personis
1696 3695 1768 3765 {et

181 3817 310 3874 quae
340 3799 489 3871 justa
523 3805 647 3854 sunt
684 3799 962 3862 decernat,
1011 3801 1067 3848 et
1109 3793 1208 3848 sub
1238 3806 1335 3847 sua
1366 3788 1768 3859 dispensatione

183 3895 338 3968 prior
359 3895 495 3949 ordo
513 3891 703 3948 devote
716 3888 1015 3946 obediendo
1036 3885 1265 3942 ﬁdeliter
1291 3882 1541 3938 subditus
1563 3879 1674 3935 ﬁat.
1701 3879 1770 3934 Et

185 3988 311 4044 ideo
341 3987 395 4041 in
424 3985 569 4042 bono
611 3991 822 4040 rectore
852 3980 1013 4036 debet
1039 3977 1325 4034 laudabilis
1369 3977 1595 4030 intentio
1623 3989 1766 4040 esse,

185 4087 244 4136 et
277 4079 420 4134 bono
459 4075 640 4132 studio
670 4074 800 4152 illud
825 4071 1112 4144 providere
1134 4111 1150 4137 ,
1198 4077 1466 4140 quatenus
1492 4065 1766 4138 praepositi

182 4170 544 4229 ecclesiarum
561 4169 660 4223 Dei
683 4183 841 4223 suum
862 4165 1039 4221 locum
1060 4163 1300 4235 legitime
1319 4169 1557 4227 teneant,
1583 4161 1770 4230 eisque

185 4265 257 4320 ad
287 4265 394 4319 hoc
418 4259 804 4319 adminiculum
831 4259 979 4330 regia
1006 4257 1291 4313 clementia
1317 4256 1544 4320 tribuat,
1570 4261 1632 4309 ut
1653 4252 1770 4309 oili-

185 4357 339 4413 cium
366 4368 527 4412 suum
555 4353 853 4409 secundum
875 4349 1130 4405 mandata
1162 4347 1257 4403 Dei
1288 4356 1344 4403 et
1371 4359 1650 4400 sacrorum
1683 4358 1771 4399 ca-

187 4463 395 4505 nonum
422 4445 673 4502 instituta
702 4443 935 4514 pleniter
964 4455 1124 4510 agere
1151 4439 1399 4506 valeant;
1432 4452 1533 4494 nec
1566 4437 1646 4493 eis
1673 4452 1771 4492 sae-

184 4541 411 4599 culares
435 4545 733 4611 potestates
765 4534 1148 4606 impedimento
1175 4531 1340 4598 ﬁant,
1369 4531 1465 4586 sed
1488 4528 1669 4600 potius
1702 4527 1770 4582 ad

185 4633 358 4688 {idem
379 4630 476 4686 Dei
497 4627 820 4686 servandam
837 4633 892 4682 et
915 4625 1120 4681 cultum
1134 4624 1362 4696 iustitia:
1385 4621 1776 4693 perﬁciendum

183 4725 437 4780 faveant.
467 4721 716 4791 Ideoque,
735 4727 798 4774 ut
819 4719 873 4774 in
894 4717 1261 4790 superioribus
1286 4714 1657 4787 praediximus,
1681 4729 1778 4785 per

185 4813 448 4885 singulos
490 4827 659 4868 annos
707 4809 994 4884 synodales
1041 4809 1157 4864 ﬁeri
1212 4814 1507 4864 conventus
1557 4819 1779 4861 necesse

183 4919 300 4973 est,
334 4907 425 4963 ubi
455 4905 818 4962 ecclesiastica
835 4901 959 4973 jura
981 4909 1036 4957 et
1063 4899 1276 4972 negotia
1291 4897 1439 4968 juste
1460 4905 1514 4953 et
1537 4894 1778 4966 legitime

184 4999 580 5056 discutiantur.
622 4996 831 5052 Idcirco
871 4992 1283 5065 diligentissime
1312 4991 1454 5047 bono
1480 4996 1537 5043 et
1572 4987 1665 5058 pio
1692 5000 1780 5040 re-

183 5090 336 5144 ctori
370 5087 764 5159 providendum
790 5094 908 5152 est,
938 5092 1000 5140 ut
1024 5082 1383 5138 sanctiﬁcatio
1415 5079 1650 5136 nominis
1676 5077 1782 5133 Do—

185 5183 358 5248 mini,
390 5197 512 5252 quae
552 5181 608 5236 in
636 5180 770 5237 locis
800 5180 912 5234 Deo
940 5176 1272 5234 consecratis
1302 5185 1488 5231 manet
1523 5176 1642 5231 sine
1672 5173 1782 5229 ulla

183 5273 644 5344 reprehensione,
671 5273 725 5328 in
755 5279 1015 5342 quantum
1040 5267 1295 5340 possibile
1313 5267 1497 5332 fuerit,
1512 5275 1777 5322 servetur.

183 5365 261 5419 Et
295 5363 442 5419 tales
474 5372 717 5420 rectores
743 5371 909 5434 atque
937 5361 1338 5432 dispensatores
1369 5359 1424 5414 in
1461 5358 1541 5414 eis
1578 5358 1782 5414 consti-

184 5463 453 5521 tuantur,
485 5457 577 5527 qui
616 5457 735 5512 sine
779 5453 1092 5526 inexplebili
1119 5452 1349 5508 avaritia
1379 5459 1542 5523 atque
1569 5449 1783 5506 luxuria

1799 4581 1854 4642 D

1869 1961 2107 2032 dignitas
2131 1969 2189 2016 et
2223 1960 2636 2016 honoriﬁcentia
2673 1961 2766 2016 diu
2809 1969 2972 2031 atque
3022 1961 3256 2017 feliciter
3301 1968 3456 2033 pote-

1869 2058 2012 2107 state
2037 2051 2351 2107 extenditur
2369 2093 2384 2118 ,
2414 2067 2479 2108 ac
2502 2052 2599 2107 ﬁlii
2633 2051 2867 2108 ﬁliorum
2897 2054 2951 2108 in
2988 2054 3139 2125 apice
3168 2055 3321 2124 regni
3352 2070 3456 2111 no-

1867 2143 2174 2200 bilitantur.

1940 2234 2293 2292 Orthodoxus
2316 2251 2383 2290 ac
2403 2235 2594 2291 beatus
2625 2235 2718 2290 ille
2739 2243 2918 2292 rector
2945 2237 3147 2292 eminet

1937 2324 2041 2393 Qui
2067 2325 2165 2380 Dei
2183 2327 2381 2382 timore
2401 2335 2611 2382 mactus
2639 2335 2805 2396 atque
2836 2340 3020 2382 amore
3048 2325 3292 2384 fervidus
3317 2353 3320 2356 ~

1937 2413 2236 2486 Anteponit
2260 2415 2349 2470 illa
2377 2431 2593 2486 semper
2618 2415 2809 2470 aulicis
2837 2416 3070 2484 negotiis

1937 2506 2246 2563 Christiana
2275 2508 2398 2578 quis
2425 2507 2628 2577 ubique
2655 2507 2856 2562 crescit
2881 2506 3024 2561 alma
3054 2505 3244 2578 gloria.

1934 2598 2038 2667 Qui
2062 2599 2153 2671 pio
2178 2609 2367 2656 tenore
2389 2599 2573 2656 servat
2597 2613 2759 2655 omne
2791 2599 3159 2670 privilegium,

1938 2689 2092 2746 Unde
2131 2691 2277 2763 regis
2311 2690 2604 2747 candidata
2635 2704 2833 2761 sponsa
2861 2688 3066 2746 Christi
3096 2689 3349 2761 gaudeat.

1934 2779 2037 2848 Qui
2059 2781 2214 2852 lupos
2240 2797 2464 2853 rapaces
2485 2790 2638 2837 arcet
2669 2782 2929 2852 azquitate
2958 2783 3130 2854 regia,

1935 2871 2245 2929 Christiana
2275 2889 2344 2929 ne
2371 2885 2691 2945 premantur
2719 2874 2983 2945 improbis
3010 2875 3192 2930 ovilia.

1933 2964 2058 3036 Ipse
2085 2967 2290 3023 zelotes
2319 2976 2375 3022 et
2399 2967 2567 3022 instat
2593 2966 2792 3022 ardens
2816 2983 2970 3024 more
3007 2966 3283 3034 fulminis,

1930 3058 2187 3116 Emicans
2216 3068 2273 3116 et
2301 3060 2447 3116 ultor
2475 3059 2623 3116 ensis
2650 3060 2985 3130 insequendo
3016 3061 3297 3135 reprobos.

1927 3150 2172 3207 Auribus
2196 3151 2458 3207 modestis
2487 3150 2577 3206 ille
2600 3151 2763 3206 verba
2789 3151 2982 3207 temnit
3019 3167 3183 3208 aurea
3200 3191 3218 3219 ,

1935 3242 2015 3299 Ne
2035 3243 2142 3299 mel
2165 3259 2263 3299 ore
2297 3242 2638 3316 suggerentis
2663 3243 2756 3299 det
2788 3258 2997 3301 venena
3022 3245 3222 3300 toxica.

1937 3334 2073 3391 Nam
2109 3335 2264 3392 colax
2296 3335 2352 3390 in
2378 3351 2475 3391 ore
2505 3343 2684 3407 gestat
2711 3343 2830 3392 arte
2867 3337 3034 3393 verba
3057 3337 3284 3406 mellea,

1937 3427 2128 3484 Cordis
2155 3443 2221 3483 ac
2243 3427 2365 3483 sinu
2389 3434 2627 3482 retentat
2654 3427 2801 3484 intus
2827 3427 2950 3483 felle
2977 3428 3292 3484 machinas.

1938 3520 2036 3576 His
2071 3520 2415 3576 homunculis
2439 3519 2658 3574 resistat
2684 3519 3029 3575 Christianus
3055 3521 3286 3576 arbiter.

1939 3610 2088 3666 Scita
2116 3610 2298 3680 legum
2332 3625 2451 3664 mos
2479 3619 2536 3665 et
2571 3611 2706 3666 ordo
2739 3610 3035 3681 patriaeque
3063 3609 3288 3681 regulae,

1938 3701 2016 3758 Ac
2041 3703 2138 3757 Dei
2173 3703 2314 3757 colat
2340 3702 2624 3758 ministros
2652 3702 2942 3757 sanctitate
2970 3701 3218 3772 fulgidos,

1941 3793 2038 3860 Qui
2075 3793 2184 3848 Deo
2213 3791 2426 3863 placere
2455 3800 2655 3847 norunt
2680 3807 2797 3857 ore,
2829 3790 3014 3859 corde,
3047 3793 3314 3849 moribus.

1941 3885 2038 3940 llis
2061 3884 2409 3955 precantibus
2433 3883 2607 3940 beatis
2631 3899 2720 3939 res
2747 3884 2907 3939 beata
2934 3883 3150 3955 publica

1943 3976 2206 4034 Omnibus
2238 3975 2399 4031 bonis
2433 3975 2695 4043 abundat,
2726 3977 2866 4033 sicut
2893 3993 3024 4032 arva
3063 3977 3353 4036 fructibus.

1940 4067 2210 4138 Principis
2234 4067 2408 4122 honor
2432 4067 2725 4134 thronizat,
2749 4083 2812 4123 ac
2835 4076 3037 4138 tropaea
3059 4069 3355 4125 buccinant

1943 4159 2091 4214 Laeta
2118 4173 2222 4228 pax
2258 4159 2458 4228 ubique
2486 4165 2678 4228 regnat
2699 4159 2883 4228 quieta
2911 4159 3130 4230 gaudia.

2479 4249 2709 4306 CAPUT
2749 4251 2866 4306 XX.

1942 4341 2053 4398 Has
2075 4350 2253 4397 autem
2276 4355 2476 4412 paucas
2518 4340 2584 4397 de
2615 4343 2797 4397 multis
2817 4383 2833 4409 ,
2862 4343 3074 4399 divinas
3100 4353 3154 4397 et
3199 4342 3468 4402 humanas
3512 4393 3514 4396 ,

1873 4434 2132 4490 historias
2151 4448 2496 4504 percurrens,
2525 4443 2739 4500 vestrae,
2761 4435 2976 4490 domine
2991 4451 3113 4499 rex,
3134 4436 3468 4492 excellentiae

1877 4518 2319 4575 commonitorias
2355 4517 2524 4572 obtuli
2555 4517 2770 4573 litteras
2789 4558 2804 4584 ,
2841 4527 3025 4575 vestro
3054 4536 3238 4575 amore
3269 4520 3336 4576 ad
3365 4521 3470 4578 hoc

1880 4612 2199 4686 opusculum
2227 4612 2515 4682 instigatus
2535 4653 2550 4677 ,
2577 4611 2755 4667 sciens
2779 4627 2866 4668 me
2895 4613 3195 4671 debitorem
3232 4631 3352 4671 esse
3375 4632 3470 4672 ve-

1883 4714 2012 4762 strae
2036 4705 2372 4761 celsitudinis
2401 4704 2691 4774 obsequio;
2723 4705 2854 4761 utile
2881 4706 2997 4762 fore
3030 4710 3390 4779 perpendens,
3421 4712 3468 4766 si

1885 4807 2005 4863 qum
2034 4792 2266 4861 sparsim
2296 4791 2349 4844 in
2380 4791 2577 4847 divinis
2619 4799 2676 4847 et
2705 4793 2959 4848 humanis
3003 4795 3232 4865 eloquiis
3258 4797 3323 4850 de
3349 4795 3469 4864 qui-

1887 4885 2115 4942 husdam
2155 4886 2312 4941 malis
2339 4886 2555 4957 regibus
2599 4885 2712 4943 sive
2736 4887 3074 4959 principibus
3100 4888 3382 4959 leguntur,
3411 4887 3469 4942 in

1880 4997 2050 5037 unum
2091 4982 2330 5038 breviter
2371 4981 2694 5038 deﬁorarem
2739 4982 3085 5054 opusculum;
3129 4983 3270 5037 unde
3296 4978 3471 5050 possit

1881 5084 2124 5132 vestrum
2165 5075 2424 5130 delectari
2470 5077 2746 5148 ingenium
2770 5117 2786 5143 ,
2817 5074 2892 5131 et
2924 5084 3122 5132 nostra:
3169 5073 3472 5131 devotionis

1883 5185 2012 5240 erga
2052 5175 2246 5224 vestra:
2297 5167 2675 5223 claritudinem
2727 5167 3092 5239 intelligentia:
3131 5164 3471 5221 manifestari

1883 5258 2192 5318 benivolum
2218 5267 2382 5329 queat
2409 5260 2750 5329 obsequium.
2783 5258 2876 5314 Sic
2904 5266 2961 5312 et
2989 5273 3118 5328 apes
3142 5272 3210 5312 ex
3241 5256 3470 5313 diversis

1885 5351 2111 5408 ﬁoribus
2147 5350 2306 5406 mella
2354 5349 2410 5405 in
2453 5351 2744 5407 utilitatem
2791 5350 3136 5406 dominorum
3172 5350 3470 5407 transitura

1888 5443 2168 5514 colligunt,
2204 5443 2400 5513 quibus
2421 5444 2758 5516 gratissimos
2789 5441 2942 5498 favos
2967 5441 3261 5500 artiﬁciosa
3288 5441 3473 5514 dispo-

182 5564 286 5605 res
319 5546 466 5603 bene
493 5556 732 5604 tractent
760 5547 988 5612 divinas,
1021 5554 1078 5602 et
1109 5545 1204 5600 Dei
1227 5543 1399 5601 servis
1425 5550 1586 5614 atque
1613 5540 1786 5596 famu—
1891 5537 2086 5594 sitione
2117 5544 2466 5608 componunt.

180 5639 363 5694 labus
391 5637 755 5696 sufﬁcientem
793 5638 995 5694 victum
1033 5645 1194 5707 atque
1232 5635 1488 5692 vestitum
1523 5633 1783 5699 tribuant,

1965 5631 2075 5688 Hos
2115 5631 2295 5702 itaque
2321 5631 2503 5702 apices
2527 5630 2675 5688 velut
2703 5626 3040 5684 enchiridion
3063 5627 3232 5686 vestri
3259 5625 3474 5698 sagaci-

177 5731 497 5804 viduisque
522 5739 581 5788 et
603 5732 862 5804 orphanis
889 5740 1053 5802 atque
1081 5730 1410 5803 pauperibus
1435 5728 1590 5800 juxta
1625 5742 1789 5782 cano-
1897 5735 1980 5783 tas
2005 5726 2204 5799 ingenii
2231 5725 2428 5795 saepius
2456 5721 2875 5779 transcurrendo
2901 5720 3165 5794 perlegat,
3203 5728 3475 5791 quatenus

177 5838 298 5885 nes
323 5825 698 5897 provisionem
741 5823 1063 5896 condignam
1090 5823 1324 5896 primum
1353 5819 1666 5894 impendant
1691 5859 1706 5888 ,
1735 5826 1792 5877 et
1895 5817 2108 5876 facilius
2133 5818 2562 5874 animadvertere
2591 5815 2763 5890 possit
2788 5822 2990 5889 quanta
3024 5814 3169 5870 mala
3191 5813 3347 5869 malis
3364 5849 3381 5872 .
3398 5815 3474 5878 et

570 5917 849 5982 Parnon.
892 5912 1054 5979 CIII.

3036 5907 3106 5968 11
