4012 6336
1885 373 2159 437 SEDULII
2201 371 2399 432 SCOTI

3685 359 3792 423 356

512 525 828 577 sanctarum
851 507 1267 570 sententiarum.
1300 504 1455 562 Unde
1479 509 1659 556 autem
1686 513 1717 552 a
1743 495 2054 552 temerariis
2075 505 2102 533 ιι
2131 495 2185 553 Α
2207 489 2486 562 exemplar
2534 477 2774 545 fierent:
2795 481 2903 542 Sed
2946 485 3075 557 quia
3122 491 3220 577 tot!
3250 491 3408 540 erant
3454 485 3798 558 exemplaria

505 608 782 683 iudicibus
814 600 1123 676 arguendus
1151 599 1244 664 sit,
1277 593 1515 651 ostendit
1543 589 1920 683 subiungens
1943 585 2100 657 quid-

510 676 640 774 quid
693 696 919 753 audeam
973 692 1031 748 in
1081 688 1332 747 ueteribus
1387 684 1536 738 libris
1583 699 1634 736 a.
1674 697 1746 734 m.
1788 695 1835 733 ε.
1875 676 2104 774 Veteres

508 768 716 856 libros,
780 787 1034 854 antiquos
1076 797 1142 838 ac
1187 780 1414 835 vitiosos
1469 774 1841 829 Romanorum
1890 768 2104 824 codices

511 883 762 944 nominat
783 922 797 947 ,
836 880 892 934 in
921 875 1120 949 quibus
1156 885 1384 929 necesse
1429 876 1548 923 erat
1583 882 1703 937 qua:
1749 864 1976 920 deerant
2011 861 2104 916 ad-

513 980 682 1045 dere;
711 985 768 1034 et
810 990 912 1046 pro
943 969 1186 1034 vitiosis,
1247 980 1485 1036 congrua
1527 970 1582 1016 et
1613 967 1760 1015 recta
1784 971 2016 1028 ponere;
2051 962 2108 1008 et

513 1088 638 1146 quas
664 1068 934 1141 superflue
957 1071 1084 1121 sunt
1109 1062 1314 1127 addita,
1341 1059 1638 1126 corrigere,
1665 1053 1873 1109 scilicet
1891 1049 2106 1122 penitus

513 1179 768 1226 resecare
807 1170 970 1232 atque
1007 1157 1222 1214 auferre
1253 1172 1267 1209 :
1297 1168 1420 1208 cum
1447 1192 1462 1216 ,
1493 1150 1633 1204 sicut
1661 1148 1773 1218 ipse
1801 1146 1853 1200 in
1882 1156 2107 1213 sequen-

509 1256 662 1314 tibus
683 1253 868 1318 refert,
891 1251 1046 1322 plura
1075 1245 1406 1320 propriaque
1428 1239 1663 1310 capitula
1684 1237 1916 1293 aliorum
1943 1248 2108 1289 evan-

512 1348 831 1420 gelistarum
861 1344 917 1398 in
947 1335 1201 1396 aliis'sint
1226 1337 1410 1392 addita
1435 1330 1802 1404 evangelistis.

584 1439 640 1494 4.
673 1437 790 1492 Huc
816 1448 989 1504 usque
1017 1446 1219 1504 pravas
1246 1429 1536 1483 adversum
1579 1439 1639 1480 se
1683 1421 1986 1477 invidorum
2011 1417 2108 1473 ob-

506 1529 778 1604 iectiones
805 1526 1050 1582 breviter
1070 1519 1362 1577 intimavit.
1389 1515 1544 1571 Nunc
1568 1529 1664 1570 eos
1691 1519 1882 1583 arguta
1907 1508 2110 1580 dispul-

514 1626 672 1682 sione
703 1625 761 1679 in
795 1617 1150 1692 sequentibus
1204 1614 1442 1672 devincit
1470 1654 1485 1679 ,
1518 1618 1572 1666 et
1625 1609 1862 1678 seipsum
1913 1604 2111 1675 proba-

509 1717 714 1773 bilibus
738 1723 794 1771 et
819 1712 1030 1770 idoneis
1067 1709 1249 1767 causis
1287 1705 1528 1762 defendit
1557 1701 1717 1758 simul
1743 1709 1800 1754 et
1824 1703 2107 1768 expurgat.

509 1808 779 1864 Adversus
803 1820 963 1877 quam
987 1800 1244 1856 invidiam
1263 1797 1318 1852 ά.
1350 1814 1397 1852 c.
1427 1812 1529 1850 me.
1553 1791 1899 1853 c.1nvidiam,
1920 1787 2111 1843 alienae

2205 597 2343 652 pene
2368 589 2501 652 quot
2523 581 2757 645 codices,
2783 578 2837 634 id
2862 586 2948 634 est
2973 577 3191 648 quando
3209 575 3355 632 inter
3377 591 3437 632 se
3463 575 3580 632 fere
3601 591 3802 634 omnes

2206 674 2426 728 codices
2446 688 2610 728 sensu
2630 682 2685 727 et
2708 671 2890 727 verbis
2909 669 3225 735 variabant;
3249 676 3304 724 et
3325 683 3512 724 verum
3546 685 3658 724 non
3682 676 3804 724 erat

2206 776 2366 818 omne
2394 763 2539 834 quod
2562 762 2822 818 mendosa
2849 760 3088 816 falsitate
3108 759 3323 815 varium
3344 758 3560 827 fuerat;
3594 760 3804 831 liquido

2206 852 2550 908 concluditur
2586 853 2730 923 quod
2776 851 2986 906 Latinis
3033 859 3166 906 tunc
3218 850 3626 922 exemplaribus
3667 851 3808 908 ﬁdes

2207 945 2513 1002 adhibenda
2551 961 2662 1002 non
2693 953 2832 1000 erat.
2861 943 2922 999 In
2953 945 3059 1000 hac
3097 944 3281 1014 itaque
3331 944 3604 1001 sententia
3657 943 3810 1016 ipsos

2206 1038 2472 1095 erraticas
2495 1037 2788 1102 convincit,
2817 1050 2881 1091 ac
2909 1034 2956 1092 si
2992 1033 3274 1090 evidenter
3316 1034 3562 1090 diceret:
3598 1032 3658 1089 Si
3700 1033 3810 1089 La-

2207 1131 2338 1186 tinis
2387 1129 2788 1201 exemplaribus
2821 1127 2957 1184 fides
2990 1135 3076 1183 est
3111 1127 3450 1193 adhibenda,
3497 1141 3608 1182 non
3633 1127 3808 1184 multa

2207 1229 2264 1278 et
2311 1221 2464 1275 varia
2515 1219 2863 1290 exemplaria,
2917 1218 3014 1274 sed
3052 1231 3222 1272 unum
3266 1217 3472 1288 absque
3531 1216 3806 1273 varietate

2207 1311 2486 1382 exemplar
2506 1311 2710 1366 habere
2731 1309 2916 1365 Latini
2934 1309 3215 1364 deberent.
3244 1306 3316 1362 At
3332 1321 3464 1362 vero
3487 1305 3671 1362 Latini
3697 1322 3810 1363 non

2209 1423 2381 1462 unum
2412 1421 2477 1462 ac
2512 1421 2701 1461 verum
2723 1445 2739 1472 ,
2776 1404 2871 1460 sed
2895 1403 3049 1458 varia
3078 1401 3323 1472 falsaque
3351 1400 3687 1472 exemplaria
3717 1402 3816 1458 ha-

2210 1499 2343 1554 bent
2367 1515 2382 1565 ;
2415 1497 2538 1553 ideo
2573 1495 2784 1552 Latinis
2812 1494 3217 1566 exemplaribus
3241 1494 3379 1550 fides
3399 1508 3508 1548 non
3533 1500 3622 1549 est
3655 1493 3816 1550 adhi-

2210 1591 2410 1646 benda.
2436 1588 2546 1646 Nec
2571 1589 2770 1643 mirum
2797 1628 2815 1655 ,
2843 1595 3063 1642 centum
3094 1585 3180 1641 vel
3215 1584 3364 1640 mille
3386 1591 3480 1640 aut
3503 1585 3670 1640 etiam
3691 1583 3818 1655 plu-

2212 1697 2302 1738 res
2332 1681 2565 1748 codices,
2611 1681 2658 1737 si
2688 1681 2830 1736 inter
2853 1694 2914 1735 se
2939 1679 3076 1734 nihil
3103 1678 3271 1734 verbo
3304 1690 3579 1747 sensuque
3605 1677 3819 1733 discre-

2211 1781 2363 1845 pent,
2387 1789 2556 1828 unum
2583 1771 2861 1842 exemplar
2900 1768 3188 1842 appellari,
3221 1784 3346 1825 cum
3373 1769 3540 1825 etiam
3577 1777 3819 1840 quatuor

510 1861 792 1958 felicitatis
815 1861 1022 1953 'odium
1050 1894 1302 1950 dicimus.
1345 1890 1453 1947 Sed
1489 1888 1581 1944 hic
1611 1885 1892 1947 invidiam,
1919 1881 2110 1936 falsam
2138 1864 2189 1925 B
2214 1866 2506 1938 Evangelia
2540 1881 2707 1958 unum
2744 1863 3096 1934 Evangelia!!!
3134 1862 3524 1958 appellantur.
3584 1861 3719 1917 licet
3762 1869 3821 1916 et

512 1994 581 2049 de
615 2009 674 2048 se
704 1991 1070 2061 suspicionem
1097 1989 1128 2029 ιι
1159 2029 1173 2053 ,
1209 2001 1316 2056 qua
1364 1983 1616 2039 falsarius
1667 1986 1720 2034 et
1763 1975 2058 2047 sacrilegus
2083 1990 2116 2030 a

511 2081 824 2139 temerariis
849 2078 1125 2150 judicibus
1165 2077 1281 2147 ipse
1327 2073 1648 2135 aestimetur,
1703 2069 1972 2138 designat.
2007 2065 2116 2121 Sed

515 2187 639 2243 quae
675 2172 746 2226 sit
772 2171 888 2242 ipsa
915 2168 1112 2240 duplex
1138 2180 1326 2232 causa,
1367 2179 1476 2234 qua
1511 2179 1570 2218 se
1597 2161 1858 2217 adversus
1885 2157 2114 2212 aliorum

510 2260 866 2316 invidentiam
894 2259 1028 2314 dicit
1058 2255 1399 2313 consolatum
1443 2267 1588 2319 esse,
1631 2247 1947 2319 subiungit:
1975 2246 2115 2319 quod

510 2363 562 2410 et
598 2363 676 2420 tu,
710 2355 802 2424 qui
852 2367 1089 2408 summus
1119 2350 1366 2404 sacerdos
1395 2363 1448 2400 es
1477 2345 1518 2414 f.
1548 2345 1586 2397 ἰ.
1618 2342 1900 2396 Summum
1928 2353 2114 2393 sacer-

510 2444 721 2510 dotem,
737 2443 794 2499 id
813 2451 902 2499 est
923 2455 1192 2497 summum
1225 2436 1559 2509 pontificem,
1587 2435 1808 2490 beatum
1824 2431 2116 2486 Damasum

511 2535 782 2592 nominat.
848 2523 1119 2589 Sacerdos
1178 2537 1360 2585 autem
1425 2527 1626 2582 dicitur
1681 2523 1838 2593 quasi
1897 2534 2116 2576 sacrum

519 2630 679 2684 dans.
731 2625 899 2696 Cujus
923 2625 1027 2696 piae
1049 2622 1283 2694 iussioni
1315 2619 1623 2677 consentire
1649 2614 1921 2671 laudabile
1948 2619 2068 2667 erat
2097 2627 2142 2678 ;.

518 2732 631 2774 non
679 2715 902 2772 obedire
954 2721 1156 2777 autem,
1207 2717 1335 2765 nota
1384 2705 1654 2778 superbia:
1690 2703 1904 2758 fuisset.
1933 2701 2118 2756 Altera

525 2823 744 2878 quoque
773 2820 938 2862 causa
963 2845 979 2871 ,
1017 2803 1225 2860 scilicet
1274 2799 1534 2855 mendosa
1585 2795 1831 2852 codicum
1880 2792 2121 2847 varietas

526 2901 782 2959 subditur
811 2918 826 2954 :
859 2908 905 2954 et
949 2913 1130 2952 verum
1157 2911 1264 2951 non
1291 2909 1403 2949 esse
1430 2891 1571 2964 quod
1597 2891 1787 2952 variat,
1821 2903 1866 2942 e.
1894 2902 1967 2940 m.
1996 2895 2033 2938 t.
2069 2901 2115 2938 c.

521 2993 932 3052 Solidissimum
976 2997 1356 3061 argumentum
1385 2997 1408 3024 ο
1447 2993 1532 3041 est
1587 2983 1846 3038 adversus
1889 2975 2120 3033 maledi-

520 3099 618 3141 cos
653 3085 684 3125 ἀ
715 3083 1074 3147 adversarios,
1108 3080 1252 3151 quod
1279 3086 1335 3134 et
1357 3077 1460 3148 ipsi
1505 3077 1710 3145 absque
1751 3072 1860 3127 ulla
1904 3077 2124 3126 contra-

521 3179 764 3235 dictione
788 3193 886 3234 ore
905 3185 1271 3234 consentaneo
1297 3173 1674 3244 comprobant,
1698 3183 1888 3224 verum
1910 3167 2119 3223 scilicet

523 3289 638 3329 non
665 3287 787 3328 esse
824 3286 984 3327 omne
1011 3269 1156 3340 quod
1189 3269 1385 3322 variat.
1415 3265 1521 3321 Sed
1546 3265 1664 3320 haec
1694 3261 1965 3318 sententia
1992 3259 2118 3314 dili-

523 3373 716 3438 genter
745 3361 1139 3433 ,investiganda
1190 3367 1291 3415 est.
1332 3357 1588 3428 Nunquid
1615 3355 1760 3410 enim
1791 3354 1973 3409 omnia
2000 3368 2120 3423 qua:

518 3456 677 3512 varia
699 3464 849 3521 sunt,
878 3469 1006 3509 vera
1029 3467 1139 3508 non
1161 3451 1332 3508 sunt?
1363 3449 1504 3517 Quid
1527 3448 1672 3505 enim
1704 3447 1879 3518 magis
1906 3446 2122 3500 varium

520 3547 595 3603 sit
642 3550 809 3616 atque
853 3544 1172 3615 discrepans
1205 3557 1368 3612 quam
1393 3540 1484 3595 lux
1514 3548 1569 3595 et
1597 3541 1838 3595 tenebra:
1859 3579 1874 3603 ,
1909 3537 2022 3592 vita
2066 3545 2123 3592 et

519 3652 692 3704 mors,
747 3635 924 3693 dulcia
977 3644 1034 3692 et
1080 3650 1266 3692 amara
1296 3675 1310 3700 ,
1343 3632 1466 3689 alba
1496 3639 1551 3687 et
1578 3632 1756 3703 nigra,
1793 3629 2029 3686 formosa
2068 3636 2123 3684 et

518 3725 804 3794 deformia,
850 3735 906 3784 et
949 3735 1146 3782 caatera
1190 3738 1329 3796 pene
1376 3721 1837 3778 innumerabilia?
1863 3720 2120 3790 Nunquid

522 3828 712 3875 tamen
747 3821 866 3876 haec
893 3821 1076 3874 omnia
1105 3835 1237 3874 vera
1261 3834 1371 3874 non
1407 3826 1602 3884 erunt,
1629 3817 1755 3886 quia
1776 3817 1929 3870 varia
1952 3814 2124 3870 sunt?

525 3908 683 3977 Quod
719 3909 876 3964 valde
923 3909 1217 3964 absurdum
1269 3916 1353 3965 est
1401 3907 1584 3962 dicere
1623 3907 1709 3961 vel
1738 3905 1980 3962 credere.
2013 3903 2123 3958 Sed

523 4000 602 4056 ita
638 3999 1050 4072 intelligendum
1097 4009 1184 4056 est
1211 4041 1227 4066 ,
1274 3999 1417 4070 quod
1445 3998 1536 4052 lux
1564 4013 1693 4053 vera
1720 4013 1827 4051 non
1867 3997 1972 4052 erit
1998 4037 2014 4062 ,
2075 3995 2121 4049 si

527 4091 828 4162 quidquam
858 4090 1209 4146 tenebrarum
1239 4089 1297 4144 in
1327 4101 1386 4142 se
1416 4088 1646 4141 mixtum
1697 4085 1966 4140 habuerit.
2014 4083 2125 4140 Nec

527 4199 662 4240 vera
693 4182 804 4239 vita
830 4225 846 4250 ,
891 4197 1069 4252 neque
1113 4197 1244 4237 vera
1279 4180 1506 4236 dulcedo
1532 4187 1627 4234 aut
1663 4179 1856 4234 albedo
1893 4179 1979 4234 vel
2007 4177 2121 4233 for-

527 4275 761 4331 mositas
790 4272 1107 4344 appellanda
1133 4282 1238 4338 est,
1283 4272 1370 4327 cui
1398 4271 1580 4341 aliqua
1607 4286 1754 4325 mors
1795 4279 1889 4324 aut
1926 4269 2124 4324 amari-

525 4368 659 4421 tudo
704 4365 789 4422 vel
842 4364 1092 4436 nigredo,
1141 4372 1234 4418 aut
1279 4363 1460 4434 aliqua
1512 4361 1832 4418 deformitas
1869 4361 2122 4416 immixta

526 4457 710 4513 fuerit.
754 4457 846 4514 Sic
885 4459 1048 4514 etiam
1080 4457 1226 4530 quod
1256 4457 1352 4522 ait,
1407 4470 1594 4512 verum
1642 4471 1750 4511 non
1805 4471 1925 4512 esse
1976 4455 2122 4526 quod

529 4549 727 4614 variat,
754 4549 1095 4604 sentiendum
1125 4557 1228 4614 est,
1259 4548 1404 4618 quod
1428 4547 1692 4618 liquidum
1723 4555 1776 4603 et
1804 4563 2001 4618 purum
2023 4561 2122 4618 per
2147 4588 2203 4651 Β

529 4655 591 4696 se
625 4655 818 4696 verum
845 4657 954 4696 non
982 4641 1088 4696 erit
1113 4657 1272 4696 omne
1298 4639 1444 4712 quod
1480 4639 1661 4710 aliquo
1712 4640 1994 4694 mendacio
2030 4647 2125 4693 aut

530 4733 849 4788 intermixta
884 4732 1137 4787 falsitatis
1158 4733 1355 4788 nebula
1378 4732 1648 4786 variatum
1669 4730 1853 4786 fuerit.
1893 4731 2124 4803 Ideoque

530 4825 779 4883 Romana
805 4826 1098 4898 Evangelia
1126 4842 1256 4882 vera
1308 4843 1417 4883 non
1445 4834 1625 4893 erant,
1656 4827 1712 4881 in
1740 4835 2000 4897 quantum
2030 4843 2125 4884 va-

529 4923 613 4978 ria
647 4920 892 4976 falsitate
911 4928 1167 4992 corrupta
1194 4919 1427 4976 fuerant.

603 5014 657 5069 5.
699 5013 855 5082 Quod
883 5013 1068 5070 statim
1105 5014 1369 5083 approbat
1405 5027 1530 5069 cum
1569 5013 1838 5070 subinfert
1865 5030 1879 5069 :
1908 5013 1956 5069 si
1985 5015 2124 5069 enim

532 5106 742 5164 Latinis
766 5107 1182 5180 exemplaribus,
1219 5116 1274 5162 et
1303 5107 1510 5178 reliqua
1538 5123 1712 5178 usque
1735 5117 1860 5181 quot
1895 5107 2120 5163 codices.

535 5201 716 5258 Unum
735 5218 960 5274 prorsus
986 5200 1263 5274 exemplar
1286 5208 1522 5271 quatuor
1549 5201 1961 5274 Evangeliorum
1986 5200 2128 5270 apud

535 5291 760 5350 Latinos
803 5311 924 5352 esse
959 5295 1272 5366 oportebat,
1301 5300 1362 5348 ut
1394 5292 1522 5349 licet
1553 5295 1872 5348 innumeros
1911 5291 2128 5346 codices

538 5383 828 5450 haberent,
869 5394 1054 5443 tamen
1083 5386 1186 5458 ipsi
1213 5385 1356 5440 inter
1379 5401 1440 5442 se
1466 5386 1682 5440 codices
1705 5383 1840 5439 nihil
1866 5383 1922 5438 in
1947 5382 2129 5438 verbis

537 5486 597 5535 et
633 5480 688 5534 in
727 5495 890 5536 sensu
933 5481 1337 5552 discreparent;
1369 5487 1426 5535 et
1459 5480 1541 5536 sic
1567 5486 1650 5536 tot
1687 5477 1904 5536 codices
1954 5493 2124 5534 unum

613 5650 642 5708 9
673 5636 784 5708 GL,
809 5637 1088 5708 [rabullem
1153 5677 1162 5682 -

612 5707 642 5749 δ
664 5707 780 5779 GL,
810 5705 1170 5779 Vuidarsitht,
1195 5709 1552 5768 zurtriuuida.

613 5788 638 5818 ο
662 5777 774 5846 GL,
804 5780 996 5835 chlet'ni
1025 5782 1134 5838 list.

612 5847 640 5893 δ
662 5849 772 5922 GL,
799 5849 1048 5908 skeltara.
1089 5852 1272 5912 Infra:
1301 5848 1705 5922 maledicorum‘,
1738 5846 2020 5905 Murro.

2220 1959 2397 2030 ipsum
2426 1957 2778 2030 Evangelium
2804 1971 2872 2012 ex
2898 1962 3134 2025 quatuor
3166 1951 3532 2009 voluminibus
3576 1959 3818 2007 constet.

2216 2049 2330 2106 Nec
2391 2063 2498 2104 non
2549 2056 2605 2104 et
2657 2047 2857 2104 multos
2904 2045 3119 2101 Veteris
3184 2052 3240 2100 et
3286 2043 3425 2101 Novi
3477 2043 3822 2100 Testamenti

2219 2145 2437 2200 codices
2485 2157 2654 2198 unum
2692 2142 2945 2198 volumen
2972 2140 3061 2197 vel
3087 2139 3365 2210 exemplar
3411 2141 3700 2196 nominare
3732 2152 3824 2195 so-

2218 2238 2415 2294 lemus.

2290 2332 2344 2385 6.
2370 2330 2578 2398 Quibus
2613 2338 2794 2386 autem
2825 2329 3229 2400 exemplaribus
3255 2341 3351 2384 seu
3373 2321 3654 2384 codicibus
3684 2325 3824 2383 ﬁdes

2219 2419 2292 2476 sit
2330 2419 2790 2475 accommodanda
2813 2460 2828 2484 ,
2904 2419 3145 2474 insinuat
3187 2417 3424 2474 subdens
3456 2433 3472 2471 ε
3501 2418 3583 2472 sin
3641 2427 3823 2472 autem

2218 2512 2412 2567 veritas
2456 2520 2531 2566 est
2568 2511 2854 2584 quwrenda
2891 2509 2957 2564 de
2993 2487 3254 2581 pluribus,
3302 2516 3357 2564 et
3392 2509 3602 2580 reliqua
3644 2523 3824 2580 usque

2221 2605 2558 2676 corrigimus.
2607 2602 2855 2659 Graecam
2893 2602 3161 2672 originem
3207 2617 3327 2657 esse
3350 2601 3483 2657 dicit
3505 2600 3826 2656 authentica

2221 2696 2536 2754 Graecorum
2595 2695 2929 2765 exemplaria
2953 2735 2968 2760 ,
3023 2709 3092 2749 ex
3140 2693 3338 2763 quibus
3380 2691 3546 2748 veluti
3599 2691 3827 2762 liquidis

2220 2787 2440 2859 purisve
2476 2785 2714 2841 fontibus
2743 2785 2924 2840 divina
2957 2783 3239 2855 Scriptura
3269 2783 3327 2837 in
3356 2783 3664 2838 Romanum
3705 2797 3827 2838 ser-

2221 2894 2440 2935 monem
2464 2893 2716 2934 manasse
2741 2876 3109 2948 cognoscitur.
3135 2875 3193 2931 In
3221 2875 3420 2945 quibus
3445 2873 3692 2930 fontibus
3711 2889 3829 2930 me-

2223 2989 2343 3028 ram
2369 2980 2424 3028 et
2457 2971 2760 3042 simplicem
2789 2971 3082 3026 veritatem
3123 2968 3472 3039 quaerendam
3498 3007 3514 3034 ,
3546 2975 3604 3023 et
3643 2967 3829 3023 corri-

2224 3066 2398 3137 genda
2425 3065 2681 3120 admonet
2707 3079 2824 3134 qua:
2850 3060 2927 3116 vel
2963 3079 2996 3116 a
3026 3060 3228 3116 uitiosis
3276 3057 3650 3130 interpretibus
3702 3066 3830 3112 sunt

2224 3156 2363 3212 male
2391 3155 2552 3220 edita,
2583 3155 2662 3209 vel
2691 3171 2724 3208 a
2757 3151 3222 3225 prmumptoribus
3247 3152 3504 3222 imperitis
3540 3150 3830 3206 emendata

2225 3248 2518 3320 perversius
2543 3287 2559 3313 ,
2591 3254 2685 3301 aut
2717 3264 2750 3301 a
2775 3245 3011 3300 librariis
3047 3243 3456 3298 dormitantibus
3488 3259 3509 3282 ο
3534 3243 3724 3296 addita
3749 3242 3831 3296 cel

2225 3351 2429 3398 mutata
2479 3349 2623 3396 sunt.
2674 3341 2721 3395 Α
2766 3338 2964 3395 vitiosis
3009 3339 3382 3410 interpretibus
3406 3379 3421 3404 ,
3486 3336 3543 3393 id
3585 3345 3672 3393 est
3730 3351 3833 3394 seu

2225 3435 2413 3492 Graeca
2441 3451 2536 3490 seu
2565 3433 2762 3490 Latina
2815 3433 2929 3488 sive
2982 3440 3214 3503 utraque
3257 3431 3444 3503 lingua
3488 3431 3672 3488 minus
3700 3446 3834 3487 eru-

2226 3530 2384 3595 ditis;
2415 3529 2557 3599 quod
2586 3527 2703 3599 ipse
2727 3527 2786 3582 in
2815 3526 3169 3596 sequentibus
3193 3524 3343 3590 dicit,
3377 3525 3432 3578 in
3460 3523 3644 3580 Marco
3665 3522 3834 3595 plura

2224 3622 2386 3677 Luca:
2413 3627 2470 3676 et
2500 3619 2768 3687 Matthasi;
2803 3633 3099 3691 rursusque
3121 3619 3174 3674 in
3198 3618 3452 3674 Matthaao
3476 3617 3638 3690 plura
3659 3617 3833 3674 Joan—

2224 3711 2311 3766 nis
2358 3719 2414 3768 et
2462 3711 2662 3777 Marci;
2720 3719 2776 3767 et
2814 3712 2870 3767 in
2911 3711 3158 3778 caeteris,
3190 3710 3523 3780 reliquorum
3550 3751 3566 3776 ,
3597 3726 3724 3782 quae
3774 3711 3833 3767 in

2226 3802 2350 3858 aliis
2377 3803 2598 3874 propria
2641 3811 2770 3858 sunt
2817 3801 3226 3869 interserendo,
3277 3809 3597 3873 posuerunt.
3644 3801 3759 3857 Aut
3797 3819 3832 3857 α

2226 3893 2461 3948 librariis
2531 3892 2984 3960 dormitantibus,
3056 3892 3111 3948 id
3156 3901 3240 3950 est
3289 3894 3577 3966 pervigiles
3625 3896 3836 3950 mentis

2226 3985 2413 4041 oculos
2456 4001 2564 4040 non
2611 3985 2936 4040 habentibus
2959 4025 2976 4051 ,
3030 4000 3172 4041 caeca
3219 3985 3528 4056 ignorantia
3567 3985 3831 4042 detentis.

2228 4081 2333 4134 Aut
2367 4079 2549 4134 addita
2594 4089 2716 4134 sunt
2746 4087 2838 4132 aut
2889 4087 3113 4133 mutata.
3143 4078 3335 4134 Vitiosi
3360 4079 3656 4149 scriptores
3682 4094 3833 4150 saepe

2231 4185 2339 4225 non
2393 4169 2568 4225 solum
2624 4184 2691 4224 ex
2745 4170 2956 4225 vitiosis
3012 4169 3414 4241 exemplaribus
3466 4169 3657 4226 eadem
3692 4171 3834 4227 vitia

2227 4261 2557 4332 scriptitant,
2587 4263 2681 4317 sed
2707 4262 2894 4327 etiam,
2938 4277 3034 4317 sua
3061 4263 3277 4334 propria
3310 4263 3543 4330 incuria,
3570 4264 3833 4334 quaedam

2227 4354 2500 4426 superflua
2547 4356 2789 4419 addunt,
2847 4357 3203 4426 qumdamque
3251 4356 3451 4412 vitiosa
3499 4372 3602 4429 pro
3659 4358 3837 4415 rectis

2228 4449 2539 4504 immutant.
2565 4448 2964 4520 Nonnunquam
2993 4449 3160 4504 etiam
3189 4457 3400 4505 rectum
3443 4449 3693 4505 ordinem
3743 4449 3835 4508 vel

2227 4545 2518 4599 verborum
2546 4543 2633 4598 vel
2662 4557 2943 4609 sensuum,
2991 4543 3110 4598 sive
3137 4552 3520 4614 utrorumque,
3552 4552 3838 4608 transmu-

2229 4638 2396 4693 tando
2431 4643 2766 4708 pervertunt.
2814 4635 2882 4690 Et
2918 4635 3063 4706 quod
3111 4636 3354 4708 gravius,
3405 4636 3666 4693 nonnulla
3705 4653 3836 4708 qua:

2229 4729 2387 4786 valde
2409 4729 2719 4786 necessaria
2748 4736 2897 4795 sunt,
2948 4726 3262 4800 frequenter
3305 4729 3582 4786 omittunt.
3618 4728 3840 4797 Quibus

2229 4832 2467 4896 quatuor
2538 4821 2688 4878 vitiis
2717 4861 2734 4888 ,
2789 4821 2845 4876 id
2896 4828 2983 4876 est
3035 4817 3340 4889 adiectione
3363 4863 3380 4890 ,
3445 4821 3786 4878 detractione
3813 4863 3837 4890 ,

2230 4914 2608 4972 immutatione
2632 4953 2648 4980 ,
2679 4900 3134 4968 transmutatidne
3156 4953 3172 4981 ,
3203 4921 3404 4970 cuncta
3453 4914 3662 4970 erroris
3690 4914 3841 4970 silva

2229 5007 2494 5064 nascitur.

2301 5100 2356 5154 7.
2389 5099 2498 5154 Sed
2524 5106 2585 5154 ut
2609 5099 3065 5171 reprehensibilcs
3099 5100 3366 5156 erraticos
3392 5099 3414 5141 ί
3445 5101 3693 5168 notavit,
3750 5101 3844 5159 ita

2230 5199 2288 5246 et
2334 5206 2429 5246 eos
2476 5206 2615 5262 quos
2640 5199 2900 5263 quantum
2927 5191 2995 5247 ad
3017 5192 3122 5248 hoc
3147 5192 3454 5248 institutum
3484 5194 3510 5233 ε
3540 5208 3677 5264 opus
3703 5206 3846 5262 per-

2233 5285 2390 5350 tinet.
2421 5286 2919 5356 prietermittendos
2963 5301 3084 5342 esse
3131 5286 3432 5354 existimat,
3456 5293 3845 5358 competenter

2233 5387 2552 5448 enumerat,
2594 5396 2718 5436 cum
2759 5379 3036 5452 subiungit
3067 5398 3080 5436 :
3115 5396 3280 5453 neque
3305 5397 3428 5436 vero
3457 5397 3549 5452 ego
3574 5380 3640 5434 de
3665 5381 3844 5434 veteri

2234 5474 2468 5544 disputo,
2489 5481 2546 5528 et
2575 5471 2786 5544 reliqua
2809 5486 2982 5545 usque
3001 5470 3250 5544 pervenit.
3285 5469 3428 5529 Nota
3461 5469 3692 5529 historia
3723 5476 3842 5542 est,

2309 5641 2332 5700 ξ
2356 5627 2464 5700 GL,
2495 5644 2813 5700 ungevuren.
3149 5683 3156 5698 ι
3302 5649 3342 5678 ο

2311 5699 2334 5740 ί
2361 5697 2470 5768 GL,
2501 5697 2750 5768 {ersluom
3164 5703 3171 5710 '

2309 5772 2337 5813 ε
2360 5770 2472 5840 GL,
2500 5770 2814 5830 kemeintas.
