4046 6332
179 462 279 520 557

889 452 1188 511 EXPLAN.
1229 451 1299 509 IN
1337 447 1850 510 PREFATIONES
1886 448 1945 505 S.
1985 446 2266 505 HIERON.
2306 446 2400 504 AD
2435 446 2688 505 EVANG.

3357 446 3463 512 338

178 578 320 651 quod
351 575 670 632 Ptolemaeus
695 571 1080 645 Philadelphus
1104 589 1199 628 rex
1227 571 1446 643 Egypti
1469 572 1661 642 petivit
1689 568 1758 623 ab
1785 568 1839 629 Α
1862 567 2037 622 veniri
2076 575 2325 638 possunt.
2352 563 2525 621 Sicuti
2549 573 2633 620 est
2662 563 2793 621 illud
2825 581 2844 616 ι
2875 562 2956 620 Ex
2991 561 3232 638 Egypto
3264 568 3462 626 vocavi

179 670 441 726 Eleazaro
470 664 727 737 pontiﬁce
757 664 872 719 dari
907 663 1008 720 sibi
1040 664 1251 718 divinas
1285 660 1614 730 Scripturas.
1665 659 1770 713 lta-

179 779 282 835 que
307 760 450 824 LXX
473 759 737 826 seniores,
753 759 848 830 qui
871 758 928 814 in
950 758 1119 814 sacris
1136 763 1296 812 erant
1317 755 1546 826 eloquiis
1568 751 1764 817 edocti,

177 855 347 913 Vetus
397 855 805 910 Testamentum
852 851 1091 908 maxima
1143 867 1267 906 cum
1324 847 1593 904 industria
1636 857 1663 886 ει
1698 859 1768 900 ex

180 951 407 1008 Hebraeo
450 949 504 1004 in
531 948 782 1004 Graecum
835 946 1225 1002 transtulerunt
1254 958 1562 999 sermonem
1586 982 1600 1005 ,
1633 954 1768 1011 quo-

179 1060 302 1100 rum
329 1043 626 1099 editionem
677 1041 834 1096 multi
874 1039 1161 1105 orthodoxi
1202 1038 1393 1093 Patres
1439 1040 1727 1104 sequentes
1749 1071 1764 1096 ,

73 1201 84 1211 .
181 1137 236 1192 in
281 1135 534 1190 Latinam
586 1133 828 1204 linguam
877 1132 1041 1186 tertio
1062 1129 1173 1199 jam
1207 1129 1379 1201 gradu
1414 1124 1763 1182 transtulere.

179 1227 412 1285 Pulchre
457 1235 638 1282 autem
669 1227 738 1282 ad
786 1239 980 1280 nomen
1008 1223 1220 1280 Veteris
1250 1219 1585 1277 Testamenti
1633 1216 1769 1271 allu-

181 1322 278 1389 dit,
314 1339 440 1379 cum
485 1322 665 1393 ipsum
707 1319 925 1376 nonnisi
964 1333 996 1372 a
1033 1317 1334 1390 grandaevis
1359 1325 1415 1370 et
1462 1313 1767 1370 senioribus

182 1413 350 1471 refert
405 1412 574 1468 fuisse
629 1411 980 1476 translatum;
1011 1417 1072 1464 ut
1093 1409 1344 1465 videlicet
1384 1405 1546 1462 Vetus
1579 1405 1769 1461 Testa-

180 1512 424 1561 mentum
453 1512 665 1558 veteres
692 1510 750 1558 et
790 1502 1034 1558 seniores
1072 1501 1502 1557 conscriberent.
1534 1497 1604 1552 Et
1639 1497 1766 1567 quia

181 1594 352 1651 multa
375 1595 538 1650 etiam
557 1593 711 1648 utilia
739 1608 772 1648 a
805 1592 951 1648 LXX
977 1593 1384 1664 interpretibus,
1437 1590 1592 1662 quasi
1634 1603 1767 1660 qua-

183 1683 306 1741 dam
353 1684 626 1740 incuriosa
677 1683 947 1740 oblivione
1009 1684 1375 1755 praetermissa
1433 1691 1578 1749 sunt,
1621 1679 1767 1752 quod

182 1777 476 1851 apostolica
506 1779 804 1834 auctoritas
850 1778 1150 1850 approbat,
1203 1786 1328 1848 apte
1371 1775 1492 1831 illos
1525 1775 1767 1831 seniores

183 1871 459 1936 nominat,
504 1886 626 1941 quae
652 1877 788 1925 tetas
814 1869 1078 1924 obliviosa
1104 1882 1224 1923 esse
1259 1883 1289 1921 a
1319 1865 1558 1937 physicis
1585 1865 1768 1934 perhi-

1869 659 2042 714 ﬁlium
2075 675 2275 726 meum,
2312 679 2330 711 ›
2374 667 2429 714 et
2456 657 2564 712 alia
2595 657 2847 727 plurima.

1939 753 1993 808 9.
2033 749 2180 807 Satis
2207 759 2389 806 autem
2413 752 2639 806 honeste
2675 765 2739 804 ac
2773 749 3076 805 verecunde
3109 749 3177 805 de
3204 765 3302 806 sua
3346 757 3465 808 tan-

1869 859 2032 916 quam
2056 844 2124 898 de
2149 843 2375 899 alterius
2398 842 2847 913 interpretatione
2868 841 3108 912 loquitur
3129 857 3254 899 cum
3284 842 3460 901 dicit:

1867 937 1935 991 sit
1958 933 2053 989 illa
2079 951 2202 989 vera
2232 933 2617 1004 interpretatio,
2643 950 2800 1005 quam
2823 931 3048 1004 apostoli
3072 933 3465 1003 probaverunt;

1867 1042 1937 1082 ne
1985 1024 2235 1081 videlicet
2277 1034 2601 1096 arroganter
2644 1025 2712 1080 de
2751 1025 2929 1096 seipso
2972 1023 3120 1096 loqui
3164 1025 3465 1082 videretur.

1870 1122 1996 1178 Non
2039 1123 2234 1194 igitur,
2285 1121 2502 1192 inquit,
2546 1121 2611 1174 de
2664 1118 2840 1176 Veteri
2893 1119 3246 1187 Testamento,
3278 1137 3370 1175 nec
3399 1121 3465 1176 de
3543 1135 3556 1144 '

1868 1213 2028 1268 variis
2081 1211 2316 1282 ejusdem
2375 1211 2894 1281 interpretationibus
2957 1228 3093 1265 nunc
3145 1211 3464 1282 disputando

1861 1305 2090 1376 judico;
2146 1304 2209 1357 de
2265 1302 2414 1358 Novo
2460 1320 2598 1358 nunc
2662 1302 2848 1373 loquor
2901 1301 3274 1369 Testamento,
3323 1302 3466 1374 quod

1869 1396 2114 1453 Gra’cum
2158 1414 2268 1452 esse
2318 1415 2423 1452 non
2475 1397 2696 1450 dubium
2749 1406 2858 1462 est,
2915 1405 2972 1452 et
3025 1397 3238 1468 reliqua
3293 1413 3467 1467 usque

1868 1491 2054 1545 edidit.
2106 1489 2317 1544 Novum
2369 1489 2782 1544 Testamentum
2825 1491 3046 1561 proprie
3085 1498 3313 1546 vocatur
3341 1506 3467 1560 per-

1868 1592 2046 1655 petuae
2067 1583 2402 1639 hwreditatis
2429 1583 2776 1653 cmlestisque
2804 1583 3158 1639 beatitudinis
3184 1584 3341 1639 ﬁrma
3367 1583 3464 1639 Dei

1866 1675 2158 1746 promissio
2175 1715 2190 1740 ,
2236 1675 2491 1729 omnibus
2518 1689 2617 1744 per
2650 1672 2813 1728 ﬁdem
2839 1674 2893 1728 in
2919 1675 3096 1746 gratia
3123 1673 3469 1744 baptismatis

1861 1765 2198 1836 justiﬁcatis.
2252 1765 2663 1822 Testamentum
2732 1766 3156 1821 instrumentum
3223 1767 3468 1832 dicitur,

1871 1858 2018 1928 quod
2072 1857 2321 1913 Graecum
2369 1874 2491 1914 esse
2544 1874 2654 1912 non
2715 1857 2937 1912 dubium
2991 1865 3096 1921 est,
3133 1856 3262 1927 quia
3302 1855 3468 1912 nimi-

183 1961 371 2020 betur.-
404 1931 558 2029 Quod
635 1969 817 2017 autem
869 1957 1013 2013 LXX
1065 1931 1422 2029 interpretum
1478 1931 1771 2012 editionem
1797 1931 1846 1991 Β
1874 1967 1995 2006 rum
2019 1967 2209 2007 omnes
2230 1951 2446 2007 codices
2465 1951 2603 2006 Novi
2638 1950 2988 2005 lnstrumeuti
3012 1951 3250 2022 primum
3277 1948 3470 2006 Graeco

183 2051 348 2108 tertio
375 2053 548 2124 gradu
587 2051 657 2106 ad
691 2051 968 2106 Romanos
1003 2049 1318 2120 pervenisse
1357 2056 1672 2114 asseverat,
1719 2047 1774 2102 in

182 2142 290 2199 hoc
317 2140 549 2197 latenter
577 2139 833 2205 ostendit,
863 2146 1086 2211 propter
1112 2140 1294 2194 varios
1338 2155 1402 2195 ac
1439 2139 1665 2194 vitiosos
1692 2137 1775 2192 in-

185 2240 476 2303 terpretes,
519 2231 690 2288 multa
741 2231 867 2286 vitia
922 2232 976 2286 in
1028 2231 1235 2286 Latinis
1293 2231 1570 2286 codicibus
1606 2229 1775 2286 fuisse

181 2325 524 2394 conscripta,
539 2323 754 2393 quando
774 2338 880 2378 non
901 2338 968 2378 ex
991 2321 1270 2378 Hebraicaa
1299 2323 1544 2378 veritatis
1568 2321 1774 2392 liquido

180 2413 353 2480 fonte,
387 2415 482 2470 sed
509 2428 608 2482 per
630 2413 811 2469 varios
858 2412 1197 2467 turbulentos
1228 2411 1430 2466 rivulos
1453 2412 1614 2467 tertio
1655 2419 1773 2466 tan-

183 2505 308 2565 dem
335 2504 508 2576 gradu
556 2519 710 2561 sacra
744 2505 945 2560 veteris
986 2503 1336 2560 lnstrumenti
1391 2503 1672 2574 Scriptura
1717 2504 1774 2560 in

185 2595 489 2653 Romanum
527 2595 770 2650 manavit
825 2595 1119 2665 eloquium.
1164 2595 1225 2650 ln
1269 2595 1374 2652 hoc
1419 2595 1602 2665 itaque
1651 2593 1774 2650 loco

186 2695 246 2746 et
284 2687 342 2744 in
393 2687 852 2758 subsequentibus
895 2688 1164 2746 incuriam
1219 2688 1470 2761 suggillat
1509 2689 1776 2760 interpre-

188 2786 323 2835 tum.
364 2809 366 2812 ν

257 2895 312 2952 8.
344 2895 470 2950 Non
497 2911 676 2968 quer
705 2896 832 2968 quid
855 2895 1070 2969 Aquila,
1116 2895 1465 2968 Symmachus
1504 2905 1553 2951 et
1603 2895 1774 2952 Theo-

187 2986 388 3052 dotion,
413 2995 468 3042 et
491 2988 698 3059 reliqua
721 3003 892 3059 usque
920 2989 1148 3044 incedat.
1193 2987 1579 3044 Ecclesiastica
1607 2986 1778 3043 refert

187 3079 412 3136 historia
439 3080 583 3149 quod
617 3080 674 3135 bi
705 3088 816 3134 tres
851 3080 1176 3151 interpretes
1219 3079 1485 3134 Ebionita:
1530 3078 1775 3134 haeretici

185 3170 443 3237 fuerunt,
480 3187 600 3241 quae
642 3172 868 3228 haeresis
894 3171 1092 3228 asserit
1136 3171 1432 3236 Christum,
1481 3171 1548 3226 de
1574 3169 1774 3240 Joseph

187 3271 246 3318 et
275 3262 442 3318 Maria
484 3272 690 3329 natum,
739 3263 1014 3319 hominem
1041 3279 1237 3334 purum
1263 3261 1460 3329 fuisse,
1497 3271 1553 3318 et
1600 3263 1773 3334 legem

186 3353 298 3410 ritu
331 3351 554 3410 Judaico
589 3367 711 3409 esse
754 3355 1099 3410 servandam.
1149 3353 1510 3424 Symmachus
1553 3353 1775 3410 Gmcus

185 3446 294 3503 fuit
315 3447 648 3518 temporibus
673 3446 861 3503 Severi
891 3448 1021 3518 imp.
1049 3446 1155 3502 Sed
1176 3446 1371 3516 Aquila
1393 3446 1650 3502 Ponticus
1673 3447 1775 3502 sub

185 3536 510 3603 Commodo,
537 3537 877 3594 Theodotion
909 3537 1175 3607 Ephesius
1204 3538 1304 3592 sub
1329 3537 1591 3603 Adriano,
1613 3537 1775 3592 ambo

187 3636 375 3685 tamen
396 3626 564 3684 Judaei
581 3629 836 3702 proselyti
863 3630 918 3684 in
933 3630 1122 3685 eadem
1145 3629 1372 3684 historia
1397 3629 1565 3685 fuisse
1589 3629 1776 3700 legun-

187 3730 308 3787 tur,
335 3721 563 3791 ideoque
594 3738 660 3779 ex
690 3723 972 3779 Hebraicis
1000 3723 1367 3779 voluminibus
1385 3723 1541 3793 quasi
1563 3722 1773 3778 Hebraei

184 3813 247 3870 in
275 3811 524 3870 Graecum
570 3831 877 3873 sermonem
900 3857 916 3883 ,
949 3831 1110 3886 quem
1135 3814 1396 3886 proselyti
1431 3815 1774 3880 didicerant,

185 3904 585 3976 interpretandi
613 3907 865 3977 peritiam
897 3907 1224 3963 habuerunt.
1250 3905 1421 3961 Porro
1449 3905 1778 3961 Theodotio-

186 4011 319 4053 nem
349 3996 492 4052 inter
512 4012 682 4053 novos
705 4005 760 4054 et
784 4008 996 4054 veteres
1026 3997 1233 4054 idcirco
1258 3997 1495 4052 medium
1525 3997 1777 4052 incedere

187 4087 327 4145 dicit
351 4127 367 4154 ,
407 4088 552 4158 quod
579 4089 869 4158 aliquando
893 4087 1036 4143 LXX
1067 4089 1364 4153 seniorum,
1389 4101 1776 4158 nonnunquam

185 4192 323 4233 vero
356 4176 565 4248 Aquila:
593 4189 648 4234 et
678 4178 991 4251 Symmachi
1021 4177 1245 4233 editioni
1273 4186 1667 4233 consentaneus
1693 4178 1776 4232 in-

186 4267 428 4323 venitur.
478 4268 538 4324 ln
587 4285 695 4340 quo
738 4269 906 4324 tacite
946 4269 1185 4324 insinuat
1222 4268 1582 4339 Hieronymus
1634 4268 1778 4336 quod

188 4358 298 4428 ipsi
335 4357 711 4427 Theodotioni,
764 4359 918 4430 quasi
957 4360 1170 4415 subtilis
1214 4359 1413 4430 ingenii
1459 4362 1576 4413 viro
1605 4399 1620 4424 ,
1669 4373 1777 4413 non

187 4462 294 4524 per
321 4452 502 4506 omnia
531 4449 677 4507 LXX
704 4451 1062 4521 interpretum
1080 4492 1096 4517 ,
1121 4466 1297 4521 neque
1316 4449 1524 4520 Aquilae
1547 4457 1602 4506 et
1622 4449 1780 4520 Sym-

189 4545 376 4600 machi
421 4545 588 4601 editio
635 4544 931 4614 probabilis
980 4543 1146 4599 fuerit
1169 4544 1312 4608 visa;
1343 4543 1436 4598 sed
1467 4559 1610 4597 nunc
1647 4542 1780 4598 istos

1876 2058 2126 2100 sermone
2155 2050 2281 2098 sunt
2308 2043 2439 2098 editi
2466 2083 2480 2108 ,
2509 2051 2738 2112 excepto
2774 2043 3020 2112 apostolo
3046 2042 3328 2108 Matthzeo;
3361 2058 3472 2097 non

1877 2135 2022 2205 quod
2077 2135 2246 2204 ipsius
2297 2149 2514 2204 quoque
2560 2134 2912 2204 Evangelium
2975 2135 3167 2191 Grzeco
3221 2151 3474 2191 sermone

1876 2245 1984 2285 non
2018 2239 2166 2286 esset
2193 2230 2595 2300 conscriptum,
2629 2230 2724 2284 sed
2752 2231 2877 2300 quia
2902 2231 3154 2301 primitus
3191 2231 3476 2288 Hebraicis

1876 2321 2072 2378 litteris
2107 2332 2191 2379 est
2224 2323 2464 2388 editum,
2493 2339 2559 2378 ac
2583 2324 2780 2380 dehinc
2801 2325 2858 2379 in
2886 2323 3137 2380 Graecum
3166 2340 3475 2381 sermonem

1875 2413 1980 2469 fuit
2010 2414 2356 2469 translatum.
2399 2413 2517 2468 Hoc
2561 2424 2700 2468 certe
2749 2431 2868 2468 cum
2899 2415 2956 2468 in
3004 2425 3183 2469 nostra
3236 2431 3476 2469 sermone

1875 2504 2166 2570 discordat,
2196 2513 2244 2558 et
2286 2505 2342 2558 in
2386 2504 2618 2558 diversos
2670 2503 2960 2558 fivulorum
3005 2507 3240 2559 tramites
3285 2506 3473 2574 ducit,

1875 2613 1981 2650 uno
2020 2596 2085 2650 de
2128 2595 2272 2665 fonte
2309 2595 2654 2666 quwrendum
2691 2605 2788 2650 est.
2839 2594 2899 2651 ln
2943 2595 3191 2652 Romano
3221 2611 3476 2654 sermone

1875 2687 2088 2742 varium
2139 2696 2193 2742 et
2243 2686 2387 2742 inter
2441 2701 2500 2742 se
2552 2687 2835 2742 dissonum
2895 2687 3063 2744 fuisse
3116 2689 3472 2758 Evangelium

1877 2794 2020 2850 stepe
2041 2789 2456 2845 commemorat,
2490 2779 2635 2849 quod
2665 2794 2773 2835 non
2800 2778 3023 2850 limpido
3051 2795 3294 2850 puroque
3312 2778 3474 2848 fonti,

1877 2872 1972 2927 sed
2001 2879 2224 2943 propter
2255 2871 2628 2941 discrepantes
2667 2887 2733 2925 ac
2764 2871 2946 2926 varios
2986 2871 3204 2927 codices
3244 2871 3478 2928 diversis

1878 2977 1944 3018 ac
1984 2961 2307 3018 turbulentis
2352 2961 2653 3017 rivulorum
2706 2961 2968 3018 tractibus
3009 2962 3300 3034 allegorice
3325 2979 3476 3018 com-

1877 3069 2066 3130 parat;
2096 3059 2322 3130 ideoque
2368 3073 2437 3113 ex
2478 3057 2653 3114 Graeci
2684 3058 2952 3114 sermonis
2991 3057 3140 3114 fonte
3173 3058 3468 3130 purissimo

1878 3151 2089 3208 dulcem
2117 3151 2364 3206 veritatis
2408 3152 2666 3207 haustum
2704 3151 3056 3222 quaerendum
3084 3165 3206 3206 esse
3234 3148 3386 3214 dicit,
3419 3147 3472 3202 id

1878 3250 1963 3296 est
1990 3240 2277 3296 veritatem
2299 3256 2368 3295 ex
2389 3237 2536 3295 veris
2560 3239 2876 3296 Gmeorum
2898 3239 3300 3310 exemplaribus
3329 3253 3476 3308 quae-

1879 3331 2134 3397 rendam;
2180 3331 2348 3388 falsos
2373 3347 2502 3387 vero
2534 3333 2752 3389 codices
2778 3332 2998 3402 penitus
3043 3331 3359 3387 refutandos
3387 3339 3478 3385 as-

1878 3423 2032 3480 serit.
2071 3422 2224 3479 Unde
2271 3431 2393 3494 apte
2424 3423 2710 3479 subditur:
2759 3424 3102 3495 pratermitto
3128 3440 3216 3477 eos
3243 3423 3475 3488 codices,

1878 3525 1934 3572 et
1962 3516 2171 3586 reliqua
2214 3531 2386 3586 usque
2414 3532 2533 3586 qua:
2560 3516 2745 3570 addita
2777 3524 2918 3571 sunt.
2955 3514 3021 3569 Hi
3049 3515 3176 3579 duo,
3201 3514 3478 3569 Lucianus

1877 3617 1932 3663 et
1970 3607 2294 3678 Hesychius,
2321 3608 2665 3675 emendarios
2701 3609 2730 3648 δ
2762 3609 2873 3662 imo
2904 3606 3158 3662 falsarios
3199 3608 3266 3662 de
3289 3606 3476 3662 Veteri

1879 3707 1935 3753 et
1954 3696 2103 3752 Novo
2140 3697 2493 3754 Testamento
2523 3698 2738 3754 codices
2765 3685 3074 3763 ediderunt,
3106 3698 3304 3769 quibus
3327 3697 3477 3754 LXX

1877 3787 2238 3858 lnterpretum
2301 3789 2595 3845 editionem
2674 3789 3092 3860 praesumptiosa
3162 3791 3474 3847 temeritate

1878 3881 2081 3952 absque
2111 3880 2389 3938 Hebraicae
2415 3883 2664 3939 veritatis
2688 3881 3125 3939 consideratione
3141 3893 3163 3922 ε
3181 3883 3476 3939 emendare

1878 3979 2060 4032 conati
2106 3988 2268 4043 sunt;
2304 3993 2408 4034 nec
2446 3995 2554 4036 non
2599 3981 2669 4034 ad
2716 3981 2920 4034 erroris
2963 3979 3046 4034 sui
3089 3981 3479 4048 cumulum,_in

1879 4066 2027 4150 l‘iovo
2057 4066 2407 4124 Testamento
2430 4071 2678 4140 quaedam
2704 4069 2973 4140 superﬂua
2999 4082 3054 4126 et
3078 4071 3258 4143 inepta
3288 4087 3478 4144 super—

1879 4158 2221 4214 addiderunt.
2267 4160 2509 4227 Quorum
2550 4161 2748 4216 merito
2779 4161 2996 4216 codices
3018 4163 3475 4232 przetermittendi

1879 4260 2026 4314 sunt,
2058 4249 2111 4302 in
2141 4250 2337 4318 quibus
2365 4250 2655 4306 ridiculosa
2698 4252 3008 4306 emendatio
3039 4251 3285 4322 falsaque
3317 4253 3474 4307 addi-

1881 4341 1956 4395 tio
2011 4341 2294 4410 perspicue
2346 4343 2610 4397 cernitur.
2673 4342 2862 4398 Potest
2909 4352 2964 4395 et
3018 4341 3176 4396 aliter
3227 4342 3474 4412 intelligi,

1880 4431 2025 4502 quod
2052 4432 2262 4502 praefati
2290 4431 2504 4486 codices
2530 4447 2630 4486 nec
2664 4427 2854 4486 revera
2878 4447 2909 4484 a
2934 4430 3175 4484 Luciano
3213 4438 3268 4486 et
3299 4429 3476 4503 Hesy-

1881 4524 2004 4579 chio
2033 4524 2162 4579 facti
2199 4532 2343 4589 sunt,
2372 4524 2466 4579 sed
2493 4524 2594 4579 sub
2622 4539 2812 4579 eorum
2840 4524 3059 4579 nomine
3089 4522 3229 4580 falso
3260 4525 3416 4582 titulo
3439 4541 3472 4581 a

188 4652 342 4694 nunc
375 4636 494 4692 illos
541 4652 864 4706 assequeris,
918 4652 1061 4690 nunc
1101 4635 1346 4706 qumdam
1385 4634 1682 4704 peculiaria
1710 4650 1775 4690 ex

1883 4614 2206 4684 quibusdam
2248 4613 2519 4684 perversis
2550 4621 2676 4667 sunt
2716 4615 3030 4684 nuncupati.
3075 4613 3192 4671 Non
3222 4615 3367 4671 enim
3395 4616 3479 4672 di-

187 4726 466 4788 Hebraica
515 4731 742 4786 veritate
790 4745 1074 4786 assumens
1100 4771 1116 4795 ,
1178 4729 1509 4799 elegantiora
1554 4744 1780 4799 qumque

188 4832 257 4880 ut
293 4822 397 4879 sibi
436 4823 608 4879 visum
633 4822 813 4878 fuerat
839 4823 1028 4878 edidit.
1077 4822 1160 4878 Sit
1194 4821 1288 4876 illa
1322 4838 1445 4876 vera
1473 4822 1783 4893 interpreta-

189 4917 268 4972 tio
298 4932 352 4988 q.
397 4933 450 4971 a.
490 4933 544 4987 p.
576 4915 694 4971 Non
721 4930 844 4987 ego,
875 4915 1082 4984 inquit,
1130 4929 1304 4979 nunc,
1352 4913 1584 4980 discutio
1613 4929 1681 4968 an
1711 4913 1784 4970 sit

188 5005 366 5063 etiam
413 5005 503 5060 illa
528 5020 659 5062 vera
706 5004 1104 5075 interpretatio,
1151 5019 1257 5075 qua
1291 5018 1390 5074 ego
1419 5003 1532 5074 ipse
1571 5018 1639 5059 ex
1677 5003 1784 5059 He-

187 5096 383 5154 braica
437 5096 665 5152 veritate
714 5097 880 5153 Vetus
948 5093 1352 5150 Testamentum
1413 5093 1467 5149 in
1527 5094 1780 5150 Latinum

189 5191 454 5250 transtuli
474 5206 802 5257 sermonem,
827 5206 952 5246 cum
979 5187 1380 5244 evidentissime
1404 5187 1574 5256 ipsam
1597 5202 1782 5242 veram

187 5291 566 5350 esseconstet,
589 5298 752 5353 quam
765 5279 1062 5352 apostolica
1081 5291 1293 5332 mecum
1314 5275 1474 5330 simul
1487 5276 1784 5332 auctoritas

187 5375 539 5446 comprobet.
593 5373 756 5427 Multa
793 5387 1028 5441 namque
1050 5367 1357 5423 testimonia
1382 5381 1450 5420 ex
1484 5367 1664 5422 Veteri
1702 5366 1786 5422 ln-

160 5465 506 5523 Strumento
547 5465 599 5520 in
641 5463 952 5535 apostolicis
988 5461 1146 5517 dictis
1191 5461 1365 5531 posita
1401 5459 1780 5530 reperiuntur,

187 5576 328 5633 quae
353 5575 460 5614 non
485 5559 542 5614 in
569 5557 712 5612 LXX
747 5558 1106 5626 interpretum
1135 5553 1373 5610 editione
1397 5593 1412 5620 ,
1451 5553 1545 5608 sed
1587 5552 1642 5606 in
1681 5550 1789 5606 He-

186 5654 390 5712 braica
423 5654 653 5710 veritate
671 5695 686 5719 ,
713 5669 779 5710 ex
820 5667 928 5723 qua
977 5649 1339 5720 Hieronymus
1365 5645 1646 5704 transtulit
1672 5687 1688 5715 ,
1713 5646 1794 5703 in-

271 5845 300 5874 α
333 5831 445 5899 GL,
472 5830 776 5896 keuucrido,
803 5829 997 5886 Ithleini
1048 5828 1197 5886 klerti
1243 5829 1560 5884 uuistuome.

273 5904 303 5943 δ
343 5901 457 5970 GL,
483 5901 726 5974 puossila
751 5901 938 5972 puoch.

1883 4712 1957 4767 cit
1979 4711 2127 4782 ipsos
2151 4710 2367 4766 codices
2396 4725 2425 4764 a
2454 4708 2694 4765 Luciano
2731 4719 2788 4765 et
2827 4710 3098 4783 llesychio
3143 4709 3337 4777 factos,
3380 4711 3477 4767 sed

1883 4810 2221 4873 nuncupatos
2271 4817 2393 4856 esse
2432 4800 2750 4866 conﬁrmat;
2792 4801 2935 4856 sicut
2979 4802 3198 4872 quidam
3245 4801 3478 4873 pseudo-

1884 4895 2228 4966 evangelistae
2243 4895 2344 4950 sub
2364 4894 2582 4950 nomine
2609 4894 2982 4964 apostolorum
3006 4893 3144 4949 falsa
3178 4909 3276 4949 sua
3296 4893 3478 4948 Evan-

1885 4986 2022 5061 gelia
2045 4985 2534 5057 pmtitulaverunt.

1961 5096 2050 5152 10.
2094 5095 2270 5166 Igitur
2297 5096 2408 5150 lucc
2428 5112 2677 5173 yrwscns
2723 5095 3151 5168 prwfatiuncula,
3179 5102 3236 5150 et
3267 5094 3478 5173 reliqua

1888 5202 2062 5258 usque
2087 5187 2176 5242 sed
2203 5171 2457 5241 veterum.
2493 5187 2607 5246 Hoc
2629 5197 2713 5244 est
2739 5197 2971 5258 quatuor
2990 5197 3200 5242 tantum
3227 5171 3480 5259 Evange:

1887 5279 1962 5334 lia
1994 5295 2090 5350 per
2125 5281 2436 5336 authentica
2467 5279 2779 5337 Graecorum
2813 5280 3142 5351 exemplaria
3185 5281 3472 5336 emendata

1889 5386 2010 5427 esse
2037 5373 2436 5442 proposuimus,
2464 5373 2667 5429 omissa
2687 5373 2756 5427 de
2781 5371 2964 5428 Veteri
2991 5369 3339 5426 Testamento
3365 5373 3478 5428 dis-

1891 5463 2194 5534 putatione,
2232 5464 2404 5534 deque
2440 5465 2609 5519 variis
2652 5462 3040 5532 interpretibus
3081 5465 3196 5519 sive
3218 5463 3476 5521 veridicis

1896 5554 2012 5612 sive
2049 5556 2316 5610 erraticis.
2365 5555 2656 5628 Signanter
2702 5562 2885 5610 autem
2937 5556 3179 5612 ordinem
3234 5556 3475 5627 ipsorum

1895 5646 2158 5703 describit
2179 5647 2598 5719 Evangeliorum
2631 5661 2755 5702 cum
2779 5645 2915 5703 dicit
2939 5665 2953 5703 :
2979 5663 3203 5720 quorum
3223 5648 3354 5705 ordo
3374 5648 3476 5706 ists

1969 5845 1990 5873 ο
2032 5830 2144 5900 GL,
2180 5829 2485 5886 keuucrido.
