4046 6332
232 379 329 442 341

941 385 1238 443 EXPLAN.
1280 389 1348 444 IN
1385 388 1893 444 PREFATIONES
1934 389 1991 444 S.
2035 392 2309 448 lllERON.
2351 393 2444 448 AD
2483 393 2728 454 EVANG.

3383 401 3488 460 512

232 511 337 569 quo
375 493 645 551 detractio
671 501 819 560 erat;
854 506 947 551 aut
985 501 1190 568 mquale
1215 517 1318 571 pro
1349 503 1542 573 mquali
1569 504 1802 574 capitulo
1830 509 1883 568 Α
1907 507 2192 570 secundus,
2245 507 2334 560 ubi
2375 506 2518 562 inter
2555 517 2699 574 tres;
2755 510 2970 577 tertius,
3017 512 3108 568 ubi
3158 515 3303 570 inter
3349 519 3488 577 duos

233 587 636 645 immutabatur.
685 585 986 644 Notandum
1033 600 1213 647 autem
1261 596 1404 664 quod
1449 605 1802 667 μιτωνυμικῶς

231 681 374 752 ipsos
409 678 770 750 evangelistas
796 695 898 750 pro
939 681 1249 756 Evangeliis
1276 675 1593 744 nominavit.
1647 689 1803 758 Quali

228 782 409 830 autem
437 773 699 840 remedio,
729 773 814 828 vel
841 776 1038 845 quibus
1060 780 1402 851 regularibus
1437 785 1646 840 normis
1671 801 1808 856 prae-

230 865 353 921 fatis
382 865 661 920 erroribus
702 877 1076 935 succurratur,
1119 867 1434 944 subiungit;
1483 891 1602 930 cum
1629 875 1806 948 itaque

225 973 454 1012 canones
480 955 688 1027 legeris,
718 965 775 1013 et
799 959 1006 1030 reliqua
1033 976 1206 1032 usque
1234 965 1496 1018 restitues.
1527 964 1807 1032 Quomodo

229 1063 326 1118 per
370 1048 658 1105 distinctos
686 1064 924 1106 canones
973 1058 1396 1122 cognoscantur,
1440 1071 1562 1127 quae
1596 1058 1808 1113 suntin

230 1139 534 1212 Evangeliis
575 1142 766 1198 eadem
793 1143 881 1198 vel
905 1143 1080 1200 vicina
1110 1145 1193 1200 vel
1219 1147 1360 1214 sola,
1387 1163 1555 1218 supra
1590 1150 1808 1220 exposi-

230 1240 344 1287 tum
381 1239 484 1290 est.
536 1231 692 1289 Nunc
716 1225 1014 1292 notandum
1046 1245 1149 1304 est,
1189 1240 1334 1310 quod
1379 1239 1576 1295 similia
1632 1243 1808 1297 nomi—

229 1325 430 1391 nando,
481 1327 670 1382 eadem
728 1342 795 1382 ac
836 1328 1014 1384 vicina
1075 1330 1312 1400 capitula
1351 1331 1616 1403 designat.
1670 1332 1808 1400 Quid

229 1418 372 1473 enim
410 1407 531 1488 plus
570 1418 748 1474 simile
774 1419 882 1477 dici
905 1412 1108 1492 potest,
1143 1439 1310 1494 quam
1355 1425 1501 1494 quod
1542 1424 1686 1481 idem
1715 1433 1810 1481 aut

227 1511 464 1566 vicinum
490 1512 608 1568 est?

297 1603 385 1658 15.
425 1601 656 1661 Ostenso
706 1605 763 1662 in
809 1608 1179 1678 superioribus
1233 1625 1503 1667 canonum
1555 1629 1804 1680 numero,

222 1697 388 1752 modo
411 1697 559 1769 ipsos
583 1715 823 1756 canones
855 1702 1091 1772 propriis
1113 1702 1524 1762 definitionibus
1551 1707 1812 1765 describit

226 1787 412 1845 dicens
436 1809 449 1844 :
479 1791 536 1845 in
555 1807 754 1847 canone
780 1792 968 1862 primo,
997 1800 1052 1846 et
1080 1793 1286 1864 reliqua
1316 1811 1488 1866 usque
1510 1797 1806 1854 ediderunt.

1905 597 2264 666 evangelistas
2299 601 2650 656 consonantia
2695 602 2942 658 habetur.
2972 604 3032 660 In
3072 617 3266 678 quarto
3313 609 3486 670 limite

1904 686 1992 742 ille
2026 687 2218 743 modus
2255 689 2598 746 collocandus
2623 698 2726 758 est,
2751 693 2806 748 in
2827 709 2943 768 quo
2974 694 3118 750 nulla
3149 702 3492 758 concordan-

1906 779 2001 844 tia,
2026 779 2120 834 sed
2153 779 2397 837 absoluta
2419 783 2766 855 singularitas
2791 786 3197 845 evidentissime
3221 793 3488 850 cernitur.

1906 869 2214 926 Notandum
2238 887 2459 954 quoque
2485 876 2627 946 quod
2654 876 2743 932 hic
2771 894 3029 938 numerus
3061 897 3096 937 ι
3121 896 3392 941 canonum
3433 888 3487 941 iu

1912 972 2150 1036 quatuor
2187 965 2516 1037 Evangeliis,
2549 975 2840 1028 attestatur
2877 973 3180 1033 doctrinam
3229 979 3500 1052 evangeli-

1906 1073 2027 1114 cam
2041 1058 2297 1131 decalogo
2317 1060 2453 1133 legis
2471 1077 2588 1119 esse
2605 1067 3111 1125 concordissimam.
3135 1070 3406 1128 Creterum
3431 1063 3499 1129 de

1908 1163 2135 1205 numero
2186 1159 2241 1205 et
2294 1151 2488 1207 ordine
2537 1156 2850 1212 eorumdem
2891 1172 3180 1227 canonum,
3216 1162 3272 1217 in
3301 1161 3502 1218 Plena-

1908 1243 1986 1297 rio
2018 1255 2042 1282 ο
2061 1283 2076 1308 ,
2106 1243 2172 1298 de
2197 1258 2305 1314 quo
2343 1252 2399 1299 et
2421 1245 2540 1302 hazc
2585 1257 2840 1319 excerpta
2877 1259 3024 1318 sunt,
3069 1254 3329 1324 reperies.
3361 1254 3500 1308 ιιιυιι

1909 1348 2122 1403 quoque
2155 1339 2452 1391 notandum
2479 1338 2622 1408 quod
2649 1340 2858 1410 praefati
2887 1357 3126 1400 canones
3165 1360 3274 1401 nou
3307 1360 3500 1402 omnes

1909 1423 1963 1478 in
1996 1424 2222 1495 singulis
2251 1427 2598 1497 evangelistis
2622 1429 2787 1499 positi
2825 1432 3204 1500 reperiuntur.
3254 1432 3392 1489 Nam
3438 1434 3498 1489 in

1909 1512 2165 1570 Matthan
2213 1524 2338 1571 octo
2382 1517 2588 1587 pesitos
2630 1532 2750 1573 esse
2780 1519 3011 1587 videbis,
3048 1531 3274 1594 excepto
3303 1530 3500 1579 octavo

1910 1614 1966 1659 et
1993 1621 2136 1662 nono
2165 1621 2392 1662 canone.
2443 1603 2501 1662 in
2535 1607 2718 1664 Marco
2747 1625 2864 1676 sex,
2901 1614 3271 1682 praetermisso
3314 1615 3501 1682 tertio,

1911 1695 2118 1764 quinto,
2156 1697 2387 1767 septimo
2441 1713 2505 1752 ac
2548 1713 2692 1754 nono
2726 1715 2954 1754 canone.
2997 1699 3055 1756 In
3087 1701 3232 1757 Luca
3273 1712 3501 1774 septem,

1913 1789 2154 1856 exceptis
2183 1796 2376 1857 quarto
2416 1789 2754 1859 septimoque
2779 1806 3006 1846 canone.
3038 1791 3096 1847 ln
3141 1791 3354 1850 Joanne
3384 1810 3500 1863 sex,

224 1877 282 1933 ιη
311 1879 504 1949 primis
532 1881 814 1936 sciendum
865 1888 971 1946 ρει,
1021 1881 1217 1936 horum
1265 1865 1533 1939 canohum
1577 1896 1811 1955 quatuor
1837 1865 1885 1925 B
1910 1884 2106 1947 praeter
2140 1880 2458 1946 secundum,
2506 1876 2780 1950 quintum,
2814 1891 3029 1938 sextum
3059 1892 3116 1940 et
3139 1894 3388 1943 octavum
3413 1902 3507 1942 ca-

221 1983 348 2026 esse
396 1971 619 2037 modos;
678 1971 887 2040 primus
935 1973 1129 2027 modus
1165 1981 1268 2039 est,
1318 1974 1374 2028 in
1425 1990 1532 2046 quo
1579 1985 1811 2047 quatuor

220 2059 571 2131 evagelista:
624 2061 978 2128 concordant,
1035 2063 1125 2132 qui
1175 2064 1409 2134 primum
1474 2066 1812 2123 solummodo

218 2165 493 2206 canonem
540 2151 806 2206 continet.
851 2151 909 2206 1n
955 2168 1061 2222 quo
1103 2155 1281 2224 primo
1325 2172 1534 2214 canone
1581 2169 1815 2230 quatuor

218 2242 437 2310 species
477 2256 599 2298 esse
636 2243 927 2298 videntur:
979 2254 1073 2300 aut
1115 2247 1259 2301 enim
1294 2265 1434 2304 unus
1481 2253 1813 2324 evangelista

220 2332 396 2386 semel
420 2333 474 2386 in
499 2349 604 2388 uno
625 2333 805 2403 aliquo
827 2335 1061 2406 capitulo
1087 2337 1325 2408 aliquam
1356 2355 1578 2397 causam
1606 2358 1672 2398 ex
1700 2353 1814 2402 toto

219 2423 308 2479 vel
333 2440 400 2479 ex
430 2435 584 2494 parte
606 2427 758 2492 dicit,
780 2427 981 2498 aliique
1003 2437 1116 2485 tres
1139 2431 1370 2488 diversis
1397 2434 1648 2505 capitulis
1675 2437 1815 2492 mul-

222 2515 440 2587 pliciter
467 2525 712 2572 narrant.
739 2517 849 2574 Aut
888 2521 994 2576 duo
1033 2523 1226 2590 semel,
1259 2533 1314 2579 et
1351 2525 1458 2580 duo
1503 2529 1815 2599 multiplici-

225 2614 329 2663 ter.
383 2607 494 2663 Aut
524 2623 714 2664 omnes
759 2611 1060 2681 aequaliter,
1109 2615 1213 2670 hoc
1243 2622 1329 2671 est
1379 2617 1546 2673 semel
1594 2635 1809 2688 omnes,

223 2701 442 2771 quando
471 2708 707 2771 quatuor
749 2703 1096 2774 evangelista:
1125 2707 1344 2761 nonnisi
1393 2709 1623 2780 singulis
1659 2714 1817 2782 capi-

226 2791 353 2848 tulis
375 2793 623 2848 eumdem
647 2807 861 2849 sensum
877 2796 1207 2865 exprimunt.
1241 2793 1525 2856 Secundus
1547 2816 1816 2858 canonum

226 2885 421 2943 modus
451 2893 554 2951 est,
585 2885 640 2940 in
669 2901 778 2957 quo
807 2896 920 2942 tres
960 2891 1306 2961 evangelista:
1351 2903 1672 2950 consonant.
1708 2892 1817 2950 Sed

227 2975 346 3046 ipse
373 2977 565 3032 modus
620 2985 732 3032 tres
771 2994 1008 3035 canones
1051 2981 1462 3052 complectitur;
1518 2985 1572 3040 in
1621 2988 1817 3057 quibus

228 3069 406 3124 tribus
437 3069 739 3126 canonibus
786 3079 898 3128 tres
947 3071 1193 3129 formulae
1248 3076 1613 3145 reperiuntur.
1680 3078 1816 3133 Nam

226 3168 324 3214 aut
347 3176 486 3216 unus
515 3161 703 3228 semel,
728 3169 783 3216 et
811 3159 916 3218 duo
938 3163 1345 3235 multipliciter;
1379 3175 1471 3220 aut
1494 3167 1599 3222 duo
1625 3167 1811 3233 semel,

1913 1980 2109 2020 nonem
2136 1967 2340 2036 positos
2367 1970 2627 2040 reperies,
2657 1972 2800 2027 sicut
2841 1973 3007 2029 etiam
3053 1975 3303 2047 superior
3330 1990 3496 2033 cano-

1913 2075 2041 2114 num
2081 2059 2371 2132 dcscriptio
2400 2064 2729 2120 manifestat.

1983 2152 2071 2206 17.
2100 2152 2254 2208 Nunc
2283 2153 2349 2209 ad
2376 2155 2610 2224 ipsorum
2639 2159 3157 2228 argumentationem
3182 2161 3212 2201 δ
3237 2176 3507 2218 canonum

1915 2244 2085 2315 stylus
2116 2247 2380 2300 sermonis
2407 2247 2700 2304 vertendus
2725 2258 2826 2318 est,
2873 2251 2926 2304 in
2981 2267 3088 2322 quo
3140 2267 3365 2324 prorsus
3413 2269 3505 2308 ar-

1914 2344 2168 2408 gumento
2190 2335 2395 2392 fructus
2439 2347 2493 2392 et
2531 2339 2734 2396 utilitas
2766 2343 3026 2413 cujusque
3063 2344 3285 2400 canonis
3326 2344 3509 2400 subtili

1913 2421 2345 2482 Consideratione
2368 2421 2671 2486 discutitur.
2718 2429 2958 2503 Singulis
3003 2450 3132 2489 vero
3180 2435 3508 2506 Evangeliis,

1915 2520 1983 2576 ab
2009 2536 2117 2576 uno
2143 2519 2406 2591 incipiens
2444 2537 2613 2591 usque
2656 2522 2723 2577 ad
2772 2521 2932 2578 ﬁnem
2977 2523 3264 2591 librorum,
3313 2525 3500 2594 dispar

1915 2627 2171 2666 numerus
2189 2611 2458 2668 increscit.
2484 2611 2589 2668 Per
2612 2613 2848 2686 singulos
2861 2615 3271 2686 Evangeliorum
3291 2615 3506 2671 codices

1916 2701 2201 2772 bipertitus
2222 2719 2498 2770 numerus,
2541 2703 2896 2775 capitulorum
2943 2706 3192 2762 videlicet
3234 2714 3290 2763 et
3339 2722 3506 2763 cano-

1917 2810 2070 2860 num,
2101 2794 2298 2865 quiest
2326 2795 2394 2849 ad
2415 2795 2644 2851 invicem
2680 2795 2976 2863 dissimilis,
3005 2797 3231 2870 singulis
3260 2798 3508 2870 capitulis

1919 2887 2210 2958 appositus,
2239 2887 2291 2942 id
2318 2896 2402 2942 est
2427 2889 2822 2959 superscriptus
2850 2889 3110 2958 habetur;
3140 2890 3230 2961 qui
3274 2899 3505 2962 uterque

1919 2992 2197 3044 numerus,
2225 2977 2292 3033 ab
2321 2994 2450 3046 uno,
2475 2979 2652 3049 primo
2687 2981 2891 3035 scilicet
2932 2981 3166 3053 capitulo
3203 2990 3366 3053 atque
3417 2983 3510 3038 ea—

1920 3083 2080 3135 none,
2113 3067 2168 3122 in
2199 3068 2424 3140 singulis
2460 3069 2765 3141 Evangeliis
2799 3071 3086 3143 incipiens,
3119 3087 3290 3143 usque
3337 3073 3406 3128 ad
3445 3072 3512 3128 ii-

1920 3177 2044 3217 nem
2076 3161 2334 3232 cujusque
2355 3162 2629 3235 Evangelii
2655 3181 2751 3235 per
2770 3163 3014 3220 ordinem
3038 3165 3372 3223 conscendit.
3399 3165 3510 3224 Sed

228 3260 287 3306 et
315 3268 456 3308 unus
495 3252 898 3324 multipliciter;
933 3265 1028 3310 aut
1053 3272 1243 3312 omnes
1285 3267 1394 3313 tres
1433 3258 1714 3328 aequaliter
1758 3261 1811 3316 in
1841 3221 1888 3286 C
1920 3270 2029 3308 non
2059 3253 2310 3310 similiter
2345 3265 2572 3326 uterque
2605 3272 2860 3313 mannerus
2893 3257 3249 3329 capitulorum
3273 3267 3328 3313 et
3349 3274 3512 3315 cano-

228 3341 366 3411 ipsis
391 3351 692 3399 consonant
734 3345 1053 3401 canonibus.
1111 3346 1329 3403 Tertius
1377 3350 1568 3404 modus
1608 3359 1713 3416 est,
1758 3352 1811 3406 in

227 3452 343 3506 quo
392 3437 498 3493 duo
539 3437 891 3510 evangelista:
937 3441 1251 3507 concinunt,
1303 3458 1409 3512 quo
1458 3445 1617 3500 tertio
1652 3445 1813 3500 modo

228 3530 474 3600 quinque
497 3546 730 3586 canones
757 3533 1184 3597 concluduntur,
1235 3535 1290 3588 in
1329 3535 1526 3604 quibus
1577 3536 1815 3606 quinque

232 3620 534 3676 canonibus
551 3620 796 3679 biformis
821 3624 1056 3679 varietas
1079 3624 1354 3680 elucescit.
1380 3624 1487 3679 Aut
1504 3626 1648 3680 enim
1679 3627 1816 3681 alter

234 3710 428 3775 semel,
456 3718 511 3766 et
532 3712 666 3768 alter
693 3714 1093 3784 multipliciter;
1129 3724 1220 3768 aut
1249 3699 1411 3770 ambo
1444 3715 1729 3784 mqualiter
1761 3716 1816 3770 in

231 3802 322 3858 his
374 3803 609 3875 quinque
651 3807 950 3862 canonibus
1009 3806 1125 3878 ipsa
1197 3805 1432 3877 capitula
1496 3815 1812 3862 contexunt.

232 3893 476 3964 Quartus
501 3898 690 3953 modus
719 3905 821 3964 est,
855 3898 911 3952 in
933 3913 1042 3968 quo
1075 3897 1221 3953 nulla
1260 3899 1668 3966 concordantia,
1699 3899 1820 3953 nul-

229 3987 393 4058 laque
421 3989 564 4044 inter
587 3991 950 4061 evangelistas
992 3990 1223 4046 invicem
1263 3983 1603 4046 dissonantia
1651 3991 1818 4047 habe-

232 4086 340 4134 tur.
377 4079 478 4134 Ubi
507 4069 662 4136 enim
693 4081 839 4136 nulla
889 4082 1032 4138 inter
1077 4081 1263 4152 plures
1304 4081 1522 4138 collatio
1564 4092 1668 4149 est,
1720 4099 1819 4139 nec

230 4159 627 4226 concordantia
669 4186 770 4226 nec
809 4169 1144 4228 dissonantia
1180 4170 1298 4226 ﬁeri
1342 4181 1540 4242 potest.
1583 4173 1686 4229 Iste
1724 4191 1817 4229 au-

149 4249 154 4252 ’
233 4266 346 4314 tem
385 4268 616 4330 quartus
661 4247 855 4320 modus
891 4262 1160 4318 decimum
1189 4259 1527 4318 solummodo
1556 4279 1817 4320 canonem

232 4353 500 4408 continet.

309 4443 396 4499 16.
436 4445 514 4529 De
554 4435 744 4501 ordine
772 4446 974 4517 horum
997 4455 1232 4518 quatuor
1259 4444 1543 4502 modorum
1589 4445 1818 4517 quaestio

234 4533 435 4602 oritur,
465 4527 564 4593 cur
591 4537 692 4592 iste
720 4533 947 4608 quartus
978 4539 1190 4603 modus,
1214 4537 1306 4607 qui
1335 4535 1402 4591 ad
1431 4535 1700 4592 decimum
1729 4551 1819 4591 ca-
1843 4574 1897 4635 Β

237 4645 438 4684 nouem
474 4631 726 4700 pertinet,
761 4623 868 4686 non
904 4631 1138 4701 primum
1187 4629 1364 4684 locum
1417 4637 1542 4682 ante
1591 4633 1821 4683 caeteros

237 4721 431 4776 modos
451 4723 681 4790 obtinet,
707 4739 830 4778 cum
856 4723 909 4777 in
935 4720 1148 4780 decimo
1175 4736 1383 4778 canone
1414 4717 1613 4792 singuli
1657 4737 1818 4776 evan-

231 4809 452 4880 gelista:
479 4811 592 4866 sola
621 4811 705 4865 vel
732 4812 952 4883 propria
977 4821 1228 4879 narrent;
1256 4811 1341 4866 vel
1363 4827 1460 4866 cur
1487 4827 1590 4866 non
1615 4819 1699 4865 est
1735 4826 1822 4866 se-

237 4902 454 4960 cundus
481 4899 697 4971 inodus,
727 4905 817 4961 ubi
852 4905 988 4972 duo;
1034 4914 1089 4960 et
1131 4903 1343 4971 tertius,
1371 4905 1425 4958 in
1464 4921 1569 4975 quo
1600 4913 1741 4971 tres;
1773 4915 1830 4960 et

240 5003 495 5064 quartus,
533 4995 624 5051 ubi
660 5004 892 5066 quatuor
935 4995 1278 5066 evangelista:
1305 4995 1657 5059 concordant,
1703 5010 1826 5049 cum

243 5086 338 5140 hic
365 5085 500 5141 ordo
529 5087 721 5142 melior
747 5087 838 5153 sit,
885 5086 976 5156 qui
1019 5102 1049 5141 a
1075 5085 1304 5158 singulis
1337 5081 1407 5141 ad
1443 5085 1605 5141 binos
1632 5101 1696 5140 ac
1723 5092 1832 5139 ter-

245 5192 349 5232 tios
376 5187 717 5249 quatuorque
737 5175 1052 5248 consurgit?
1094 5169 1203 5230 Sed
1230 5175 1660 5246 respondendum
1689 5173 1832 5244 quod

245 5285 359 5323 non
393 5269 463 5324 ab
510 5258 796 5325 ordina'bili
837 5283 1084 5334 numero,
1127 5265 1223 5323 sed
1267 5266 1334 5322 ab
1376 5263 1696 5321 eucellentia
1735 5279 1835 5320 nu-

245 5351 568 5416 merosioris
615 5361 1015 5418 concordantiae
1055 5357 1151 5416 isti
1219 5366 1452 5429 quatuor
1501 5356 1645 5414 modi
1691 5353 1837 5414 ordi-

246 5452 365 5506 nati
395 5460 540 5507 sunt.
567 5450 703 5508 Nam
729 5447 828 5510 ubi
853 5453 1091 5508 maxima
1133 5451 1276 5506 inter
1303 5459 1536 5523 quatuor
1561 5450 1836 5522 evangeli-

250 5552 372 5599 stas
399 5535 784 5603 concordantia
833 5553 938 5614 est,
983 5539 1193 5618 primus
1240 5536 1431 5600 modus
1483 5557 1604 5600 esse
1638 5543 1837 5611 debet;

329 5689 356 5718 ι
389 5677 651 5746 Notemus
678 5678 881 5752 Sedulii
905 5695 1034 5752 opus
1062 5676 1545 5752 plenarittququ
1569 5691 1675 5752 non
1699 5675 1844 5752 al_i_ud

329 5695 356 5718 ⁸
389 5695 651 5746 metemus
678 5695 881 5735 δθαωιι
905 5697 935 5734 0
1011 5696 1034 5733 8
1062 5695 1380 5749 plenartum,
1403 5695 1545 5747 quoa
1569 5695 1675 5746 non
1699 5695 1844 5732 auuu

256 5763 388 5830 esse
409 5755 546 5830 puto
570 5751 732 5820 quain
758 5749 881 5830 ejus
901 5695 1246 5830 (illectanea
1278 5739 1688 5830 in
1720 5746 1846 5830 flos

253 5827 397 5875 vero
416 5817 689 5876 'lae'tan'iur
727 5817 922 5878 saltem
965 5827 1224 5892 excerpta
1253 5819 1386 5889 'ejus
1421 5817 1616 5874 ἰαθεὶίεί
1663 5819 1845 5875 adium

1916 3362 2044 3401 num
2070 3346 2125 3400 in
2154 3346 2459 3418 Evangeliis
2484 3349 2804 3420 principium
2843 3352 3023 3406 sumit.
3061 3351 3195 3406 Nam
3244 3351 3511 3424 capitulo-

1917 3451 2036 3490 rum
2067 3452 2328 3491 numerus
2352 3438 2406 3491 in
2436 3436 2611 3493 fronte
2651 3439 2936 3508 cujuslibet
2978 3440 3255 3512 Evangelii
3292 3440 3362 3495 ab
3402 3454 3510 3495 uno

1918 3529 2128 3599 incipit,
2158 3545 2222 3584 ac
2249 3529 2442 3584 dehinc
2477 3545 2573 3600 per
2599 3531 2844 3586 ordinem
2873 3547 3042 3601 usque
3068 3532 3132 3586 ad
3153 3531 3313 3586 ﬁnem
3341 3532 3511 3601 ipsius

1918 3619 2193 3691 Evangelii
2228 3623 2516 3690 percurrit.
2547 3621 2618 3676 At
2655 3639 2786 3677 vero
2835 3639 3104 3677 canonum
3156 3637 3416 3678 numerus
3454 3623 3511 3678 in

1918 3711 2115 3765 nullius
2137 3711 2312 3766 fronte
2335 3711 2609 3779 Evangelii
2639 3712 2706 3766 ab
2736 3727 2841 3766 uno
2875 3711 3156 3768 exordium
3181 3713 3367 3780 sumit,
3382 3728 3510 3770 cum

1918 3803 2152 3875 primum
2188 3803 2478 3873 capitulum
2514 3803 2806 3859 secundum
2833 3803 3143 3860 Matthzeum
3158 3802 3509 3874 etJoannem,

1921 3895 2096 3959 tertii;
2119 3893 2413 3950 secundum
2431 3893 2688 3961 Marcum,
2705 3895 2954 3962 secundi;
2975 3896 3268 3953 secundum
3280 3895 3509 3963 Lucam,

1921 3985 2116 4042 decimi
2139 3987 2364 4041 canonis
2392 3985 2481 4042 sit.
2511 3985 2618 4042 Sed
2642 3987 2710 4041 ab
2738 4003 2802 4043 eo
2828 3985 2946 4044 loco
2967 3986 3273 4059 specialiter
3302 3986 3509 4058 incipit,

1920 4077 2228 4146 ubicunque
2259 4076 2313 4130 in
2340 4077 2578 4148 quolibet
2610 4077 2899 4152 Evangelio
2922 4079 3132 4150 primus
3182 4093 3355 4135 canon
3398 4076 3514 4149 pri—

1922 4186 2070 4224 mum
2097 4171 2546 4240 superscribitur;
2578 4169 2816 4227 secundo
2835 4185 3048 4242 quoque
3072 4186 3281 4228 canone
3312 4170 3388 4227 ibi
3430 4170 3514 4225 in-

1922 4263 2177 4333 cipicnte,
2210 4263 2299 4316 ubi
2327 4263 2380 4316 in
2409 4262 2702 4334 Evangelio
2727 4261 2890 4319 etiam
2923 4265 3036 4335 ipse
3070 4263 3247 4334 primo
3290 4263 3516 4333 apponi-

1923 4362 2029 4408 tur.
2068 4352 2220 4420 Quod
2258 4362 2313 4409 et
2339 4354 2404 4409 de
2425 4355 2636 4412 caeteris
2671 4355 2967 4410 canonibus
3014 4353 3266 4410 similiter
3313 4351 3512 4407 intelli-

1923 4445 2155 4517 gendum
2186 4451 2289 4509 est,
2320 4443 2374 4498 id
2403 4453 2486 4499 est
2514 4453 2576 4499 ut
2615 4447 2806 4500 tertius
2857 4451 2913 4499 et
2953 4446 3180 4513 quartus
3228 4449 3283 4498 et
3317 4441 3515 4511 reliqui

1923 4551 2113 4591 omnes
2137 4547 2374 4590 canones
2397 4535 2476 4589 ibi
2526 4535 2755 4605 quisque
2803 4535 3010 4606 primus
3059 4533 3300 4605 incipiat,
3333 4532 3426 4588 ubi
3458 4531 3515 4593 in

1926 4627 2169 4699 quolibet
2195 4625 2485 4698 Evangciio
2505 4625 2713 4697 primus
2759 4619 3193 4698 Superscribitur.
3223 4623 3408 4698 (Quod
3437 4633 3517 4680 ta-

1927 4735 2050 4774 men
2079 4719 2312 4789 primum
2343 4717 2633 4788 capitulum
2663 4722 2958 4775 secundum
3005 4717 3241 4775 Marcum
3297 4733 3409 4774 non
3455 4715 3515 4772 iit

1929 4810 2150 4866 exordio
2169 4809 2409 4879 ejusdem
2431 4811 2673 4878 canonis,
2720 4812 2813 4867 sed
2858 4812 3011 4882 quasi
3061 4810 3117 4866 in
3169 4811 3350 4865 medio
3397 4809 3515 4880 ipso

1890 4897 1892 4900 ’
1928 4914 2134 4956 canone
2161 4899 2427 4966 invenies,
2452 4901 2504 4956 id
2549 4909 2633 4956 est
2672 4902 2764 4957 ubi
2808 4902 3088 4957 Mattheus
3115 4916 3208 4956 cm
3242 4907 3297 4955 et
3339 4897 3518 4955 Lucas

1929 5009 2037 5050 Lxx
2062 4993 2353 5064 capitulum
2374 5009 2404 5048 e
2430 4993 2650 5064 regione
2678 4995 2881 5050 habent
2918 5003 3180 5050 notatum.
3211 4989 3393 5045 Prima
3413 5003 3517 5048 au-

1929 5091 2042 5140 tem
2079 5086 2310 5154 capitula
2339 5083 2574 5141 Matthzei
2601 5096 2656 5142 et
2681 5083 2901 5142 Ioannis
2925 5087 2980 5140 iu
3009 5084 3229 5140 exordio
3259 5082 3402 5138 tertii
3428 5093 3517 5138 ca-

1927 5173 2090 5230 nonis
2117 5175 2318 5242 habes;
2349 5185 2404 5231 et
2425 5178 2663 5246 primum
2689 5178 2977 5250 capitulum
2999 5175 3158 5230 Luca:
3177 5175 3232 5228 in
3251 5172 3517 5247 principio

1937 5270 2130 5326 decimi
2155 5269 2379 5324 canonis
2404 5269 2644 5325 invenies
2673 5269 2746 5343 ο.)

2007 5359 2096 5414 18.
2119 5359 2306 5431 igitur,
2338 5368 2399 5414 ut
2423 5361 2626 5416 dictum
2649 5368 2751 5425 est,
2785 5356 3420 5428 capitulorumnnme'rus
3453 5359 3516 5412 ‘in

1937 5447 2118 5504 fronte
2147 5449 2434 5520 cujuslibet
2457 5451 2738 5522 Evangelii
2764 5450 2832 5504 a‘b
2850 5463 2961 5504 uno
2985 5445 3517 5507 inchoatllanonum

1941 5555 2073 5597 vero
2106 5541 2365 5609 calculus,
2403 5539 2539 5599 ἤθει
2577 5557 2695 5598 -ιισιι
2731 5539 2798 5596 in
2835 5535 3106 5610 principio
3151 5539 3519 5610 cuiuscunque

1943 5678 2122 5748 operis
2142 5679 2304 5733 edere
2331 5677 2588 5747 potuisse.
2622 5672 2782 5754 (.Vide
2805 5675 3011 5758 supra.)
3221 5748 3233 5760 .

2017 5749 2048 5790 ιι
2073 5746 2265 5800 Glos
2288 5749 2506 5800 huius.
2537 5747 3052 5800 demonstratam.
3079 5749 3233 5800 unﬁt:

2023 5749 2048 5790 ι’
2073 5746 2265 5804 Glossa
2288 5746 2506 5811 Latina,
2537 5746 3052 5817 “tuomtuum,
3079 5748 3339 5805 notitiam

2023 5831 2046 5860 θ
2071 5819 2197 5874 Hac
2224 5828 2383 5875 emt
2401 5818 2459 5873 in
2475 5817 2728 5888 mugiit:
2745 5815 2973 5874 codicis.
