4046 6332
1941 373 2202 478 SEDUlJl
2238 421 2433 478 SCOTI

3711 430 3815 488 ω

551 527 852 603 Evangelii,
882 539 1063 590 tamen
1083 535 1152 591 ab
1175 550 1284 592 una
1310 537 1578 604 similiter,
1610 539 1715 595 hoc
1743 547 1828 596 est
1846 541 2024 612 primo
2051 555 2142 596 ca-
2167 541 2221 604 Α
2245 539 2378 595 Nam
2406 543 2450 597 si
2475 558 2728 600 numerus
2749 541 3108 614 capitulorum
3150 543 3450 598 secundum
3491 541 3625 598 alios
3656 541 3817 599 etiam

549 639 720 691 none,
744 625 799 681 in
819 626 1060 698 qualibet
1083 619 1375 702 Evangelia
1399 629 1678 686 exordium
1700 631 1880 696 habet,
1907 632 2144 688 secundo

549 725 612 775 et
641 718 806 774 tertia
854 719 1188 791 reliquisque
1238 725 1532 779 canonibus
1579 724 1832 794 deinceps
1875 726 2144 795 sequenti-

548 807 656 865 bus
681 823 731 864 ι.
753 808 941 886 Itaque
967 826 1200 868 canones
1220 815 1514 870 secundum
1534 814 1844 872 Matthaaum
1864 817 1932 872 ab
1955 825 2145 873 octava

533 901 884 976 '(secundum
915 905 1153 962 Marcum
1182 909 1443 974 secundo,
1463 907 1619 977 juxta
1649 909 1848 965 Lucam
1889 913 2140 981 septimo,

551 999 855 1054 secundum
883 998 1147 1056 Joannem
1177 1001 1384 1056 decima
1413 1002 1670 1074 capitula)
1688 1003 1756 1058 ab
1783 1019 1910 1070 uno,
1942 1004 2044 1058 hoc
2061 1011 2146 1058 est

547 1089 732 1159 primo
756 1089 1129 1144 exordiantur.
1154 1088 1306 1156 Quod
1341 1106 1472 1146 vero
1506 1091 1582 1145 ait
1625 1100 1912 1161 utrumque
1956 1107 2146 1147 nume-

550 1196 677 1236 rum
704 1181 973 1251 disparem
1011 1197 1152 1248 esse,
1191 1183 1461 1252 quomodo
1505 1183 1608 1238 hoc
1648 1199 1836 1238 verum
1874 1193 1976 1249 est,
2021 1200 2145 1239 cum

551 1273 776 1328 tertium
796 1274 852 1328 in
879 1271 1084 1328 Joanne
1109 1274 1424 1345 capitulum,
1443 1275 1549 1330 hac
1577 1283 1676 1338 est,
1709 1286 1822 1329 erat
1849 1284 2029 1330 autem
2053 1275 2146 1330 (ua:

549 1379 676 1416 aera
704 1380 821 1435 quae
845 1363 1130 1430 illuminat,
1158 1373 1214 1420 et
1239 1365 1468 1434 reliqua,
1493 1365 1712 1420 tertium
1750 1381 2011 1421 canonem
2057 1367 2148 1420 ha-

547 1451 680 1510 beat
698 1455 1085 1526 subscriptum,
1112 1457 1165 1510 in
1197 1471 1304 1526 qua
1346 1455 1494 1510 nulla
1532 1455 1864 1526 disparilitas
1905 1457 2001 1511 sed
2047 1474 2145 1512 nu-

547 1547 690 1602 meri
728 1549 1012 1617 aequalitas
1067 1546 1463 1604 habetur?Sed
1519 1547 1792 1618 disparem
1856 1565 2146 1606 numerum

549 1638 798 1695 dissimili
837 1641 1020 1696 colare
1047 1641 1400 1713 ,designatum
1443 1643 1694 1714 appellat.
1753 1643 1904 1700 Unde
1943 1660 2043 1716 per
2089 1660 2148 1700 se

548 1730 726 1802 ipsum
749 1734 1066 1803 explanans,
1089 1735 1345 1790 continua
1365 1735 1672 1807 subjungit:
1697 1737 1781 1791 hic
1802 1736 1950 1807 nigro
1975 1736 2148 1792 colore

546 1826 888 1895 prwscriptus
916 1825 1012 1878 sub
1041 1842 1097 1880 se
1123 1825 1276 1880 habet
1297 1845 1349 1881 a.
1375 1843 1458 1882 ex.
1481 1844 1554 1882 m.
1581 1845 1633 1881 η.
1662 1827 1717 1882 d.
1756 1827 1890 1883 Nam
1935 1830 2147 1899 capitu-

546 1911 730 1968 lorum
759 1931 1020 1972 numerus
1051 1931 1118 1972 ex
1164 1919 1341 1990 nigro,
1377 1933 1645 1974 canonum
1674 1933 1804 1974 vero
1840 1921 2142 1976 rubicundo

547 2019 616 2060 ex
648 2007 816 2062 minio
841 2007 1022 2064 colore
1063 2010 1437 2079 perscribitur.
1479 2011 1547 2066 Et
1588 2012 1712 2081 quia
1750 2013 1982 2082 capitula
2017 2021 2143 2068 ante

548 2112 790 2154 canones
821 2099 1058 2166 inventa,
1096 2100 1250 2172 nigro
1295 2101 1477 2157 colore
1501 2103 1644 2158 sicut
1667 2104 1736 2158 ab
1781 2105 1933 2159 initia
1967 2120 2144 2176 cmpe-

552 2196 708 2255 runt,
738 2189 1142 2258 describuntur,
1189 2200 1336 2248 recte
1377 2207 1616 2249 canones
1640 2209 1740 2264 per
1780 2196 2014 2266 capitula
2062 2197 2144 2252 in-

549 2282 750 2348 venti,
801 2283 1102 2340 rubicunda
1153 2285 1334 2341 calore
1379 2287 1449 2342 ob
1498 2301 1720 2342 causam
1775 2288 2144 2345 discernendae

549 2373 927 2445 ambiguitatis
955 2377 1302 2432 adnotantur.
1328 2375 1434 2433 Sed
1455 2377 1584 2434 licet
1609 2387 1839 2450 uterque
1863 2396 2141 2449 numerus,

550 2463 608 2518 id
639 2473 723 2520 est
743 2467 1105 2535 capitulorum
1127 2476 1186 2524 et
1213 2483 1504 2535 canonum,
1537 2471 1606 2525 ab
1633 2485 1741 2526 una
1766 2471 2008 2541 incipiat,
2036 2488 2145 2529 non

551 2565 740 2613 tamen
788 2560 844 2614 in
895 2562 1145 2616 eumdem
1195 2561 1408 2616 numeri
1452 2562 1746 2618 articulum
1802 2567 2140 2621 terminatur.

552 2648 694 2706 Nam
719 2653 1079 2722 capitulorum
1106 2667 1365 2709 numerus
1390 2655 1605 2712 diversa
1643 2656 1814 2712 limite
1842 2659 1897 2712 in
1919 2658 2144 2730 singulis

553 2745 868 2816 Evangeliis
899 2745 1186 2801 clauditur.
1217 2745 1497 2802 Canonum
1534 2763 1666 2805 vero
1709 2749 1947 2806 calculus
1973 2751 2028 2805 in
2056 2752 2147 2806 de-

549 2838 762 2892 cimum
793 2852 1008 2908 semper
1037 2853 1320 2894 numerum
1351 2839 1570 2896 desinit.
1625 2840 1778 2897 Unde
1827 2849 1973 2897 recte
2012 2844 2144 2898 sub-

546 2931 701 2987 ditur
729 2949 743 2986 :
774 2933 863 3003 qui
891 2931 960 2985 ad
989 2932 1164 2986 decem
1192 2949 1355 3003 usque
1380 2934 1663 3004 procedens
1691 2932 1892 2987 indicat
1917 2952 1970 3005 p.
2005 2951 2058 2989 η.
2087 2935 2144 2990 in

544 3039 653 3094 quo
679 3023 748 3076 sit
769 3041 815 3077 c.
846 3040 890 3076 r.
932 3023 1202 3079 Numerus
1226 3040 1496 3080 canonum
1518 3026 1676 3096 juxta
1699 3042 2142 3098 unumquemque

549 3114 938 3185 evangelistam
961 3115 1029 3168 ab
1054 3130 1182 3180 uno,
1213 3115 1268 3170 id
1289 3124 1372 3171 est
1398 3116 1592 3186 primo,
1627 3131 1833 3172 canone
1862 3116 2140 3187 incipiens,

545 3201 605 3258 in
637 3203 846 3259 decimo
892 3219 1098 3260 canone
1135 3206 1478 3260 terminatur.
1523 3205 1804 3276 Siquidem
1835 3206 1890 3261 in
1918 3207 2145 3278 singulis

2245 633 2602 706 evangelistas
2635 635 2690 689 in
2735 649 3061 705 unaquaque
3104 633 3392 704 Evangelia
3423 635 3819 706 superscriptus

2243 722 2454 791 fuisset,
2499 741 2606 780 non
2634 740 2734 780 nos
2773 724 2840 780 ad
2880 739 3150 779 canonum
3185 725 3495 793 congeriem
3542 738 3820 780 recurrere

2245 817 2595 882 admoneret;
2633 815 2898 885 siquidem
2929 816 3033 870 hac
3059 813 3427 869 necessarium
3456 829 3564 869 non
3586 822 3752 879 esset,
3781 814 3822 869 si

2245 906 2298 960 in
2328 907 2566 976 qualibet
2587 905 2880 977 Evangelia
2920 905 3062 960 sicut
3083 913 3138 960 et
3166 903 3222 958 in
3260 904 3512 976 congerie
3538 919 3820 969 canonum,

2244 995 2407 1051 iidem
2453 996 2811 1066 capitulorum
2861 994 3071 1049 numeri
3104 993 3401 1050 secundum
3440 993 3624 1064 plures
3670 1007 3824 1048 evan-

2245 1087 2462 1158 gelistas
2493 1088 2880 1142 invenirentur.
2907 1085 3014 1142 Sed
3033 1087 3158 1158 quia
3188 1102 3286 1141 nos
3321 1086 3389 1140 ad
3414 1100 3684 1140 canonum
3710 1100 3826 1140 con-

2245 1180 2451 1252 geriem
2501 1195 2782 1234 recurrere
2839 1179 3114 1245 admonet,
3169 1179 3513 1250 perspicuum
3557 1189 3644 1234 est
3693 1180 3827 1249 quod

2246 1270 2375 1326 illud
2414 1271 2468 1326 in
2492 1271 2745 1343 congerie
2783 1286 3049 1326 canonum
3079 1271 3288 1325 discere
3333 1269 3609 1335 debemus,
3639 1269 3699 1324 in
3724 1271 3829 1340 qui-

2244 1365 2349 1420 bus
2372 1363 2628 1433 capitulis
2658 1361 2743 1417 vel
2773 1370 2905 1428 tres,
2930 1362 3015 1416 vel
3045 1361 3171 1428 duo,
3203 1360 3288 1416 vel
3310 1376 3451 1416 unus
3479 1360 3824 1433 evangelista,

2245 1459 2300 1513 in
2346 1455 2614 1512 consimili
2658 1471 2819 1511 sensu
2868 1455 3089 1511 cuilibet
3132 1454 3476 1525 evangelistae
3518 1454 3826 1520 concordet,

2245 1549 2390 1619 quod
2414 1563 2520 1604 non
2564 1549 2619 1603 in
2650 1547 2768 1619 ipso
2814 1547 3125 1620 Evangelia,
3168 1548 3262 1604 sed
3304 1547 3360 1601 in
3386 1562 3660 1603 canonum
3698 1549 3830 1604 serie

2247 1643 2558 1700 discendum
2584 1657 2704 1697 esse
2728 1641 2999 1697 ostendit:
3027 1640 3223 1711 quippe
3261 1655 3384 1695 cum
3415 1641 3833 1711 unumquodque

2247 1733 2597 1806 Evangelium
2616 1749 2726 1788 non
2753 1733 2920 1788 alium
2962 1733 3067 1788 nis:
3091 1747 3310 1787 suarum
3345 1730 3716 1803 capitulorum
3741 1749 3832 1788 nu-

2249 1843 2459 1884 merum
2510 1827 2670 1882 debet
2713 1827 2918 1881 habere
2971 1824 3419 1896 superscriptum.
3471 1822 3629 1880 Unde
3686 1832 3744 1879 et
3785 1824 3832 1878 in

2246 1921 2616 1994 superioribus
2665 1935 2772 1974 non
2828 1920 3011 1992 plures
3065 1932 3227 1989 quam
3272 1916 3408 1972 duos
3438 1916 3493 1971 in
3541 1917 3836 1990 Evangelia

2247 2029 2505 2071 numeros
2537 2028 2783 2070 crescere
2809 2012 3157 2076 conﬁrmans,
3197 2011 3303 2076 hic,
3343 2010 3540 2081 inquit,
3574 2011 3734 2081 nigro
3763 2029 3837 2065 co-

2246 2107 2355 2162 lore
2378 2107 2738 2179 prcesrriptus,
2760 2105 2854 2160 sub
2881 2122 2936 2160 se
2965 2105 3115 2158 habet
3143 2103 3306 2156 alium
3327 2119 3410 2158 ex.
3435 2119 3505 2156 m.
3539 2120 3594 2156 n.
3623 2104 3684 2157 ά.
3713 2103 3835 2160 Nam

2247 2200 2293 2256 si
2319 2199 2594 2270 quodlibet
2614 2198 2670 2252 in
2697 2197 2990 2269 Evangelia
3016 2194 3306 2266 capitulum
3331 2210 3439 2249 non
3465 2194 3640 2250 solum
3685 2212 3836 2252 suum

2248 2308 2554 2357 numerum,
2572 2291 2667 2347 sed
2689 2291 2853 2346 etiam
2878 2284 3133 2344 numeros
3154 2286 3513 2358 capitulorum
3534 2289 3835 2343 secundum

2247 2385 2383 2442 alios
2404 2382 2766 2455 evangelistas
2801 2382 3027 2437 haberet
3058 2378 3481 2450 superscriptos,
3512 2394 3622 2433 non
3661 2378 3839 2450 singno

2245 2477 2438 2533 lariter
2465 2491 2748 2532 numerum
2773 2475 3012 2546 ipsorum
3033 2472 3414 2543 capitulorum,
3438 2474 3534 2528 sed
3554 2472 3837 2544 pluraliter

2245 2575 2593 2624 enumeraret
2633 2582 2698 2622 ac
2727 2566 2970 2622 diceret:
3013 2562 3080 2618 lii
3110 2563 3270 2635 nigro
3316 2561 3497 2619 colare
3537 2565 3840 2634 praescripti

2245 2659 2349 2716 sub
2376 2674 2436 2715 se
2467 2660 2672 2714 habent
2701 2657 2867 2712 alium
2909 2671 2994 2720 ex.
3024 2670 3098 2710 m.
3133 2670 3189 2708 n.
3217 2654 3271 2708 d.
3324 2652 3432 2710 Sed
3458 2653 3587 2724 quia
3633 2656 3842 2726 capitu-

2243 2751 2422 2807 lorum
2448 2767 2736 2807 numerum
2763 2749 3031 2821 quomodo
3073 2755 3127 2803 et
3170 2763 3439 2803 canonum
3487 2747 3838 2820 singulariter

2247 2848 2524 2914 describit,
2554 2847 2684 2902 illud
2705 2847 2940 2901 insinuat
2960 2845 3101 2914 quod
3137 2842 3554 2914 unumquodque
3579 2843 3634 2899 in
3667 2844 3843 2900 Evan-

2247 2940 2387 3012 gelia
2415 2939 2732 3010 capitulum,
2764 2954 2868 2992 non
2901 2937 3064 2991 alium
3090 2935 3194 2990 nisi
3219 2951 3377 2990 suum
3417 2950 3719 2992 numerum
3762 2937 3844 2991 de-

2245 3031 2338 3088 bet
2382 3033 2582 3088 habere
2625 3030 3070 3102 superscriptum.
3108 3027 3179 3083 At
3223 3044 3353 3084 vero
3399 3027 3524 3083 huic
3559 3031 3844 3100 oppositas

2247 3126 2545 3183 secundum
2575 3125 2710 3180 alios
2759 3117 3122 3194 evangelistas
3155 3121 3514 3192 capitulorum
3557 3136 3840 3186 numeros,

2248 3219 2302 3274 in
2325 3219 2576 3290 congerie
2599 3231 2867 3272 canonum
2894 3214 3286 3286 perquirendos
3307 3229 3426 3270 esse
3447 3213 3741 3269 admonet.

550 3295 884 3367 Evangeliis,
919 3297 1045 3354 licet
1085 3299 1305 3368 quidam
1333 3299 1594 3354 mediales
1642 3314 1879 3354 canones
1915 3315 2019 3355 non
2060 3315 2144 3354 re-
2171 3271 2216 3334 (ἶ
2320 3271 2722 3376 aLDQumritur
2759 3315 2938 3362 autem
2984 3321 3080 3360 cur
3125 3305 3239 3378 ipsa
3286 3304 3512 3361 aliorum
3557 3305 3838 3379 evangeli-

544 3389 852 3460 periantur,
895 3391 1102 3460 primus
1129 3399 1307 3445 tamen
1335 3405 1400 3446 ac
1442 3391 1686 3447 decimus
1731 3408 1906 3448 canon
1934 3408 2146 3464 semper

541 3483 690 3553 apud
713 3498 902 3537 omnes
931 3483 1290 3554 evangelistas
1318 3483 1678 3538 communiter
1705 3483 1997 3539 invenitur.

621 3573 711 3628 l9.
743 3572 931 3643 Itaque
957 3588 1026 3628 ne
1073 3573 1188 3644 ipsa
1223 3575 1478 3646 capitula,
1527 3575 1765 3645 quadam
1808 3574 2031 3632 confuso
2059 3591 2146 3631 er-

542 3681 693 3731 rore,
723 3666 780 3721 in
837 3666 944 3723 alia
993 3665 1102 3721 nisi
1143 3667 1200 3722 in
1244 3668 1356 3724 suis
1387 3669 1686 3724 canonibus
1741 3677 2144 3739 computentur,

541 3759 732 3815 subtili
760 3759 1013 3831 indagine
1033 3771 1306 3830 praecavet
1331 3777 1454 3817 cum
1483 3762 1754 3818 subnectit
1782 3779 1795 3815 :
1839 3779 1957 3816 cum
1985 3765 2148 3835 igitur

542 3861 731 3922 aperto
758 3853 956 3917 codice,
985 3862 1041 3907 et
1066 3854 1274 3923 reliqua
1297 3869 1470 3924 usque
1495 3854 1780 3908 doceberis.
1821 3854 2021 3909 Rerum
2051 3873 2145 3910 ar-

547 3944 736 3999 dinem
767 3947 1028 4000 attentius
1060 3946 1310 4016 inspice:
1350 3964 1476 4002 nam
1525 3949 1703 4018 prima
1749 3964 1849 4003 nos
1894 3949 2148 4005 admonet

543 4035 927 4104 eVangelicum
954 4036 1212 4091 volumen
1262 4039 1514 4108 aperire:
1561 4040 1819 4104 secundo,
1871 4041 2149 4110 quodlibet

544 4126 849 4197 capitulum
878 4143 946 4182 ex
977 4127 1328 4198 subsequenti
1359 4145 1584 4185 numero
1615 4147 1713 4200 per
1748 4131 1976 4186 minium
2014 4134 2144 4189 sub-

545 4220 838 4290 scriptum,
859 4219 1014 4290 cujus
1035 4222 1262 4277 canonis
1287 4223 1375 4288 sit,
1400 4222 1734 4293 dignoscere.
1763 4223 1870 4279 Sed
1891 4226 2145 4294 quoniam

543 4322 727 4382 neque
757 4313 812 4368 in
842 4314 946 4370 hoc
981 4315 1322 4371 solummodo
1341 4315 1583 4386 perfecta
1608 4317 1776 4388 ipsius
1815 4319 1892 4373 rei
1914 4319 2146 4389 cognitio
2175 4396 2181 4402 ⁸

545 4407 872 4478 percipitur,
917 4407 1024 4463 nisi
1072 4406 1242 4462 etiam
1272 4407 1405 4463 illud
1451 4407 1670 4475 sciatur,
1701 4409 1757 4464 in
1781 4410 1975 4480 quibus
1997 4410 2144 4480 capi-

545 4500 680 4554 tulis
705 4500 789 4554 vel
813 4516 972 4565 unus,
999 4500 1087 4555 vel
1109 4500 1235 4565 duo,
1261 4500 1346 4556 vel
1370 4501 1857 4573 tresjevangelistre,
1881 4502 1936 4556 in
1952 4503 2143 4557 eadem

2247 3411 2450 3458 starum
2479 3399 2711 3470 capitula
2749 3415 2872 3453 cum
2911 3397 3130 3468 propria
3167 3396 3450 3466 cujuslibet
3493 3399 3845 3470 evangelista:

2247 3491 2485 3563 capitulo
2530 3489 2860 3560 conjunctim
2913 3489 3423 3559 superscribantur,
3482 3505 3606 3546 cum
3659 3491 3840 3546 sancti

2247 3583 2559 3654 Hieronymi
2588 3582 2855 3636 sententia
2884 3581 3303 3651 unumquodque
3329 3579 3690 3653 Evangeliurn
3722 3581 3841 3637 nul-

2247 3675 2360 3731 lum
2407 3675 2510 3730 nisi
2552 3689 2746 3744 purum
2788 3673 3147 3743 capitulorum
3189 3687 3472 3726 numerum
3510 3672 3731 3729 habere
3758 3689 3840 3729 su-

2247 3769 2607 3841 perscriptum
2636 3774 2883 3822 astruere
2912 3765 3179 3820 videatur.
3215 3764 3322 3820 Sed
3349 3763 3487 3819 forte
3509 3764 3728 3835 aliquis
3758 3766 3845 3821 bs-

2248 3861 2471 3918 nevolus
2519 3861 2757 3931 ipsorum
2785 3857 3143 3928 capitulorum
3191 3872 3476 3912 numerum
3523 3857 3847 3928 Evangeliis

2248 3951 2546 4022 inscripsit,
2601 3956 2868 4019 quatenus
2894 3948 3285 4004 inﬁrmioribus
3314 3963 3474 4004 sensu
3508 3948 3771 4004 laborem
3799 3959 3846 4002 et

2247 4045 2614 4101 dillicultatem
2646 4042 2965 4098 recurrendi
2993 4042 3061 4097 ad
3087 4043 3396 4114 congeriem
3424 4059 3706 4099 canonum
3752 4044 3846 4098 tal-

2246 4137 2419 4195 lerct:
2464 4143 2558 4190 aut
2596 4134 2646 4190 si
2683 4134 2823 4189 forte
2858 4133 3082 4204 quilibet
3112 4133 3281 4204 ipsam
3320 4133 3629 4206 congeriem
3662 4149 3844 4189 cano-

2247 4244 2378 4285 num
2405 4228 2460 4282 in
2505 4227 2617 4283 suis
2652 4225 2928 4281 codicibus
2957 4226 3272 4280 adnotatam
3301 4241 3409 4281 non
3439 4223 3704 4292 haberet,
3739 4226 3846 4282 sal-

2248 4329 2359 4377 tem
2383 4335 2666 4376 numerum
2689 4315 3001 4374 earumdem
3035 4317 3391 4388 capitulorum
3417 4316 3739 4387 Evangeliis
3756 4318 3848 4374 .in-

2245 4413 2506 4482 scriptum
2543 4418 2771 4466 teneret.
2813 4409 2966 4465 Unde
2992 4409 3133 4465 sicut
3153 4410 3264 4482 jam
3303 4409 3518 4480 propria
3546 4408 3849 4479 cujuslibet

2247 4503 2594 4574 evangelista:
2615 4501 2848 4573 capitula
2879 4501 3150 4572 cognovit,
3182 4501 3261 4557 sic
3289 4501 3455 4556 etiam
3480 4501 3572 4572 qui
3596 4501 3692 4557 vel
3715 4514 3850 4575 quot

545 4587 636 4642 vel
658 4587 838 4643 vicina
880 4605 1043 4644 sensu
1075 4589 1169 4644 alii
1195 4591 1538 4662 evangelista:
1562 4593 1913 4658 concordent,
1943 4608 2042 4648 nos
2073 4594 2142 4649 ad
2168 4629 2221 4689 Β
2247 4594 2591 4664 evangelista:
2627 4592 2752 4660 alii,
2790 4593 2846 4647 in
2887 4593 3000 4648 suis
3037 4592 3286 4663 capitulis
3324 4592 3452 4649 huic
3487 4593 3847 4664 evangelista

543 4678 861 4735 distinctam
910 4681 1109 4736 seriem
1139 4696 1408 4738 canonum
1448 4698 1732 4739 recurrere
1770 4684 2025 4749 insinuat,
2068 4685 2144 4740 ita

545 4771 882 4828 subnectens
909 4789 922 4824 :
956 4782 1002 4826 et
1032 4789 1305 4828 recurrens
1333 4775 1403 4829 ad
1427 4775 1706 4846 principia,
1754 4775 1808 4829 in
1847 4776 2032 4847 quibus
2056 4795 2145 4832 ca-

547 4880 747 4918 nonum
771 4873 849 4918 est
870 4864 1121 4918 distincta
1155 4867 1442 4936 congeries,
1464 4875 1520 4922 et
1549 4867 1756 4937 reliqua
1784 4883 1954 4938 usque
1975 4868 2144 4923 adno-

543 4957 706 5012 tabis.
736 4957 835 5013 His
863 4957 1065 5014 etenim
1095 4958 1276 5013 verbis
1318 4960 1385 5013 ad
1424 4959 1710 5015 distinctos
1753 4975 2020 5016 canonum
2057 4977 2140 5017 or-

545 5047 704 5103 dines
747 5064 1034 5104 recurrere
1078 5065 1176 5104 nos
1210 5049 1486 5114 admonet,
1517 5059 1578 5104 ut
1605 5050 1733 5105 illud
1781 5051 1836 5106 in
1884 5053 2137 5124 congerie

545 5158 819 5199 canonum
851 5143 1142 5210 discamus,
1173 5143 1228 5198 in
1257 5144 1456 5214 quibus
1490 5145 1740 5214 capitulis
1775 5146 1863 5201 vel
1892 5155 2022 5212 tres,
2050 5148 2135 5202 vel

547 5235 679 5300 duo,
708 5235 795 5292 vel
822 5251 964 5290 unus
991 5235 1322 5308 evangelista
1351 5235 1405 5290 in
1436 5235 1704 5291 consimili
1732 5252 1893 5294 sensu
1915 5237 2136 5293 cuilibet

543 5329 893 5400 evangelista:
917 5331 1228 5386 concordet.

616 5421 708 5476 20.
761 5422 831 5479 Et
872 5439 939 5481 ex
990 5425 1094 5482 hoc
1145 5425 1262 5482 loco
1311 5422 1595 5480 manifeste
1629 5423 1942 5493 intelligitur
1987 5424 2135 5495 quod

545 5519 968 5590 unumquodque
1009 5517 1380 5591 Evangelium,
1425 5533 1535 5572 non
1577 5516 1740 5571 alium
1782 5515 1886 5570 nisi
1914 5531 2137 5574 suarum

543 5611 905 5683 capitulorum
929 5627 1238 5678 numerum,
1261 5611 1422 5667 debet
1454 5611 1656 5666 habere
1684 5610 2129 5682 superscriptum.

619 5759 648 5788 ι
679 5747 738 5801 In
771 5747 1017 5818 margine
1040 5745 1274 5817 legitur:
1306 5765 1325 5800 ι
1353 5763 1476 5803 nam
1504 5745 1737 5818 capitula
1780 5747 1940 5818 primi
1969 5763 2132 5804 cana-

546 5817 632 5872 nis
651 5819 828 5888 pritua
851 5816 1045 5890 locoin
1067 5816 1306 5888 quolibet
1352 5816 1643 5890 Evangelia
1664 5816 1837 5890 usque
1857 5819 1922 5873 ad
1961 5818 2126 5874 ﬁnem

2251 4687 2960 4756 concardent,’cognoscerc
2987 4684 3176 4756 Possit.

2317 4779 2410 4833 22.
2448 4779 2634 4847 Itaque
2671 4785 2961 4848 postquam
2990 4777 3045 4831 in
3072 4776 3388 4849 Evangelia,
3429 4776 3583 4848 cujus
3608 4778 3849 4833 canonis

2248 4870 2322 4926 sit
2351 4869 2715 4940 quodcunque
2742 4867 3036 4938 capitulum
3082 4866 3390 4934 didicimus,
3434 4867 3501 4922 ad
3535 4867 3846 4939 principia,

2245 4960 2350 5015 hoc
2374 4967 2457 5014 est
2479 4958 2546 5012 ad
2573 4957 2755 5012 titulos
2781 4958 3116 5029 singulorum
3140 4973 3432 5024 canonum,
3457 4972 3842 5015 recurranius.

2242 5052 2378 5108 Nam
2399 5051 2723 5123 principium
2742 5052 2964 5107 canonis
2987 5059 3072 5107 est
3091 5067 3219 5106 suus
3237 5051 3489 5123 proprius
3512 5051 3847 5127 titulusﬂqnj

2244 5144 2324 5200 sic
2350 5143 2723 5215 prazscribitur
2755 5161 2768 5197 :
2810 5141 3005 5214 Incipit
3037 5144 3238 5214 primus
3263 5161 3453 5208 canon,
3484 5145 3539 5198 in
3570 5161 3678 5216 qua
3707 5164 3851 5218 qua-

2243 5249 2385 5304 tuor,
2431 5236 2734 5304 Matthwus,
2781 5236 3015 5304 Marcus,
3047 5237 3242 5305 Lucas,
3281 5237 3535 5294 Joannes.
3563 5238 3851 5297 Similiter

2241 5339 2299 5386 et
2326 5330 2508 5386 casteri
2546 5345 2716 5400 usque
2743 5329 2811 5383 ad
2857 5346 2891 5383 χ
2937 5345 3172 5386 canones
3199 5345 3296 5385 sua
3323 5331 3614 5402 principia,
3653 5332 3720 5388 id
3762 5344 3852 5390 est

2239 5422 2489 5493 proprias
2515 5421 2699 5477 titulos
2728 5421 2926 5476 habent
2955 5429 3304 5492 praenotatos.
3337 5422 3444 5478 Sed
3483 5423 3707 5493 cognita
3746 5443 3850 5487 ca—

2240 5529 2380 5570 none
2411 5530 2478 5569 ex
2508 5513 2874 5585 inscriptionis
2895 5513 3072 5579 titulo,
3103 5515 3527 5586 subsequentem
3555 5517 3851 5588 capitulo-

2237 5623 2359 5662 rum
2393 5605 2637 5678 ejusdem
2665 5604 3008 5675 evangelista:
3035 5605 3312 5662 tramitem
3342 5607 3618 5678 perspice;
3657 5619 3849 5682 atque

2230 5746 2454 5804 secundi
2480 5745 2744 5810 canonis;
2785 5743 2951 5799 tertio
2997 5745 3166 5810 tertii,
3201 5753 3635 5813 caeterorumque
3658 5761 3852 5802 cano—

2230 5835 2361 5874 num
2387 5817 2622 5888 capitula
2662 5817 2714 5871 in
2760 5815 3000 5888 quolibet
3025 5816 3318 5886 Evangelia
3340 5815 3644 5872 secundum
3679 5818 3851 5875 ordi-

547 5886 863 5960 coniputare
905 5886 1205 5957 debemus;
1247 5891 1439 5946 dehinc
1465 5886 1701 5947 secundo
1740 5886 1858 5946 loco
1890 5890 2125 5962 capitula
2227 5904 2350 5948 nem
2373 5886 2499 5947 sunt
2526 5886 2916 5945 numeranda.»
