4046 6332
164 441 339 500 ous

249 558 301 618 in
321 559 486 632 ipsius
511 556 652 614 serie
695 557 959 626 tramitis,
990 560 1242 615 eumdem
1272 559 1492 631 capituli
1519 570 1806 614 numerum
1834 553 1891 614 Α

246 668 396 726 quem
448 651 504 706 in
543 651 832 722 Evangelio
875 653 1301 722 superscriptum
1332 652 1529 708 notasti
1554 693 1569 718 ,
1617 651 1665 707 si
1701 666 1809 706 non

244 745 527 801 mendosus
562 744 730 800 codex
761 744 956 810 fuerit,
987 745 1361 800 incunctanter
1387 743 1649 800 invenies.
1699 742 1809 799 Sed

242 837 293 894 in
313 846 496 909 aperto
517 837 702 892 codice
731 837 1004 909 Evangelii
1034 847 1322 907 utrumque
1357 836 1615 902 didicisti,
1640 836 1693 891 id
1719 845 1806 893 est

239 942 514 983 numerum
543 928 784 997 capituli,
816 937 871 984 et
893 944 1155 983 cauonem
1183 927 1337 998 cujus
1359 928 1431 983 sit
1451 929 1626 1000 ipsum
1659 928 1806 998 capi-

237 1023 420 1078 tulum.
474 1021 613 1090 Quid
672 1032 852 1079 autem
898 1025 1113 1095 proprie
1156 1025 1398 1079 discatur
1445 1024 1500 1079 in
1551 1025 1804 1081 distincta

233 1133 492 1174 canonum
524 1118 794 1185 congerie,
823 1120 1078 1174 continuo
1109 1119 1361 1190 explanat
1391 1118 1612 1173 dicens:
1646 1126 1802 1189 atque

229 1225 258 1264 e
285 1209 468 1264 vicinia
493 1219 799 1262 arterorum
833 1211 1130 1265 tramitibus
1167 1210 1428 1280 inspectis,
1453 1226 1582 1281 quos
1618 1226 1804 1264 nume-

231 1315 312 1353 ros
338 1316 384 1352 ε.
419 1315 463 1351 r.
489 1298 544 1351 Ιι.
572 1315 623 1351 a.
647 1297 975 1353 Cazterorum
1004 1315 1239 1370 namque
1267 1308 1354 1354 est
1379 1307 1439 1353 ut
1463 1298 1518 1353 in
1545 1299 1800 1356 distincta

226 1405 419 1458 novem
467 1404 730 1444 canonum
780 1390 920 1445 serie
969 1390 1100 1445 illud
1149 1389 1365 1460 proprie
1416 1398 1795 1461 cognoscatur,

227 1482 366 1552 quod
397 1481 452 1536 in
475 1481 700 1537 diversis
731 1481 1039 1537 tramitibus
1065 1480 1284 1536 cuilibet
1306 1481 1540 1552 capitulo
1566 1481 1796 1552 oppositi

225 1574 577 1644 capitulorum
617 1573 828 1628 numeri
855 1574 997 1644 apud
1038 1589 1206 1628 unum
1235 1587 1330 1629 seu
1359 1573 1542 1645 plures
1567 1589 1799 1647 evange-

224 1663 373 1720 listas
402 1663 786 1736 intelligantur.

290 1756 376 1810 25.
417 1753 523 1810 Sed
557 1755 686 1824 quid
724 1753 941 1825 prodest
971 1754 1026 1809 in
1067 1769 1334 1810 canonum
1359 1754 1667 1812 tramitibus
1693 1770 1795 1810 nu-

222 1863 429 1904 merum
457 1848 814 1918 capitulorum
843 1847 1182 1902 solummodo
1204 1849 1542 1921 dignoscere,
1565 1852 1669 1906 nisi
1695 1867 1790 1921 e9-

937 441 1231 500 EXPLAN.
1273 442 1343 500 IN
1379 437 1886 500 PREFATlONES
1925 437 1985 496 s.
2026 439 2302 501 amnem.
2344 413 2437 504 An
2476 446 2726 510 avsus.

3389 461 3496 520 316

2051 555 2218 612 ΙΤΕΜ
2258 559 2713 624 BIERONYMUS
2748 566 3032 628 DAMASO
3067 571 3272 630 ΡΑΡιΕ
3297 588 3345 630 α.

1977 647 2071 702 25.
2113 649 2398 708 Sciendum
2427 657 2616 725 etiam,
2647 676 2711 714 ne
2746 663 2862 732 quis
2889 662 3134 734 ignarum
3162 683 3228 721 ex
3247 667 3502 724 similitu—

1908 739 2032 794 dine
2063 757 2402 800 numerorum
2433 765 2584 804 error
2609 751 2857 808 involvat.
2884 753 2999 812 Hoc
3025 770 3401 831 argumentum
3427 763 3501 820 de

1909 831 2239 928 continuatis
2265 835 2294 876 δ
2321 840 2679 910 capitulorum
2707 846 3152 908 similitudinibus
3169 893 3184 919 ,
3216 862 3273 908 et
3300 855 3366 909 de
3390 870 3494 928 op—

1907 924 2098 995 positis
2142 941 2333 984 eorum
2376 932 2820 995 collocationibus
2861 941 3172 1000 indistincta
3218 924 3487 1003 canonum

1908 1015 2050 1100 serie
2089 1026 2412 1088 pertractat.
2464 1023 2630 1094 Cujus
2661 1034 2967 1100 argumenti
2995 1050 3213 1091 causam
3248 1039 3488 1094 ostendit

1908 1106 2114 1175 dicens,
2166 1125 2236 1166 ne
2277 1113 2399 1181 quis
2441 1114 2691 1187 ignarum
2733 1135 2801 1176 ex
2845 1123 3198 1183 similitudine
3235 1143 3490 1185 numero-

1907 1217 2027 1256 rum
2046 1243 2061 1268 ,
2093 1204 2300 1260 scilicet
2322 1209 2714 1279 capitulorum,
2745 1227 2899 1269 error
2920 1215 3177 1273 involvat.
3210 1217 3307 1290 (Ut
3334 1221 3487 1277 verbi

1906 1295 2103 1366 gratia,
2129 1297 2183 1350 in
2210 1299 2384 1367 primo
2419 1315 2627 1357 canone
2657 1305 2953 1362 secundum
2977 1306 3311 1377 Matthzeum,
3343 1313 3492 1382 capi-

1907 1385 2077 1441 tulum
2115 1389 2458 1445 undecimum
2485 1401 2680 1462 quater
2703 1402 2952 1464 notatur;
2993 1400 3288 1456 secundum
3336 1401 3488 1457 Mar-

1905 1491 2030 1532 cum
2071 1479 2368 1550 capitulum
2397 1483 2644 1553 quintum
2675 1495 2872 1556 quater
2899 1498 3151 1559 notatur;
3191 1493 3492 1548 secundum

1902 1569 2122 1638 Lucam,
2153 1573 2448 1644 capitulum
2475 1575 2747 1633 decimum
2775 1587 2968 1648 quater
2994 1590 3214 1638 notatur
3235 1584 3307 1656 ο.)
3333 1582 3494 1640 Sicut.

1899 1662 2045 1718 enim
2070 1678 2137 1718 ex
2167 1681 2349 1721 rerum
2388 1665 2692 1725 diﬂ'erentia
2729 1678 2881 1727 certa
2911 1672 3137 1729 scientia
3164 1675 3489 1746 percipitur,

1898 1755 1979 1811 sic
2020 1770 2051 1810 e
2096 1757 2371 1812 contrario
2413 1772 2481 1814 ex
2523 1761 2817 1818 indiscreta
2863 1763 3241 1832 similitudine,
3275 1769 3490 1822 erroris

1897 1845 2071 1916 caligo
2098 1848 2360 1903 nascitur.
2408 1848 2516 1906 Sed
2553 1853 2824 1922 quomodo
2851 1853 2978 1909 huic
2997 1855 3172 1910 errori
3203 1871 3494 1912 succurra-

220 1957 338 1996 rum
363 1943 475 1997 vim
497 1957 562 1997 ac
591 1957 810 1996 sensum
841 1941 896 1995 in
931 1948 1186 1996 contextu
1213 1941 1382 2011 ipsius
1416 1943 1693 2016 Evangelii
1723 1916 1792 1999 ξιξ
1815 1922 1868 1987 Β
1894 1944 2007 2002 tur,
2035 1937 2334 1994 videamus.
2383 1939 2537 2006 Quod
2563 1943 2729 1998 sicubi
2752 1944 2810 1998 in
2828 1943 3486 2008 subnotatione,canonum

215 2046 410 2102 purum
435 2031 897 2102 comprehendere
924 2029 1226 2100 possimus?
1254 2030 1408 2087 Unde
1431 2049 1530 2088 nos
1560 2033 1626 2088 ad
1648 2033 1794 2102 ipsos

213 2122 628 2194 Evangeliorum
661 2123 873 2178 codices
904 2138 1184 2180 recurrere
1214 2125 1482 2191 hortatur,
1516 2141 1640 2182 cum
1669 2125 1798 2182 sub-

213 2213 382 2270 inl'crt
410 2232 422 2268 :
451 2224 496 2268 et
525 2231 642 2268 cum
671 2215 850 2269 scieris
869 2255 882 2280 ,
913 2231 1145 2271 recurres
1171 2216 1241 2270 ad
1272 2215 1536 2272 volumina
1563 2219 1798 2290 singulo-

212 2325 357 2374 rum,
387 2318 442 2365 et
465 2310 670 2380 reliqua
693 2326 864 2380 usque
896 2311 1161 2364 dixerunt.
1194 2310 1328 2365 Cum
1351 2312 1404 2366 in
1434 2310 1675 2381 quolibet
1702 2329 1795 2368 ca-

208 2414 355 2453 none
407 2398 740 2453 intellexeris
788 2399 968 2454 varios
1015 2398 1374 2468 capitulorum
1417 2416 1695 2468 numeros,
1737 2410 1793 2458 et

209 2494 302 2562 qui
333 2491 415 2545 vel
445 2499 572 2560 quot
600 2491 945 2562 evangelista:
971 2493 1026 2546 in
1051 2492 1182 2562 ipsis
1209 2493 1374 2548 variis
1398 2492 1649 2563 capitulis
1678 2494 1792 2548 cui-

209 2582 340 2637 libet
365 2583 454 2636 alii
483 2583 824 2654 evangelistze
855 2584 1214 2649 concordent,
1249 2593 1377 2640 tunc
1403 2600 1692 2641 recurrens
1720 2585 1789 2641 ad

205 2673 478 2728 volumina
509 2673 839 2746 singulorum
865 2674 1342 2746 evangelistarum,
1369 2676 1550 2731 statim
1573 2677 1791 2732 eosdem

207 2767 570 2837 capitulorum
591 2783 866 2834 numeros,
897 2784 1032 2838 quos
1062 2777 1186 2823 ante
1215 2770 1269 2824 in
1297 2769 1598 2826 subnotatis
1621 2786 1788 2827 cano-

208 2873 340 2912 num
387 2857 697 2914 tramitibus
740 2859 1084 2931 signaveras,
1133 2875 1232 2929 per
1275 2860 1514 2931 singulos
1557 2875 1788 2933 evange-

207 2947 389 3014 listas,
439 2948 494 3003 id
539 2957 622 3004 est
668 2965 765 3020 per
805 2950 1015 3022 singula
1062 2949 1385 3022 Evangelia,
1422 2953 1695 3023 appositos
1733 2961 1789 3008 et

203 3042 600 3112 superscriptos
641 3057 762 3098 esse
787 3043 1025 3109 videbis,
1071 3051 1232 3114 atque
1277 3044 1494 3099 eosdem
1520 3046 1792 3117 evangeli-

201 3141 318 3189 stas
374 3135 428 3189 in
485 3134 598 3189 suis
647 3135 989 3206 propriisque
1032 3133 1168 3191 locis
1211 3137 1399 3192 eadem
1453 3137 1535 3191 vel
1591 3138 1786 3194 similia

200 3223 403 3278 dixisse
450 3225 708 3294 reperies.
763 3225 1029 3281 Recurres
1057 3228 1284 3284 subinde
1309 3244 1432 3284 cum
1461 3229 1566 3284 lixa
1607 3239 1787 3286 mente

198 3324 254 3372 et
304 3315 460 3371 ﬁrma
509 3318 789 3372 memoria.
849 3315 1148 3385 Volumina,
1194 3320 1407 3376 codices
1452 3320 1785 3391 singulorum

197 3406 678 3477 evangelistarum.
708 3405 961 3476 Repertis
988 3408 1132 3464 enim
1160 3410 1386 3466 subinde
1413 3411 1467 3466 in
1495 3411 1781 3467 volumini-

196 3499 304 3553 bus
335 3498 664 3570 singulorum
690 3500 1146 3570 evangelistarum
1176 3505 1415 3558 numeris
1436 3506 1780 3575 propriorum

194 3588 584 3658 capitulorum,
611 3607 747 3661 quos
774 3591 1089 3662 signaveras
1112 3593 1164 3646 in
1189 3596 1504 3661 canonibus,
1537 3598 1782 3666 reperies

198 3679 356 3736 intus
387 3681 441 3735 in
465 3689 608 3736 textu
637 3683 943 3753 evangelico
966 3692 1021 3739 et
1055 3684 1192 3749 loca,
1225 3685 1278 3740 id
1303 3694 1388 3758 est
1421 3687 1778 3756 capitulorum

193 3773 437 3829 aliorum
462 3775 946 3844 evangelistarum,
981 3776 1034 3830 in
1072 3777 1270 3846 quibus
1304 3777 1437 3832 locis
1462 3777 1547 3832 vel
1589 3779 1778 3833 eadem

191 3867 286 3922 vel
315 3867 515 3932 vicina,
547 3867 601 3922 id
634 3875 717 3923 est
743 3868 918 3939 ipsum
941 3867 1026 3923 vel
1048 3867 1280 3922 similem
1309 3882 1548 3933 sensum,
1573 3867 1626 3922 in
1648 3869 1779 3938 ipsis

192 3957 452 4028 capitulis
485 3958 675 4013 iisdem
704 3959 1050 4030 evangelistas
1079 3958 1353 4013 dixerunt.
1389 3958 1571 4014 Primo
1595 3959 1778 4028 itaque

193 4063 298 4102 nos
335 4047 619 4114 admonet,
650 4048 947 4103 ordinalem
996 4047 1284 4117 cujuslibet
1327 4049 1548 4121 capituli
1587 4065 1777 4105 nume-

191 4152 320 4192 rum
350 4137 403 4190 in
433 4137 722 4209 Evangelio
761 4139 919 4193 scire.
969 4138 1219 4194 Secundo
1261 4139 1413 4210 cujus
1451 4141 1676 4196 canonis
1705 4141 1779 4196 sit

190 4227 374 4299 ipsum
411 4229 706 4300 capitulum
744 4230 799 4284 in
828 4231 946 4300 ipso
975 4230 1266 4302 Evangelio
1301 4233 1593 4300 suspicere.
1637 4233 1774 4288 Ter-

191 4320 274 4375 tio
317 4321 493 4376 eidem
529 4323 767 4394 capitulo
797 4321 937 4394 apud
972 4338 1139 4376 unum
1183 4322 1264 4377 vel
1293 4322 1479 4394 plures
1508 4325 1778 4395 evangeli-

189 4423 308 4471 stas
330 4416 604 4486 oppositos
630 4416 984 4487 capitulorum
1017 4431 1273 4472 numeros
1301 4416 1355 4471 in
1376 4432 1638 4474 canonem
1667 4418 1777 4473 dis-

190 4508 384 4563 tinctis
426 4507 735 4563 tramitibus
763 4508 1128 4563 dinumerare.
1159 4507 1366 4575 Quarto
1403 4508 1514 4563 vim
1545 4524 1610 4564 ac
1651 4523 1776 4565 sen-

189 4615 317 4654 sum
355 4600 670 4655 eorumdem
699 4599 1058 4671 capitulorum
1085 4599 1141 4654 in
1166 4607 1421 4656 contextu
1465 4599 1774 4671 evangelica

187 4705 456 4762 quaerere,
483 4691 539 4746 id
565 4701 648 4746 est
668 4699 934 4762 quatenus
954 4699 1133 4745 utrum
1155 4691 1343 4746 eadem
1361 4690 1469 4744 sint
1490 4689 1578 4745 vel
1599 4689 1772 4745 vicina

188 4781 453 4852 capitula,
481 4783 799 4854 dignoscere
819 4782 1105 4852 possimus.
1571 4770 1575 4774 ’

263 4872 358 4927 24.
401 4873 662 4944 Sequitur
708 4871 1041 4943 praefationis
1087 4872 1406 4927 conclusio:
1457 4881 1577 4942 opto
1621 4881 1678 4926 ut
1713 4873 1771 4927 in

186 4967 405 5023 Christo
449 4966 644 5032 valeas,
689 4974 741 5024 et
785 4964 1079 5018 memineris
1107 4964 1231 5028 mei,
1277 4963 1570 5018 beatissime
1597 4967 1769 5035 'papa.

184 5059 389 5130 Magno
419 5056 722 5112 dilectionis
750 5053 946 5110 aﬂ‘ectu
972 5054 1131 5108 beato
1160 5054 1408 5118 Damaso,
1441 5063 1501 5108 ut
1526 5055 1580 5108 in
1609 5054 1769 5110 Chri-

182 5160 276 5207 sto
307 5149 516 5214 valeat,
544 5155 782 5218 exoptat.
815 5145 1017 5201 Deinde
1044 5146 1323 5214 praemium
1349 5147 1584 5218 suscepti
1609 5162 1640 5201 a
1666 5147 1770 5202 Da-

184 5261 348 5302 rnaso
391 5243 573 5321 opeoris
615 5241 934 5297 charitative
975 5238 1171 5309 poscit,
1219 5253 1343 5292 cum
1395 5240 1771 5297 beatissimum

180 5352 412 5408 papam,
435 5343 495 5389 ut
524 5335 576 5388 in
605 5333 778 5389 sacris
805 5331 1058 5402 precibus
1080 5337 1137 5384 et
1159 5329 1399 5399 quolibet
1426 5331 1658 5400 spiritali
1673 5333 1769 5403 ju-

178 5429 412 5484 vamine
463 5425 635 5496 ipsius
682 5420 1029 5488 meminerit,
1081 5420 1511 5478 desiderabiliter
1558 5430 1768 5478 exorat.

176 5521 341 5577 Finit
369 5518 633 5592 praefatio.

258 5689 286 5718 ι
329 5676 507 5749 Negat
527 5673 845 5749 Vallarsius,
869 5671 1041 5749 sancti
1069 5671 1380 5749 Hieronymi
1409 5671 1603 5739 editor,
1635 5673 1770 5730 alte-

177 5763 313 5805 rum
341 5743 489 5803 hunc
507 5745 808 5816 prologum,
845 5743 936 5815 qui
965 5743 1281 5816 specialiter
1293 5743 1360 5798 ad
1385 5758 1620 5816 canones
1646 5760 1771 5814 per-

179 5821 354 5885 tinet,
370 5813 571 5873 habere
592 5813 878 5870 auctorem
887 5822 1132 5870 sanctum
1149 5813 1553 5885 Hieronymum.
1577 5813 1770 5872 Noster

178 5898 383 5948 tamen
404 5887 676 5954 Sedulius,
700 5886 830 5956 quin
853 5899 1139 5955 germanus
1158 5898 1312 5956 atque
1335 5886 1478 5944 fetus
1499 5887 1640 5942 beati
1668 5887 1766 5944 do-

1895 2027 2299 2096 distinctorum,
2349 2031 2405 2085 in
2447 2049 2645 2087 canone
2686 2034 2946 2105 quolibet,
2987 2044 3042 2092 et
3073 2036 3281 2107 reliqua
3311 2054 3490 2109 usque

1896 2121 2230 2176 continuatos
2254 2122 2643 2180 similitudines.
2671 2125 2900 2183 Sensum
2927 2129 3089 2196 huius
3111 2129 3215 2186 loci
3245 2131 3486 2188 breviter

1895 2211 2346 2283 perstringamus.
2406 2213 2723 2286 Ubicunque
2791 2218 2847 2272 in
2904 2219 3162 2288 subjectis
3212 2237 3483 2279 canonum

1895 2302 2204 2357 tramitibus
2225 2302 2424 2358 videris
2448 2313 2560 2360 tres
2589 2308 2947 2378 evangelistas
2972 2309 3028 2364 id
3056 2311 3230 2381 ipsum
3263 2314 3475 2384 capitu-

1892 2389 2008 2446 lum
2034 2390 2118 2447 bis
2143 2391 2229 2448 vel
2259 2399 2342 2448 ter
2364 2393 2450 2449 vel
2475 2404 2670 2464 quater
2702 2411 2768 2452 eo
2792 2399 3024 2469 amplius
3049 2401 3358 2458 adnotanda
3383 2403 3490 2459 ite-

1893 2489 2098 2548 rantes,
2123 2491 2180 2539 et
2202 2494 2455 2554 quartum
2477 2487 2868 2558 evangelistam
2891 2491 3160 2559 oppositis
3179 2493 3234 2546 in
3252 2508 3351 2548 suo
3373 2501 3485 2548 tra-

1892 2574 2026 2631 mite
2039 2576 2266 2632 diversis
2279 2577 2532 2648 capitulis
2553 2581 2905 2651 conspexeris
2930 2583 3330 2650 decurrentem,
3345 2583 3487 2639 nihil

1893 2665 2038 2722 aliud
2068 2667 2141 2723 ibi
2171 2669 2578 2740 intelligendum
2603 2679 2708 2737 est,
2739 2672 2848 2727 nisi
2887 2674 3015 2744 quia
3036 2674 3168 2730 illud
3193 2676 3337 2746 quod
3365 2687 3483 2734 tres

1891 2760 2236 2831 evangelista:
2250 2763 2304 2815 in
2323 2763 2552 2833 singulis
2573 2764 2825 2834 capitulis
2839 2766 3008 2822 semel
3023 2765 3486 2842 dixemnt,:quar-

1893 2859 1981 2907 tus
2013 2853 2343 2925 evangelista
2373 2855 2532 2911 toties
2573 2856 2948 2927 multipliciter
2985 2861 3323 2932 narraverit,
3349 2875 3482 2930 quo-

1892 2946 1995 3002 ties
2024 2945 2254 3003 diversis
2279 2947 2527 3018 capitulis
2554 2950 2803 3005 eumdem
2831 2966 3051 3007 sensum
3067 2953 3434 3025 replicaverit.

1962 3037 2051 3092 26.
2095 3037 2202 3094 Sed
2240 3055 2367 3095 cum
2417 3041 2534 3096 haec
2583 3042 2852 3097 sententia
2883 3043 2950 3099 ad
2995 3043 3230 3114 primum
3278 3044 3478 3102 solum-

1891 3129 2051 3185 modo
2075 3130 2364 3201 pertineat,
2399 3133 2453 3186 in
2484 3148 2592 3203 quo
2620 3141 2853 3204 quatuor
2881 3135 3230 3206 evangelistas
3249 3151 3479 3192 concor—

1891 3221 2042 3288 dant,
2070 3224 2418 3292 quaerendum
2455 3239 2554 3279 cur
2589 3216 2735 3281 dicat
2763 3226 2816 3281 in
2841 3225 3068 3298 quolibet
3091 3244 3314 3294 canone,
3349 3245 3477 3284 cum

1890 3328 1998 3369 non
2028 3315 2083 3369 in
2108 3314 2214 3370 alio
2257 3317 2360 3370 nisi
2403 3317 2459 3371 in
2502 3317 2678 3388 primo
2705 3319 2880 3373 solum
2918 3335 3126 3375 canone
3165 3321 3282 3376 haec
3331 3320 3480 3376 inter

1887 3414 1999 3462 tres
2024 3415 2081 3462 et
2106 3423 2274 3464 unum
2315 3409 2702 3480 evangelistam
2733 3413 3117 3468 concordantia
3156 3414 3246 3467 sit.
3285 3413 3478 3484 Itaque

1885 3501 2163 3556 sciendum
2201 3509 2286 3557 est
2319 3503 2463 3572 quod
2507 3518 2701 3559 nomen
2741 3506 2901 3574 primi
2930 3505 3156 3560 canonis
3183 3521 3476 3560 commune

1883 3591 1956 3646 sit
1982 3600 2213 3661 quatuor
2239 3593 2582 3662 evangelistis
2606 3633 2620 3660 ,
2666 3595 2864 3663 quibus
2904 3596 3021 3665 ipse
3057 3595 3265 3664 primus
3295 3609 3469 3650 canon

1883 3683 2241 3738 communiter
2301 3683 2607 3750 deputatur.
2659 3681 2794 3737 Nam
2847 3685 2901 3738 in
2949 3691 3183 3754 quatuor
3227 3699 3470 3753 canones

1882 3775 1999 3845 ipse
2045 3773 2253 3844 primus
2297 3788 2470 3828 canon
2513 3773 2790 3840 dividitur,
2819 3775 2909 3844 qui
2947 3775 3018 3830 sit
3042 3774 3252 3844 primus
3291 3791 3467 3830 canon

1881 3866 2178 3921 secundum
2231 3863 2573 3931 Matthaaum,
2613 3865 2744 3920 item
2791 3865 2999 3935 primus
3046 3881 3224 3922 canon
3268 3881 3464 3922 secun-
3505 3935 3516 3940 ’ᾔ

1880 3956 2008 4011 dum
2076 3955 2354 4022 Marcum,
2406 3955 2603 4011 dehinc
2666 3957 2875 4027 primus
2930 3973 3104 4012 canon
3167 3959 3462 4014 secundum

1881 4047 2102 4114 Lucam,
2125 4057 2398 4118 postremo
2419 4047 2626 4118 primus
2650 4063 2821 4104 canon
2849 4049 3146 4104 secundum
3169 4047 3457 4106 Joannem.

1880 4139 2032 4208 Quod
2061 4147 2242 4195 autem
2262 4139 2360 4206 ait,
2387 4140 2442 4194 in
2468 4155 2676 4196 canone
2695 4140 2936 4210 quolibet
2961 4150 3073 4196 tres
3100 4142 3464 4215 evangelistas

1878 4233 1964 4288 bis
1991 4232 2076 4286 vel
2099 4240 2183 4286 ter
2206 4231 2291 4287 vel
2313 4239 2508 4302 quater
2533 4239 2627 4286 aut
2654 4233 2817 4287 etiam
2844 4248 2909 4288 eo
2937 4232 3056 4302 plus
3077 4233 3328 4289 eumdem
3355 4249 3460 4288 nu-

1879 4338 2088 4378 merum
2132 4338 2230 4392 per
2275 4323 2521 4378 ordinem
2569 4324 2772 4378 habere
2805 4323 3192 4388 adnotandum,
3236 4338 3346 4377 non
3387 4323 3465 4377 ita

1879 4413 2218 4469 sentiendum
2246 4420 2331 4468 est
2357 4413 2514 4484 quasi
2553 4413 2797 4482 quolibet
2825 4414 3002 4482 primo
3029 4426 3236 4466 canone
3255 4451 3271 4476 ,
3313 4412 3463 4468 verbi

1878 4505 2052 4577 gratia
2074 4505 2370 4560 secundum
2399 4505 2734 4570 Matthmum,
2764 4514 2878 4560 tres
2903 4503 3248 4574 evangelista;
3270 4504 3325 4559 in
3352 4519 3464 4560 uno

1875 4597 2052 4668 ipsius
2077 4595 2311 4651 Matthzei
2340 4597 2556 4651 tramite
2579 4636 2595 4661 ,
2631 4597 2879 4652 eumdem
2906 4597 3127 4667 capituli
3153 4613 3458 4676 numerum

1880 4686 2250 4758 multipliciter
2274 4686 2626 4749 adnotarent;
2659 4685 2755 4740 sed
2780 4686 2857 4742 ita
2884 4686 3291 4758 intelligendum
3313 4690 3460 4759 quod

1882 4789 1994 4836 tres
2020 4781 2365 4852 evangelistas
2401 4779 2598 4850 singuli
2627 4795 2725 4850 per
2749 4795 2807 4835 se
2837 4780 2894 4835 in
2921 4781 3162 4851 quolibet
3184 4782 3344 4852 primi
3371 4797 3461 4837 cav

1879 4873 2038 4929 nonis
2075 4873 2295 4928 tramite
2333 4872 2585 4928 eumdem
2615 4873 2835 4943 capituli
2869 4888 3153 4930 numerum
3190 4873 3458 4943 replicare

1879 4967 2074 5023 solent.
2102 4965 2238 5020 Nam
2272 4966 2324 5020 in
2356 4981 2565 5022 canone
2589 4966 2766 5037 primo
2794 4967 3088 5022 secundum
3119 4965 3454 5034 Matthasum,

1879 5061 2117 5130 itemque
2141 5061 2194 5114 in
2219 5074 2424 5114 canone
2447 5058 2622 5129 primo
2647 5059 2944 5115 secundum
2967 5057 3229 5123 Marcum,
3257 5057 3455 5114 dehinc

1874 5153 1931 5209 in
1951 5167 2158 5208 canone
2186 5151 2362 5220 primo
2386 5152 2678 5206 secundum
2705 5151 2929 5216 Lucam,
2952 5149 3144 5205 deinde
3171 5149 3227 5205 in
3247 5165 3453 5208 canone

1874 5245 2050 5315 primo
2065 5243 2360 5299 secundum
2374 5241 2661 5310 Joannem,
2685 5243 2826 5298 hanc
2840 5241 3244 5312 replicationem
3258 5243 3451 5300 crebro

1875 5335 2137 5391 invenies.
2175 5333 2304 5389 Haec
2323 5343 2504 5389 autem
2531 5333 2811 5403 replicatio
2838 5331 2918 5398 tit,
2949 5347 3055 5386 non
3076 5332 3218 5402 quod
3239 5332 3296 5386 in
3321 5349 3449 5390 con-

1874 5433 2027 5481 textu
2056 5424 2137 5480 sui
2164 5423 2440 5494 Evangelii
2479 5423 2707 5492 quilibet
2741 5419 3068 5491 evangelista
3111 5437 3274 5478 unum
3301 5423 3448 5495 capi-

1875 5515 2048 5572 tulum
2077 5513 2196 5581 bis,
2241 5512 2327 5568 vel
2356 5524 2456 5580 ter,
2489 5512 2575 5567 vel
2619 5518 2812 5582 quater
2843 5518 2940 5565 aut
2982 5509 3102 5583 plus
3144 5512 3442 5585 iteraverit.

1873 5673 2041 5732 cteris
2065 5673 2157 5738 sit,
2179 5673 2454 5729 dubitasse
2475 5685 2583 5725 non
2603 5668 2823 5726 videtur.

1944 5746 1973 5788 δ
2010 5743 2223 5808 Glossa,
2251 5741 2600 5809 samahaften.

1945 5828 1970 5857 θ
2011 5814 2138 5872 Haec
2155 5821 2310 5871 erant
2335 5812 2390 5868 in
2410 5810 2661 5882 margine.
