4046 6332
155 445 337 510 om

942 442 1241 505 EXPLAN.
1279 439 1352 500 ΙΝ
1382 435 1892 499 ΡΜΕἙἏΤΙΟΝΕΒ
1929 435 1988 494 S.
2030 433 2304 493 ΗῙΕΒΟΝ.
2344 433 2438 492 Μ)
2471 433 2728 491 EVANG.

3365 435 3479 497 550.

246 571 518 635 Joannem,
556 565 736 639 Tigris
765 554 1030 632 Πανδαίη,
1069 563 1374 635 Euphrates
1409 559 1630 615 Lucam.
1666 555 1808 622 Qua-
1831 555 1886 617 Α
1908 554 2104 609 dicitur
2130 554 2184 608 in
2208 553 2379 608 medio
2400 551 2516 623 eius
2537 553 2653 608 sive
2675 549 2859 608 electri
2889 551 3004 609 sive
3027 549 3192 626 ignis,
3217 554 3354 610 nihil
3381 557 3480 612 ob-

246 675 355 721 tuor
385 673 433 718 et
469 659 688 732 angulos
714 670 759 714 et
783 658 970 713 anulos
1003 657 1058 710 lt.
1083 672 1178 728 per
1205 668 1334 726 quos
1367 651 1520 723 quasi
1541 659 1667 704 arca
1688 655 1729 700 t.
1758 654 1808 700 et

245 763 410 809 custos
449 751 486 806 l.
514 751 570 806 ά.
614 750 769 820 lignis
799 755 872 803 m.
913 747 1166 803 evehitur.
1211 744 1317 800 Per
1357 737 1538 797 arcam
1568 736 1808 794 Ecclesia

242 845 437 904 Christi
474 843 815 914 designatur;
849 849 952 910 per
987 844 1170 893 vectes
1212 836 1462 891 doctores
1499 829 1810 900 exprimun-

244 947 343 1003 tur,
375 935 467 1006 qui
501 948 667 989 aurea
700 933 914 990 Veteris
953 946 1016 985 ac
1046 928 1180 984 Novi
1207 923 1540 982 Testamenti
1569 920 1809 994 gemma-

240 1044 341 1100 que
367 1026 613 1083 doctrina
647 1031 1008 1087 exornantur;
1058 1018 1256 1090 quibus
1279 1015 1525 1071 vectibus
1554 1027 1682 1067 arca
1709 1011 1810 1065 Ec-

240 1113 1078 1186 mammam
1099 1110 1336 1166 vehitur.
1357 1107 1605 1174 Quatuor
1625 1101 1807 1174 anguli

239 1213 487 1270 diffusam
524 1225 623 1282 per
648 1215 882 1280 quatuor
909 1205 1095 1276 plagas
1133 1201 1282 1258 orbis
1319 1211 1590 1254 terrarum
1617 1194 1804 1250 Eccle-

239 1305 374 1360 siam
397 1302 704 1372 designant.
751 1298 992 1366 Quatuor
1033 1293 1221 1352 circuli
1249 1291 1549 1348 doctrinam
1577 1301 1809 1358 evange-

238 1379 413 1460 Hcam,
447 1398 786 1463 quatuorque
820 1388 1069 1469 virtues,
1095 1382 1470 1457 9mm,
1497 1386 1811 1452 temperan-

238 1490 388 1555 tiam,
421 1484 817 1547 fortitudinem,
847 1471 1137 1551 jusllﬁ'am.
1455 1547 1458 1549 Α

305 1581 394 1636 55.
437 1577 652 1633 Primus
691 1583 864 1628 autem
904 1571 1184 1626 Matthams
1231 1576 1305 1623 est
1343 1565 1673 1637 publicanus,
1721 1578 1808 1615 co-

238 1678 511 1742 gnomento
534 1667 677 1723 Levi.
706 1664 1057 1735 Cognomento
1087 1659 1212 1715 Levi
1241 1658 1388 1723 dicit,
1425 1657 1554 1726 quia
1577 1670 1649 1712 ex
1667 1668 1809 1724 pro-

237 1764 385 1833 sapia
412 1761 584 1817 tribus
608 1757 738 1814 Levi
769 1757 885 1827 ipse
908 1753 1176 1822 originem
1202 1751 1367 1806 ducit.
1410 1747 1590 1802 Matba
1620 1745 1676 1799 in
1705 1744 1811 1833 lle-

237 1832 381 1915 brteo
416 1869 669 1913 sermone
704 1853 924 1908 domum
960 1848 1188 1911 dicitur;
1229 1844 1372 1899 unde
1402 1835 1686 1896 Matthaeus
1715 1832 1810 1892 do-

1911 653 2018 700 stat
2037 643 2281 715 intelligi,
2297 646 2442 714 quod
2464 652 2696 715 quatuor
2714 646 2832 700 haec
2855 645 3130 712 animalia,
3145 647 3320 702 sancti
3341 647 3485 703 scili.

1907 742 1997 790 cet
2021 735 2387 805 cvangelistae,
2419 743 2475 791 et
2501 750 2570 791 ex
2595 735 2806 790 Domini
2849 737 3226 793 incarnatione
3253 739 3326 793 ad
3353 737 3483 794 ﬁdei

1906 827 2162 882 virtutem
2186 827 2400 882 solidati
2418 835 2565 894 sunt,
2587 827 2717 884 etin
2740 828 2861 899 igne
2883 829 3276 900 persecutionis
3293 829 3484 884 multis

1909 919 2352 976 tribulationibus
2386 920 2588 976 alliicti.
2646 919 2784 976 Nam
2813 923 2872 976 in
2903 923 3082 993 specie
3109 923 3298 978 cicctri
3327 922 3486 978 Chri-

1908 1018 2027 1067 stus
2053 1012 2319 1068 mediator
2340 1013 2436 1068 Dei
2465 1021 2521 1068 et
2545 1013 2820 1070 hominum
2848 1015 3178 1086 designatur.
3209 1014 3482 1071 Electritm

1906 1105 2106 1175 Quinte
2129 1120 2199 1160 ex
2223 1119 2360 1161 auro
2383 1113 2441 1161 et
2465 1114 2692 1177 argento
2713 1114 2818 1162 est.
2843 1105 2939 1164 Sic
2959 1116 3145 1164 noster
3173 1106 3486 1177 redemptor

1907 1212 2071 1254 verus
2101 1197 2241 1253 Deus
2279 1209 2336 1252 et
2362 1213 2525 1253 verus
2570 1201 2731 1255 homo
2769 1215 2837 1255 ex
2884 1199 3163 1254 divinitate
3201 1207 3256 1254 et
3301 1200 3485 1256 huma-

1910 1295 2079 1351 nitate
2117 1301 2359 1368 constat.
2391 1293 2462 1348 Et
2497 1293 2670 1349 vultus
2705 1311 2916 1360 eorum,
2954 1295 3114 1364 facies
3151 1294 3398 1360 hominis,
3436 1300 3484 1348 et

1869 1369 1876 1375 ’
1897 1386 2074 1456 μου
2089 1383 2348 1450 ἀνοίκειοι
2367 1383 2530 1454 facies
2558 1383 2721 1449 vituli.
2745 1393 2797 1439 et
2818 1384 2979 1453 facies
3005 1384 3216 1456 aquilw.
3244 1384 3348 1440 Per
3373 1382 3487 1440 haec

1899 1481 2146 1551 "quatuor
2181 1475 2457 1544 animalia,
2502 1477 2642 1534 sicut
2837 1477 3198 1548 Hieronymus
3232 1492 3355 1532 mox
3393 1493 3484 1532 ex-

1909 1572 2080 1642 ponit,
2123 1579 2355 1640 quatuor
2383 1568 2725 1639 evangelistae
2760 1569 3128 1642 designantur.
3179 1568 3487 1624 Secundum

1899 1661 2177 1718 moralem
2221 1668 2404 1715 autem
2440 1659 2870 1730 intelligentiam,
2914 1659 3095 1728 justus
3124 1659 3354 1728 quisque.
3389 1672 3488 1728 per

1912 1753 2179 1808 rationem
2214 1753 2394 1817 homo,
2432 1766 2529 1821 per
2569 1751 2892 1806 sacriﬁcium
2929 1749 3360 1806 mortiﬁcationis
3400 1762 3492 1803 vo-

1899 1833 2137 1899 luntatis
2183 1859 2294 1900 suae
2339 1843 2570 1908 vitulus,
2621 1857 2716 1912 per
2765 1842 3132 1897 fortitudinem
3184 1840 3493 1897 securitatis

236 1959 395 2005 natus
423 1949 832 2016 interpretatur,
873 1956 940 1996 eo
967 1939 1113 2010 quod
1138 1937 1190 1992 ei
1219 1937 1475 1992 donatum
1503 1941 1588 1988 est
1617 1938 1676 1987 ut
1703 1945 1812 1984 non
1837 1925 1889 1986 B
1909 1942 2103 1991 contra
2129 1934 2311 1989 omnia
2337 1935 2565 1990 adversa
2596 1933 2700 1999 leo,
2729 1949 2826 2004 per
2845 1932 3355 2001 contemplationem
3383 1945 3494 1986 ρω-

237 2043 410 2099 solum
446 2029 757 2111 apostolus,
787 2027 890 2091 seu
917 2031 1085 2088 etiam
1124 2025 1452 2098 evangelista
1482 2032 1647 2082 esset.
1686 2024 1817 2079 Mat-

239 2134 408 2188 thaeus
459 2129 737 2201 apostolus
792 2123 1154 2195 evangelista,
1206 2120 1298 2190 qui
1345 2120 1510 2173 etiam
1555 2133 1621 2174 ex
1673 2117 1817 2172 tribu

241 2240 340 2283 sua
359 2223 493 2279 Levi
523 2219 755 2290 sumpsit
784 2228 1102 2287 cognomen,
1130 2227 1201 2267 ert
1217 2209 1514 2288 publicam
1541 2224 1573 2263 α
1599 2206 1818 2262 Christo

238 2319 478 2383 electus,
523 2315 761 2386 primum
806 2310 1023 2378 quidem
1074 2307 1129 2360 in
1157 2306 1339 2360 Judaea
1385 2303 1815 2375 evangelizabat,

236 2408 582 2481 postmodum
609 2406 664 2460 in
692 2401 1004 2458 Macedonia
1029 2397 1374 2469 praedicabat.
1401 2393 1500 2449 llic
1525 2393 1820 2464 requiescit

239 2497 295 2554 in
317 2496 592 2552 montibus
612 2495 957 2550 Parthorum.
991 2487 1266 2545 Secundus
1303 2486 1519 2541 Marcus
1562 2487 1818 2556 interpres

238 2589 459 2646 apostoli
475 2587 643 2654 Petri,
667 2595 723 2642 et
743 2585 968 2656 reliqua.
987 2582 1280 2651 Quaeritur,
1297 2595 1420 2638 curn
1429 2579 1625 2636 Petrus
1646 2579 1820 2634 scicn-

238 2683 373 2737 tiam
402 2681 695 2735 multarum
726 2677 1054 2748 linguarum,
1080 2673 1351 2744 quomodo
1389 2680 1444 2726 et
1468 2663 1649 2726 eaiteri
1689 2665 1820 2739 apo-

239 2773 386 2839 stoli,
423 2771 747 2843 perceperit,
777 2783 873 2823 cur
901 2767 1044 2821 dicat
1069 2765 1309 2820 Marcum
1334 2765 1452 2834 ejus
1473 2758 1816 2832 discipulum,

239 2862 576 2936 ipsinam-tri
615 2859 785 2916 fuisse
813 2856 1203 2928 interpretem?
1231 2854 1352 2910 Nisi
1373 2855 1477 2908 hoc
1507 2854 1586 2908 ita
1613 2853 1820 2908 dictum

239 2967 361 3016 esse
398 2956 725 3019 sentiamus,
765 2951 911 3023 quod
945 2948 1162 3022 quando
1203 2947 1320 3020 ipse
1356 2945 1552 3002 Petrus
1587 2945 1821 3002 'llebrazo

239 3066 490 3109 sermone
507 3047 750 3104 Hebraeis
773 3029 1202 3114 evangelizabat,
1231 3051 1359 3096 tunc
1377 3039 1590 3094 Marcus
1613 3046 1669 3092 ut
1695 3045 1822 3107 pote

237 3145 360 3218 ejus
383 3139 680 3212 discipulus
706 3139 793 3194 vel
826 3135 1010 3192 idiotis
1035 3133 1277 3190 Hebrteis
1303 3132 1392 3187 vel
1419 3140 1567 3187 certe
1596 3129 1818 3195 Grecis,

241 3254 336 3295 seu
377 3233 706 3308 quibuslibet
743 3228 992 3286 barbaris
1039 3225 1380 3282 audientibus
1422 3224 1709 3291 minusque
1737 3221 1822 3276 in-

1909 2026 2133 2083 lestium
2162 2021 2394 2080 efﬁcitur
2427 2024 2630 2095 aquila.
2672 2026 2804 2091 Quae
2839 2019 3204 2095 evangelistim
3234 2022 3431 2076 Lucam
3459 2039 3493 2076 a

1916 2118 2181 2173 Zacharia
2209 2120 2476 2173 sacerdote
2501 2136 2546 2173 s.
2572 2119 2611 2172 i.
2633 2136 2685 2188 p.
2711 2118 2756 2172 Α
2776 2117 3060 2180 Zacltaria,
3088 2118 3283 2186 inquit,
3316 2132 3494 2171 sacer-

1912 2209 2068 2276 dote;
2110 2211 2164 2266 id
2203 2218 2290 2267 est
2317 2219 2582 2280 tanquam
2615 2209 2686 2266 ab
2733 2224 2798 2264 eo
2839 2209 2992 2278 cujus
3025 2209 3096 2263 sit
3130 2207 3495 2264 ministerium

1915 2318 2060 2374 saepe
2087 2303 2284 2357 vitulos
2320 2302 2622 2358 immolare.

1988 2392 2077 2448 56.
2117 2387 2289 2447 Crura
2317 2396 2496 2447 eorum
2525 2402 2686 2460 recta,
2717 2401 2766 2447 et
2801 2410 2852 2463 ρ.
2873 2410 2924 2462 ρ.
2949 2392 3052 2447 Per
3080 2391 3245 2462 pedes
3274 2403 3495 2460 gressus

1905 2492 2138 2539 actuum
2166 2483 2534 2553 designantur.
2565 2482 2808 2549 Quatuor
2832 2497 2962 2552 ergo
2989 2480 3302 2535 animalium
3330 2481 3496 2550 pedes

1913 2576 2054 2632 recti
2096 2589 2219 2631 esse
2261 2575 2668 2639 describuntur,
2718 2574 2844 2644 quia
2883 2580 3194 2628 sanctorum
3229 2571 3502 2641 evangeli-

1921 2665 2129 2722 starum
2173 2675 2334 2735 atque
2378 2663 2619 2719 omnium
2666 2662 3028 2734 perfectorum
3075 2677 3260 2731 opera,
3299 2662 3367 2715 ad
3415 2675 3500 2715 se-

1915 2755 2191 2830 quendam
2228 2757 2567 2826 iniquitatem
2605 2770 2711 2810 non
2757 2763 2881 2809 sunt
2926 2761 3150 2809 retorta.
3200 2752 3265 2806 Hi
3317 2761 3500 2807 autem

1920 2849 2088 2921 pedes
2130 2855 2309 2904 rectos
2342 2861 2458 2902 non
2491 2843 2719 2912 habent,
2757 2845 2852 2914 qui
2895 2843 2964 2899 ad
2996 2843 3138 2899 mala
3166 2842 3352 2910 mundi
3380 2847 3500 2913 quae

1923 2940 2257 3010 reliquerunt
2297 2937 2666 2994 reﬂectuntur.
2707 2935 2814 2992 Per
2840 2949 3044 3007 pennas
3082 2943 3261 2990 autem
3283 2933 3503 2991 volatus

1924 3030 2356 3103 contemplativa:
2385 3031 2508 3084 vitae
2535 3029 2865 3100 designatur.
2905 3026 2973 3082 Et
3005 3043 3312 3099 quocunque
3349 3026 3506 3097 apiri-

1923 3134 2010 3179 tus
2047 3124 2178 3189 ibat,
2219 3125 2386 3189 ibant,
2423 3135 2474 3178 et
2515 3138 2619 3177 non
2661 3122 3064 3177 revertebantur.
3103 3121 3350 3177 Petiliam
3381 3120 3504 3175 ani-

1926 3217 2111 3282 malia,
2148 3214 2401 3271 videlicet
2443 3213 2786 3285 evangelistae
2819 3220 2874 3268 et
2910 3213 3093 3269 czeteri
3121 3212 3505 3282 praedicatores

239 3325 637 3403 telligeutibus,
677 3323 926 3380 eumdem
958 3334 1262 3376 sermonem
1297 3316 1455 3388 plane
1492 3315 1818 3385 interpreta-
1848 3305 1893 3370 C
1924 3311 2132 3377 sancti,
2191 3327 2315 3367 cum
2357 3308 2644 3376 incedunt,
2693 3308 2922 3384 minime
2962 3314 3330 3370 revertuntur,
3379 3303 3505 3374 quia

239 3425 427 3480 batur.
466 3421 600 3476 item
632 3431 758 3473 cum
797 3413 986 3470 Graec
1025 3424 1278 3467 sermone
1315 3416 1503 3462 tantus
1545 3404 1823 3476 apostolus

238 3513 666 3588 evangelizabat,
705 3517 836 3564 tunc
871 3507 1084 3562 Marcus
1119 3503 1205 3559 vel
1231 3501 1438 3559 Graecis
1479 3500 1659 3556 minus
1701 3511 1825 3553 eru-

241 3609 397 3674 ditis,
425 3608 535 3662 sive
555 3603 773 3668 Iudaeis,
800 3609 857 3656 et
883 3595 1213 3669 quibuslibet
1237 3594 1489 3650 Graecum
1514 3605 1825 3647 sermonem

243 3699 638 3775 ignorantibus,
673 3711 772 3768 per
793 3696 1009 3751 illorum
1034 3691 1308 3763 propriam
1343 3687 1610 3756 loquelam
1647 3682 1827 3753 expla-

239 3793 433 3852 nabat.
473 3791 523 3847 is
559 3799 738 3845 autem
771 3787 984 3842 Marcus
1013 3790 1204 3838 octavo
1239 3778 1472 3835 Neronis
1511 3786 1654 3830 anno
1682 3787 1826 3829 mor-

237 3899 374 3946 tuus
393 3885 605 3958 placida
635 3883 819 3954 quiete
846 3876 1086 3951 sepultus
1115 3883 1219 3930 est.

311 3979 405 4035 54.
449 3976 656 4032 Tertius
689 3973 861 4027 Lucas
900 3969 1133 4022 medicus
1172 3982 1226 4019 π.
1261 3981 1308 4019 s.
1336 3979 1390 4017 α.
1428 3959 1581 4032 cujus
1621 3958 1742 4014 laus
1771 3958 1827 4011 in

235 4069 565 4143 Evangelia,
607 4075 666 4123 et
721 4064 947 4134 reliqua.
999 4059 1203 4114 Achaia
1252 4055 1530 4127 provincia
1580 4051 1823 4115 Graeciaa,

238 4162 401 4230 cujus
440 4155 755 4228 metropolis
791 4162 874 4210 est
905 4151 1216 4209 Corinthus.
1251 4146 1500 4218 Bithynia
1536 4143 1829 4216 provinciae

238 4262 330 4312 est
356 4253 520 4309 Asia.
563 4249 713 4306 Obiit
739 4254 921 4302 autem
947 4244 1126 4298 Lucas
1152 4249 1337 4298 Lxxrv'
1361 4239 1490 4294 vitm
1517 4252 1629 4291 suae
1663 4249 1824 4299 anno,

231 4355 298 4402 et
341 4343 585 4418 sepultus
629 4348 716 4396 est
759 4339 816 4394 in
856 4336 1143 4407 Bithynia,
1193 4333 1346 4404 cujus
1393 4343 1517 4386 ossa
1565 4336 1828 4399 regnante

237 4416 602 4496 Constantino
639 4425 1157 4499 Constantinopolim
1192 4431 1326 4480 ‘sunt
1368 4421 1648 4476 translata.
1695 4416 1828 4473 Ulti-

239 4547 365 4588 mus
403 4527 639 4584 Joannes
685 4520 955 4594 apostolus
1002 4528 1050 4573 et
1091 4514 1442 4586 evangelista,
1489 4527 1642 4584 quem
1671 4509 1829 4568 Iesus

237 4621 442 4677 amauit
481 4617 789 4690 plurimum,
835 4619 890 4667 et
929 4610 1158 4680 reliqua.
1195 4607 1296 4662 llic
1322 4619 1464 4660 anno
1500 4617 1673 4660 vam
1697 4608 1828 4673 post

238 4711 560 4785 passionem
586 4704 800 4764 Domini
823 4701 1150 4767 Salvatoris,
1177 4697 1279 4755 sub
1307 4697 1542 4768 Traiano
1584 4694 1828 4766 principe

242 4805 414 4875 longo
441 4799 724 4858 vetustatis
751 4796 904 4853 senio
935 4793 1129 4854 lessus,
1160 4807 1284 4846 cum
1309 4789 1451 4845 diem
1481 4785 1832 4856 transmigra-

241 4896 415 4954 tionis
455 4909 572 4951 sua:
609 4891 897 4948 imminere
934 4887 1038 4943 sibi
1083 4885 1337 4949 sentiret,
1381 4881 1610 4953 iussisse
1655 4879 1832 4935 fertur

236 4985 411 5046 elodi
439 4986 544 5042 sibi
569 4983 904 5057 sepulcrum,
930 4987 1098 5048 atque
1129 4975 1252 5030 vale
1285 4975 1408 5030 inde
1433 4975 1622 5029 dicens
1656 4971 1833 5026 fratri-

239 5083 376 5148 bus,
405 5079 546 5135 facta
571 5078 817 5133 oratione
838 5073 1026 5129 vivens
1052 5067 1316 5124 tumulum
1343 5067 1608 5133 introivit,
1635 5063 1832 5122 deinde

237 5175 300 5232 in
327 5188 403 5230 eo
427 5183 683 5242 tanquam
721 5169 777 5224 in
801 5164 1001 5222 lectulo
1035 5160 1334 5232 requievit;
1368 5160 1509 5215 unde
1541 5158 1742 5215 accidit
1768 5164 1830 5211 ut

239 5265 472 5338 quidam
509 5273 635 5319 eum
669 5261 856 5316 vivere
891 5261 1162 5318 asset-ant,
1202 5265 1302 5308 nec
1335 5259 1610 5306 mortuum
1651 5251 1707 5305 in
1744 5264 1830 5306 se-

237 5359 458 5430 pulcro,
481 5355 579 5413 sed
605 5353 959 5410 dormientem
995 5345 1180 5418 jacere
1209 5344 1561 5409 Contendant;
1596 5341 1830 5398 maxime

238 5429 350 5523 pro
376 5466 445 5507 eo
471 5449 616 5521 quod
639 5447 754 5504 illic
775 5442 978 5501 sensim
1008 5448 1154 5495 terra
1179 5436 1250 5493 ab
1277 5435 1386 5490 imo
1414 5433 1734 5498 scaturiens,
1762 5429 1832 5486 ad

237 5543 597 5615 superﬁciem
624 5537 859 5610 sepulcri
887 5531 1236 5596 conscendat,
1261 5536 1317 5584 et
1340 5525 1494 5597 quasi
1521 5524 1650 5579 ﬂatu
1675 5523 1832 5592 quie-

238 5614 459 5697 scentis
494 5637 747 5692 deorsum
785 5629 853 5686 ad
889 5626 1175 5698 superiora
1217 5619 1458 5680 ebulliat.
1495 5614 1713 5687 Quievit
1745 5627 1837 5671 au-

239 5741 364 5788 tem
393 5726 539 5798 apud
564 5722 838 5796 Ephesum
866 5735 920 5774 vr
951 5715 1073 5773 Kal.
1097 5713 1222 5770 Jan.

1921 3408 2005 3462 sic
2045 3420 2076 3459 a
2103 3403 2336 3459 terrenis
2375 3403 2588 3457 actibus
2619 3401 2688 3455 ad
2716 3399 2982 3470 spiritalia
3010 3404 3415 3469 pertranseunt,
3446 3403 3510 3452 ut

1922 3499 1994 3553 ad
2033 3511 2099 3551 ea
2137 3509 2258 3566 qua:
2292 3492 2645 3562 reliquerint,
2680 3491 2911 3546 ulterius
2955 3489 3103 3544 nullo
3145 3488 3307 3542 modo
3349 3485 3508 3540 relie-

1924 3599 2165 3648 ctantur.
2203 3587 2371 3656 Quasi
2407 3587 2554 3640 enim
2595 3601 2694 3656 per
2737 3582 3028 3655 quamdam
3063 3580 3210 3634 viam
3248 3578 3327 3634 eis
3359 3577 3509 3631 ince-

1925 3685 2085 3747 dere,
2127 3690 2213 3736 est
2246 3686 2428 3734 mente
2466 3679 2546 3732 ire
2580 3688 2796 3746 semper
2835 3673 2902 3730 ad
2946 3672 3189 3730 meliora.
3240 3670 3311 3725 Et
3347 3669 3509 3726 dorsa

1924 3787 2107 3828 eorum
2131 3771 2283 3842 plena
2310 3768 2492 3822 oculis.
2521 3765 2601 3820 Ea
2629 3764 2828 3820 etenim
2857 3773 2980 3832 qum
3008 3770 3136 3815 sunt
3160 3766 3285 3814 ante
3311 3757 3509 3812 faciem

1926 3872 2173 3921 nostram
2198 3863 2468 3924 videmus,
2493 3857 2650 3912 dorsa
2685 3863 2864 3911 autem
2893 3863 3080 3909 nostra
3107 3851 3246 3906 alius
3272 3851 3324 3905 in
3354 3849 3511 3907 nobis

1928 3957 2106 4021 videt,
2148 3963 2204 4010 et
2243 3968 2342 4008 nos
2377 3949 2565 4006 videre
2599 3963 2708 4004 non
2747 3961 3053 4018 possumus.
3100 3942 3237 4011 Quia
3276 3954 3511 4011 namque

1929 4047 2107 4104 sancti
2145 4045 2247 4101 viri
2283 4043 2515 4099 solerter
2541 4055 2604 4095 se
2632 4038 2927 4109 aspiciunt,
2968 4037 3025 4091 in
3051 4034 3249 4104 quibus
3283 4033 3352 4088 ab
3387 4030 3511 4086 aliis

1920 4138 2154 4211 iudicari
2192 4141 2440 4207 possunt,
2482 4141 2538 4188 et
2576 4130 2820 4189 districte
2854 4141 2913 4184 se
2939 4128 3143 4194 vident,
3189 4125 3330 4180 sicut
3363 4135 3509 4194 saepe

1928 4231 1999 4286 ab
2033 4229 2154 4286 aliis
2189 4229 2436 4284 districte
2467 4226 2735 4286 videntur,
2767 4222 2862 4293 qui
2900 4221 2957 4277 in
2985 4236 3043 4276 se
3073 4234 3175 4275 nec
3206 4235 3270 4273 ea
3306 4233 3427 4290 qua;
3451 4231 3512 4274 se

1927 4323 2102 4377 latere
2125 4329 2406 4390 poterant,
2441 4319 2713 4388 ignorant,
2746 4314 2949 4369 lumina
2975 4312 3037 4366 in
3067 4311 3230 4365 dorso
3267 4314 3509 4378 portant.

1930 4416 2001 4469 Et
2042 4423 2157 4467 rota
2195 4414 2257 4466 in
2297 4421 2433 4465 rota.
2503 4408 2642 4463 [tota
2693 4406 2750 4461 in
2793 4414 2912 4460 rota
2957 4411 3043 4458 est
3084 4401 3292 4456 Novum
3328 4400 3515 4454 Testa-

1929 4513 2172 4560 mentum
2197 4504 2253 4558 in
2273 4501 2457 4557 Veteri
2484 4499 2849 4556 Testamento.
2877 4495 3017 4550 Rota
3043 4508 3279 4562 namque
3299 4505 3516 4547 sacram

1931 4595 2276 4666 Scripturam
2301 4592 2574 4661 designat,
2603 4603 2723 4659 qua
2751 4602 2820 4644 ex
2847 4586 2996 4643 omni
3020 4593 3176 4657 parte
3209 4584 3276 4640 ad
3305 4584 3516 4640 audito-

1851 4657 1907 4719 D
1933 4657 2578 4744 rum-mentesvolvitur.
2607 4657 2859 4738 Circulu's
2887 4680 3086 4752 quippe
3112 4686 3511 4749 praeceptorum

1933 4781 2079 4840 illius
2126 4795 2276 4836 more
2305 4784 2437 4833 τοίω
2466 4776 2627 4833 modo
2655 4777 2904 4841 ‘sursu'm,
2934 4775 3095 4830 modo
3125 4774 3377 4829 deorsum
3407 4777 3512 4844 est,

1929 4875 2062 4944 quia
2087 4888 2211 4943 qum
2238 4869 2658 4943 perfectioribus
2691 4867 3012 4938 spiritaliter
3043 4867 3320 4928 dicuntur,
3359 4861 3514 4916 inﬁrv

1933 4968 2040 5023 mis
2068 4966 2223 5036 juxta
2251 4966 2489 5020 litteram
2526 4969 2861 5035 congruunt;
2899 4969 2955 5014 et
2980 4973 3102 5029 quae
3125 4955 3334 5027 parvuli
3357 4953 3515 5022 juxta

1931 5057 2175 5114 litteram
2226 5053 2539 5126 intelligunt
2562 5094 2577 5120 ,
2618 5051 2762 5108 docti
2806 5050 2909 5106 viri
2953 5047 3276 5122 spiritaliter
3319 5042 3519 5099 intelli-

1937 5151 2115 5222 gendo
2146 5150 2201 5204 in
2228 5147 2397 5203 altum
2423 5148 2649 5204 ducunt.

2007 5243 2099 5299 δη.
2146 5239 2345 5313 Viginti
2379 5245 2608 5312 quatuor
2643 5239 2932 5300 acutarum,
2961 5240 3021 5288 et
3049 5230 3280 5300 reliqua.
3311 5229 3517 5298 Vigini

1939 5335 2173 5406 quatuor
2206 5333 2450 5389 seniores
2480 5332 2538 5386 in
2571 5329 2678 5386 illis
2717 5326 3089 5396 intelliguntur
3115 5321 3206 5393 qui
3229 5320 3519 5393 perfectio-

1942 5443 2070 5484 nem
2110 5426 2324 5498 operis,
2371 5439 2492 5495 quae
2540 5419 2756 5478 senario
2802 5428 3027 5472 numero
3085 5414 3516 5481 commendatur,

1933 5519 2090 5576 clara
2139 5515 2415 5587 Evangelii
2473 5510 2859 5584 praedicatione
2919 5512 3318 5562 consummant.
3381 5503 3520 5560 Nam

1938 5616 2132 5682 quater
2163 5607 2281 5662 seni
2323 5621 2449 5659 xxrv
2484 5602 2707 5657 faciunt.
2759 5596 2865 5663 Qui
2898 5606 3130 5652 tenentes
3169 5596 3427 5662 citharas,
3464 5594 3521 5650 id

1939 5711 2025 5760 est
2054 5700 2218 5757 corda
2249 5693 2500 5752 laudibus
2525 5693 2636 5748 Deo
2665 5691 2846 5747 dicata
2877 5697 3158 5763 gerentes;
3205 5697 3253 5742 et
3287 5685 3518 5758 phialas,

319 5775 1012 5886 Ξὸῒῗᾱιὲἷῖςῖείέᾳααιαοτ
1030 5803 1340 5877 Euangelia,
1365 5809 1420 5859 et
1442 5799 1648 5884 religa
1661 5809 1841 5868 usque
1936 5795 1996 5852 id
2027 5798 2116 5886 est
2141 5789 2422 5886 oratio-nes
2449 5785 2567 5842 Deo
3011 5779 3106 5837 Vel
3138 5779 3350 5886 phialas
3387 5775 3522 5886 dicit

239 5921 297 5968 et
319 5865 584 5965 ’ἕνῖᾖῖτό
602 5865 1653 5967 mamma-sm.
1671 5865 1842 5955 ’Quod
1939 5875 2170 5943 mandas
2195 5878 2447 5936 oordiurn
2482 5874 2873 5934 conscientias.
2901 5871 3372 5942 sumasque».
3395 5865 3516 5933 ea,
