4046 6332
1551 336 1736 394 VITA.
1763 369 1836 381 —
1859 338 2249 398 PBEFATIO.

3405 349 3514 405 3M

240 446 458 530 abbatis
482 445 804 530 electionem
830 446 1158 530 conﬁrmani
1192 446 1697 530 budoviciéugusti
1740 449 1829 504 lit-
1856 453 1909 513 Α
1939 469 1959 530 ε
2018 467 2095 530 xu
2141 450 2259 530 Kal:
2316 448 2604 530 Novemb”
2626 462 2771 530 anno
2794 449 2867 530 2}
2895 450 3130 530 imperii,
3180 453 3367 530 indict.
3423 456 3513 522 15,

243 525 377 573 terre
403 518 473 573 ab
491 517 727 574 Acberio
748 527 937 574 nostro
957 519 1116 573 editae
1133 519 1188 574 in
1210 517 1360 574 Notis
1385 519 1452 573 ad
1475 517 1826 586 Guibertum;

241 588 470 659 aliaeque
523 587 763 658 ejusdem
811 590 1154 659 imperatoris
1183 590 1250 644 ad
1282 589 1530 645 eumdem
1577 590 1828 645 abbatem

240 657 439 714 litterae
467 667 684 714 exstant
708 660 763 714 in
790 657 1060 715 tabulario
1108 659 1405 715 Anianensi
1459 659 1524 714 de
1574 660 1832 714 immuni-

241 738 356 784 tate
383 730 720 794 monasterii,
762 748 782 781 ι
815 732 955 786 datae
981 747 1078 785 xm
1107 730 1223 785 Kal.
1260 730 1456 799 April.,
1491 746 1632 785 anno
1657 731 1690 785 9
1732 730 1830 786 im-

314 800 380 853 rii
427 801 707 872 Ludovici,
754 800 1082 872 indictum,
1130 802 1455 872 Aquisgrani
1517 800 1735 870 palatio.
1779 820 1822 872 ί»

267 879 380 926 tem
407 871 526 925 aliaa
555 871 619 926 de
653 871 898 936 Gellone,
945 871 1454 941 Μοιιῑο-ειιιιιιριιειὶ,⁸
1485 872 1713 941 aliisque
1761 871 1830 927 de

239 943 426 1014 rebus,
454 941 938 1014 datmrAquisgrani
960 943 1045 997 die
1072 945 1388 1012 insequente
1411 938 1653 1014 ejusdem
1677 941 1826 1014 anni.

237 1011 488 1082 Denique
535 1011 655 1069 aliae
683 1011 1145 1082 ’de‘quibusdam
1187 1011 1348 1068 rebus
1399 1012 1541 1082 villae
1587 1011 1830 1066 Cinciani

243 1099 272 1154 ε
303 1083 359 1136 in
387 1081 525 1154 pago
549 1081 866 1148 Biterrensi,
899 1102 918 1134 ι
958 1099 1108 1154 quas
1138 1099 1227 1138 res
1269 1101 1287 1134 ι
1332 1081 1602 1154 Arualdus
1647 1097 1830 1154 comes

239 1152 798 1209 domno‘Benedicto
854 1153 1196 1220 tradiderat;
1243 1173 1261 1204 ι
1307 1153 1401 1209 sed
1460 1160 1647 1223 postea
1697 1153 1829 1207 fisco

245 1240 266 1274 ‹
297 1239 329 1278 a
357 1224 539 1280 missis
567 1224 852 1278 dominicis
880 1233 1164 1278 revocatas
1198 1244 1216 1276 ι
1247 1222 1554 1278 Ludovicus
1601 1222 1830 1278 Tructe-

237 1293 401 1364 sjndo
425 1295 660 1349 restituit
691 1314 710 1347 ι
746 1309 887 1348 anno
923 1293 956 1348 9
983 1295 1215 1364 imperii,
1258 1310 1352 1348 nx
1391 1293 1511 1348 Kal.
1547 1291 1824 1364 Septemb.

236 1361 558 1420 Carbonaco
578 1365 724 1430 villa,
747 1361 1134 1420 Hirminmario
1157 1366 1386 1420 diacono
1407 1365 1477 1419 ad
1501 1361 1677 1420 vicem
1698 1363 1829 1419 Fre-

237 1434 423 1506 dugisi
439 1444 880 1506 recognoscente.
927 1455 946 1488 ι

313 1482 314 1485 η
352 1453 416 1491 [SI
439 1453 880 1506 recognoscente.
927 1455 946 1488 ι

313 1453 368 1562 ξ.
413 1505 796 1562 Trutesindum
822 1506 1070 1577 sequitur
1094 1505 1476 1571 Ermenaldus,
1513 1504 1600 1577 cui
1648 1503 1829 1562 Ludo-

234 1575 395 1649 vicus
415 1577 753 1649 privilegium
779 1575 992 1649 abipso
1012 1576 1126 1647 jam
1151 1592 1251 1648 pro
1271 1577 1548 1649 advocato
1560 1576 1827 1649 donatum

237 1646 582 1719 confirmavit
616 1646 635 1698 ἱ
671 1646 912 1719 xttﬂKalf
931 1646 1070 1719 Aug.
1093 1646 1235 1703 anno
1259 1648 1331 1702 2‘2
1363 1647 1597 1719 imperii,
1630 1646 1822 1719 indicet.

238 1717 330 1783 15,
364 1717 662 1774 Strennaco
692 1718 837 1784 villa,
883 1739 900 1771 ι
938 1715 1304 1788 quaslilteras
1334 1715 1532 1788 legesis
1578 1717 1635 1772 in
1665 1715 1821 1772 Notis

238 1789 312 1860 ad
352 1788 690 1854 Cuibertum,
724 1805 845 1860 pag.
902 1789 1025 1843 647.
1056 1789 1264 1860 ,Eidem
1325 1790 1506 1860 abbati
1549 1803 1822 1860 concessae

236 1857 374 1928 item
405 1868 531 1915 sunt
558 1860 678 1915 aliae
724 1857 923 1914 litterae
987 1859 1212 1914 inferius
1259 1858 1575 1922 referendae,
1626 1858 1822 1928 quibus

237 1927 545 1988 Ludovicus
571 1929 856 1987 continuat
880 1945 1071 1985 omnes
1096 1931 1465 1998 possessiones
1481 1927 1820 1994 monasterii,

1932 520 2256 595 Aquisgrani
2282 520 2484 595 palatio
2512 537 2583 595 τη»
2619 520 2763 595 quod
2787 521 2894 576 alio
2916 520 3206 595 diplomate
3230 524 3342 595 jam
3378 520 3518 595 prae;

1933 589 2148 646 stitera't
2177 593 2244 646 de
2284 589 2422 647 cella
2446 589 2755 646 Gellonensi
2781 609 2800 642 ι
2835 608 2928 648 xxv

1931 669 1989 715 et
2012 661 2132 717 loco
2160 663 2373 717 iisdem.

2004 732 2058 805 9_.
2091 731 2418 805 Ermenaldo
2445 732 2708 805 successit
2732 733 3020 801 Amulius,
3051 736 3120 791 ad
3149 749 3310 805 quem
3338 742 3519 790 exstat

1932 800 2166 872 diploma
2217 803 2396 858 Caroli
2431 802 2604 868 Calvi,
2654 803 2838 858 datum
2883 823 2902 857 ι
2949 800 3012 860 ιη
3057 800 3327 861 Ροιιίἰοιιθ
3382 806 3515 862 fisco

1933 874 2371 946 regio,ganno_l3
2392 874 2544 944 regni
2582 893 2601 926 ι
2640 873 2776 946 ejus.
2801 874 2927 931 Haec
2954 877 3020 932 de
3058 877 3249 946 primis
3289 875 3516 933 Aniana:

1933 943 2221 1018 abbatibus
2267 944 2413 1018 dicta
2463 943 2584 1018 sint
2641 943 2708 998 ad
2761 943 3110 1018 corrigendos
3146 947 3355 1002 indices
3399 947 3520 1018 vul-

1932 1022 2107 1088 gatos.
2141 1014 2291 1068 Alios
2335 1015 2662 1085 investigare
2701 1015 2835 1070 mihi
2867 1014 2974 1072 non
3018 1027 3346 1088 promptum,
3400 1016 3519 1072 aliis

1933 1085 2096 1140 rebus
2134 1092 2419 1154 occupato.

2016 1155 2103 1209 40.
2145 1154 2276 1229 _Nec_
2315 1156 2510 1229 mirum
2565 1159 2611 1211 si
2659 1166 2740 1213 tot
2789 1158 3063 1229 tantisque
3118 1157 3415 1229 privilegiis
3464 1166 3520 1214 et

1931 1225 2363 1280 immunitatibus
2384 1226 2642 1281 donatum
2674 1237 2759 1284 est
2783 1225 2992 1283 Anian'a
3017 1225 3425 1294 monasterium,
3452 1238 3516 1283 ut

1929 1307 2055 1378 pote
2088 1306 2455 1378 {cunctorum
2476 1304 2645 1378 caput
2659 1299 3172 1378 coenobiorum,_non
3197 1299 3369 1354 solum
3395 1315 3516 1368 quae

1929 1364 1984 1421 in
2007 1364 2219 1422 Gothiae
2239 1366 2485 1434 partibus
2498 1364 2811 1424 constructa
2830 1383 2950 1424 esse
2971 1364 3310 1435 videbantur,
3329 1364 3519 1424 verum

1927 1436 2094 1491 etiam
2127 1445 2182 1492 et
2200 1437 2420 1510 illorum
2455 1438 2721 1510 quaealiis
2766 1439 2821 1493 in
2872 1441 3183 1510 regionibus
3207 1455 3271 1493 ea
3315 1449 3520 1509 tempe-

1929 1517 2069 1580 state
2097 1515 2153 1562 et
2181 1508 2436 1580 deinceps
2456 1523 2555 1580 per
2577 1508 2736 1577 hujus
2769 1508 3015 1580 exempla
3047 1511 3310 1566 a3dificata
3358 1508 3520 1580 atque

1929 1579 1998 1633 de
2032 1579 2303 1652 thesauris
2326 1579 2472 1652 illius
2497 1579 2665 1652 ditata
2688 1651 2695 1652 ί
2722 1587 2867 1644 sunt,
2930 1599 2949 1631 ι
2993 1580 3400 1652 inquitLArdo.
3434 1579 3516 1652 λιιι

1928 1664 2033 1703 ms.
2083 1649 2268 1704 codice
2310 1649 2607 1704 Anianensi
2656 1651 2793 1706 Vita:
2829 1651 3004 1705 sancti
3036 1649 3313 1706 Benedicti
3348 1650 3518 1704 Ania—

1930 1720 2115 1791 nensis
2153 1721 2502 1791 praemittitur
2531 1721 2811 1791 inscriptio
2841 1722 2896 1775 in
2925 1721 3071 1776 hunc
3111 1722 3330 1776 modum
3362 1739 3375 1774 :
3420 1717 3516 1774 Vi-

1929 1799 1984 1843 ta
2016 1789 2170 1862 beati
2196 1789 2463 1862 Benedicti
2486 1789 2715 1862 abbatis—
2738 1790 2960 1862 Aniena:
3013 1792 3209 1862 scripta
3257 1800 3310 1862 et
3334 1792 3519 1862 imissa

1927 1877 2018 1930 per
2046 1859 2105 1914 S.
2137 1860 2257 1925 Ar.,
2287 1861 2342 1915 id
2367 1868 2449 1915 est
2474 1861 2556 1934 (ut
2575 1857 2828 1934 coniicio)
2857 1857 3212 1934 Smaragd'um
3229 1860 3516 1930 Anionem,

1931 1939 2024 1984 aut
2053 1939 2224 1990 certe.
2247 1941 2487 1985 sanctum
2515 1932 2796 1986 Ardonem.

3002 594 3075 649 al.
3099 593 3288 650 Octob.
3329 615 3348 647 ι
3373 593 3517 651 anno

227 2063 3503 2099 Μ

1298 2170 1832 2248 PRIEFATIO
1907 2167 2448 2246 AUCTORIS.

311 2409 366 2465 1.
423 2409 896 2466 Dominis-merito
921 2409 1323 2468 venerabilibus
1365 2411 1640 2481 Patribus,
1683 2413 1822 2470 Fra-

231 2500 536 2571 tribusque,
562 2499 693 2556 Inda
738 2501 1069 2557 monasterio
1101 2502 1212 2558 Deo
1239 2500 1365 2558 Jesu
1413 2501 1821 2572 famulantibus,

232 2591 384 2647 Ardo
411 2607 694 2648 servorum
741 2591 943 2648 Christi
969 2593 1203 2650 famulus
1249 2593 1481 2652 salutem
1507 2595 1659 2652 dicit.
1704 2595 1826 2652 Jam

231 2687 467 2758 pridem,
513 2687 851 2743 dilectissimi
896 2687 1117 2753 fratres,
1160 2696 1356 2745 vestrae
1407 2691 1476 2746 ad
1522 2707 1610 2747 me
1637 2691 1826 2748 delatae

231 2775 667 2834 fueruntlittera:
690 2776 900 2850 (infra),
929 2793 1116 2835 amore
1139 2778 1244 2850 pina
1289 2781 1684 2838 recordationis
1729 2781 1830 2837 Pa-

1929 2413 2095 2470 fontis
2131 2410 2319 2468 sedulo
2344 2409 2622 2483 sapientiae
2655 2411 2880 2470 haurire
2905 2412 3126 2472 ﬂuenta.
3157 2414 3391 2477 Haecine
3433 2435 3523 2478 ra-

1929 2504 2008 2560 tio
2046 2503 2227 2558 annali
2253 2504 2520 2560 continuit
2550 2504 2745 2575 spatio;

1999 2601 2056 2656 2.
2084 2600 2295 2657 Interea
2323 2609 2607 2672 coeperunt
2649 2615 2739 2656 me
2778 2602 3208 2662 mordacissimis
3234 2605 3419 2663 verbis
3450 2605 3522 2662 ab

1932 2692 2098 2748 inerti
2146 2691 2328 2748 studio
2371 2707 2761 2764 expergescere
2807 2691 3026 2761 fratres,
3078 2710 3214 2766 quos
3270 2697 3386 2768 ipse
3429 2697 3520 2768 pio

1935 2783 2222 2842 conamine
2252 2792 2517 2853 genuerat
2555 2783 2796 2852 Christo,
2834 2793 2888 2840 et
2929 2793 2990 2840 ut
3039 2785 3121 2842 eis
3160 2785 3310 2842 illum
3353 2787 3521 2860 gestis

228 2867 336 2923 tris
354 2866 526 2923 nostri
558 2865 840 2924 Benedicti
879 2868 1088 2925 abbatis
1137 2872 1368 2942 stipatae,
1401 2871 1714 2943 exitumque
1764 2887 1830 2928 ac
1929 2879 2058 2934 vita:
2095 2878 2363 2948 religiosae
2394 2877 2781 2933 resuscitarem
2812 2878 3168 2948 compellere;
3201 2895 3230 2934 a
3268 2895 3376 2950 quo
3419 2879 3519 2936 ab-

228 2960 612 3030 migrationem
650 2959 768 3030 ejus
798 2961 867 3016 ad
897 2960 1174 3018 Christum
1202 2964 1463 3032 breviter,
1492 2965 1587 3020 sed
1621 2964 1828 3021 amabi-
1897 2961 1901 2967 ’
1930 2978 2112 3026 sentes
2141 2984 2262 3025 esse
2292 2968 2408 3024 solo
2433 2976 2648 3024 constat
2672 2968 2948 3024 consortio
2973 2970 3240 3040 corporis,
3268 2985 3376 3026 non
3405 2969 3520 3040 ple-

225 3051 356 3108 liter
386 3055 743 3110 continentes.
779 3053 840 3109 In
873 3055 1071 3127 quibus
1105 3057 1458 3128 exiguitatem
1503 3072 1681 3112 meam
1729 3057 1824 3113 ad—
1927 3063 2174 3118 nitudine
2203 3062 2506 3118 charitatis.
2573 3060 2666 3117 Sic
2687 3062 2902 3118 tandem
2924 3063 3210 3135 aggredior
3244 3063 3519 3133 explicare

226 3159 450 3201 monere
475 3145 606 3201 estis
632 3145 863 3218 dignati,
894 3156 955 3202 ut
997 3147 1160 3203 latius
1205 3148 1419 3203 initium
1454 3148 1826 3205 conversatio-
1865 3224 1882 3237 .
1927 3171 2082 3227 opus.
2116 3155 2274 3210 Dedit
2303 3169 2496 3210 ausum
2519 3167 2584 3209 ac
2614 3153 2898 3210 consilium
2920 3153 3130 3209 veniale
3147 3154 3310 3208 etiam
3334 3153 3512 3222 locus,

225 3236 318 3292 nis
339 3236 456 3308 ejus
482 3237 675 3294 audire
704 3238 1050 3332 cupientibus
1073 3239 1368 3295 scriberem
1399 3257 1415 3295 :
1446 3241 1540 3296 sed
1561 3239 1823 3296 hactenus
1850 3236 1894 3309 C
1926 3249 2018 3319 qui
2055 3249 2122 3303 ab
2145 3261 2211 3302 eo
2235 3247 2486 3332 primitiis
2509 3252 2724 3302 constat
2750 3261 2872 3302 esse
2897 3254 3267 3314 constructus,
3293 3245 3517 3303 fratres-

223 3329 430 3384 virium
464 3345 713 3386 mearum
765 3319 996 3386 cernens
1027 3331 1238 3400 pondus
1283 3334 1566 3398 excedere,
1615 3333 1818 3388 distuli.

223 3419 512 3492 Siquidem
534 3421 994 3492 sagaciindustria
1018 3423 1379 3479 scribentibus
1398 3424 1819 3495 praecedentium

219 3513 398 3569 vitam
430 3515 642 3571 meritis
663 3515 1052 3582 venerabilem,
1077 3517 1370 3573 virtutibus
1399 3517 1689 3584 celebrem,
1723 3534 1821 3573 cu-

223 3604 467 3660 randum
495 3614 598 3673 est,
620 3622 688 3663 ne
717 3615 813 3662 aut
862 3607 1191 3680 negligentia
1234 3617 1514 3680 torpentes
1565 3609 1821 3665 omittant

226 3695 412 3762 utilia,
448 3705 542 3752 aut
566 3698 766 3755 inducti
789 3700 963 3771 gratia
993 3699 1251 3770 adiiciant
1273 3717 1606 3772 supervacua
1656 3719 1670 3755 :
1723 3702 1819 3758 sed

221 3791 646 3862 diligentissime
673 3795 963 3865 exquisita,
987 3809 1090 3850 nec
1116 3811 1224 3851 non
1247 3796 1579 3852 evidentium
1602 3796 1819 3852 relatio-

218 3895 299 3936 ne
329 3881 549 3936 testium
580 3883 834 3938 roborata
869 3894 1128 3941 currente
1155 3886 1366 3942 calamo
1393 3886 1659 3952 scribant,
1708 3902 1817 3942 non

217 3972 550 4028 rusticitatis
594 3974 788 4029 vitium
817 3975 1127 4031 redolentes
1179 3977 1478 4048 peritorum
1523 3987 1823 4049 aggravent

217 4075 408 4130 aures,
437 4063 532 4118 sed
557 4064 884 4120 urbanitatis
909 4065 1280 4122 salefacientie
1305 4080 1330 4108 α
1378 4068 1595 4124 condita
1638 4070 1816 4139 profe-

216 4166 353 4213 rant
376 4157 560 4223 verba,
589 4157 879 4229 politisque
910 4161 1272 4225 sermonibus,
1320 4169 1383 4216 ut
1429 4162 1501 4217 ita
1553 4163 1807 4229 dixerim,

216 4250 606 4320 derogantium
643 4249 986 4307 demulceant
1011 4267 1190 4308 aures.
1224 4251 1354 4307 Mea:
1392 4267 1522 4308 vero
1567 4254 1681 4323 ipse
1710 4255 1814 4308 im-

213 4341 436 4412 peritim
479 4349 756 4411 expertus,
785 4343 982 4399 vestris
1022 4345 1346 4414 quandoque
1372 4345 1650 4416 pariturus
1671 4361 1811 4416 prae-

216 4435 399 4503 ceptis
427 4434 587 4505 longo
626 4435 751 4490 silui
782 4443 1050 4508 tempore,
1099 4447 1156 4494 et
1199 4447 1260 4494 ut
1311 4438 1380 4493 ab
1429 4439 1814 4495 eruditioribus

217 4525 595 4596 explicaretur
638 4528 872 4583 sustinui
926 4548 938 4583 :
994 4530 1339 4600 periniquum
1390 4545 1584 4614 nempe
1627 4530 1816 4587 decer-

1925 3353 2029 3407 que
2059 3337 2150 3407 qui
2195 3336 2314 3406 ejus
2358 3344 2624 3392 noverant
2674 3336 3102 3393 conversationis
3158 3337 3334 3393 initia.
3374 3336 3510 3393 Nam

1921 3429 2068 3500 quod
2096 3428 2216 3485 aliis
2247 3429 2472 3500 contigit
2499 3429 2592 3483 vix
2615 3443 2724 3484 non
2759 3429 2956 3494 audiri,
2987 3431 3056 3485 ab
3084 3429 3171 3486 his
3216 3429 3393 3500 potuit
3415 3431 3510 3486 vix
3565 3461 3580 3468 ι

1920 3535 2028 3575 non
2074 3520 2268 3576 videri.
2312 3520 2482 3590 Igitur
2510 3535 2607 3590 pro
2646 3527 2806 3590 captu
2847 3519 3008 3575 rebus
3037 3533 3104 3574 ex
3143 3506 3300 3590 parte
3348 3519 3514 3577 colle-

1921 3610 2043 3676 ctis,
2067 3609 2340 3682 impensas
2364 3611 2513 3680 operi
2543 3612 2854 3666 accuratius
2878 3610 3200 3681 explicaturi
3225 3625 3509 3681 paramus,

1920 3707 1977 3754 et
2005 3701 2157 3768 quasi
2201 3700 2472 3770 quoddam
2518 3700 2870 3755 seminarium
2902 3700 3070 3757 latius
3112 3701 3507 3774 promulgaturi

1920 3791 2150 3846 nimium
2197 3799 2512 3858 arctamus;
2549 3791 2653 3848 hoc
2683 3793 2871 3848 humili
2900 3808 3063 3864 prece
3090 3803 3396 3865 poscentes,
3451 3804 3512 3852 ut

1918 3882 1964 3937 si
1991 3883 2111 3952 quis
2145 3884 2248 3940 hoc
2291 3883 2600 3954 despexerit
2636 3899 2792 3955 Opus,
2838 3885 3048 3956 linquat
3082 3896 3177 3942 aut
3226 3887 3509 3960 corrigat:

1918 3970 2000 4026 sin
2027 3970 2179 4038 alias,
2223 3971 2405 4043 legere
2429 3980 2484 4029 et
2525 3974 2679 4044 sequi
2704 3972 3010 4032 volentibus
3047 3977 3210 4044 sinat,
3242 3992 3410 4049 seque
3439 3979 3511 4034 ad

1916 4064 2341 4134 praecedentium
2372 4064 2596 4120 Patrum
2640 4065 2818 4121 Vitam
2867 4067 3153 4138 legendum
3201 4078 3508 4126 convertat.

1915 4154 1985 4210 Et
2021 4153 2065 4209 si
2097 4155 2236 4210 hanc
2263 4155 2330 4209 ab
2360 4169 2547 4211 eorum
2595 4157 2813 4212 tramite
2850 4155 3007 4226 juxta
3029 4159 3178 4214 vires
3209 4174 3318 4214 non
3349 4159 3507 4216 aber-

1917 4261 2068 4302 rasse
2097 4248 2392 4318 repererit,
2419 4247 2719 4320 gratuletur
2743 4268 2756 4304 :
2795 4249 2880 4305 sin
2903 4259 3107 4317 autem,
3159 4265 3270 4306 non
3300 4260 3506 4308 temere

1910 4336 2202 4406 judicando
2233 4338 2459 4407 refutet;
2493 4341 2589 4396 sed
2614 4341 3036 4412 lacrymabiliter
3089 4341 3502 4401 intérveniendo

1917 4428 1967 4484 ei
1995 4429 2360 4498 aequissimum
2399 4429 2642 4487 Judicem
2672 4433 3078 4502 pacatissimum
3107 4434 3322 4490 reddat.

1987 4519 2042 4574 5.
2073 4519 2282 4576 Vestris
2309 4521 2436 4590 quia
2465 4522 2620 4592 parui
2641 4522 2830 4592 jussis,
2860 4537 2894 4578 ο
2915 4523 3244 4580 sanctissimi
3269 4524 3491 4596 fratres,

215 4630 382 4682 nens,
410 4617 456 4671 si
499 4618 636 4672 tanti
689 4620 906 4689 patroni
950 4619 1120 4675 vitam
1169 4621 1436 4691 imperitis
1489 4607 1810 4693 attingerem
1837 4607 1891 4668 Ῐ)
1915 4627 2130 4684 Precor,
2158 4620 2218 4667 υι
2249 4628 2335 4668 me
2367 4614 2572 4670 orando
2602 4613 2870 4684 adiuvetis
2892 4614 2960 4670 ad
3007 4615 3178 4672 Deum
3229 4625 3500 4690 quatenus

215 4708 434 4776 verbis,
459 4711 913 4783 peritioribusque
953 4713 1194 4769 debitum
1237 4712 1508 4769 auferrem
1545 4714 1806 4783 laborem,

217 4800 320 4870 qui
351 4811 572 4870 queunt,
619 4803 776 4873 copia
830 4806 1122 4861 verborum
1173 4803 1470 4872 afﬂuentes,
1506 4807 1812 4878 pompatice

215 4907 456 4963 quasque
477 4893 665 4949 volunt
692 4893 1001 4962 enucleare,
1025 4905 1081 4952 et
1097 4895 1242 4951 inter
1267 4904 1442 4967 syrtes
1468 4895 1602 4952 nihil
1614 4911 1814 4968 paven-

217 4993 306 5040 tes
331 4998 520 5056 regere
560 4986 832 5059 cymbam,
865 4987 1403 5058 soltecismorumque
1456 4988 1631 5043 vitare
1674 4987 1810 5043 feto—

218 5090 376 5142 rem;
407 5075 768 5149 facundiaque
791 5077 1115 5149 eloquentia:
1139 5077 1375 5149 prxediti,
1410 5093 1477 5134 ex
1516 5079 1812 5135 abundanti

218 5167 305 5223 eis
331 5175 419 5224 est
448 5169 604 5240 copia
626 5168 774 5224 fandi
796 5169 1175 5240 derogantium
1196 5169 1553 5238 comprimere
1577 5169 1806 5240 linguas.

217 5257 494 5317 Pavebam
540 5277 611 5320 ne
659 5262 716 5318 hi
773 5262 902 5319 dum
937 5263 1132 5318 vitiose
1186 5263 1484 5332 composita
1538 5263 1810 5335 corrigere

216 5351 446 5418 vellent,
497 5368 529 5409 a
576 5353 717 5411 male
759 5354 1029 5411 contextis
1075 5353 1389 5410 exacerbati
1438 5353 1810 5425 adjudicarent

218 5443 543 5516 negligenda
570 5464 583 5500 :
613 5447 918 5518 pmsertim
942 5462 1065 5503 cum
1091 5447 1334 5504 noverim
1358 5461 1455 5502 vos
1475 5461 1646 5503 sacra:
1673 5447 1809 5504 aulae

216 5534 409 5605 palatii
444 5536 698 5593 assistere
736 5536 965 5606 foribus,
998 5553 1101 5595 nec
1128 5537 1423 5594 turbulenti
1465 5536 1622 5593 rivuli
1657 5537 1812 5594 sitire

216 5634 434 5697 potum,
467 5627 600 5698 quin
623 5627 806 5700 potius
839 5630 907 5686 ab
954 5628 1288 5686 indeflcienti
1335 5645 1474 5685 vena
1533 5628 1810 5700 purissimi

311 5755 340 5784 ι
380 5741 672 5817 menardus
736 5745 902 5802 habet
954 5745 1065 5801 sale
1121 5745 1380 5817 facientis.
1438 5742 1811 5817 Henschenius

219 5814 494 5890 expunxit
535 5830 725 5874 vocem
756 5817 1017 5892 facientis,
1045 5813 1192 5892 :cum
1233 5825 1416 5873 tamen
1446 5813 1709 5871 habeatur
1752 5815 1808 5873 in

1917 4704 2198 4760 orantibus
2219 4704 2393 4772 vobis,
2443 4713 2500 4762 et
2527 4720 2774 4761 meorum
2822 4706 2954 4764 mihi
2987 4708 3146 4764 detur
3172 4712 3330 4766 venia
3375 4712 3508 4767 deli-

1917 4804 2150 4864 ctorum,
2207 4805 2262 4851 et
2308 4798 2543 4868 posteris
2570 4798 2818 4869 proﬁciat
2859 4800 2914 4855 in
2960 4811 3329 4873 augmentum.
3362 4802 3506 4860 Rur-

1915 4905 2115 4961 susque
2149 4891 2343 4946 obnixe
2369 4890 2600 4962 postulo,
2643 4899 2706 4946 ut
2749 4892 2891 4948 hanc
2913 4892 3164 4964 pervigili
3191 4893 3370 4948 studio
3418 4909 3503 4949 re—

1915 4982 2123 5053 legatis,
2151 4990 2206 5036 et
2234 4997 2459 5052 quaeque
2484 4983 2677 5038 vitiose
2697 4991 2952 5040 contexta
2979 4983 3096 5040 fore
3115 4984 3502 5054 probaveritis,

1916 5073 2187 5129 elimando
2235 5074 2532 5145 corrigite:
2574 5075 2620 5131 si
2667 5090 2774 5146 qua
2824 5091 2956 5130 vero
2993 5074 3163 5138 utilia,
3195 5074 3250 5129 in
3298 5089 3500 5132 arcano

1914 5164 2156 5235 pectoris
2180 5163 2348 5218 vestri
2373 5165 2668 5221 excolenda
2699 5175 2929 5222 servate.
2959 5163 3240 5235 Siquidem
3270 5165 3502 5237 imperio

1914 5261 2097 5310 vestro
2132 5253 2328 5309 silentii
2352 5254 2404 5309 vi
2426 5257 2702 5312 subtracta
2726 5255 2977 5311 affectum
3013 5254 3364 5324 prrebuimus,
3393 5273 3501 5313 non

1916 5347 2203 5416 effectum;
2236 5349 2380 5420 loqui
2403 5359 2649 5406 nostrum
2686 5349 2842 5406 vobis
2870 5348 3224 5418 imputabitis,
3254 5351 3347 5421 qui
3387 5367 3494 5408 non

1917 5449 2100 5497 tacere
2121 5457 2219 5498 nos
2239 5443 2537 5515 imperasse
2568 5443 2827 5500 recolitis.
2866 5442 2934 5496 Et
2961 5442 3213 5511 quoniam
3245 5444 3295 5499 ei
3322 5445 3498 5502 unicas

1918 5533 2219 5590 dilectionis
2259 5535 2450 5592 affectu
2496 5535 2750 5609 migranti
2799 5534 2868 5590 de
2909 5533 3108 5591 saeculo
3162 5533 3441 5593 Helisacar
3467 5537 3494 5580 ἒ

1917 5630 2076 5687 haesit
2096 5630 2281 5695 abbas,
2312 5631 2453 5687 sicut
2482 5632 2650 5703 ipsius
2699 5645 2831 5687 auro
2859 5631 3128 5703 pretiosor
3162 5631 3317 5687 nobis
3361 5630 3477 5686 dire

1917 5743 2194 5802 codicibus
2215 5758 2348 5799 mss.
2375 5743 2754 5869 salelacientie.

1987 5816 2016 5857 δ
2037 5816 2112 5869 De
2137 5831 2204 5869 eo
2256 5814 2387 5869 item
2415 5814 2470 5869 in
2498 5831 2557 5869 ra
2594 5815 2652 5869 in
2676 5815 2754 5869 cui

1987 5816 2112 5872 lJDe
2137 5831 2204 5876 eo
2256 5814 2387 5869 item
2415 5811 2557 5871 infra
2594 5815 2652 5872 in
2676 5814 2905 5888 epistola
2953 5813 3265 5874 Indensium
3315 5811 3494 5874 Monar
