  <div class='ocr_page' id='page_1' title='image "/cluster/home/n/w/nwhite01/storage/ocr_20150623/103/hvd.32044015466816/183.png"; bbox 0 0 4046 6332; ppageno 0'>
   <div class='ocr_carea' id='block_1_1' title="bbox 563 331 669 400">
    <p class='ocr_par' dir='ltr' id='par_1_1' title="bbox 563 331 669 400">
     <span class='ocr_line' id='line_1_1' title="bbox 563 331 669 400; baseline -0.019 0"><span class='ocrx_word' id='word_1_1' title='bbox 563 331 669 400; x_wconf 66' lang='grc'><strong>556</strong></span> 
     </span>
    </p>
   </div>
   <div class='ocr_carea' id='block_1_2' title="bbox 1571 315 2807 384">
    <p class='ocr_par' dir='ltr' id='par_1_2' title="bbox 1571 315 2807 384">
     <span class='ocr_line' id='line_1_2' title="bbox 1571 315 2807 384; baseline -0.004 0"><span class='ocrx_word' id='word_1_2' title='bbox 1571 324 1624 384; x_wconf 91' lang='lat' dir='ltr'><strong>S.</strong></span> <span class='ocrx_word' id='word_1_3' title='bbox 1665 319 2033 384; x_wconf 65' lang='lat' dir='ltr'><strong>BENBDIOTI</strong></span> <span class='ocrx_word' id='word_1_4' title='bbox 2062 321 2364 382; x_wconf 60' lang='lat' dir='ltr'><strong>amris</strong></span> <span class='ocrx_word' id='word_1_5' title='bbox 2392 315 2807 381; x_wconf 71' lang='lat' dir='ltr'><strong>AMANENSIS</strong></span> 
     </span>
    </p>
   </div>
   <div class='ocr_carea' id='block_1_3' title="bbox 566 427 3840 530">
    <p class='ocr_par' dir='ltr' id='par_1_3' title="bbox 566 427 3840 530">
     <span class='ocr_line' id='line_1_3' title="bbox 566 427 3840 530; baseline -0.006 -20"><span class='ocrx_word' id='word_1_6' title='bbox 566 464 653 512; x_wconf 89' lang='lat' dir='ltr'><strong>cta</strong></span> <span class='ocrx_word' id='word_1_7' title='bbox 683 455 919 507; x_wconf 80' lang='lat' dir='ltr'><strong>testatur</strong></span> <span class='ocrx_word' id='word_1_8' title='bbox 944 441 1201 519; x_wconf 66' lang='lat' dir='ltr'><strong>epistoiu;</strong></span> <span class='ocrx_word' id='word_1_9' title='bbox 1240 447 1372 530; x_wconf 80' lang='lat' dir='ltr'><strong>post</strong></span> <span class='ocrx_word' id='word_1_10' title='bbox 1407 447 1648 511; x_wconf 80' lang='lat' dir='ltr'><strong>vestram</strong></span> <span class='ocrx_word' id='word_1_11' title='bbox 1685 438 2141 510; x_wconf 81' lang='lat' dir='ltr'><strong>examinatiouem</strong></span> <span class='ocrx_word' id='word_1_12' title='bbox 2169 440 2224 503; x_wconf 74' lang='grc' dir='ltr'><strong>Α</strong></span> <span class='ocrx_word' id='word_1_13' title='bbox 2246 443 2404 493; x_wconf 77' lang='lat' dir='ltr'><strong>ctum</strong></span> <span class='ocrx_word' id='word_1_14' title='bbox 2423 437 2484 492; x_wconf 79' lang='lat' dir='ltr'><strong>hi</strong></span> <span class='ocrx_word' id='word_1_15' title='bbox 2507 435 2599 506; x_wconf 69' lang='lat' dir='ltr'><strong>qui</strong></span> <span class='ocrx_word' id='word_1_16' title='bbox 2628 435 2754 492; x_wconf 83' lang='lat' dir='ltr'><strong>talia</strong></span> <span class='ocrx_word' id='word_1_17' title='bbox 2805 427 3206 506; x_wconf 59' lang='lat' dir='ltr'><strong>eam</strong></span> <span class='ocrx_word' id='word_1_18' title='bbox 3237 429 3472 513; x_wconf 63' lang='lat' dir='ltr'><strong>lngua:</strong></span> <span class='ocrx_word' id='word_1_19' title='bbox 3494 441 3599 495; x_wconf 67' lang='lat' dir='ltr'><strong>nec</strong></span> <span class='ocrx_word' id='word_1_20' title='bbox 3625 437 3708 494; x_wconf 77' lang='lat' dir='ltr'><strong>ab.</strong></span> <span class='ocrx_word' id='word_1_21' title='bbox 3749 440 3840 498; x_wconf 71' lang='lat' dir='ltr'><strong>his</strong></span> 
     </span>
    </p>
   </div>
   <div class='ocr_carea' id='block_1_4' title="bbox 567 532 2145 616">
    <p class='ocr_par' dir='ltr' id='par_1_4' title="bbox 567 532 2145 616">
     <span class='ocr_line' id='line_1_4' title="bbox 567 532 2145 616; baseline -0.012 -13"><span class='ocrx_word' id='word_1_22' title='bbox 567 547 644 604; x_wconf 88' lang='lat' dir='ltr'>illi</span> <span class='ocrx_word' id='word_1_23' title='bbox 696 541 1043 616; x_wconf 73' lang='lat' dir='ltr'><strong>singulariter</strong></span> <span class='ocrx_word' id='word_1_24' title='bbox 1087 550 1284 610; x_wconf 82' lang='lat' dir='ltr'><strong>censeo</strong></span> <span class='ocrx_word' id='word_1_25' title='bbox 1327 533 1661 607; x_wconf 74' lang='lat' dir='ltr'><strong>praesentari.</strong></span> <span class='ocrx_word' id='word_1_26' title='bbox 1698 532 1847 598; x_wconf 80' lang='lat' dir='ltr'><strong>Esto,</strong></span> <span class='ocrx_word' id='word_1_27' title='bbox 1895 533 2145 598; x_wconf 86' lang='lat' dir='ltr'><strong>occulen-</strong></span> 
     </span>
    </p>
   </div>
   <div class='ocr_carea' id='block_1_5' title="bbox 569 627 2141 698">
    <p class='ocr_par' dir='ltr' id='par_1_5' title="bbox 569 627 2141 698">
     <span class='ocr_line' id='line_1_5' title="bbox 569 627 2141 698; baseline -0.011 -2"><span class='ocrx_word' id='word_1_28' title='bbox 569 642 692 698; x_wconf 89' lang='lat' dir='ltr'><strong>dam</strong></span> <span class='ocrx_word' id='word_1_29' title='bbox 717 651 837 692; x_wconf 91' lang='lat' dir='ltr'><strong>esse</strong></span> <span class='ocrx_word' id='word_1_30' title='bbox 877 632 1198 696; x_wconf 80' lang='lat' dir='ltr'><strong>decreverit,</strong></span> <span class='ocrx_word' id='word_1_31' title='bbox 1238 629 1451 683; x_wconf 88' lang='lat' dir='ltr'><strong>veniam</strong></span> <span class='ocrx_word' id='word_1_32' title='bbox 1475 627 1541 682; x_wconf 91' lang='lat' dir='ltr'><strong>de</strong></span> <span class='ocrx_word' id='word_1_33' title='bbox 1568 641 1689 682; x_wconf 91' lang='lat' dir='ltr'><strong>meo</strong></span> <span class='ocrx_word' id='word_1_34' title='bbox 1720 641 1886 696; x_wconf 91' lang='lat' dir='ltr'><strong>posco</strong></span> <span class='ocrx_word' id='word_1_35' title='bbox 1914 638 2103 682; x_wconf 83' lang='lat' dir='ltr'><strong>errore</strong></span> <span class='ocrx_word' id='word_1_36' title='bbox 2128 641 2141 678; x_wconf 92' lang='lat'><strong>:</strong></span> 
     </span>
    </p>
   </div>
   <div class='ocr_carea' id='block_1_6' title="bbox 569 715 2146 793">
    <p class='ocr_par' dir='ltr' id='par_1_6' title="bbox 569 715 2146 793">
     <span class='ocr_line' id='line_1_6' title="bbox 569 715 2146 793; baseline -0.012 -5"><span class='ocrx_word' id='word_1_37' title='bbox 569 734 652 789; x_wconf 88' lang='lat' dir='ltr'><strong>sin</strong></span> <span class='ocrx_word' id='word_1_38' title='bbox 698 743 831 785; x_wconf 89' lang='lat' dir='ltr'><strong>vero</strong></span> <span class='ocrx_word' id='word_1_39' title='bbox 879 725 1100 790; x_wconf 87' lang='lat' dir='ltr'><strong>utilem,</strong></span> <span class='ocrx_word' id='word_1_40' title='bbox 1145 723 1242 793; x_wconf 86' lang='lat' dir='ltr'><strong>qui</strong></span> <span class='ocrx_word' id='word_1_41' title='bbox 1293 721 1524 776; x_wconf 78' lang='lat' dir='ltr'><strong>libenter</strong></span> <span class='ocrx_word' id='word_1_42' title='bbox 1565 725 1866 788; x_wconf 87' lang='lat' dir='ltr'><strong>paruerunt</strong></span> <span class='ocrx_word' id='word_1_43' title='bbox 1909 715 2146 782; x_wconf 87' lang='lat' dir='ltr'><strong>viventi,</strong></span> 
     </span>
    </p>
   </div>
   <div class='ocr_carea' id='block_1_7' title="bbox 570 807 2150 890">
    <p class='ocr_par' dir='ltr' id='par_1_7' title="bbox 570 807 2150 890">
     <span class='ocr_line' id='line_1_7' title="bbox 570 807 2150 890; baseline -0.013 -9"><span class='ocrx_word' id='word_1_44' title='bbox 570 823 772 882; x_wconf 89' lang='lat' dir='ltr'><strong>imitari</strong></span> <span class='ocrx_word' id='word_1_45' title='bbox 798 826 1048 890; x_wconf 83' lang='lat' dir='ltr'><strong>satagant</strong></span> <span class='ocrx_word' id='word_1_46' title='bbox 1072 816 1239 872; x_wconf 85' lang='lat' dir='ltr'><strong>vitam</strong></span> <span class='ocrx_word' id='word_1_47' title='bbox 1267 813 1525 872; x_wconf 85' lang='lat' dir='ltr'><strong>absentis.</strong></span> <span class='ocrx_word' id='word_1_48' title='bbox 1563 811 1949 880; x_wconf 83' lang='lat' dir='ltr'><strong>Pcrantiquam</strong></span> <span class='ocrx_word' id='word_1_49' title='bbox 1981 807 2150 880; x_wconf 87' lang='lat' dir='ltr'><strong>siqui-</strong></span> 
     </span>
    </p>
   </div>
   <div class='ocr_carea' id='block_1_8' title="bbox 573 905 2150 976">
    <p class='ocr_par' dir='ltr' id='par_1_8' title="bbox 573 905 2150 976">
     <span class='ocr_line' id='line_1_8' title="bbox 573 905 2150 976; baseline -0.013 0"><span class='ocrx_word' id='word_1_50' title='bbox 573 922 696 976; x_wconf 87' lang='lat' dir='ltr'><strong>dem</strong></span> <span class='ocrx_word' id='word_1_51' title='bbox 722 918 836 974; x_wconf 86' lang='lat' dir='ltr'><strong>fore</strong></span> <span class='ocrx_word' id='word_1_52' title='bbox 858 911 1326 974; x_wconf 86' lang='lat' dir='ltr'><strong>consuetudinem,</strong></span> <span class='ocrx_word' id='word_1_53' title='bbox 1350 909 1612 963; x_wconf 82' lang='lat' dir='ltr'><strong>hactenus</strong></span> <span class='ocrx_word' id='word_1_54' title='bbox 1636 905 1852 976; x_wconf 76' lang='lat' dir='ltr'><strong>regibus</strong></span> <span class='ocrx_word' id='word_1_55' title='bbox 1873 905 2150 969; x_wconf 85' lang='lat' dir='ltr'><strong>usitatam,</strong></span> 
     </span>
    </p>
   </div>
   <div class='ocr_carea' id='block_1_9' title="bbox 574 995 2155 1085">
    <p class='ocr_par' dir='ltr' id='par_1_9' title="bbox 574 995 2155 1085">
     <span class='ocr_line' id='line_1_9' title="bbox 574 995 2155 1085; baseline -0.012 -16"><span class='ocrx_word' id='word_1_56' title='bbox 574 1027 802 1085; x_wconf 80' lang='lat' dir='ltr'><strong>quaeque</strong></span> <span class='ocrx_word' id='word_1_57' title='bbox 832 1016 1092 1080; x_wconf 85' lang='lat' dir='ltr'><strong>geruntur</strong></span> <span class='ocrx_word' id='word_1_58' title='bbox 1110 1004 1428 1060; x_wconf 85' lang='lat' dir='ltr'><strong>acciduntve</strong></span> <span class='ocrx_word' id='word_1_59' title='bbox 1458 999 1742 1056; x_wconf 86' lang='lat' dir='ltr'><strong>annalibus</strong></span> <span class='ocrx_word' id='word_1_60' title='bbox 1779 995 1920 1050; x_wconf 91' lang='lat' dir='ltr'><strong>tradi</strong></span> <span class='ocrx_word' id='word_1_61' title='bbox 1974 1002 2155 1065; x_wconf 86' lang='lat' dir='ltr'><strong>poste-</strong></span> 
     </span>
    </p>
   </div>
   <div class='ocr_carea' id='block_1_10' title="bbox 575 1087 2152 1175">
    <p class='ocr_par' dir='ltr' id='par_1_10' title="bbox 575 1087 2152 1175">
     <span class='ocr_line' id='line_1_10' title="bbox 575 1087 2152 1175; baseline -0.015 -13"><span class='ocrx_word' id='word_1_62' title='bbox 575 1109 651 1162; x_wconf 90' lang='lat' dir='ltr'><strong>ris</strong></span> <span class='ocrx_word' id='word_1_63' title='bbox 707 1100 1096 1175; x_wconf 75' lang='lat' dir='ltr'><strong>cognoscenda,</strong></span> <span class='ocrx_word' id='word_1_64' title='bbox 1145 1110 1325 1159; x_wconf 87' lang='lat' dir='ltr'><strong>nemo,</strong></span> <span class='ocrx_word' id='word_1_65' title='bbox 1365 1101 1425 1146; x_wconf 90' lang='lat' dir='ltr'><strong>ut</strong></span> <span class='ocrx_word' id='word_1_66' title='bbox 1472 1107 1618 1156; x_wconf 88' lang='lat' dir='ltr'><strong>reor,</strong></span> <span class='ocrx_word' id='word_1_67' title='bbox 1668 1087 1892 1160; x_wconf 82' lang='lat' dir='ltr'><strong>ambigit</strong></span> <span class='ocrx_word' id='word_1_68' title='bbox 1942 1087 2152 1141; x_wconf 89' lang='lat' dir='ltr'><strong>doctus.</strong></span> 
     </span>
    </p>
   </div>
   <div class='ocr_carea' id='block_1_11' title="bbox 576 1178 2157 1266">
    <p class='ocr_par' dir='ltr' id='par_1_11' title="bbox 576 1178 2157 1266">
     <span class='ocr_line' id='line_1_11' title="bbox 576 1178 2157 1266; baseline -0.015 -12"><span class='ocrx_word' id='word_1_69' title='bbox 576 1198 645 1254; x_wconf 87' lang='lat' dir='ltr'><strong>Et</strong></span> <span class='ocrx_word' id='word_1_70' title='bbox 678 1196 931 1266; x_wconf 89' lang='lat' dir='ltr'><strong>quoniam</strong></span> <span class='ocrx_word' id='word_1_71' title='bbox 961 1207 1114 1248; x_wconf 86' lang='lat' dir='ltr'><strong>mens</strong></span> <span class='ocrx_word' id='word_1_72' title='bbox 1142 1186 1374 1244; x_wconf 77' lang='lat' dir='ltr'><strong>diversis</strong></span> <span class='ocrx_word' id='word_1_73' title='bbox 1421 1182 1584 1238; x_wconf 89' lang='lat' dir='ltr'><strong>rebus</strong></span> <span class='ocrx_word' id='word_1_74' title='bbox 1638 1181 1836 1251; x_wconf 86' lang='lat' dir='ltr'><strong>partita</strong></span> <span class='ocrx_word' id='word_1_75' title='bbox 1887 1178 2157 1236; x_wconf 86' lang='lat' dir='ltr'><strong>oblivione</strong></span> 
     </span>
    </p>
   </div>
   <div class='ocr_carea' id='block_1_12' title="bbox 575 1271 2159 1350">
    <p class='ocr_par' dir='ltr' id='par_1_12' title="bbox 575 1271 2159 1350">
     <span class='ocr_line' id='line_1_12' title="bbox 575 1271 2159 1350; baseline -0.014 -7"><span class='ocrx_word' id='word_1_76' title='bbox 575 1295 833 1350; x_wconf 63' lang='lat' dir='ltr'><strong>caecatur,</strong></span> <span class='ocrx_word' id='word_1_77' title='bbox 862 1282 1116 1338; x_wconf 85' lang='lat' dir='ltr'><strong>divinitus</strong></span> <span class='ocrx_word' id='word_1_78' title='bbox 1138 1277 1412 1334; x_wconf 81' lang='lat' dir='ltr'><strong>credimus</strong></span> <span class='ocrx_word' id='word_1_79' title='bbox 1433 1289 1554 1330; x_wconf 89' lang='lat' dir='ltr'><strong>esse</strong></span> <span class='ocrx_word' id='word_1_80' title='bbox 1575 1271 1901 1336; x_wconf 91' lang='lat' dir='ltr'><strong>consultum,</strong></span> <span class='ocrx_word' id='word_1_81' title='bbox 1938 1277 1998 1323; x_wconf 93' lang='lat' dir='ltr'><strong>ut</strong></span> <span class='ocrx_word' id='word_1_82' title='bbox 2038 1281 2159 1336; x_wconf 68' lang='lat' dir='ltr'><strong>qua:</strong></span> 
     </span>
    </p>
   </div>
   <div class='ocr_carea' id='block_1_13' title="bbox 576 1359 2158 1450">
    <p class='ocr_par' dir='ltr' id='par_1_13' title="bbox 576 1359 2158 1450">
     <span class='ocr_line' id='line_1_13' title="bbox 576 1359 2158 1450; baseline -0.016 -12"><span class='ocrx_word' id='word_1_83' title='bbox 576 1382 774 1438; x_wconf 89' lang='lat' dir='ltr'><strong>oblivio</strong></span> <span class='ocrx_word' id='word_1_84' title='bbox 803 1377 1008 1450; x_wconf 75' lang='lat' dir='ltr'><strong>prolixa</strong></span> <span class='ocrx_word' id='word_1_85' title='bbox 1035 1379 1384 1445; x_wconf 85' lang='lat' dir='ltr'><strong>percurrente</strong></span> <span class='ocrx_word' id='word_1_86' title='bbox 1415 1376 1658 1439; x_wconf 90' lang='lat' dir='ltr'><strong>tempore</strong></span> <span class='ocrx_word' id='word_1_87' title='bbox 1684 1371 1895 1436; x_wconf 81' lang='lat' dir='ltr'><strong>poterat</strong></span> <span class='ocrx_word' id='word_1_88' title='bbox 1923 1359 2158 1426; x_wconf 89' lang='lat' dir='ltr'><strong>abolere,</strong></span> 
     </span>
    </p>
   </div>
   <div class='ocr_carea' id='block_1_14' title="bbox 575 1452 2162 1538">
    <p class='ocr_par' dir='ltr' id='par_1_14' title="bbox 575 1452 2162 1538">
     <span class='ocr_line' id='line_1_14' title="bbox 575 1452 2162 1538; baseline -0.014 -8"><span class='ocrx_word' id='word_1_89' title='bbox 575 1475 772 1534; x_wconf 78' lang='lat' dir='ltr'><strong>litteris</strong></span> <span class='ocrx_word' id='word_1_90' title='bbox 795 1471 1182 1538; x_wconf 84' lang='lat' dir='ltr'><strong>mandarentur</strong></span> <span class='ocrx_word' id='word_1_91' title='bbox 1208 1462 1490 1524; x_wconf 86' lang='lat' dir='ltr'><strong>servanda,</strong></span> <span class='ocrx_word' id='word_1_92' title='bbox 1544 1475 1772 1531; x_wconf 84' lang='lat' dir='ltr'><strong>quarum</strong></span> <span class='ocrx_word' id='word_1_93' title='bbox 1803 1455 2035 1512; x_wconf 85' lang='lat' dir='ltr'><strong>lectione</strong></span> <span class='ocrx_word' id='word_1_94' title='bbox 2073 1452 2162 1523; x_wconf 81' lang='lat' dir='ltr'><strong>ju-</strong></span> 
     </span>
    </p>
   </div>
   <div class='ocr_carea' id='block_1_15' title="bbox 576 1547 2163 1628">
    <p class='ocr_par' dir='ltr' id='par_1_15' title="bbox 576 1547 2163 1628">
     <span class='ocr_line' id='line_1_15' title="bbox 576 1547 2163 1628; baseline -0.013 -5"><span class='ocrx_word' id='word_1_95' title='bbox 576 1567 902 1628; x_wconf 85' lang='lat' dir='ltr'><strong>cundantur,</strong></span> <span class='ocrx_word' id='word_1_96' title='bbox 932 1561 1284 1618; x_wconf 82' lang='lat' dir='ltr'><strong>hilarescunt.</strong></span> <span class='ocrx_word' id='word_1_97' title='bbox 1313 1562 1561 1622; x_wconf 86' lang='lat' dir='ltr'><strong>totosque</strong></span> <span class='ocrx_word' id='word_1_98' title='bbox 1583 1568 1642 1608; x_wconf 87' lang='lat' dir='ltr'><strong>se</strong></span> <span class='ocrx_word' id='word_1_99' title='bbox 1663 1552 1728 1608; x_wconf 89' lang='lat' dir='ltr'><strong>ad</strong></span> <span class='ocrx_word' id='word_1_100' title='bbox 1756 1549 1985 1621; x_wconf 77' lang='lat' dir='ltr'><strong>gratiam</strong></span> <span class='ocrx_word' id='word_1_101' title='bbox 2013 1547 2163 1604; x_wconf 81' lang='lat' dir='ltr'><strong>intle-</strong></span> 
     </span>
    </p>
   </div>
   <div class='ocr_carea' id='block_1_16' title="bbox 577 1687 2164 1762">
    <p class='ocr_par' dir='ltr' id='par_1_16' title="bbox 577 1687 2164 1762">
     <span class='ocr_line' id='line_1_16' title="bbox 577 1687 2164 1762; baseline -0.014 0"><span class='ocrx_word' id='word_1_102' title='bbox 577 1705 803 1762; x_wconf 82' lang='lat' dir='ltr'><strong>chorum</strong></span> <span class='ocrx_word' id='word_1_103' title='bbox 825 1703 890 1758; x_wconf 89' lang='lat' dir='ltr'><strong>de</strong></span> <span class='ocrx_word' id='word_1_104' title='bbox 919 1701 1070 1756; x_wconf 67' lang='lat' dir='ltr'><strong>obitu</strong></span> <span class='ocrx_word' id='word_1_105' title='bbox 1095 1695 1389 1752; x_wconf 83' lang='lat' dir='ltr'><strong>Benedicti.</strong></span> <span class='ocrx_word' id='word_1_106' title='bbox 1432 1691 1615 1750; x_wconf 82' lang='lat' dir='ltr'><strong>Abbas</strong></span> <span class='ocrx_word' id='word_1_107' title='bbox 1640 1700 1758 1748; x_wconf 89' lang='lat' dir='ltr'><strong>erat</strong></span> <span class='ocrx_word' id='word_1_108' title='bbox 1807 1687 2164 1762; x_wconf 76' lang='lat' dir='ltr'><strong>monasterio-</strong></span> 
     </span>
    </p>
   </div>
   <div class='ocr_carea' id='block_1_17' title="bbox 577 1759 2164 1836">
    <p class='ocr_par' dir='ltr' id='par_1_17' title="bbox 577 1759 2164 1836">
     <span class='ocr_line' id='line_1_17' title="bbox 577 1759 2164 1836; baseline -0.013 -4"><span class='ocrx_word' id='word_1_109' title='bbox 577 1759 699 1832; x_wconf 75' lang='lat' dir='ltr'><strong>rum</strong></span> <span class='ocrx_word' id='word_1_110' title='bbox 723 1775 920 1829; x_wconf 74' lang='lat' dir='ltr'><strong>Sancti”</strong></span> <span class='ocrx_word' id='word_1_111' title='bbox 935 1769 1206 1824; x_wconf 79' lang='lat' dir='ltr'><strong>Maximini</strong></span> <span class='ocrx_word' id='word_1_112' title='bbox 1224 1765 1363 1836; x_wconf 88' lang='lat' dir='ltr'><strong>apud</strong></span> <span class='ocrx_word' id='word_1_113' title='bbox 1387 1763 1664 1827; x_wconf 83' lang='lat' dir='ltr'><strong>Treviros,</strong></span> <span class='ocrx_word' id='word_1_114' title='bbox 1687 1761 1930 1836; x_wconf 71' lang='lat' dir='ltr'><strong>Centulze</strong></span> <span class='ocrx_word' id='word_1_115' title='bbox 1951 1759 2164 1836; x_wconf 70' lang='lat' dir='ltr'><strong>in&#39;l’ou-</strong></span> 
     </span>
    </p>
   </div>
   <div class='ocr_carea' id='block_1_18' title="bbox 581 1815 2244 1904">
    <p class='ocr_par' dir='ltr' id='par_1_18' title="bbox 581 1815 2244 1904">
     <span class='ocr_line' id='line_1_18' title="bbox 581 1815 2244 1904; baseline -0.016 -2"><span class='ocrx_word' id='word_1_116' title='bbox 1385 1815 1422 1900; x_wconf 59' lang='grc' dir='ltr'><em>ξ</em></span> <span class='ocrx_word' id='word_1_117' title='bbox 1440 1815 1724 1890; x_wconf 40' lang='lat' dir='ltr'><strong>Elidoviciv</strong></span> <span class='ocrx_word' id='word_1_118' title='bbox 1739 1815 2163 1904; x_wconf 46' lang='lat' dir='ltr'><strong>augustietiam</strong></span> <span class='ocrx_word' id='word_1_119' title='bbox 2190 1815 2244 1876; x_wconf 87' lang='lat' dir='ltr'><strong>B</strong></span> 
     </span>
    </p>
   </div>
   <div class='ocr_carea' id='block_1_19' title="bbox 579 1901 2166 1978">
    <p class='ocr_par' dir='ltr' id='par_1_19' title="bbox 579 1901 2166 1978">
     <span class='ocr_line' id='line_1_19' title="bbox 579 1901 2166 1978; baseline -0.013 -6"><span class='ocrx_word' id='word_1_120' title='bbox 579 1901 958 1975; x_wconf 86' lang='lat' dir='ltr'><strong>cancellarius,</strong></span> <span class='ocrx_word' id='word_1_121' title='bbox 989 1909 1236 1964; x_wconf 91' lang='lat' dir='ltr'><strong>laudatus</strong></span> <span class='ocrx_word' id='word_1_122' title='bbox 1257 1907 1394 1978; x_wconf 92' lang='lat' dir='ltr'><strong>apud</strong></span> <span class='ocrx_word' id='word_1_123' title='bbox 1413 1901 2166 1978; x_wconf 10' lang='lat' dir='ltr'><strong>Amalﬁariuﬁminpraafatione</strong></span> 
     </span>
    </p>
   </div>
   <div class='ocr_carea' id='block_1_20' title="bbox 577 1973 2164 2056">
    <p class='ocr_par' dir='ltr' id='par_1_20' title="bbox 577 1973 2164 2056">
     <span class='ocr_line' id='line_1_20' title="bbox 577 1973 2164 2056; baseline -0.012 -13"><span class='ocrx_word' id='word_1_124' title='bbox 577 1973 979 2056; x_wconf 84' lang='lat' dir='ltr'><strong>Antiphonarii,</strong></span> <span class='ocrx_word' id='word_1_125' title='bbox 1011 1983 1064 2036; x_wconf 94' lang='lat' dir='ltr'><strong>in</strong></span> <span class='ocrx_word' id='word_1_126' title='bbox 1094 1973 1348 2036; x_wconf 54' lang='lat' dir='ltr'><strong>Chroni&#39;ci</strong></span> <span class='ocrx_word' id='word_1_127' title='bbox 1387 1977 1732 2036; x_wconf 86' lang='lat' dir='ltr'><strong>Centulensis</strong></span> <span class='ocrx_word' id='word_1_128' title='bbox 1760 1975 1852 2028; x_wconf 91' lang='lat' dir='ltr'><strong>lib.</strong></span> <span class='ocrx_word' id='word_1_129' title='bbox 1887 1990 1925 2040; x_wconf 87' lang='grc' dir='ltr'><strong>ι,</strong></span> <span class='ocrx_word' id='word_1_130' title='bbox 1960 1973 2015 2027; x_wconf 93' lang='lat' dir='ltr'><strong>in</strong></span> <span class='ocrx_word' id='word_1_131' title='bbox 2041 1986 2164 2026; x_wconf 90' lang='lat' dir='ltr'><strong>con-</strong></span> 
     </span>
    </p>
   </div>
   <div class='ocr_carea' id='block_1_21' title="bbox 2247 506 3841 605">
    <p class='ocr_par' dir='ltr' id='par_1_21' title="bbox 2247 506 3841 605">
     <span class='ocr_line' id='line_1_21' title="bbox 2247 506 3841 605; baseline 0.001 -19"><span class='ocrx_word' id='word_1_132' title='bbox 2247 531 2570 586; x_wconf 88' lang='lat' dir='ltr'><strong>temerarius</strong></span> <span class='ocrx_word' id='word_1_133' title='bbox 2625 528 2905 600; x_wconf 72' lang='lat' dir='ltr'><strong>iudicatur</strong></span> <span class='ocrx_word' id='word_1_134' title='bbox 2950 521 3168 583; x_wconf 78' lang='lat' dir='ltr'><strong>auctor</strong></span> <span class='ocrx_word' id='word_1_135' title='bbox 3197 506 3508 602; x_wconf 67' lang='lat' dir='ltr'><strong>scripturae,</strong></span> <span class='ocrx_word' id='word_1_136' title='bbox 3574 529 3741 605; x_wconf 80' lang='lat' dir='ltr'><strong>etiam</strong></span> <span class='ocrx_word' id='word_1_137' title='bbox 3794 534 3841 591; x_wconf 85' lang='lat' dir='ltr'><strong>si</strong></span> 
     </span>
    </p>
   </div>
   <div class='ocr_carea' id='block_1_22' title="bbox 2249 621 3841 698">
    <p class='ocr_par' dir='ltr' id='par_1_22' title="bbox 2249 621 3841 698">
     <span class='ocr_line' id='line_1_22' title="bbox 2249 621 3841 698; baseline -0.003 -16"><span class='ocrx_word' id='word_1_138' title='bbox 2249 627 2524 698; x_wconf 77' lang='lat' dir='ltr'><strong>contingat</strong></span> <span class='ocrx_word' id='word_1_139' title='bbox 2552 623 2734 683; x_wconf 87' lang='lat' dir='ltr'><strong>minus</strong></span> <span class='ocrx_word' id='word_1_140' title='bbox 2757 621 2938 694; x_wconf 85' lang='lat' dir='ltr'><strong>politis</strong></span> <span class='ocrx_word' id='word_1_141' title='bbox 2966 629 3310 697; x_wconf 82' lang='lat' dir='ltr'><strong>perstrepere</strong></span> <span class='ocrx_word' id='word_1_142' title='bbox 3329 622 3532 690; x_wconf 77' lang='lat' dir='ltr'><strong>verbis,</strong></span> <span class='ocrx_word' id='word_1_143' title='bbox 3579 621 3650 682; x_wconf 90' lang='lat' dir='ltr'><strong>ad</strong></span> <span class='ocrx_word' id='word_1_144' title='bbox 3671 639 3841 695; x_wconf 76' lang='lat' dir='ltr'><strong>quam</strong></span> 
     </span>
    </p>
   </div>
   <div class='ocr_carea' id='block_1_23' title="bbox 2250 712 3844 789">
    <p class='ocr_par' dir='ltr' id='par_1_23' title="bbox 2250 712 3844 789">
     <span class='ocr_line' id='line_1_23' title="bbox 2250 712 3844 789; baseline -0.002 -14"><span class='ocrx_word' id='word_1_145' title='bbox 2250 721 2406 775; x_wconf 81' lang='lat' dir='ltr'><strong>avide</strong></span> <span class='ocrx_word' id='word_1_146' title='bbox 2434 716 2862 789; x_wconf 80' lang='lat' dir='ltr'><strong>cognoscendam</strong></span> <span class='ocrx_word' id='word_1_147' title='bbox 2885 713 3169 769; x_wconf 82' lang='lat' dir='ltr'><strong>desudant.</strong></span> <span class='ocrx_word' id='word_1_148' title='bbox 3209 712 3521 770; x_wconf 67' lang='lat' dir='ltr'><strong>Concedam</strong></span> <span class='ocrx_word' id='word_1_149' title='bbox 3558 714 3722 785; x_wconf 74' lang='lat' dir='ltr'><strong>igitur</strong></span> <span class='ocrx_word' id='word_1_150' title='bbox 3747 730 3844 772; x_wconf 87' lang='lat' dir='ltr'><strong>no-</strong></span> 
     </span>
    </p>
   </div>
   <div class='ocr_carea' id='block_1_24' title="bbox 2250 805 3846 881">
    <p class='ocr_par' dir='ltr' id='par_1_24' title="bbox 2250 805 3846 881">
     <span class='ocr_line' id='line_1_24' title="bbox 2250 805 3846 881; baseline -0.005 -13"><span class='ocrx_word' id='word_1_151' title='bbox 2250 813 2334 868; x_wconf 88' lang='lat' dir='ltr'><strong>bis</strong></span> <span class='ocrx_word' id='word_1_152' title='bbox 2358 820 2412 866; x_wconf 92' lang='lat' dir='ltr'><strong>et</strong></span> <span class='ocrx_word' id='word_1_153' title='bbox 2437 808 2854 881; x_wconf 65' lang='lat' dir='ltr'><strong>praecedentium</strong></span> <span class='ocrx_word' id='word_1_154' title='bbox 2885 806 3062 878; x_wconf 86' lang='lat' dir='ltr'><strong>legere</strong></span> <span class='ocrx_word' id='word_1_155' title='bbox 3085 806 3284 872; x_wconf 77' lang='lat' dir='ltr'><strong>Vitam,</strong></span> <span class='ocrx_word' id='word_1_156' title='bbox 3310 815 3366 860; x_wconf 92' lang='lat' dir='ltr'><strong>et</strong></span> <span class='ocrx_word' id='word_1_157' title='bbox 3406 805 3641 874; x_wconf 84' lang='lat' dir='ltr'><strong>posteris</strong></span> <span class='ocrx_word' id='word_1_158' title='bbox 3691 819 3846 860; x_wconf 86' lang='lat' dir='ltr'><strong>man-</strong></span> 
     </span>
    </p>
   </div>
   <div class='ocr_carea' id='block_1_25' title="bbox 2252 895 3847 975">
    <p class='ocr_par' dir='ltr' id='par_1_25' title="bbox 2252 895 3847 975">
     <span class='ocr_line' id='line_1_25' title="bbox 2252 895 3847 975; baseline -0.005 -15"><span class='ocrx_word' id='word_1_159' title='bbox 2252 904 2382 960; x_wconf 87' lang='lat' dir='ltr'><strong>dare</strong></span> <span class='ocrx_word' id='word_1_160' title='bbox 2404 920 2525 975; x_wconf 65' lang='lat' dir='ltr'><strong>qua:</strong></span> <span class='ocrx_word' id='word_1_161' title='bbox 2547 900 2680 974; x_wconf 75' lang='lat' dir='ltr'><strong>ipsis.</strong></span> <span class='ocrx_word' id='word_1_162' title='bbox 2706 898 2908 958; x_wconf 85' lang='lat' dir='ltr'><strong>nostris</strong></span> <span class='ocrx_word' id='word_1_163' title='bbox 2935 898 3268 970; x_wconf 84' lang='lat' dir='ltr'><strong>temporibus</strong></span> <span class='ocrx_word' id='word_1_164' title='bbox 3294 895 3554 962; x_wconf 77' lang='lat' dir='ltr'><strong>vidimus,</strong></span> <span class='ocrx_word' id='word_1_165' title='bbox 3579 895 3666 951; x_wconf 90' lang='lat' dir='ltr'><strong>vel</strong></span> <span class='ocrx_word' id='word_1_166' title='bbox 3691 896 3847 952; x_wconf 81' lang='lat' dir='ltr'><strong>audi-</strong></span> 
     </span>
    </p>
   </div>
   <div class='ocr_carea' id='block_1_26' title="bbox 2254 989 3846 1065">
    <p class='ocr_par' dir='ltr' id='par_1_26' title="bbox 2254 989 3846 1065">
     <span class='ocr_line' id='line_1_26' title="bbox 2254 989 3846 1065; baseline -0.004 -12"><span class='ocrx_word' id='word_1_167' title='bbox 2254 1000 2454 1062; x_wconf 82' lang='lat' dir='ltr'><strong>vimus,</strong></span> <span class='ocrx_word' id='word_1_168' title='bbox 2487 997 2564 1050; x_wconf 88' lang='lat' dir='ltr'><strong>ad.</strong></span> <span class='ocrx_word' id='word_1_169' title='bbox 2608 1000 2955 1065; x_wconf 71' lang='lat' dir='ltr'><strong>augmentum</strong></span> <span class='ocrx_word' id='word_1_170' title='bbox 3008 992 3314 1046; x_wconf 88' lang='lat' dir='ltr'><strong>animarum</strong></span> <span class='ocrx_word' id='word_1_171' title='bbox 3368 989 3656 1060; x_wconf 77' lang='lat' dir='ltr'><strong>profutura</strong></span> <span class='ocrx_word' id='word_1_172' title='bbox 3696 1008 3708 1044; x_wconf 90' lang='lat'><strong>:</strong></span> <span class='ocrx_word' id='word_1_173' title='bbox 3743 1005 3846 1046; x_wconf 87' lang='lat' dir='ltr'><strong>nec</strong></span> 
     </span>
    </p>
   </div>
   <div class='ocr_carea' id='block_1_27' title="bbox 2255 1081 3846 1153">
    <p class='ocr_par' dir='ltr' id='par_1_27' title="bbox 2255 1081 3846 1153">
     <span class='ocr_line' id='line_1_27' title="bbox 2255 1081 3846 1153; baseline -0.006 -10"><span class='ocrx_word' id='word_1_174' title='bbox 2255 1089 2678 1144; x_wconf 85' lang='lat' dir='ltr'><strong>condemnemur</strong></span> <span class='ocrx_word' id='word_1_175' title='bbox 2710 1085 2776 1138; x_wconf 92' lang='lat' dir='ltr'><strong>de</strong></span> <span class='ocrx_word' id='word_1_176' title='bbox 2800 1082 3068 1153; x_wconf 87' lang='lat' dir='ltr'><strong>imperitis</strong></span> <span class='ocrx_word' id='word_1_177' title='bbox 3093 1082 3454 1145; x_wconf 85' lang='lat' dir='ltr'><strong>sermonibus,</strong></span> <span class='ocrx_word' id='word_1_178' title='bbox 3483 1088 3540 1135; x_wconf 91' lang='lat' dir='ltr'><strong>et</strong></span> <span class='ocrx_word' id='word_1_179' title='bbox 3568 1081 3846 1135; x_wconf 80' lang='lat' dir='ltr'><strong>rusticita-</strong></span> 
     </span>
    </p>
   </div>
   <div class='ocr_carea' id='block_1_28' title="bbox 2257 1171 3848 1244">
    <p class='ocr_par' dir='ltr' id='par_1_28' title="bbox 2257 1171 3848 1244">
     <span class='ocr_line' id='line_1_28' title="bbox 2257 1171 3848 1244; baseline -0.007 -9"><span class='ocrx_word' id='word_1_180' title='bbox 2257 1181 2328 1235; x_wconf 90' lang='lat' dir='ltr'><strong>tis</strong></span> <span class='ocrx_word' id='word_1_181' title='bbox 2357 1179 2547 1234; x_wconf 85' lang='lat' dir='ltr'><strong>vitium</strong></span> <span class='ocrx_word' id='word_1_182' title='bbox 2578 1175 2902 1238; x_wconf 87' lang='lat' dir='ltr'><strong>redolentes,</strong></span> <span class='ocrx_word' id='word_1_183' title='bbox 2935 1173 3192 1244; x_wconf 86' lang='lat' dir='ltr'><strong>quoniam</strong></span> <span class='ocrx_word' id='word_1_184' title='bbox 3234 1180 3409 1226; x_wconf 89' lang='lat' dir='ltr'><strong>ratum</strong></span> <span class='ocrx_word' id='word_1_185' title='bbox 3437 1171 3687 1227; x_wconf 90' lang='lat' dir='ltr'><strong>ducimus</strong></span> <span class='ocrx_word' id='word_1_186' title='bbox 3716 1185 3848 1225; x_wconf 67' lang='lat' dir='ltr'><strong>noro</strong></span> 
     </span>
    </p>
   </div>
   <div class='ocr_carea' id='block_1_29' title="bbox 2259 1261 3850 1334">
    <p class='ocr_par' dir='ltr' id='par_1_29' title="bbox 2259 1261 3850 1334">
     <span class='ocr_line' id='line_1_29' title="bbox 2259 1261 3850 1334; baseline -0.007 -8"><span class='ocrx_word' id='word_1_187' title='bbox 2259 1286 2402 1326; x_wconf 88' lang='lat' dir='ltr'><strong>mam</strong></span> <span class='ocrx_word' id='word_1_188' title='bbox 2428 1266 2762 1328; x_wconf 74' lang='lat' dir='ltr'><strong>salutiferam</strong></span> <span class='ocrx_word' id='word_1_189' title='bbox 2789 1265 2914 1320; x_wconf 91' lang='lat' dir='ltr'><strong>licet</strong></span> <span class='ocrx_word' id='word_1_190' title='bbox 2951 1264 3174 1319; x_wconf 88' lang='lat' dir='ltr'><strong>rudibus</strong></span> <span class='ocrx_word' id='word_1_191' title='bbox 3201 1263 3520 1334; x_wconf 81' lang='lat' dir='ltr'><strong>depromere</strong></span> <span class='ocrx_word' id='word_1_192' title='bbox 3553 1261 3757 1328; x_wconf 80' lang='lat' dir='ltr'><strong>verbis,</strong></span> <span class='ocrx_word' id='word_1_193' title='bbox 3795 1269 3850 1318; x_wconf 86' lang='lat' dir='ltr'><strong>et</strong></span> 
     </span>
    </p>
   </div>
   <div class='ocr_carea' id='block_1_30' title="bbox 2260 1352 3844 1431">
    <p class='ocr_par' dir='ltr' id='par_1_30' title="bbox 2260 1352 3844 1431">
     <span class='ocr_line' id='line_1_30' title="bbox 2260 1352 3844 1431; baseline -0.009 -13"><span class='ocrx_word' id='word_1_194' title='bbox 2260 1363 2315 1419; x_wconf 91' lang='lat' dir='ltr'><strong>in</strong></span> <span class='ocrx_word' id='word_1_195' title='bbox 2351 1360 2574 1431; x_wconf 85' lang='lat' dir='ltr'><strong>abiectis</strong></span> <span class='ocrx_word' id='word_1_196' title='bbox 2622 1358 2850 1429; x_wconf 83' lang='lat' dir='ltr'><strong>virgulis</strong></span> <span class='ocrx_word' id='word_1_197' title='bbox 2895 1357 3321 1427; x_wconf 85' lang='lat' dir='ltr'><strong>pulcherrimum</strong></span> <span class='ocrx_word' id='word_1_198' title='bbox 3351 1355 3596 1426; x_wconf 77' lang='lat' dir='ltr'><strong>pandens</strong></span> <span class='ocrx_word' id='word_1_199' title='bbox 3638 1352 3844 1408; x_wconf 73' lang='lat' dir='ltr'><strong>favum.</strong></span> 
     </span>
    </p>
   </div>
   <div class='ocr_carea' id='block_1_31' title="bbox 2263 1447 3850 1540">
    <p class='ocr_par' dir='ltr' id='par_1_31' title="bbox 2263 1447 3850 1540">
     <span class='ocr_line' id='line_1_31' title="bbox 2263 1447 3850 1540; baseline -0.009 -26"><span class='ocrx_word' id='word_1_200' title='bbox 2263 1457 2372 1514; x_wconf 84' lang='lat' dir='ltr'><strong>Suo</strong></span> <span class='ocrx_word' id='word_1_201' title='bbox 2400 1456 2631 1526; x_wconf 73' lang='lat' dir='ltr'><strong>quisque</strong></span> <span class='ocrx_word' id='word_1_202' title='bbox 2678 1459 2860 1522; x_wconf 66' lang='lat' dir='ltr'><strong>sumat.</strong></span> <span class='ocrx_word' id='word_1_203' title='bbox 2885 1450 3136 1520; x_wconf 83' lang='lat' dir='ltr'><strong>arbitrio,</strong></span> <span class='ocrx_word' id='word_1_204' title='bbox 3179 1463 3300 1540; x_wconf 62' lang='lat' dir='ltr'><strong>qua}</strong></span> <span class='ocrx_word' id='word_1_205' title='bbox 3352 1448 3534 1522; x_wconf 79' lang='lat' dir='ltr'><strong>anirno</strong></span> <span class='ocrx_word' id='word_1_206' title='bbox 3583 1447 3850 1526; x_wconf 76' lang='lat' dir='ltr'><strong>comperit</strong></span> 
     </span>
    </p>
   </div>
   <div class='ocr_carea' id='block_1_32' title="bbox 2261 1549 2546 1619">
    <p class='ocr_par' dir='ltr' id='par_1_32' title="bbox 2261 1549 2546 1619">
     <span class='ocr_line' id='line_1_32' title="bbox 2261 1549 2546 1619; baseline 0 -15"><span class='ocrx_word' id='word_1_207' title='bbox 2261 1549 2546 1619; x_wconf 75' lang='lat' dir='ltr'><strong>placitura,</strong></span> 
     </span>
    </p>
   </div>
   <div class='ocr_carea' id='block_1_33' title="bbox 2264 1669 3853 1761">
    <p class='ocr_par' dir='ltr' id='par_1_33' title="bbox 2264 1669 3853 1761">
     <span class='ocr_line' id='line_1_33' title="bbox 2264 1669 3853 1761; baseline -0.006 -24"><span class='ocrx_word' id='word_1_208' title='bbox 2264 1681 2554 1761; x_wconf 76' lang='lat' dir='ltr'><strong>sultatione</strong></span> <span class='ocrx_word' id='word_1_209' title='bbox 2572 1675 2852 1761; x_wconf 63' lang='lat' dir='ltr'><strong>Agobardi</strong></span> <span class='ocrx_word' id='word_1_210' title='bbox 2876 1673 2943 1761; x_wconf 77' lang='lat' dir='ltr'><strong>de</strong></span> <span class='ocrx_word' id='word_1_211' title='bbox 2972 1670 3622 1761; x_wconf 47' lang='lat' dir='ltr'><strong>baptismodudaicorum</strong></span> 
     </span>
    </p>
   </div>
   <div class='ocr_carea' id='block_1_34' title="bbox 2304 1741 3845 1822">
    <p class='ocr_par' dir='ltr' id='par_1_34' title="bbox 2304 1741 3845 1822">
     <span class='ocr_line' id='line_1_34' title="bbox 2304 1741 3845 1822; baseline -0.006 -16"><span class='ocrx_word' id='word_1_212' title='bbox 2304 1745 2495 1822; x_wconf 72' lang='lat' dir='ltr'><strong>ierunt,</strong></span> <span class='ocrx_word' id='word_1_213' title='bbox 2533 1759 2588 1805; x_wconf 89' lang='lat' dir='ltr'><strong>et</strong></span> <span class='ocrx_word' id='word_1_214' title='bbox 2619 1741 2689 1822; x_wconf 67' lang='lat' dir='ltr'><strong>in</strong></span> <span class='ocrx_word' id='word_1_215' title='bbox 2718 1749 2855 1803; x_wconf 89' lang='lat' dir='ltr'><strong>libro</strong></span> <span class='ocrx_word' id='word_1_216' title='bbox 2903 1748 2975 1822; x_wconf 78' lang='lat' dir='ltr'><strong>de</strong></span> <span class='ocrx_word' id='word_1_217' title='bbox 2985 1741 3434 1822; x_wconf 56' lang='lat' dir='ltr'><strong>dispensatione;</strong></span> <span class='ocrx_word' id='word_1_218' title='bbox 3490 1758 3634 1822; x_wconf 79' lang='lat' dir='ltr'><strong>anno</strong></span> <span class='ocrx_word' id='word_1_219' title='bbox 3668 1741 3775 1800; x_wconf 76' lang='lat'><strong>827</strong></span> <span class='ocrx_word' id='word_1_220' title='bbox 3817 1758 3845 1796; x_wconf 90' lang='lat' dir='ltr'><strong>a</strong></span> 
     </span>
    </p>
   </div>
   <div class='ocr_carea' id='block_1_35' title="bbox 2289 1809 3850 1890">
    <p class='ocr_par' dir='ltr' id='par_1_35' title="bbox 2289 1809 3850 1890">
     <span class='ocr_line' id='line_1_35' title="bbox 2289 1809 3850 1890; baseline -0.006 -12"><span class='ocrx_word' id='word_1_221' title='bbox 2289 1809 2537 1878; x_wconf 58' lang='grc' dir='ltr'><strong>,αὐθινὶρο</strong></span> <span class='ocrx_word' id='word_1_222' title='bbox 2558 1821 2758 1890; x_wconf 86' lang='lat' dir='ltr'><strong>missus</strong></span> <span class='ocrx_word' id='word_1_223' title='bbox 2779 1834 2901 1874; x_wconf 89' lang='lat' dir='ltr'><strong>cum</strong></span> <span class='ocrx_word' id='word_1_224' title='bbox 2930 1818 3062 1890; x_wconf 63' lang='lat' dir='ltr'><strong>aliis</strong></span> <span class='ocrx_word' id='word_1_225' title='bbox 3073 1809 3142 1890; x_wconf 76' lang='lat' dir='ltr'><strong>ad</strong></span> <span class='ocrx_word' id='word_1_226' title='bbox 3162 1826 3340 1890; x_wconf 76' lang='lat' dir='ltr'><strong>motus</strong></span> <span class='ocrx_word' id='word_1_227' title='bbox 3370 1809 3676 1890; x_wconf 65' lang='lat' dir='ltr'><strong>Hispanicae</strong></span> <span class='ocrx_word' id='word_1_228' title='bbox 3704 1827 3850 1870; x_wconf 84' lang='lat' dir='ltr'><strong>mar-</strong></span> 
     </span>
    </p>
   </div>
   <div class='ocr_carea' id='block_1_36' title="bbox 2271 1885 3496 1965">
    <p class='ocr_par' dir='ltr' id='par_1_36' title="bbox 2271 1885 3496 1965">
     <span class='ocr_line' id='line_1_36' title="bbox 2271 1885 3496 1965; baseline -0.007 -14"><span class='ocrx_word' id='word_1_229' title='bbox 2271 1911 2347 1951; x_wconf 65' lang='lat' dir='ltr'><strong>cet:</strong></span> <span class='ocrx_word' id='word_1_230' title='bbox 2370 1889 2822 1965; x_wconf 79' lang='lat' dir='ltr'><strong>comprimendos,</strong></span> <span class='ocrx_word' id='word_1_231' title='bbox 2856 1897 2992 1945; x_wconf 89' lang='lat' dir='ltr'><strong>teste</strong></span> <span class='ocrx_word' id='word_1_232' title='bbox 3023 1887 3352 1962; x_wconf 82' lang='lat' dir='ltr'><strong>Eginhardo.</strong></span> <span class='ocrx_word' id='word_1_233' title='bbox 3467 1885 3496 1894; x_wconf 63' lang='grc'><em>”</em></span> 
     </span>
    </p>
   </div>
   <div class='ocr_carea' id='block_1_37' title="bbox 582 2092 3844 2150">
    <p class='ocr_par' dir='ltr' id='par_1_37' title="bbox 582 2092 3844 2150">
     <span class='ocr_line' id='line_1_37' title="bbox 582 2092 3844 2150; baseline -0.005 -14"><span class='ocrx_word' id='word_1_234' title='bbox 582 2092 3844 2150; x_wconf 85' lang='lat'><strong>_______________________________</strong></span> 
     </span>
    </p>
   </div>
   <div class='ocr_carea' id='block_1_38' title="bbox 1695 2219 2713 2342">
    <p class='ocr_par' dir='ltr' id='par_1_38' title="bbox 1695 2219 2713 2342">
     <span class='ocr_line' id='line_1_38' title="bbox 1695 2219 2713 2342; baseline -0.002 0"><span class='ocrx_word' id='word_1_235' title='bbox 1695 2224 2238 2342; x_wconf 85' lang='lat' dir='ltr'><strong>INCIPIT</strong></span> <span class='ocrx_word' id='word_1_236' title='bbox 2321 2219 2713 2340; x_wconf 81' lang='lat' dir='ltr'><strong>VITA.</strong></span> 
     </span>
    </p>
   </div>
   <div class='ocr_carea' id='block_1_39' title="bbox 656 2563 2163 2643">
    <p class='ocr_par' dir='ltr' id='par_1_39' title="bbox 656 2563 2163 2643">
     <span class='ocr_line' id='line_1_39' title="bbox 656 2563 2163 2643; baseline -0.01 -11"><span class='ocrx_word' id='word_1_237' title='bbox 656 2573 711 2632; x_wconf 73' lang='grc'><strong>4.</strong></span> <span class='ocrx_word' id='word_1_238' title='bbox 741 2571 909 2643; x_wconf 76' lang='lat' dir='ltr'><strong>Igitur</strong></span> <span class='ocrx_word' id='word_1_239' title='bbox 927 2567 1012 2636; x_wconf 78' lang='lat' dir='ltr'><strong>vir</strong></span> <span class='ocrx_word' id='word_1_240' title='bbox 1039 2565 1386 2635; x_wconf 76' lang='lat' dir='ltr'><strong>venerabilis,</strong></span> <span class='ocrx_word' id='word_1_241' title='bbox 1427 2563 1642 2622; x_wconf 87' lang='lat' dir='ltr'><strong>nomine</strong></span> <span class='ocrx_word' id='word_1_242' title='bbox 1671 2570 1726 2620; x_wconf 91' lang='lat' dir='ltr'><strong>et</strong></span> <span class='ocrx_word' id='word_1_243' title='bbox 1752 2563 1948 2628; x_wconf 87' lang='lat' dir='ltr'><strong>merito</strong></span> <span class='ocrx_word' id='word_1_244' title='bbox 1991 2563 2163 2636; x_wconf 79' lang='lat' dir='ltr'><strong>Bene-</strong></span> 
     </span>
    </p>
   </div>
   <div class='ocr_carea' id='block_1_40' title="bbox 583 2655 2162 2740">
    <p class='ocr_par' dir='ltr' id='par_1_40' title="bbox 583 2655 2162 2740">
     <span class='ocr_line' id='line_1_40' title="bbox 583 2655 2162 2740; baseline -0.008 -18"><span class='ocrx_word' id='word_1_245' title='bbox 583 2664 762 2740; x_wconf 76' lang='lat' dir='ltr'><strong>dictus</strong></span> <span class='ocrx_word' id='word_1_246' title='bbox 789 2663 994 2727; x_wconf 84' lang='lat' dir='ltr'><strong>Abbas,</strong></span> <span class='ocrx_word' id='word_1_247' title='bbox 1021 2677 1088 2716; x_wconf 80' lang='lat' dir='ltr'><strong>ex</strong></span> <span class='ocrx_word' id='word_1_248' title='bbox 1118 2660 1376 2718; x_wconf 80' lang='lat' dir='ltr'><strong>Getarum</strong></span> <span class='ocrx_word' id='word_1_249' title='bbox 1403 2669 1430 2700; x_wconf 76' lang='grc' dir='ltr'><strong>α</strong></span> <span class='ocrx_word' id='word_1_250' title='bbox 1460 2672 1657 2729; x_wconf 84' lang='lat' dir='ltr'><strong>genere</strong></span> <span class='ocrx_word' id='word_1_251' title='bbox 1689 2655 1931 2726; x_wconf 77' lang='lat' dir='ltr'><strong>partibus</strong></span> <span class='ocrx_word' id='word_1_252' title='bbox 1952 2655 2162 2712; x_wconf 75' lang='lat' dir='ltr'><strong>Gothiae</strong></span> 
     </span>
    </p>
   </div>
   <div class='ocr_carea' id='block_1_41' title="bbox 583 2749 2162 2820">
    <p class='ocr_par' dir='ltr' id='par_1_41' title="bbox 583 2749 2162 2820">
     <span class='ocr_line' id='line_1_41' title="bbox 583 2749 2162 2820; baseline -0.006 -5"><span class='ocrx_word' id='word_1_253' title='bbox 583 2757 846 2816; x_wconf 85' lang='lat' dir='ltr'><strong>oriundus</strong></span> <span class='ocrx_word' id='word_1_254' title='bbox 875 2754 995 2812; x_wconf 90' lang='lat' dir='ltr'><strong>fuit.</strong></span> <span class='ocrx_word' id='word_1_255' title='bbox 1023 2752 1307 2820; x_wconf 82' lang='lat' dir='ltr'><strong>Nobilibus</strong></span> <span class='ocrx_word' id='word_1_256' title='bbox 1346 2749 1615 2808; x_wconf 80' lang='lat' dir='ltr'><strong>natalibus</strong></span> <span class='ocrx_word' id='word_1_257' title='bbox 1663 2757 1835 2814; x_wconf 81' lang='lat' dir='ltr'><strong>ortus,</strong></span> <span class='ocrx_word' id='word_1_258' title='bbox 1895 2749 1992 2805; x_wconf 84' lang='lat' dir='ltr'><strong>sed</strong></span> <span class='ocrx_word' id='word_1_259' title='bbox 2039 2764 2162 2820; x_wconf 77' lang='lat' dir='ltr'><strong>eum</strong></span> 
     </span>
    </p>
   </div>
   <div class='ocr_carea' id='block_1_42' title="bbox 584 2841 2159 2920">
    <p class='ocr_par' dir='ltr' id='par_1_42' title="bbox 584 2841 2159 2920">
     <span class='ocr_line' id='line_1_42' title="bbox 584 2841 2159 2920; baseline -0.008 -14"><span class='ocrx_word' id='word_1_260' title='bbox 584 2864 816 2920; x_wconf 81' lang='lat' dir='ltr'><strong>superna</strong></span> <span class='ocrx_word' id='word_1_261' title='bbox 833 2847 1009 2918; x_wconf 80' lang='lat' dir='ltr'><strong>pietas</strong></span> <span class='ocrx_word' id='word_1_262' title='bbox 1037 2844 1234 2915; x_wconf 82' lang='lat' dir='ltr'><strong>potiori</strong></span> <span class='ocrx_word' id='word_1_263' title='bbox 1253 2843 1512 2898; x_wconf 86' lang='lat' dir='ltr'><strong>virtutum</strong></span> <span class='ocrx_word' id='word_1_264' title='bbox 1544 2841 1792 2897; x_wconf 85' lang='lat' dir='ltr'><strong>claritate</strong></span> <span class='ocrx_word' id='word_1_265' title='bbox 1835 2841 2159 2898; x_wconf 87' lang='lat' dir='ltr'><strong>nobilitavit.</strong></span> 
     </span>
    </p>
   </div>
   <div class='ocr_carea' id='block_1_43' title="bbox 584 2931 2162 3008">
    <p class='ocr_par' dir='ltr' id='par_1_43' title="bbox 584 2931 2162 3008">
     <span class='ocr_line' id='line_1_43' title="bbox 584 2931 2162 3008; baseline -0.008 -10"><span class='ocrx_word' id='word_1_266' title='bbox 584 2941 747 2998; x_wconf 81' lang='lat' dir='ltr'><strong>Pater</strong></span> <span class='ocrx_word' id='word_1_267' title='bbox 803 2939 1068 3008; x_wconf 83' lang='lat' dir='ltr'><strong>siquidem</strong></span> <span class='ocrx_word' id='word_1_268' title='bbox 1127 2935 1244 3005; x_wconf 80' lang='lat' dir='ltr'><strong>ejus</strong></span> <span class='ocrx_word' id='word_1_269' title='bbox 1301 2933 1620 2992; x_wconf 87' lang='lat' dir='ltr'><strong>comitatum</strong></span> <span class='ocrx_word' id='word_1_270' title='bbox 1669 2931 2162 3004; x_wconf 75' lang='lat' dir='ltr'><strong>Magdaloncnsem,</strong></span> 
     </span>
    </p>
   </div>
   <div class='ocr_carea' id='block_1_44' title="bbox 583 3022 2167 3103">
    <p class='ocr_par' dir='ltr' id='par_1_44' title="bbox 583 3022 2167 3103">
     <span class='ocr_line' id='line_1_44' title="bbox 583 3022 2167 3103; baseline -0.008 -14"><span class='ocrx_word' id='word_1_271' title='bbox 583 3033 936 3103; x_wconf 82' lang='lat' dir='ltr'><strong>quoadusque</strong></span> <span class='ocrx_word' id='word_1_272' title='bbox 958 3029 1111 3094; x_wconf 84' lang='lat' dir='ltr'><strong>vixit,</strong></span> <span class='ocrx_word' id='word_1_273' title='bbox 1142 3027 1341 3098; x_wconf 81' lang='lat' dir='ltr'><strong>tenuit;</strong></span> <span class='ocrx_word' id='word_1_274' title='bbox 1380 3033 1435 3080; x_wconf 86' lang='lat' dir='ltr'><strong>et</strong></span> <span class='ocrx_word' id='word_1_275' title='bbox 1477 3024 1810 3080; x_wconf 72' lang='lat' dir='ltr'><strong>Francorum</strong></span> <span class='ocrx_word' id='word_1_276' title='bbox 1851 3024 1993 3095; x_wconf 83' lang='lat' dir='ltr'><strong>genti</strong></span> <span class='ocrx_word' id='word_1_277' title='bbox 2037 3022 2167 3082; x_wconf 84' lang='lat' dir='ltr'><strong>lide-</strong></span> 
     </span>
    </p>
   </div>
   <div class='ocr_carea' id='block_1_45' title="bbox 2271 2553 3856 2632">
    <p class='ocr_par' dir='ltr' id='par_1_45' title="bbox 2271 2553 3856 2632">
     <span class='ocr_line' id='line_1_45' title="bbox 2271 2553 3856 2632; baseline -0.001 -18"><span class='ocrx_word' id='word_1_278' title='bbox 2271 2575 2392 2631; x_wconf 80' lang='lat' dir='ltr'><strong>quae</strong></span> <span class='ocrx_word' id='word_1_279' title='bbox 2439 2566 2625 2632; x_wconf 83' lang='lat' dir='ltr'><strong>postea</strong></span> <span class='ocrx_word' id='word_1_280' title='bbox 2657 2557 2883 2626; x_wconf 83' lang='lat' dir='ltr'><strong>devotus</strong></span> <span class='ocrx_word' id='word_1_281' title='bbox 2924 2553 3196 2628; x_wconf 79' lang='lat' dir='ltr'><strong>implevit;</strong></span> <span class='ocrx_word' id='word_1_282' title='bbox 3228 2555 3325 2614; x_wconf 89' lang='lat' dir='ltr'><strong>sed</strong></span> <span class='ocrx_word' id='word_1_283' title='bbox 3355 2567 3668 2628; x_wconf 80' lang='lat' dir='ltr'><strong>quanquam</strong></span> <span class='ocrx_word' id='word_1_284' title='bbox 3715 2569 3778 2614; x_wconf 87' lang='lat' dir='ltr'><strong>se</strong></span> <span class='ocrx_word' id='word_1_285' title='bbox 3824 2571 3856 2611; x_wconf 86' lang='lat' dir='ltr'><strong>a</strong></span> 
     </span>
    </p>
   </div>
   <div class='ocr_carea' id='block_1_46' title="bbox 2272 2647 3855 2722">
    <p class='ocr_par' dir='ltr' id='par_1_46' title="bbox 2272 2647 3855 2722">
     <span class='ocr_line' id='line_1_46' title="bbox 2272 2647 3855 2722; baseline -0.003 -12"><span class='ocrx_word' id='word_1_286' title='bbox 2272 2651 2456 2710; x_wconf 77' lang='lat' dir='ltr'><strong>saeculi</strong></span> <span class='ocrx_word' id='word_1_287' title='bbox 2477 2650 2686 2706; x_wconf 88' lang='lat' dir='ltr'><strong>actibus</strong></span> <span class='ocrx_word' id='word_1_288' title='bbox 2708 2665 2908 2708; x_wconf 86' lang='lat' dir='ltr'><strong>exuere</strong></span> <span class='ocrx_word' id='word_1_289' title='bbox 2927 2649 3110 2714; x_wconf 87' lang='lat' dir='ltr'><strong>vellet,</strong></span> <span class='ocrx_word' id='word_1_290' title='bbox 3133 2647 3418 2720; x_wconf 63' lang='lat' dir='ltr'><strong>haesitabat</strong></span> <span class='ocrx_word' id='word_1_291' title='bbox 3445 2658 3632 2708; x_wconf 73' lang='lat' dir='ltr'><strong>tamen</strong></span> <span class='ocrx_word' id='word_1_292' title='bbox 3658 2651 3855 2722; x_wconf 85' lang='lat' dir='ltr'><strong>quibus</strong></span> 
     </span>
    </p>
   </div>
   <div class='ocr_carea' id='block_1_47' title="bbox 2265 2740 3856 2820">
    <p class='ocr_par' dir='ltr' id='par_1_47' title="bbox 2265 2740 3856 2820">
     <span class='ocr_line' id='line_1_47' title="bbox 2265 2740 3856 2820; baseline -0.003 -20"><span class='ocrx_word' id='word_1_293' title='bbox 2265 2745 2372 2800; x_wconf 85' lang='lat' dir='ltr'><strong>hoc</strong></span> <span class='ocrx_word' id='word_1_294' title='bbox 2415 2743 2590 2800; x_wconf 85' lang='lat' dir='ltr'><strong>modis</strong></span> <span class='ocrx_word' id='word_1_295' title='bbox 2620 2740 2924 2800; x_wconf 85' lang='lat' dir='ltr'><strong>faciendum</strong></span> <span class='ocrx_word' id='word_1_296' title='bbox 2955 2750 3104 2812; x_wconf 39' lang='lat' dir='ltr'><strong>esset.</strong></span> <span class='ocrx_word' id='word_1_297' title='bbox 3129 2759 3142 2796; x_wconf 91' lang='lat'><strong>:</strong></span> <span class='ocrx_word' id='word_1_298' title='bbox 3185 2749 3369 2812; x_wconf 79' lang='lat' dir='ltr'><strong>utrum</strong></span> <span class='ocrx_word' id='word_1_299' title='bbox 3401 2742 3678 2820; x_wconf 76' lang='lat' dir='ltr'><strong>peregrini</strong></span> <span class='ocrx_word' id='word_1_300' title='bbox 3705 2758 3856 2796; x_wconf 85' lang='lat' dir='ltr'><strong>assu-</strong></span> 
     </span>
    </p>
   </div>
   <div class='ocr_carea' id='block_1_48' title="bbox 2265 2831 3858 2908">
    <p class='ocr_par' dir='ltr' id='par_1_48' title="bbox 2265 2831 3858 2908">
     <span class='ocr_line' id='line_1_48' title="bbox 2265 2831 3858 2908; baseline -0.005 -13"><span class='ocrx_word' id='word_1_301' title='bbox 2265 2845 2444 2896; x_wconf 80' lang='lat' dir='ltr'><strong>meret</strong></span> <span class='ocrx_word' id='word_1_302' title='bbox 2460 2836 2738 2908; x_wconf 84' lang='lat' dir='ltr'><strong>habitum;</strong></span> <span class='ocrx_word' id='word_1_303' title='bbox 2766 2851 2835 2908; x_wconf 85' lang='lat' dir='ltr'><strong>an</strong></span> <span class='ocrx_word' id='word_1_304' title='bbox 2873 2833 3012 2892; x_wconf 84' lang='lat' dir='ltr'><strong>forte</strong></span> <span class='ocrx_word' id='word_1_305' title='bbox 3063 2848 3126 2892; x_wconf 87' lang='lat' dir='ltr'><strong>se</strong></span> <span class='ocrx_word' id='word_1_306' title='bbox 3171 2833 3342 2890; x_wconf 79' lang='lat' dir='ltr'><strong>alicui.</strong></span> <span class='ocrx_word' id='word_1_307' title='bbox 3386 2831 3761 2908; x_wconf 75' lang='lat' dir='ltr'><strong>coniungeret,</strong></span> <span class='ocrx_word' id='word_1_308' title='bbox 3807 2840 3858 2888; x_wconf 83' lang='lat' dir='ltr'><strong>et</strong></span> 
     </span>
    </p>
   </div>
   <div class='ocr_carea' id='block_1_49' title="bbox 2268 2924 3852 3002">
    <p class='ocr_par' dir='ltr' id='par_1_49' title="bbox 2268 2924 3852 3002">
     <span class='ocr_line' id='line_1_49' title="bbox 2268 2924 3852 3002; baseline -0.004 -16"><span class='ocrx_word' id='word_1_309' title='bbox 2268 2929 2548 2987; x_wconf 83' lang='lat' dir='ltr'><strong>hominum</strong></span> <span class='ocrx_word' id='word_1_310' title='bbox 2571 2940 2700 2983; x_wconf 86' lang='lat' dir='ltr'><strong>oves</strong></span> <span class='ocrx_word' id='word_1_311' title='bbox 2720 2935 2813 2992; x_wconf 71' lang='lat' dir='ltr'><strong>aut</strong></span> <span class='ocrx_word' id='word_1_312' title='bbox 2833 2925 3268 3002; x_wconf 77' lang='lat' dir='ltr'><strong>armentagratis</strong></span> <span class='ocrx_word' id='word_1_313' title='bbox 3288 2933 3533 2996; x_wconf 80' lang='lat' dir='ltr'><strong>pasceret</strong></span> <span class='ocrx_word' id='word_1_314' title='bbox 3554 2941 3568 2990; x_wconf 92' lang='lat'><strong>;</strong></span> <span class='ocrx_word' id='word_1_315' title='bbox 3594 2941 3670 2984; x_wconf 86' lang='lat' dir='ltr'><strong>an</strong></span> <span class='ocrx_word' id='word_1_316' title='bbox 3690 2924 3852 2980; x_wconf 83' lang='lat' dir='ltr'><strong>etiam</strong></span> 
     </span>
    </p>
   </div>
   <div class='ocr_carea' id='block_1_50' title="bbox 2267 3015 3854 3094">
    <p class='ocr_par' dir='ltr' id='par_1_50' title="bbox 2267 3015 3854 3094">
     <span class='ocr_line' id='line_1_50' title="bbox 2267 3015 3854 3094; baseline -0.003 -17"><span class='ocrx_word' id='word_1_317' title='bbox 2267 3023 2320 3080; x_wconf 88' lang='lat' dir='ltr'><strong>in</strong></span> <span class='ocrx_word' id='word_1_318' title='bbox 2351 3022 2570 3079; x_wconf 82' lang='lat' dir='ltr'><strong>civitate</strong></span> <span class='ocrx_word' id='word_1_319' title='bbox 2598 3020 2801 3076; x_wconf 84' lang='lat' dir='ltr'><strong>sutoris</strong></span> <span class='ocrx_word' id='word_1_320' title='bbox 2821 3027 3103 3093; x_wconf 84' lang='lat' dir='ltr'><strong>exerceret</strong></span> <span class='ocrx_word' id='word_1_321' title='bbox 3135 3026 3338 3094; x_wconf 66' lang='lat' dir='ltr'><strong>artem,</strong></span> <span class='ocrx_word' id='word_1_322' title='bbox 3375 3025 3430 3074; x_wconf 89' lang='lat' dir='ltr'><strong>et</strong></span> <span class='ocrx_word' id='word_1_323' title='bbox 3486 3032 3605 3088; x_wconf 70' lang='lat' dir='ltr'><strong>qua:</strong></span> <span class='ocrx_word' id='word_1_324' title='bbox 3657 3015 3854 3072; x_wconf 83' lang='lat' dir='ltr'><strong>habere</strong></span> 
     </span>
    </p>
   </div>
   <div class='ocr_carea' id='block_1_51' title="bbox 585 3110 3853 3205">
    <p class='ocr_par' dir='ltr' id='par_1_51' title="bbox 585 3110 3853 3205">
     <span class='ocr_line' id='line_1_51' title="bbox 585 3110 3853 3205; baseline -0.003 -25"><span class='ocrx_word' id='word_1_325' title='bbox 585 3126 825 3186; x_wconf 76' lang='lat' dir='ltr'><strong>lissimus</strong></span> <span class='ocrx_word' id='word_1_326' title='bbox 854 3123 984 3179; x_wconf 88' lang='lat' dir='ltr'><strong>totis</strong></span> <span class='ocrx_word' id='word_1_327' title='bbox 1006 3120 1218 3178; x_wconf 84' lang='lat' dir='ltr'><strong>viribus</strong></span> <span class='ocrx_word' id='word_1_328' title='bbox 1237 3119 1479 3182; x_wconf 74' lang='lat' dir='ltr'><strong>exstitit,</strong></span> <span class='ocrx_word' id='word_1_329' title='bbox 1509 3117 1671 3176; x_wconf 79' lang='lat' dir='ltr'><strong>fortis</strong></span> <span class='ocrx_word' id='word_1_330' title='bbox 1716 3125 1772 3173; x_wconf 87' lang='lat' dir='ltr'><strong>et</strong></span> <span class='ocrx_word' id='word_1_331' title='bbox 1811 3117 2122 3190; x_wconf 77' lang='lat' dir='ltr'><strong>ingeniosus</strong></span> <span class='ocrx_word' id='word_1_332' title='bbox 2149 3134 2160 3168; x_wconf 92' lang='lat'><strong>:</strong></span> <span class='ocrx_word' id='word_1_333' title='bbox 2193 3142 2246 3205; x_wconf 63' lang='grc' dir='ltr'><strong>ρ</strong></span> <span class='ocrx_word' id='word_1_334' title='bbox 2267 3126 2453 3187; x_wconf 84' lang='lat' dir='ltr'><strong>posset</strong></span> <span class='ocrx_word' id='word_1_335' title='bbox 2477 3115 2806 3186; x_wconf 79' lang='lat' dir='ltr'><strong>pauperibus</strong></span> <span class='ocrx_word' id='word_1_336' title='bbox 2835 3120 3102 3187; x_wconf 80' lang='lat' dir='ltr'><strong>erogaret.</strong></span> <span class='ocrx_word' id='word_1_337' title='bbox 3143 3111 3254 3167; x_wconf 89' lang='lat' dir='ltr'><strong>Sub</strong></span> <span class='ocrx_word' id='word_1_338' title='bbox 3286 3110 3379 3168; x_wconf 91' lang='lat' dir='ltr'><strong>tali</strong></span> <span class='ocrx_word' id='word_1_339' title='bbox 3425 3111 3627 3188; x_wconf 84' lang='lat' dir='ltr'><strong>quippe</strong></span> <span class='ocrx_word' id='word_1_340' title='bbox 3683 3120 3853 3170; x_wconf 75' lang='lat' dir='ltr'><strong>certa-</strong></span> 
     </span>
    </p>
   </div>
   <div class='ocr_carea' id='block_1_52' title="bbox 587 3207 2166 3288">
    <p class='ocr_par' dir='ltr' id='par_1_52' title="bbox 587 3207 2166 3288">
     <span class='ocr_line' id='line_1_52' title="bbox 587 3207 2166 3288; baseline -0.009 -12"><span class='ocrx_word' id='word_1_341' title='bbox 587 3217 836 3288; x_wconf 80' lang='lat' dir='ltr'><strong>hostibus</strong></span> <span class='ocrx_word' id='word_1_342' title='bbox 862 3214 1010 3274; x_wconf 86' lang='lat' dir='ltr'><strong>enim</strong></span> <span class='ocrx_word' id='word_1_343' title='bbox 1033 3212 1188 3278; x_wconf 81' lang='lat' dir='ltr'><strong>valde</strong></span> <span class='ocrx_word' id='word_1_344' title='bbox 1208 3217 1328 3267; x_wconf 84' lang='lat' dir='ltr'><strong>erat</strong></span> <span class='ocrx_word' id='word_1_345' title='bbox 1354 3209 1597 3266; x_wconf 84' lang='lat' dir='ltr'><strong>infestus.</strong></span> <span class='ocrx_word' id='word_1_346' title='bbox 1638 3207 1737 3263; x_wconf 77' lang='lat' dir='ltr'><strong>ilic</strong></span> <span class='ocrx_word' id='word_1_347' title='bbox 1761 3224 1954 3279; x_wconf 84' lang='lat' dir='ltr'><strong>nempe</strong></span> <span class='ocrx_word' id='word_1_348' title='bbox 1974 3223 2166 3280; x_wconf 84' lang='lat' dir='ltr'><strong>magna</strong></span> 
     </span>
    </p>
   </div>
   <div class='ocr_carea' id='block_1_53' title="bbox 589 3297 2168 3380">
    <p class='ocr_par' dir='ltr' id='par_1_53' title="bbox 589 3297 2168 3380">
     <span class='ocr_line' id='line_1_53' title="bbox 589 3297 2168 3380; baseline -0.008 -14"><span class='ocrx_word' id='word_1_349' title='bbox 589 3307 888 3380; x_wconf 81' lang='lat' dir='ltr'><strong>prostravit</strong></span> <span class='ocrx_word' id='word_1_350' title='bbox 914 3313 1093 3374; x_wconf 78' lang='lat' dir='ltr'><strong>strage</strong></span> <span class='ocrx_word' id='word_1_351' title='bbox 1113 3302 1431 3370; x_wconf 51' lang='lat' dir='ltr'><strong>\V’ascones,</strong></span> <span class='ocrx_word' id='word_1_352' title='bbox 1458 3298 1810 3371; x_wconf 87' lang='lat' dir='ltr'><strong>quivastandi</strong></span> <span class='ocrx_word' id='word_1_353' title='bbox 1838 3299 2008 3369; x_wconf 86' lang='lat' dir='ltr'><strong>gratia</strong></span> <span class='ocrx_word' id='word_1_354' title='bbox 2034 3297 2168 3354; x_wconf 81' lang='lat' dir='ltr'><strong>lines</strong></span> 
     </span>
    </p>
   </div>
   <div class='ocr_carea' id='block_1_54' title="bbox 593 3391 2166 3471">
    <p class='ocr_par' dir='ltr' id='par_1_54' title="bbox 593 3391 2166 3471">
     <span class='ocr_line' id='line_1_54' title="bbox 593 3391 2166 3471; baseline -0.006 -15"><span class='ocrx_word' id='word_1_355' title='bbox 593 3401 742 3471; x_wconf 83' lang='lat' dir='ltr'><strong>regni</strong></span> <span class='ocrx_word' id='word_1_356' title='bbox 771 3399 1112 3460; x_wconf 75' lang='lat' dir='ltr'><strong>Francorum</strong></span> <span class='ocrx_word' id='word_1_357' title='bbox 1140 3396 1356 3462; x_wconf 79' lang='lat' dir='ltr'><strong>fuerant</strong></span> <span class='ocrx_word' id='word_1_358' title='bbox 1393 3394 1660 3465; x_wconf 81' lang='lat' dir='ltr'><strong>ingressi:</strong></span> <span class='ocrx_word' id='word_1_359' title='bbox 1693 3409 1726 3450; x_wconf 89' lang='lat' dir='ltr'><strong>e</strong></span> <span class='ocrx_word' id='word_1_360' title='bbox 1751 3391 1948 3464; x_wconf 87' lang='lat' dir='ltr'><strong>quibus</strong></span> <span class='ocrx_word' id='word_1_361' title='bbox 1991 3391 2166 3447; x_wconf 87' lang='lat' dir='ltr'><strong>nullus</strong></span> 
     </span>
    </p>
   </div>
   <div class='ocr_carea' id='block_1_55' title="bbox 589 3481 2167 3560">
    <p class='ocr_par' dir='ltr' id='par_1_55' title="bbox 589 3481 2167 3560">
     <span class='ocr_line' id='line_1_55' title="bbox 589 3481 2167 3560; baseline -0.008 -12"><span class='ocrx_word' id='word_1_362' title='bbox 589 3493 782 3558; x_wconf 85' lang='lat' dir='ltr'><strong>evasit,</strong></span> <span class='ocrx_word' id='word_1_363' title='bbox 814 3491 918 3552; x_wconf 87' lang='lat' dir='ltr'><strong>nisi</strong></span> <span class='ocrx_word' id='word_1_364' title='bbox 948 3505 1108 3560; x_wconf 81' lang='lat' dir='ltr'><strong>quem</strong></span> <span class='ocrx_word' id='word_1_365' title='bbox 1133 3486 1325 3558; x_wconf 85' lang='lat' dir='ltr'><strong>pernix</strong></span> <span class='ocrx_word' id='word_1_366' title='bbox 1348 3485 1474 3558; x_wconf 78' lang='lat' dir='ltr'><strong>fuga</strong></span> <span class='ocrx_word' id='word_1_367' title='bbox 1516 3485 1762 3541; x_wconf 79' lang='lat' dir='ltr'><strong>salvavit.</strong></span> <span class='ocrx_word' id='word_1_368' title='bbox 1791 3485 1888 3540; x_wconf 83' lang='lat' dir='ltr'><strong>Hic</strong></span> <span class='ocrx_word' id='word_1_369' title='bbox 1932 3481 2167 3555; x_wconf 87' lang='lat' dir='ltr'><strong>pueriles</strong></span> 
     </span>
    </p>
   </div>
   <div class='ocr_carea' id='block_1_56' title="bbox 587 3574 2168 3656">
    <p class='ocr_par' dir='ltr' id='par_1_56' title="bbox 587 3574 2168 3656">
     <span class='ocr_line' id='line_1_56' title="bbox 587 3574 2168 3656; baseline -0.008 -14"><span class='ocrx_word' id='word_1_370' title='bbox 587 3594 865 3656; x_wconf 77' lang='lat' dir='ltr'><strong>gerentem</strong></span> <span class='ocrx_word' id='word_1_371' title='bbox 910 3595 1082 3638; x_wconf 87' lang='lat' dir='ltr'><strong>annos</strong></span> <span class='ocrx_word' id='word_1_372' title='bbox 1119 3578 1402 3651; x_wconf 59' lang='lat' dir='ltr'><strong>praefatum</strong></span> <span class='ocrx_word' id='word_1_373' title='bbox 1426 3577 1594 3638; x_wconf 82' lang='lat' dir='ltr'><strong>filium</strong></span> <span class='ocrx_word' id='word_1_374' title='bbox 1619 3593 1784 3644; x_wconf 70' lang='lat' dir='ltr'><strong>suum.</strong></span> <span class='ocrx_word' id='word_1_375' title='bbox 1808 3577 1863 3631; x_wconf 91' lang='lat' dir='ltr'><strong>in</strong></span> <span class='ocrx_word' id='word_1_376' title='bbox 1903 3575 2022 3631; x_wconf 87' lang='lat' dir='ltr'><strong>aula</strong></span> <span class='ocrx_word' id='word_1_377' title='bbox 2054 3574 2168 3648; x_wconf 89' lang='lat' dir='ltr'><strong>glo-</strong></span> 
     </span>
    </p>
   </div>
   <div class='ocr_carea' id='block_1_57' title="bbox 587 3667 2166 3746">
    <p class='ocr_par' dir='ltr' id='par_1_57' title="bbox 587 3667 2166 3746">
     <span class='ocr_line' id='line_1_57' title="bbox 587 3667 2166 3746; baseline -0.006 -14"><span class='ocrx_word' id='word_1_378' title='bbox 587 3675 720 3732; x_wconf 89' lang='lat' dir='ltr'><strong>riosi</strong></span> <span class='ocrx_word' id='word_1_379' title='bbox 760 3673 972 3746; x_wconf 81' lang='lat' dir='ltr'><strong>Pippini</strong></span> <span class='ocrx_word' id='word_1_380' title='bbox 1013 3673 1157 3744; x_wconf 79' lang='lat' dir='ltr'><strong>regis</strong></span> <span class='ocrx_word' id='word_1_381' title='bbox 1186 3672 1386 3743; x_wconf 70' lang='lat' dir='ltr'><strong>reginae</strong></span> <span class='ocrx_word' id='word_1_382' title='bbox 1434 3670 1658 3728; x_wconf 81' lang='lat' dir='ltr'><strong>tradidit</strong></span> <span class='ocrx_word' id='word_1_383' title='bbox 1706 3669 1848 3726; x_wconf 90' lang='lat' dir='ltr'><strong>inter</strong></span> <span class='ocrx_word' id='word_1_384' title='bbox 1892 3667 2166 3728; x_wconf 88' lang='lat' dir='ltr'><strong>scholares</strong></span> 
     </span>
    </p>
   </div>
   <div class='ocr_carea' id='block_1_58' title="bbox 586 3761 2165 3834">
    <p class='ocr_par' dir='ltr' id='par_1_58' title="bbox 586 3761 2165 3834">
     <span class='ocr_line' id='line_1_58' title="bbox 586 3761 2165 3834; baseline -0.006 -12"><span class='ocrx_word' id='word_1_385' title='bbox 586 3765 971 3829; x_wconf 80' lang='lat' dir='ltr'><strong>nutriendum;</strong></span> <span class='ocrx_word' id='word_1_386' title='bbox 1000 3763 1092 3834; x_wconf 91' lang='lat' dir='ltr'><strong>qui</strong></span> <span class='ocrx_word' id='word_1_387' title='bbox 1117 3763 1311 3818; x_wconf 87' lang='lat' dir='ltr'><strong>mentis</strong></span> <span class='ocrx_word' id='word_1_388' title='bbox 1334 3761 1568 3818; x_wconf 85' lang='lat' dir='ltr'><strong>indolem</strong></span> <span class='ocrx_word' id='word_1_389' title='bbox 1599 3775 1815 3832; x_wconf 79' lang='lat' dir='ltr'><strong>gerens,</strong></span> <span class='ocrx_word' id='word_1_390' title='bbox 1843 3774 2005 3831; x_wconf 87' lang='lat' dir='ltr'><strong>supra</strong></span> <span class='ocrx_word' id='word_1_391' title='bbox 2037 3767 2165 3814; x_wconf 69' lang='lat' dir='ltr'><strong>azta-</strong></span> 
     </span>
    </p>
   </div>
   <div class='ocr_carea' id='block_1_59' title="bbox 587 3851 2167 3926">
    <p class='ocr_par' dir='ltr' id='par_1_59' title="bbox 587 3851 2167 3926">
     <span class='ocr_line' id='line_1_59' title="bbox 587 3851 2167 3926; baseline -0.006 -14"><span class='ocrx_word' id='word_1_392' title='bbox 587 3865 697 3916; x_wconf 86' lang='lat' dir='ltr'><strong>tem</strong></span> <span class='ocrx_word' id='word_1_393' title='bbox 731 3855 1056 3926; x_wconf 84' lang='lat' dir='ltr'><strong>diligebatur</strong></span> <span class='ocrx_word' id='word_1_394' title='bbox 1084 3869 1116 3908; x_wconf 89' lang='lat' dir='ltr'><strong>a</strong></span> <span class='ocrx_word' id='word_1_395' title='bbox 1144 3851 1602 3914; x_wconf 83' lang='lat' dir='ltr'><strong>commilitonibus</strong></span> <span class='ocrx_word' id='word_1_396' title='bbox 1648 3869 1660 3904; x_wconf 91' lang='lat'><strong>:</strong></span> <span class='ocrx_word' id='word_1_397' title='bbox 1693 3863 1812 3906; x_wconf 85' lang='lat' dir='ltr'><strong>erat</strong></span> <span class='ocrx_word' id='word_1_398' title='bbox 1855 3851 2053 3921; x_wconf 88' lang='lat' dir='ltr'><strong>quippe</strong></span> <span class='ocrx_word' id='word_1_399' title='bbox 2077 3863 2167 3904; x_wconf 79' lang='lat' dir='ltr'><strong>ve-</strong></span> 
     </span>
    </p>
   </div>
   <div class='ocr_carea' id='block_1_60' title="bbox 585 3943 2168 4012">
    <p class='ocr_par' dir='ltr' id='par_1_60' title="bbox 585 3943 2168 4012">
     <span class='ocr_line' id='line_1_60' title="bbox 585 3943 2168 4012; baseline -0.003 -10"><span class='ocrx_word' id='word_1_400' title='bbox 585 3947 676 4003; x_wconf 88' lang='lat' dir='ltr'><strong>lox</strong></span> <span class='ocrx_word' id='word_1_401' title='bbox 705 3956 761 4002; x_wconf 88' lang='lat' dir='ltr'><strong>et</strong></span> <span class='ocrx_word' id='word_1_402' title='bbox 780 3949 848 4004; x_wconf 86' lang='lat' dir='ltr'><strong>ad</strong></span> <span class='ocrx_word' id='word_1_403' title='bbox 865 3946 1048 4008; x_wconf 82' lang='lat' dir='ltr'><strong>omnia</strong></span> <span class='ocrx_word' id='word_1_404' title='bbox 1066 3945 1232 4008; x_wconf 66' lang='lat' dir='ltr'><strong>utilia.</strong></span> <span class='ocrx_word' id='word_1_405' title='bbox 1263 3945 1392 4002; x_wconf 87' lang='lat' dir='ltr'><strong>Post</strong></span> <span class='ocrx_word' id='word_1_406' title='bbox 1420 3945 1538 4000; x_wconf 74' lang='lat' dir='ltr'><strong>lucc</strong></span> <span class='ocrx_word' id='word_1_407' title='bbox 1569 3958 1701 3998; x_wconf 91' lang='lat' dir='ltr'><strong>vero</strong></span> <span class='ocrx_word' id='word_1_408' title='bbox 1737 3943 2010 4012; x_wconf 70' lang='lat' dir='ltr'><strong>pincernae</strong></span> <span class='ocrx_word' id='word_1_409' title='bbox 2050 3957 2168 3998; x_wconf 88' lang='lat' dir='ltr'><strong>sor-</strong></span> 
     </span>
    </p>
   </div>
   <div class='ocr_carea' id='block_1_61' title="bbox 588 4032 2167 4102">
    <p class='ocr_par' dir='ltr' id='par_1_61' title="bbox 588 4032 2167 4102">
     <span class='ocr_line' id='line_1_61' title="bbox 588 4032 2167 4102; baseline -0.003 -11"><span class='ocrx_word' id='word_1_410' title='bbox 588 4037 726 4092; x_wconf 88' lang='lat' dir='ltr'><strong>titur</strong></span> <span class='ocrx_word' id='word_1_411' title='bbox 746 4035 1000 4094; x_wconf 78' lang='lat' dir='ltr'><strong>cilicium.</strong></span> <span class='ocrx_word' id='word_1_412' title='bbox 1065 4035 1314 4090; x_wconf 80' lang='lat' dir='ltr'><strong>Militavit</strong></span> <span class='ocrx_word' id='word_1_413' title='bbox 1358 4042 1538 4090; x_wconf 86' lang='lat' dir='ltr'><strong>autem</strong></span> <span class='ocrx_word' id='word_1_414' title='bbox 1592 4033 1924 4102; x_wconf 87' lang='lat' dir='ltr'><strong>temporibus</strong></span> <span class='ocrx_word' id='word_1_415' title='bbox 1961 4032 2167 4102; x_wconf 65' lang='lat' dir='ltr'><strong>praefati</strong></span> 
     </span>
    </p>
   </div>
   <div class='ocr_carea' id='block_1_62' title="bbox 587 4124 2168 4198">
    <p class='ocr_par' dir='ltr' id='par_1_62' title="bbox 587 4124 2168 4198">
     <span class='ocr_line' id='line_1_62' title="bbox 587 4124 2168 4198; baseline -0.005 -14"><span class='ocrx_word' id='word_1_416' title='bbox 587 4127 738 4198; x_wconf 88' lang='lat' dir='ltr'><strong>regis</strong></span> <span class='ocrx_word' id='word_1_417' title='bbox 767 4142 780 4181; x_wconf 87' lang='lat'><strong>:</strong></span> <span class='ocrx_word' id='word_1_418' title='bbox 811 4134 934 4198; x_wconf 84' lang='lat' dir='ltr'><strong>post</strong></span> <span class='ocrx_word' id='word_1_419' title='bbox 953 4125 1108 4196; x_wconf 89' lang='lat' dir='ltr'><strong>cujus</strong></span> <span class='ocrx_word' id='word_1_420' title='bbox 1144 4139 1449 4191; x_wconf 74' lang='lat' dir='ltr'><strong>excessum,</strong></span> <span class='ocrx_word' id='word_1_421' title='bbox 1479 4140 1602 4180; x_wconf 88' lang='lat' dir='ltr'><strong>cum</strong></span> <span class='ocrx_word' id='word_1_422' title='bbox 1633 4125 1782 4195; x_wconf 91' lang='lat' dir='ltr'><strong>regni</strong></span> <span class='ocrx_word' id='word_1_423' title='bbox 1809 4124 2168 4194; x_wconf 85' lang='lat' dir='ltr'><strong>gubernacula</strong></span> 
     </span>
    </p>
   </div>
   <div class='ocr_carea' id='block_1_63' title="bbox 593 4213 2170 4289">
    <p class='ocr_par' dir='ltr' id='par_1_63' title="bbox 593 4213 2170 4289">
     <span class='ocr_line' id='line_1_63' title="bbox 593 4213 2170 4289; baseline -0.005 -11"><span class='ocrx_word' id='word_1_424' title='bbox 593 4217 820 4278; x_wconf 87' lang='lat' dir='ltr'><strong>Carolus</strong></span> <span class='ocrx_word' id='word_1_425' title='bbox 843 4216 1266 4289; x_wconf 81' lang='lat' dir='ltr'><strong>gloriosissimus</strong></span> <span class='ocrx_word' id='word_1_426' title='bbox 1289 4231 1384 4272; x_wconf 90' lang='lat' dir='ltr'><strong>rex</strong></span> <span class='ocrx_word' id='word_1_427' title='bbox 1405 4216 1688 4286; x_wconf 85' lang='lat' dir='ltr'><strong>potiretur,</strong></span> <span class='ocrx_word' id='word_1_428' title='bbox 1713 4215 1766 4269; x_wconf 87' lang='lat' dir='ltr'><strong>ei</strong></span> <span class='ocrx_word' id='word_1_429' title='bbox 1791 4213 2020 4270; x_wconf 59' lang='lat' dir='ltr'><strong>adhaesit</strong></span> <span class='ocrx_word' id='word_1_430' title='bbox 2056 4230 2170 4270; x_wconf 83' lang='lat' dir='ltr'><strong>ser-</strong></span> 
     </span>
    </p>
   </div>
   <div class='ocr_carea' id='block_1_64' title="bbox 588 4313 863 4370">
    <p class='ocr_par' dir='ltr' id='par_1_64' title="bbox 588 4313 863 4370">
     <span class='ocr_line' id='line_1_64' title="bbox 588 4313 863 4370; baseline -0.011 -3"><span class='ocrx_word' id='word_1_431' title='bbox 588 4313 819 4370; x_wconf 87' lang='lat' dir='ltr'><strong>viturus.</strong></span> <span class='ocrx_word' id='word_1_432' title='bbox 845 4320 863 4335; x_wconf 82' lang='lat'><strong><em>‘</em></strong></span> 
     </span>
    </p>
   </div>
   <div class='ocr_carea' id='block_1_65' title="bbox 655 4398 2170 4471">
    <p class='ocr_par' dir='ltr' id='par_1_65' title="bbox 655 4398 2170 4471">
     <span class='ocr_line' id='line_1_65' title="bbox 655 4398 2170 4471; baseline 0.001 -16"><span class='ocrx_word' id='word_1_433' title='bbox 655 4400 711 4456; x_wconf 85' lang='lat'><strong>5.</strong></span> <span class='ocrx_word' id='word_1_434' title='bbox 736 4401 945 4458; x_wconf 85' lang='lat' dir='ltr'><strong>Interea</strong></span> <span class='ocrx_word' id='word_1_435' title='bbox 970 4399 1278 4462; x_wconf 77' lang='lat' dir='ltr'><strong>illustrante</strong></span> <span class='ocrx_word' id='word_1_436' title='bbox 1305 4398 1487 4456; x_wconf 85' lang='lat' dir='ltr'><strong>divina</strong></span> <span class='ocrx_word' id='word_1_437' title='bbox 1527 4401 1699 4471; x_wconf 87' lang='lat' dir='ltr'><strong>gratia</strong></span> <span class='ocrx_word' id='word_1_438' title='bbox 1725 4441 1740 4467; x_wconf 92' lang='lat'><strong>,</strong></span> <span class='ocrx_word' id='word_1_439' title='bbox 1793 4414 2028 4469; x_wconf 84' lang='lat' dir='ltr'><strong>superno</strong></span> <span class='ocrx_word' id='word_1_440' title='bbox 2058 4415 2170 4456; x_wconf 73' lang='lat' dir='ltr'><strong>caa-</strong></span> 
     </span>
    </p>
   </div>
   <div class='ocr_carea' id='block_1_66' title="bbox 2270 3202 3854 3278">
    <p class='ocr_par' dir='ltr' id='par_1_66' title="bbox 2270 3202 3854 3278">
     <span class='ocr_line' id='line_1_66' title="bbox 2270 3202 3854 3278; baseline -0.006 -12"><span class='ocrx_word' id='word_1_441' title='bbox 2270 3209 2415 3266; x_wconf 88' lang='lat' dir='ltr'><strong>mine</strong></span> <span class='ocrx_word' id='word_1_442' title='bbox 2448 3207 2741 3264; x_wconf 77' lang='lat' dir='ltr'><strong>ﬂuctuante</strong></span> <span class='ocrx_word' id='word_1_443' title='bbox 2765 3205 2948 3266; x_wconf 86' lang='lat' dir='ltr'><strong>animo</strong></span> <span class='ocrx_word' id='word_1_444' title='bbox 2976 3205 3046 3260; x_wconf 88' lang='lat' dir='ltr'><strong>ad</strong></span> <span class='ocrx_word' id='word_1_445' title='bbox 3080 3217 3324 3276; x_wconf 63' lang='lat' dir='ltr'><strong>amoma</strong></span> <span class='ocrx_word' id='word_1_446' title='bbox 3353 3217 3414 3274; x_wconf 77' lang='lat' dir='ltr'><strong>se</strong></span> <span class='ocrx_word' id='word_1_447' title='bbox 3439 3203 3566 3258; x_wconf 79' lang='lat' dir='ltr'><strong>vitae</strong></span> <span class='ocrx_word' id='word_1_448' title='bbox 3592 3202 3854 3278; x_wconf 78' lang='lat' dir='ltr'><strong>regularis</strong></span> 
     </span>
    </p>
   </div>
   <div class='ocr_carea' id='block_1_67' title="bbox 2267 3301 2557 3370">
    <p class='ocr_par' dir='ltr' id='par_1_67' title="bbox 2267 3301 2557 3370">
     <span class='ocr_line' id='line_1_67' title="bbox 2267 3301 2557 3370; baseline -0.024 -9"><span class='ocrx_word' id='word_1_449' title='bbox 2267 3301 2557 3370; x_wconf 82' lang='lat' dir='ltr'><strong>convertit.</strong></span> 
     </span>
    </p>
   </div>
   <div class='ocr_carea' id='block_1_68' title="bbox 2255 3381 3851 3464">
    <p class='ocr_par' dir='ltr' id='par_1_68' title="bbox 2255 3381 3851 3464">
     <span class='ocr_line' id='line_1_68' title="bbox 2255 3381 3851 3464; baseline -0.003 -18"><span class='ocrx_word' id='word_1_450' title='bbox 2255 3381 2267 3402; x_wconf 85' lang='lat'><strong><em>&#39;</em></strong></span> <span class='ocrx_word' id='word_1_451' title='bbox 2337 3389 2391 3448; x_wconf 82' lang='grc'><strong>6.</strong></span> <span class='ocrx_word' id='word_1_452' title='bbox 2433 3391 2509 3446; x_wconf 84' lang='lat' dir='ltr'><strong>Eo</strong></span> <span class='ocrx_word' id='word_1_453' title='bbox 2565 3403 2798 3462; x_wconf 81' lang='lat' dir='ltr'><strong>namque</strong></span> <span class='ocrx_word' id='word_1_454' title='bbox 2854 3404 2998 3460; x_wconf 83' lang='lat' dir='ltr'><strong>anno</strong></span> <span class='ocrx_word' id='word_1_455' title='bbox 3027 3404 3136 3464; x_wconf 74' lang='lat' dir='ltr'><strong>quo</strong></span> <span class='ocrx_word' id='word_1_456' title='bbox 3185 3388 3348 3462; x_wconf 79' lang='lat' dir='ltr'><strong>Ita-lia</strong></span> <span class='ocrx_word' id='word_1_457' title='bbox 3396 3387 3621 3462; x_wconf 76' lang='lat' dir='ltr'><strong>gloriosi</strong></span> <span class='ocrx_word' id='word_1_458' title='bbox 3676 3385 3851 3448; x_wconf 73' lang='lat' dir='ltr'><strong>Caroli</strong></span> 
     </span>
    </p>
   </div>
   <div class='ocr_carea' id='block_1_69' title="bbox 2268 3479 3851 3553">
    <p class='ocr_par' dir='ltr' id='par_1_69' title="bbox 2268 3479 3851 3553">
     <span class='ocr_line' id='line_1_69' title="bbox 2268 3479 3851 3553; baseline -0.003 -15"><span class='ocrx_word' id='word_1_459' title='bbox 2268 3483 2413 3553; x_wconf 89' lang='lat' dir='ltr'><strong>regis</strong></span> <span class='ocrx_word' id='word_1_460' title='bbox 2443 3481 2636 3538; x_wconf 90' lang='lat' dir='ltr'><strong>ditioni</strong></span> <span class='ocrx_word' id='word_1_461' title='bbox 2665 3481 2910 3552; x_wconf 81' lang='lat' dir='ltr'><strong>subjecta</strong></span> <span class='ocrx_word' id='word_1_462' title='bbox 2947 3489 3052 3550; x_wconf 90' lang='lat' dir='ltr'><strong>est,</strong></span> <span class='ocrx_word' id='word_1_463' title='bbox 3096 3497 3220 3540; x_wconf 91' lang='lat' dir='ltr'><strong>cum</strong></span> <span class='ocrx_word' id='word_1_464' title='bbox 3257 3479 3426 3536; x_wconf 67' lang='lat' dir='ltr'><strong>frater</strong></span> <span class='ocrx_word' id='word_1_465' title='bbox 3479 3480 3599 3552; x_wconf 73' lang='lat' dir='ltr'><strong>eius</strong></span> <span class='ocrx_word' id='word_1_466' title='bbox 3641 3480 3851 3536; x_wconf 67' lang='lat' dir='ltr'><strong>iw</strong></span> 
     </span>
    </p>
   </div>
   <div class='ocr_carea' id='block_1_70' title="bbox 2267 3574 3850 3646">
    <p class='ocr_par' dir='ltr' id='par_1_70' title="bbox 2267 3574 3850 3646">
     <span class='ocr_line' id='line_1_70' title="bbox 2267 3574 3850 3646; baseline -0.001 -14"><span class='ocrx_word' id='word_1_467' title='bbox 2267 3577 2490 3632; x_wconf 79' lang='lat' dir='ltr'><strong>ﬂuvium</strong></span> <span class='ocrx_word' id='word_1_468' title='bbox 2534 3575 2822 3646; x_wconf 83' lang='lat' dir='ltr'><strong>quemdam</strong></span> <span class='ocrx_word' id='word_1_469' title='bbox 2854 3575 3213 3636; x_wconf 78' lang='lat' dir='ltr'><strong>transfretare</strong></span> <span class='ocrx_word' id='word_1_470' title='bbox 3244 3574 3428 3640; x_wconf 88' lang='lat' dir='ltr'><strong>vellet,</strong></span> <span class='ocrx_word' id='word_1_471' title='bbox 3459 3581 3516 3629; x_wconf 88' lang='lat' dir='ltr'><strong>et</strong></span> <span class='ocrx_word' id='word_1_472' title='bbox 3560 3590 3592 3628; x_wconf 90' lang='lat' dir='ltr'><strong>a</strong></span> <span class='ocrx_word' id='word_1_473' title='bbox 3645 3583 3850 3630; x_wconf 84' lang='lat' dir='ltr'><strong>tumen-</strong></span> 
     </span>
    </p>
   </div>
   <div class='ocr_carea' id='block_1_71' title="bbox 2268 3663 3848 3745">
    <p class='ocr_par' dir='ltr' id='par_1_71' title="bbox 2268 3663 3848 3745">
     <span class='ocr_line' id='line_1_71' title="bbox 2268 3663 3848 3745; baseline -0.003 -21"><span class='ocrx_word' id='word_1_474' title='bbox 2268 3669 2412 3742; x_wconf 82' lang='lat' dir='ltr'><strong>tibus</strong></span> <span class='ocrx_word' id='word_1_475' title='bbox 2451 3676 2734 3744; x_wconf 80' lang='lat' dir='ltr'><strong>raperetur</strong></span> <span class='ocrx_word' id='word_1_476' title='bbox 2778 3667 2938 3724; x_wconf 87' lang='lat' dir='ltr'><strong>undis</strong></span> <span class='ocrx_word' id='word_1_477' title='bbox 2957 3709 2980 3745; x_wconf 26' lang='grc' dir='ltr'><strong>,ι</strong></span> <span class='ocrx_word' id='word_1_478' title='bbox 3012 3669 3104 3726; x_wconf 88' lang='lat' dir='ltr'><strong>hic</strong></span> <span class='ocrx_word' id='word_1_479' title='bbox 3136 3683 3276 3739; x_wconf 85' lang='lat' dir='ltr'><strong>equo</strong></span> <span class='ocrx_word' id='word_1_480' title='bbox 3308 3666 3524 3732; x_wconf 85' lang='lat' dir='ltr'><strong>sedens,</strong></span> <span class='ocrx_word' id='word_1_481' title='bbox 3556 3663 3848 3735; x_wconf 77' lang='lat' dir='ltr'><strong>periculum</strong></span> 
     </span>
    </p>
   </div>
   <div class='ocr_carea' id='block_1_72' title="bbox 2267 3756 3850 3834">
    <p class='ocr_par' dir='ltr' id='par_1_72' title="bbox 2267 3756 3850 3834">
     <span class='ocr_line' id='line_1_72' title="bbox 2267 3756 3850 3834; baseline -0.024 4"><span class='ocrx_word' id='word_1_482' title='bbox 2267 3762 2602 3834; x_wconf 74' lang='lat' dir='ltr'><strong>consPiciens</strong></span> <span class='ocrx_word' id='word_1_483' title='bbox 2622 3760 2827 3826; x_wconf 82' lang='lat' dir='ltr'><strong>fratris,</strong></span> <span class='ocrx_word' id='word_1_484' title='bbox 2854 3775 2976 3820; x_wconf 85' lang='lat' dir='ltr'><strong>sese</strong></span> <span class='ocrx_word' id='word_1_485' title='bbox 3003 3761 3145 3817; x_wconf 87' lang='lat' dir='ltr'><strong>inter</strong></span> <span class='ocrx_word' id='word_1_486' title='bbox 3183 3760 3358 3834; x_wconf 84' lang='lat' dir='ltr'><strong>undas</strong></span> <span class='ocrx_word' id='word_1_487' title='bbox 3384 3757 3722 3833; x_wconf 63' lang='lat' dir='ltr'><strong>prmdpiieni</strong></span> <span class='ocrx_word' id='word_1_488' title='bbox 3767 3756 3850 3814; x_wconf 64' lang='lat' dir='ltr'><strong>de.</strong></span> 
     </span>
    </p>
   </div>
   <div class='ocr_carea' id='block_1_73' title="bbox 2269 3851 3850 3925">
    <p class='ocr_par' dir='ltr' id='par_1_73' title="bbox 2269 3851 3850 3925">
     <span class='ocr_line' id='line_1_73' title="bbox 2269 3851 3850 3925; baseline -0.005 -15"><span class='ocrx_word' id='word_1_489' title='bbox 2269 3855 2367 3925; x_wconf 80' lang='lat' dir='ltr'><strong>dit,</strong></span> <span class='ocrx_word' id='word_1_490' title='bbox 2398 3861 2462 3908; x_wconf 91' lang='lat' dir='ltr'><strong>ut</strong></span> <span class='ocrx_word' id='word_1_491' title='bbox 2500 3860 2818 3924; x_wconf 81' lang='lat' dir='ltr'><strong>pereuntem</strong></span> <span class='ocrx_word' id='word_1_492' title='bbox 2839 3869 2872 3908; x_wconf 89' lang='lat' dir='ltr'><strong>a</strong></span> <span class='ocrx_word' id='word_1_493' title='bbox 2900 3852 3141 3924; x_wconf 87' lang='lat' dir='ltr'><strong>periculo</strong></span> <span class='ocrx_word' id='word_1_494' title='bbox 3164 3851 3418 3918; x_wconf 83' lang='lat' dir='ltr'><strong>redderet</strong></span> <span class='ocrx_word' id='word_1_495' title='bbox 3444 3857 3743 3916; x_wconf 67' lang='lat' dir='ltr'><strong>extorrem,</strong></span> <span class='ocrx_word' id='word_1_496' title='bbox 3776 3856 3850 3903; x_wconf 82' lang='lat' dir='ltr'><strong>at-</strong></span> 
     </span>
    </p>
   </div>
   <div class='ocr_carea' id='block_1_74' title="bbox 2269 3942 3848 4016">
    <p class='ocr_par' dir='ltr' id='par_1_74' title="bbox 2269 3942 3848 4016">
     <span class='ocr_line' id='line_1_74' title="bbox 2269 3942 3848 4016; baseline -0.003 -17"><span class='ocrx_word' id='word_1_497' title='bbox 2269 3959 2374 4016; x_wconf 93' lang='lat' dir='ltr'><strong>que</strong></span> <span class='ocrx_word' id='word_1_498' title='bbox 2406 3951 2626 4014; x_wconf 78' lang='lat' dir='ltr'><strong>nutante</strong></span> <span class='ocrx_word' id='word_1_499' title='bbox 2647 3958 2787 4015; x_wconf 82' lang='lat' dir='ltr'><strong>equo</strong></span> <span class='ocrx_word' id='word_1_500' title='bbox 2811 3942 3000 4006; x_wconf 80' lang='lat' dir='ltr'><strong>fratris</strong></span> <span class='ocrx_word' id='word_1_501' title='bbox 3021 3942 3202 4015; x_wconf 82' lang='lat' dir='ltr'><strong>attigit</strong></span> <span class='ocrx_word' id='word_1_502' title='bbox 3224 3957 3479 4012; x_wconf 75' lang='lat' dir='ltr'><strong>manum;</strong></span> <span class='ocrx_word' id='word_1_503' title='bbox 3535 3953 3701 4012; x_wconf 83' lang='lat' dir='ltr'><strong>quem</strong></span> <span class='ocrx_word' id='word_1_504' title='bbox 3732 3953 3848 3994; x_wconf 86' lang='lat' dir='ltr'><strong>cum</strong></span> 
     </span>
    </p>
   </div>
   <div class='ocr_carea' id='block_1_75' title="bbox 2269 4031 3849 4105">
    <p class='ocr_par' dir='ltr' id='par_1_75' title="bbox 2269 4031 3849 4105">
     <span class='ocr_line' id='line_1_75' title="bbox 2269 4031 3849 4105; baseline -0.004 -13"><span class='ocrx_word' id='word_1_505' title='bbox 2269 4035 2460 4099; x_wconf 87' lang='lat' dir='ltr'><strong>tenuit,</strong></span> <span class='ocrx_word' id='word_1_506' title='bbox 2492 4043 2670 4098; x_wconf 85' lang='lat' dir='ltr'><strong>tentus</strong></span> <span class='ocrx_word' id='word_1_507' title='bbox 2700 4042 2819 4100; x_wconf 91' lang='lat' dir='ltr'><strong>est;</strong></span> <span class='ocrx_word' id='word_1_508' title='bbox 2872 4035 3072 4105; x_wconf 78' lang='lat' dir='ltr'><strong>vixque</strong></span> <span class='ocrx_word' id='word_1_509' title='bbox 3116 4034 3207 4104; x_wconf 89' lang='lat' dir='ltr'><strong>qui</strong></span> <span class='ocrx_word' id='word_1_510' title='bbox 3262 4033 3476 4104; x_wconf 76' lang='lat' dir='ltr'><strong>eripere</strong></span> <span class='ocrx_word' id='word_1_511' title='bbox 3531 4031 3849 4088; x_wconf 81' lang='lat' dir='ltr'><strong>morientem</strong></span> 
     </span>
    </p>
   </div>
   <div class='ocr_carea' id='block_1_76' title="bbox 2267 4121 3849 4200">
    <p class='ocr_par' dir='ltr' id='par_1_76' title="bbox 2267 4121 3849 4200">
     <span class='ocr_line' id='line_1_76' title="bbox 2267 4121 3849 4200; baseline -0.005 -16"><span class='ocrx_word' id='word_1_512' title='bbox 2267 4128 2456 4196; x_wconf 90' lang='lat' dir='ltr'><strong>voluit,</strong></span> <span class='ocrx_word' id='word_1_513' title='bbox 2503 4129 2694 4200; x_wconf 85' lang='lat' dir='ltr'><strong>mortis</strong></span> <span class='ocrx_word' id='word_1_514' title='bbox 2723 4127 2896 4182; x_wconf 87' lang='lat' dir='ltr'><strong>evasit</strong></span> <span class='ocrx_word' id='word_1_515' title='bbox 2934 4125 3254 4199; x_wconf 88' lang='lat' dir='ltr'><strong>periculum.</strong></span> <span class='ocrx_word' id='word_1_516' title='bbox 3302 4123 3454 4180; x_wconf 85' lang='lat' dir='ltr'><strong>Tunc</strong></span> <span class='ocrx_word' id='word_1_517' title='bbox 3483 4139 3542 4186; x_wconf 85' lang='lat' dir='ltr'><strong>se</strong></span> <span class='ocrx_word' id='word_1_518' title='bbox 3571 4130 3698 4178; x_wconf 84' lang='lat' dir='ltr'><strong>voto</strong></span> <span class='ocrx_word' id='word_1_519' title='bbox 3745 4121 3849 4177; x_wconf 86' lang='lat' dir='ltr'><strong>Deo</strong></span> 
     </span>
    </p>
   </div>
   <div class='ocr_carea' id='block_1_77' title="bbox 2269 4211 3847 4289">
    <p class='ocr_par' dir='ltr' id='par_1_77' title="bbox 2269 4211 3847 4289">
     <span class='ocr_line' id='line_1_77' title="bbox 2269 4211 3847 4289; baseline -0.008 -12"><span class='ocrx_word' id='word_1_520' title='bbox 2269 4221 2615 4287; x_wconf 86' lang='lat' dir='ltr'><strong>constrinxit,</strong></span> <span class='ocrx_word' id='word_1_521' title='bbox 2642 4219 2839 4276; x_wconf 64' lang='lat' dir='ltr'><strong>saeculo</strong></span> <span class='ocrx_word' id='word_1_522' title='bbox 2881 4218 3137 4289; x_wconf 85' lang='lat' dir='ltr'><strong>deinceps</strong></span> <span class='ocrx_word' id='word_1_523' title='bbox 3166 4232 3275 4272; x_wconf 92' lang='lat' dir='ltr'><strong>non</strong></span> <span class='ocrx_word' id='word_1_524' title='bbox 3319 4215 3684 4276; x_wconf 87' lang='lat' dir='ltr'><strong>militaturum</strong></span> <span class='ocrx_word' id='word_1_525' title='bbox 3755 4211 3847 4267; x_wconf 79' lang='lat' dir='ltr'><strong>Pa-</strong></span> 
     </span>
    </p>
   </div>
   <div class='ocr_carea' id='block_1_78' title="bbox 2267 4304 3848 4384">
    <p class='ocr_par' dir='ltr' id='par_1_78' title="bbox 2267 4304 3848 4384">
     <span class='ocr_line' id='line_1_78' title="bbox 2267 4304 3848 4384; baseline -0.007 -16"><span class='ocrx_word' id='word_1_526' title='bbox 2267 4314 2434 4368; x_wconf 90' lang='lat' dir='ltr'><strong>triam</strong></span> <span class='ocrx_word' id='word_1_527' title='bbox 2480 4313 2635 4384; x_wconf 88' lang='lat' dir='ltr'><strong>petit,</strong></span> <span class='ocrx_word' id='word_1_528' title='bbox 2682 4313 2776 4370; x_wconf 89' lang='lat' dir='ltr'><strong>sed</strong></span> <span class='ocrx_word' id='word_1_529' title='bbox 2801 4311 2906 4368; x_wconf 85' lang='lat' dir='ltr'><strong>hoc</strong></span> <span class='ocrx_word' id='word_1_530' title='bbox 2949 4310 3090 4381; x_wconf 89' lang='lat' dir='ltr'><strong>patri</strong></span> <span class='ocrx_word' id='word_1_531' title='bbox 3148 4325 3258 4364; x_wconf 91' lang='lat' dir='ltr'><strong>non</strong></span> <span class='ocrx_word' id='word_1_532' title='bbox 3299 4307 3574 4380; x_wconf 82' lang='lat' dir='ltr'><strong>patefecit.</strong></span> <span class='ocrx_word' id='word_1_533' title='bbox 3625 4304 3848 4372; x_wconf 79' lang='lat' dir='ltr'><strong>Quidam</strong></span> 
     </span>
    </p>
   </div>
   <div class='ocr_carea' id='block_1_79' title="bbox 2267 4399 3848 4472">
    <p class='ocr_par' dir='ltr' id='par_1_79' title="bbox 2267 4399 3848 4472">
     <span class='ocr_line' id='line_1_79' title="bbox 2267 4399 3848 4472; baseline -0.007 -12"><span class='ocrx_word' id='word_1_534' title='bbox 2267 4415 2448 4461; x_wconf 90' lang='lat' dir='ltr'><strong>autem</strong></span> <span class='ocrx_word' id='word_1_535' title='bbox 2477 4412 2597 4460; x_wconf 86' lang='lat' dir='ltr'><strong>erat</strong></span> <span class='ocrx_word' id='word_1_536' title='bbox 2627 4403 2911 4472; x_wconf 86' lang='lat' dir='ltr'><strong>religiosus</strong></span> <span class='ocrx_word' id='word_1_537' title='bbox 2937 4399 3263 4470; x_wconf 22' lang='lat' dir='ltr'><strong>,Widmarus</strong></span> <span class='ocrx_word' id='word_1_538' title='bbox 3312 4399 3555 4463; x_wconf 88' lang='lat' dir='ltr'><strong>nomine,</strong></span> <span class='ocrx_word' id='word_1_539' title='bbox 3595 4407 3848 4466; x_wconf 83' lang='lat' dir='ltr'><strong>corporea</strong></span> 
     </span>
    </p>
   </div>
   <div class='ocr_carea' id='block_1_80' title="bbox 587 4485 3850 4568">
    <p class='ocr_par' dir='ltr' id='par_1_80' title="bbox 587 4485 3850 4568">
     <span class='ocr_line' id='line_1_80' title="bbox 587 4485 3850 4568; baseline -0.002 -20"><span class='ocrx_word' id='word_1_540' title='bbox 587 4492 670 4564; x_wconf 85' lang='lat' dir='ltr'><strong>pit</strong></span> <span class='ocrx_word' id='word_1_541' title='bbox 705 4490 935 4564; x_wconf 78' lang='lat' dir='ltr'><strong>ﬂagrare</strong></span> <span class='ocrx_word' id='word_1_542' title='bbox 979 4508 1183 4556; x_wconf 86' lang='lat' dir='ltr'><strong>amore,</strong></span> <span class='ocrx_word' id='word_1_543' title='bbox 1237 4500 1296 4548; x_wconf 89' lang='lat' dir='ltr'><strong>et</strong></span> <span class='ocrx_word' id='word_1_544' title='bbox 1334 4500 1396 4548; x_wconf 85' lang='lat' dir='ltr'><strong>ut</strong></span> <span class='ocrx_word' id='word_1_545' title='bbox 1439 4493 1694 4552; x_wconf 65' lang='lat' dir='ltr'><strong>Saeculum</strong></span> <span class='ocrx_word' id='word_1_546' title='bbox 1741 4494 2012 4562; x_wconf 88' lang='lat' dir='ltr'><strong>linqueret</strong></span> <span class='ocrx_word' id='word_1_547' title='bbox 2042 4493 2170 4548; x_wconf 91' lang='lat' dir='ltr'><strong>totis</strong></span> <span class='ocrx_word' id='word_1_548' title='bbox 2194 4497 2395 4568; x_wconf 74' lang='lat' dir='ltr'><strong>Dluce</strong></span> <span class='ocrx_word' id='word_1_549' title='bbox 2423 4510 2651 4561; x_wconf 89' lang='lat' dir='ltr'><strong>carens,</strong></span> <span class='ocrx_word' id='word_1_550' title='bbox 2689 4494 2782 4556; x_wconf 73' lang='lat' dir='ltr'><strong>Sed</strong></span> <span class='ocrx_word' id='word_1_551' title='bbox 2819 4494 3000 4550; x_wconf 91' lang='lat' dir='ltr'><strong>cordis</strong></span> <span class='ocrx_word' id='word_1_552' title='bbox 3034 4492 3154 4548; x_wconf 91' lang='lat' dir='ltr'><strong>luce</strong></span> <span class='ocrx_word' id='word_1_553' title='bbox 3184 4490 3555 4562; x_wconf 88' lang='lat' dir='ltr'><strong>resplendens,</strong></span> <span class='ocrx_word' id='word_1_554' title='bbox 3606 4487 3697 4544; x_wconf 92' lang='lat' dir='ltr'><strong>cui</strong></span> <span class='ocrx_word' id='word_1_555' title='bbox 3725 4485 3850 4541; x_wconf 85' lang='lat' dir='ltr'><strong>velle</strong></span> 
     </span>
    </p>
   </div>
   <div class='ocr_carea' id='block_1_81' title="bbox 589 4584 2171 4654">
    <p class='ocr_par' dir='ltr' id='par_1_81' title="bbox 589 4584 2171 4654">
     <span class='ocr_line' id='line_1_81' title="bbox 589 4584 2171 4654; baseline 0.001 -15"><span class='ocrx_word' id='word_1_556' title='bbox 589 4591 824 4652; x_wconf 76' lang='lat' dir='ltr'><strong>aestuare</strong></span> <span class='ocrx_word' id='word_1_557' title='bbox 844 4584 1068 4648; x_wconf 83' lang='lat' dir='ltr'><strong>nisibus,</strong></span> <span class='ocrx_word' id='word_1_558' title='bbox 1090 4585 1498 4654; x_wconf 80' lang='lat' dir='ltr'><strong>periturumque</strong></span> <span class='ocrx_word' id='word_1_559' title='bbox 1520 4585 1764 4642; x_wconf 83' lang='lat' dir='ltr'><strong>fastidire</strong></span> <span class='ocrx_word' id='word_1_560' title='bbox 1792 4587 2077 4650; x_wconf 88' lang='lat' dir='ltr'><strong>honorem,</strong></span> <span class='ocrx_word' id='word_1_561' title='bbox 2103 4586 2171 4641; x_wconf 92' lang='lat' dir='ltr'><strong>ad</strong></span> 
     </span>
    </p>
   </div>
   <div class='ocr_carea' id='block_1_82' title="bbox 591 4675 2170 4748">
    <p class='ocr_par' dir='ltr' id='par_1_82' title="bbox 591 4675 2170 4748">
     <span class='ocr_line' id='line_1_82' title="bbox 591 4675 2170 4748; baseline 0.002 -20"><span class='ocrx_word' id='word_1_562' title='bbox 591 4690 754 4746; x_wconf 84' lang='lat' dir='ltr'><strong>quem</strong></span> <span class='ocrx_word' id='word_1_563' title='bbox 781 4690 906 4732; x_wconf 86' lang='lat' dir='ltr'><strong>cum</strong></span> <span class='ocrx_word' id='word_1_564' title='bbox 930 4675 1118 4732; x_wconf 83' lang='lat' dir='ltr'><strong>labore</strong></span> <span class='ocrx_word' id='word_1_565' title='bbox 1149 4677 1416 4748; x_wconf 83' lang='lat' dir='ltr'><strong>attingere</strong></span> <span class='ocrx_word' id='word_1_566' title='bbox 1443 4691 1601 4747; x_wconf 83' lang='lat' dir='ltr'><strong>posse</strong></span> <span class='ocrx_word' id='word_1_567' title='bbox 1637 4677 1912 4740; x_wconf 84' lang='lat' dir='ltr'><strong>cernebat,</strong></span> <span class='ocrx_word' id='word_1_568' title='bbox 1955 4675 2051 4737; x_wconf 84' lang='lat' dir='ltr'><strong>sed</strong></span> <span class='ocrx_word' id='word_1_569' title='bbox 2077 4677 2170 4731; x_wconf 92' lang='lat' dir='ltr'><strong>ad-</strong></span> 
     </span>
    </p>
   </div>
   <div class='ocr_carea' id='block_1_83' title="bbox 589 4768 2170 4839">
    <p class='ocr_par' dir='ltr' id='par_1_83' title="bbox 589 4768 2170 4839">
     <span class='ocr_line' id='line_1_83' title="bbox 589 4768 2170 4839; baseline -0.003 -11"><span class='ocrx_word' id='word_1_570' title='bbox 589 4775 782 4839; x_wconf 78' lang='lat' dir='ltr'><strong>eptum</strong></span> <span class='ocrx_word' id='word_1_571' title='bbox 796 4768 906 4826; x_wconf 88' lang='lat' dir='ltr'><strong>cito</strong></span> <span class='ocrx_word' id='word_1_572' title='bbox 935 4769 1201 4826; x_wconf 84' lang='lat' dir='ltr'><strong>amittere.</strong></span> <span class='ocrx_word' id='word_1_573' title='bbox 1225 4768 1331 4826; x_wconf 82' lang='lat' dir='ltr'><strong>Per</strong></span> <span class='ocrx_word' id='word_1_574' title='bbox 1359 4770 1652 4830; x_wconf 79' lang='lat' dir='ltr'><strong>triennium</strong></span> <span class='ocrx_word' id='word_1_575' title='bbox 1678 4779 1856 4826; x_wconf 87' lang='lat' dir='ltr'><strong>autem</strong></span> <span class='ocrx_word' id='word_1_576' title='bbox 1884 4771 1988 4830; x_wconf 84' lang='lat' dir='ltr'><strong>hoc</strong></span> <span class='ocrx_word' id='word_1_577' title='bbox 2007 4769 2170 4832; x_wconf 79' lang='lat' dir='ltr'><strong>corde</strong></span> 
     </span>
    </p>
   </div>
   <div class='ocr_carea' id='block_1_84' title="bbox 588 4857 2170 4934">
    <p class='ocr_par' dir='ltr' id='par_1_84' title="bbox 588 4857 2170 4934">
     <span class='ocr_line' id='line_1_84' title="bbox 588 4857 2170 4934; baseline 0 -18"><span class='ocrx_word' id='word_1_578' title='bbox 588 4866 796 4930; x_wconf 79' lang='lat' dir='ltr'><strong>tegens,</strong></span> <span class='ocrx_word' id='word_1_579' title='bbox 825 4857 926 4916; x_wconf 85' lang='lat' dir='ltr'><strong>soli</strong></span> <span class='ocrx_word' id='word_1_580' title='bbox 947 4858 1058 4920; x_wconf 89' lang='lat' dir='ltr'><strong>Deo</strong></span> <span class='ocrx_word' id='word_1_581' title='bbox 1083 4868 1354 4934; x_wconf 76' lang='lat' dir='ltr'><strong>secretum</strong></span> <span class='ocrx_word' id='word_1_582' title='bbox 1376 4862 1566 4926; x_wconf 86' lang='lat' dir='ltr'><strong>tenuit,</strong></span> <span class='ocrx_word' id='word_1_583' title='bbox 1587 4875 1833 4932; x_wconf 76' lang='lat' dir='ltr'><strong>corpore,</strong></span> <span class='ocrx_word' id='word_1_584' title='bbox 1859 4877 1969 4917; x_wconf 89' lang='lat' dir='ltr'><strong>non</strong></span> <span class='ocrx_word' id='word_1_585' title='bbox 1989 4869 2170 4916; x_wconf 86' lang='lat' dir='ltr'><strong>mente</strong></span> 
     </span>
    </p>
   </div>
   <div class='ocr_carea' id='block_1_85' title="bbox 588 4951 2169 5024">
    <p class='ocr_par' dir='ltr' id='par_1_85' title="bbox 588 4951 2169 5024">
     <span class='ocr_line' id='line_1_85' title="bbox 588 4951 2169 5024; baseline 0.002 -18"><span class='ocrx_word' id='word_1_586' title='bbox 588 4966 647 5006; x_wconf 87' lang='lat' dir='ltr'><strong>se</strong></span> <span class='ocrx_word' id='word_1_587' title='bbox 675 4951 858 5014; x_wconf 64' lang='lat' dir='ltr'><strong>surculi</strong></span> <span class='ocrx_word' id='word_1_588' title='bbox 883 4951 1095 5012; x_wconf 84' lang='lat' dir='ltr'><strong>actibus</strong></span> <span class='ocrx_word' id='word_1_589' title='bbox 1118 4951 1380 5016; x_wconf 74' lang='lat' dir='ltr'><strong>inserens.</strong></span> <span class='ocrx_word' id='word_1_590' title='bbox 1415 4953 1680 5016; x_wconf 70' lang='lat' dir='ltr'><strong>Tentabat</strong></span> <span class='ocrx_word' id='word_1_591' title='bbox 1704 4953 1868 5024; x_wconf 87' lang='lat' dir='ltr'><strong>igitur</strong></span> <span class='ocrx_word' id='word_1_592' title='bbox 1885 4953 2025 5010; x_wconf 79' lang='lat' dir='ltr'><strong>infra</strong></span> <span class='ocrx_word' id='word_1_593' title='bbox 2065 4954 2169 5010; x_wconf 90' lang='lat' dir='ltr'><strong>hoc</strong></span> 
     </span>
    </p>
   </div>
   <div class='ocr_carea' id='block_1_86' title="bbox 589 5042 2164 5118">
    <p class='ocr_par' dir='ltr' id='par_1_86' title="bbox 589 5042 2164 5118">
     <span class='ocr_line' id='line_1_86' title="bbox 589 5042 2164 5118; baseline 0.005 -22"><span class='ocrx_word' id='word_1_594' title='bbox 589 5042 845 5112; x_wconf 82' lang='lat' dir='ltr'><strong>spatium,</strong></span> <span class='ocrx_word' id='word_1_595' title='bbox 873 5043 920 5104; x_wconf 86' lang='lat' dir='ltr'><strong>si</strong></span> <span class='ocrx_word' id='word_1_596' title='bbox 940 5045 1285 5105; x_wconf 82' lang='lat' dir='ltr'><strong>continentiae</strong></span> <span class='ocrx_word' id='word_1_597' title='bbox 1297 5045 1513 5108; x_wconf 83' lang='lat' dir='ltr'><strong>culmen</strong></span> <span class='ocrx_word' id='word_1_598' title='bbox 1542 5047 1784 5118; x_wconf 77' lang='lat' dir='ltr'><strong>arripere</strong></span> <span class='ocrx_word' id='word_1_599' title='bbox 1807 5055 2011 5116; x_wconf 85' lang='lat' dir='ltr'><strong>posset,</strong></span> <span class='ocrx_word' id='word_1_600' title='bbox 2037 5047 2164 5109; x_wconf 87' lang='lat' dir='ltr'><strong>sub-</strong></span> 
     </span>
    </p>
   </div>
   <div class='ocr_carea' id='block_1_87' title="bbox 589 5134 2166 5208">
    <p class='ocr_par' dir='ltr' id='par_1_87' title="bbox 589 5134 2166 5208">
     <span class='ocr_line' id='line_1_87' title="bbox 589 5134 2166 5208; baseline 0.005 -23"><span class='ocrx_word' id='word_1_601' title='bbox 589 5134 806 5194; x_wconf 85' lang='lat' dir='ltr'><strong>trahere</strong></span> <span class='ocrx_word' id='word_1_602' title='bbox 830 5135 1050 5206; x_wconf 66' lang='grc' dir='ltr'><strong>ωσι)οή</strong></span> <span class='ocrx_word' id='word_1_603' title='bbox 1073 5151 1347 5203; x_wconf 77' lang='lat' dir='ltr'><strong>somnum,</strong></span> <span class='ocrx_word' id='word_1_604' title='bbox 1374 5137 1671 5207; x_wconf 82' lang='lat' dir='ltr'><strong>reprimere</strong></span> <span class='ocrx_word' id='word_1_605' title='bbox 1697 5138 1959 5208; x_wconf 85' lang='lat' dir='ltr'><strong>linguam,</strong></span> <span class='ocrx_word' id='word_1_606' title='bbox 1991 5138 2166 5196; x_wconf 77' lang='lat' dir='ltr'><strong>absti-</strong></span> 
     </span>
    </p>
   </div>
   <div class='ocr_carea' id='block_1_88' title="bbox 589 5226 2169 5298">
    <p class='ocr_par' dir='ltr' id='par_1_88' title="bbox 589 5226 2169 5298">
     <span class='ocr_line' id='line_1_88' title="bbox 589 5226 2169 5298; baseline 0.005 -22"><span class='ocrx_word' id='word_1_607' title='bbox 589 5239 718 5278; x_wconf 90' lang='lat' dir='ltr'><strong>nere</strong></span> <span class='ocrx_word' id='word_1_608' title='bbox 741 5240 772 5279; x_wconf 88' lang='lat' dir='ltr'><strong>a</strong></span> <span class='ocrx_word' id='word_1_609' title='bbox 798 5226 940 5291; x_wconf 81' lang='lat' dir='ltr'><strong>cibo,</strong></span> <span class='ocrx_word' id='word_1_610' title='bbox 964 5227 1190 5296; x_wconf 71' lang='lat' dir='ltr'><strong>parcius</strong></span> <span class='ocrx_word' id='word_1_611' title='bbox 1211 5242 1425 5290; x_wconf 80' lang='lat' dir='ltr'><strong>sumere</strong></span> <span class='ocrx_word' id='word_1_612' title='bbox 1455 5229 1661 5294; x_wconf 87' lang='lat' dir='ltr'><strong>vinum,</strong></span> <span class='ocrx_word' id='word_1_613' title='bbox 1683 5236 1740 5283; x_wconf 93' lang='lat' dir='ltr'><strong>et</strong></span> <span class='ocrx_word' id='word_1_614' title='bbox 1759 5229 1923 5284; x_wconf 89' lang='lat' dir='ltr'><strong>veluti</strong></span> <span class='ocrx_word' id='word_1_615' title='bbox 1960 5229 2169 5298; x_wconf 84' lang='lat' dir='ltr'><strong>peritus</strong></span> 
     </span>
    </p>
   </div>
   <div class='ocr_carea' id='block_1_89' title="bbox 589 5313 2171 5386">
    <p class='ocr_par' dir='ltr' id='par_1_89' title="bbox 589 5313 2171 5386">
     <span class='ocr_line' id='line_1_89' title="bbox 589 5313 2171 5386; baseline 0.004 -19"><span class='ocrx_word' id='word_1_616' title='bbox 589 5313 792 5370; x_wconf 82' lang='lat' dir='ltr'><strong>athleta</strong></span> <span class='ocrx_word' id='word_1_617' title='bbox 817 5315 884 5370; x_wconf 88' lang='lat' dir='ltr'><strong>ad</strong></span> <span class='ocrx_word' id='word_1_618' title='bbox 912 5314 1158 5378; x_wconf 85' lang='lat' dir='ltr'><strong>futurum</strong></span> <span class='ocrx_word' id='word_1_619' title='bbox 1202 5332 1262 5382; x_wconf 80' lang='lat' dir='ltr'><strong>se</strong></span> <span class='ocrx_word' id='word_1_620' title='bbox 1295 5332 1622 5386; x_wconf 75' lang='lat' dir='ltr'><strong>componere</strong></span> <span class='ocrx_word' id='word_1_621' title='bbox 1665 5317 1884 5376; x_wconf 84' lang='lat' dir='ltr'><strong>bellum.</strong></span> <span class='ocrx_word' id='word_1_622' title='bbox 1937 5317 2171 5378; x_wconf 67' lang='lat' dir='ltr'><strong>Praeme-</strong></span> 
     </span>
    </p>
   </div>
   <div class='ocr_carea' id='block_1_90' title="bbox 589 5405 2165 5481">
    <p class='ocr_par' dir='ltr' id='par_1_90' title="bbox 589 5405 2165 5481">
     <span class='ocr_line' id='line_1_90' title="bbox 589 5405 2165 5481; baseline 0.005 -21"><span class='ocrx_word' id='word_1_623' title='bbox 589 5405 795 5463; x_wconf 87' lang='lat' dir='ltr'><strong>ditabat</strong></span> <span class='ocrx_word' id='word_1_624' title='bbox 817 5408 1082 5478; x_wconf 81' lang='lat' dir='ltr'><strong>siquidem</strong></span> <span class='ocrx_word' id='word_1_625' title='bbox 1125 5410 1178 5465; x_wconf 88' lang='lat' dir='ltr'><strong>in</strong></span> <span class='ocrx_word' id='word_1_626' title='bbox 1222 5410 1468 5476; x_wconf 59' lang='lat' dir='ltr'><strong>mutari</strong></span> <span class='ocrx_word' id='word_1_627' title='bbox 1513 5411 1690 5467; x_wconf 82' lang='lat' dir='ltr'><strong>adhuc</strong></span> <span class='ocrx_word' id='word_1_628' title='bbox 1724 5411 1912 5468; x_wconf 79' lang='lat' dir='ltr'><strong>habitu</strong></span> <span class='ocrx_word' id='word_1_629' title='bbox 1944 5411 2165 5481; x_wconf 79' lang='lat' dir='ltr'><strong>sistens,</strong></span> 
     </span>
    </p>
   </div>
   <div class='ocr_carea' id='block_1_91' title="bbox 661 5517 2166 5592">
    <p class='ocr_par' dir='ltr' id='par_1_91' title="bbox 661 5517 2166 5592">
     <span class='ocr_line' id='line_1_91' title="bbox 661 5517 2166 5592; baseline 0.003 -17"><span class='ocrx_word' id='word_1_630' title='bbox 661 5529 688 5592; x_wconf 61' lang='grc' dir='ltr'><strong>ξ</strong></span> <span class='ocrx_word' id='word_1_631' title='bbox 714 5517 772 5574; x_wconf 85' lang='lat' dir='ltr'><strong>Id</strong></span> <span class='ocrx_word' id='word_1_632' title='bbox 799 5528 885 5576; x_wconf 80' lang='lat' dir='ltr'><strong>est</strong></span> <span class='ocrx_word' id='word_1_633' title='bbox 907 5519 1229 5589; x_wconf 80' lang='lat' dir='ltr'><strong>Gothorum,</strong></span> <span class='ocrx_word' id='word_1_634' title='bbox 1262 5523 1352 5592; x_wconf 85' lang='lat' dir='ltr'><strong>qui</strong></span> <span class='ocrx_word' id='word_1_635' title='bbox 1380 5523 1450 5577; x_wconf 85' lang='lat' dir='ltr'><strong>ab</strong></span> <span class='ocrx_word' id='word_1_636' title='bbox 1479 5537 1621 5576; x_wconf 85' lang='lat' dir='ltr'><strong>anno</strong></span> <span class='ocrx_word' id='word_1_637' title='bbox 1647 5521 1755 5575; x_wconf 73' lang='grc'><strong>412</strong></span> <span class='ocrx_word' id='word_1_638' title='bbox 1791 5522 2040 5579; x_wconf 86' lang='lat' dir='ltr'><strong>Tolosam</strong></span> <span class='ocrx_word' id='word_1_639' title='bbox 2087 5523 2166 5578; x_wconf 92' lang='lat' dir='ltr'><strong>in-</strong></span> 
     </span>
    </p>
   </div>
   <div class='ocr_carea' id='block_1_92' title="bbox 587 5589 2166 5671">
    <p class='ocr_par' dir='ltr' id='par_1_92' title="bbox 587 5589 2166 5671">
     <span class='ocr_line' id='line_1_92' title="bbox 587 5589 2166 5671; baseline 0.005 -27"><span class='ocrx_word' id='word_1_640' title='bbox 587 5589 856 5671; x_wconf 47' lang='lat' dir='ltr'><strong>sederung</strong></span> <span class='ocrx_word' id='word_1_641' title='bbox 893 5591 951 5646; x_wconf 86' lang='lat' dir='ltr'><strong>in</strong></span> <span class='ocrx_word' id='word_1_642' title='bbox 974 5592 1176 5671; x_wconf 73' lang='lat' dir='ltr'><strong>vicinas</strong></span> <span class='ocrx_word' id='word_1_643' title='bbox 1198 5589 1321 5671; x_wconf 56' lang='lat' dir='ltr'><strong>inde</strong></span> <span class='ocrx_word' id='word_1_644' title='bbox 1344 5593 1591 5671; x_wconf 84' lang='lat' dir='ltr'><strong>regiones</strong></span> <span class='ocrx_word' id='word_1_645' title='bbox 1608 5593 1762 5671; x_wconf 60' lang='lat' dir='ltr'><strong>effusi</strong></span> <span class='ocrx_word' id='word_1_646' title='bbox 1795 5611 1818 5671; x_wconf 84' lang='lat'><strong>_:</strong></span> <span class='ocrx_word' id='word_1_647' title='bbox 1858 5610 2166 5671; x_wconf 80' lang='lat' dir='ltr'><strong>quanquam</strong></span> 
     </span>
    </p>
   </div>
   <div class='ocr_carea' id='block_1_93' title="bbox 590 5655 2165 5734">
    <p class='ocr_par' dir='ltr' id='par_1_93' title="bbox 590 5655 2165 5734">
     <span class='ocr_line' id='line_1_93' title="bbox 590 5655 2165 5734; baseline 0.004 -19"><span class='ocrx_word' id='word_1_648' title='bbox 590 5657 774 5734; x_wconf 66' lang='lat' dir='ltr'><strong>Getas,</strong></span> <span class='ocrx_word' id='word_1_649' title='bbox 822 5655 1048 5716; x_wconf 86' lang='lat' dir='ltr'><strong>Danubii</strong></span> <span class='ocrx_word' id='word_1_650' title='bbox 1081 5661 1231 5731; x_wconf 78' lang='lat' dir='ltr'><strong>juxta</strong></span> <span class='ocrx_word' id='word_1_651' title='bbox 1270 5655 1487 5719; x_wconf 70' lang='lat' dir='ltr'><strong>Daciam</strong></span> <span class='ocrx_word' id='word_1_652' title='bbox 1533 5663 1747 5720; x_wconf 85' lang='lat' dir='ltr'><strong>accolas</strong></span> <span class='ocrx_word' id='word_1_653' title='bbox 1794 5655 2093 5734; x_wconf 73' lang='lat' dir='ltr'><strong>indigenas,</strong></span> <span class='ocrx_word' id='word_1_654' title='bbox 2133 5681 2165 5720; x_wconf 88' lang='lat' dir='ltr'><strong>a</strong></span> 
     </span>
    </p>
   </div>
   <div class='ocr_carea' id='block_1_94' title="bbox 591 5731 1847 5792">
    <p class='ocr_par' dir='ltr' id='par_1_94' title="bbox 591 5731 1847 5792">
     <span class='ocr_line' id='line_1_94' title="bbox 591 5731 1847 5792; baseline -0.001 -2"><span class='ocrx_word' id='word_1_655' title='bbox 591 5731 783 5790; x_wconf 79' lang='lat' dir='ltr'><strong>Gothis</strong></span> <span class='ocrx_word' id='word_1_656' title='bbox 812 5734 1126 5788; x_wconf 83' lang='lat' dir='ltr'><strong>adventitiis</strong></span> <span class='ocrx_word' id='word_1_657' title='bbox 1157 5737 1440 5792; x_wconf 85' lang='lat' dir='ltr'><strong>distinctos</strong></span> <span class='ocrx_word' id='word_1_658' title='bbox 1472 5750 1593 5792; x_wconf 88' lang='lat' dir='ltr'><strong>esse</strong></span> <span class='ocrx_word' id='word_1_659' title='bbox 1614 5741 1847 5791; x_wconf 76' lang='lat' dir='ltr'><strong>constat.</strong></span> 
     </span>
    </p>
   </div>
   <div class='ocr_carea' id='block_1_95' title="bbox 663 5799 2164 5881">
    <p class='ocr_par' dir='ltr' id='par_1_95' title="bbox 663 5799 2164 5881">
     <span class='ocr_line' id='line_1_95' title="bbox 663 5799 2164 5881; baseline 0.003 -24"><span class='ocrx_word' id='word_1_660' title='bbox 663 5803 691 5846; x_wconf 66' lang='grc' dir='ltr'>δ</span> <span class='ocrx_word' id='word_1_661' title='bbox 727 5803 885 5857; x_wconf 78' lang='lat' dir='ltr'><strong>Anno</strong></span> <span class='ocrx_word' id='word_1_662' title='bbox 913 5799 1116 5860; x_wconf 90' lang='lat' dir='ltr'><strong>scilicet</strong></span> <span class='ocrx_word' id='word_1_663' title='bbox 1141 5800 1264 5873; x_wconf 71' lang='lat'><strong>774,</strong></span> <span class='ocrx_word' id='word_1_664' title='bbox 1301 5823 1407 5878; x_wconf 81' lang='lat' dir='ltr'><strong>quo</strong></span> <span class='ocrx_word' id='word_1_665' title='bbox 1442 5815 1663 5881; x_wconf 86' lang='lat' dir='ltr'><strong>recepta</strong></span> <span class='ocrx_word' id='word_1_666' title='bbox 1709 5822 1744 5864; x_wconf 87' lang='lat' dir='ltr'><strong>a</strong></span> <span class='ocrx_word' id='word_1_667' title='bbox 1766 5803 1962 5865; x_wconf 83' lang='lat' dir='ltr'><strong>Carolo</strong></span> <span class='ocrx_word' id='word_1_668' title='bbox 1986 5805 2164 5862; x_wconf 84' lang='lat' dir='ltr'><strong>Italia.</strong></span> 
     </span>
    </p>
   </div>
   <div class='ocr_carea' id='block_1_96' title="bbox 2271 4578 3847 4658">
    <p class='ocr_par' dir='ltr' id='par_1_96' title="bbox 2271 4578 3847 4658">
     <span class='ocr_line' id='line_1_96' title="bbox 2271 4578 3847 4658; baseline -0.006 -16"><span class='ocrx_word' id='word_1_669' title='bbox 2271 4603 2428 4642; x_wconf 90' lang='lat' dir='ltr'><strong>suum</strong></span> <span class='ocrx_word' id='word_1_670' title='bbox 2460 4586 2726 4651; x_wconf 89' lang='lat' dir='ltr'><strong>ostendit;</strong></span> <span class='ocrx_word' id='word_1_671' title='bbox 2755 4584 2910 4658; x_wconf 72' lang='lat' dir='ltr'><strong>isquo</strong></span> <span class='ocrx_word' id='word_1_672' title='bbox 2941 4592 3210 4642; x_wconf 89' lang='lat' dir='ltr'><strong>secretum</strong></span> <span class='ocrx_word' id='word_1_673' title='bbox 3241 4581 3434 4646; x_wconf 90' lang='lat' dir='ltr'><strong>tenuit,</strong></span> <span class='ocrx_word' id='word_1_674' title='bbox 3486 4590 3543 4636; x_wconf 91' lang='lat' dir='ltr'><strong>et</strong></span> <span class='ocrx_word' id='word_1_675' title='bbox 3568 4578 3847 4635; x_wconf 87' lang='lat' dir='ltr'><strong>consilium</strong></span> 
     </span>
    </p>
   </div>
   <div class='ocr_carea' id='block_1_97' title="bbox 2268 4671 3848 4750">
    <p class='ocr_par' dir='ltr' id='par_1_97' title="bbox 2268 4671 3848 4750">
     <span class='ocr_line' id='line_1_97' title="bbox 2268 4671 3848 4750; baseline -0.006 -17"><span class='ocrx_word' id='word_1_676' title='bbox 2268 4677 2486 4742; x_wconf 83' lang='lat' dir='ltr'><strong>salubre</strong></span> <span class='ocrx_word' id='word_1_677' title='bbox 2538 4675 2788 4750; x_wconf 75' lang='lat' dir='ltr'><strong>prznbuit.</strong></span> <span class='ocrx_word' id='word_1_678' title='bbox 2831 4675 3160 4746; x_wconf 64' lang='lat' dir='ltr'><strong>Praeparatis</strong></span> <span class='ocrx_word' id='word_1_679' title='bbox 3206 4673 3391 4742; x_wconf 90' lang='lat' dir='ltr'><strong>itaque</strong></span> <span class='ocrx_word' id='word_1_680' title='bbox 3441 4671 3705 4734; x_wconf 78' lang='lat' dir='ltr'><strong>omnibus</strong></span> <span class='ocrx_word' id='word_1_681' title='bbox 3756 4672 3848 4726; x_wconf 88' lang='lat' dir='ltr'><strong>iter</strong></span> 
     </span>
    </p>
   </div>
   <div class='ocr_carea' id='block_1_98' title="bbox 2270 4761 3848 4842">
    <p class='ocr_par' dir='ltr' id='par_1_98' title="bbox 2270 4761 3848 4842">
     <span class='ocr_line' id='line_1_98' title="bbox 2270 4761 3848 4842; baseline -0.006 -18"><span class='ocrx_word' id='word_1_682' title='bbox 2270 4769 2423 4840; x_wconf 86' lang='lat' dir='ltr'><strong>quasi</strong></span> <span class='ocrx_word' id='word_1_683' title='bbox 2449 4768 2618 4842; x_wconf 85' lang='lat' dir='ltr'><strong>Aquis</strong></span> <span class='ocrx_word' id='word_1_684' title='bbox 2645 4768 2818 4828; x_wconf 78' lang='lat' dir='ltr'><strong>iturus</strong></span> <span class='ocrx_word' id='word_1_685' title='bbox 2843 4767 3102 4840; x_wconf 86' lang='lat' dir='ltr'><strong>arripuit;</strong></span> <span class='ocrx_word' id='word_1_686' title='bbox 3135 4765 3229 4822; x_wconf 85' lang='lat' dir='ltr'><strong>sed</strong></span> <span class='ocrx_word' id='word_1_687' title='bbox 3271 4764 3364 4822; x_wconf 86' lang='lat' dir='ltr'><strong>ubi</strong></span> <span class='ocrx_word' id='word_1_688' title='bbox 3395 4764 3573 4819; x_wconf 89' lang='lat' dir='ltr'><strong>sancti</strong></span> <span class='ocrx_word' id='word_1_689' title='bbox 3617 4761 3848 4833; x_wconf 81' lang='lat' dir='ltr'><strong>Sequani</strong></span> 
     </span>
    </p>
   </div>
   <div class='ocr_carea' id='block_1_99' title="bbox 2270 4854 3848 4934">
    <p class='ocr_par' dir='ltr' id='par_1_99' title="bbox 2270 4854 3848 4934">
     <span class='ocr_line' id='line_1_99' title="bbox 2270 4854 3848 4934; baseline -0.006 -15"><span class='ocrx_word' id='word_1_690' title='bbox 2270 4864 2550 4933; x_wconf 81' lang='lat' dir='ltr'><strong>ingressus</strong></span> <span class='ocrx_word' id='word_1_691' title='bbox 2567 4869 2652 4921; x_wconf 84' lang='lat' dir='ltr'><strong>est</strong></span> <span class='ocrx_word' id='word_1_692' title='bbox 2682 4861 2924 4926; x_wconf 85' lang='lat' dir='ltr'><strong>domum,</strong></span> <span class='ocrx_word' id='word_1_693' title='bbox 2947 4859 3124 4934; x_wconf 84' lang='lat' dir='ltr'><strong>redire</strong></span> <span class='ocrx_word' id='word_1_694' title='bbox 3153 4871 3280 4915; x_wconf 86' lang='lat' dir='ltr'><strong>suos</strong></span> <span class='ocrx_word' id='word_1_695' title='bbox 3300 4856 3370 4916; x_wconf 83' lang='lat' dir='ltr'><strong>ad</strong></span> <span class='ocrx_word' id='word_1_696' title='bbox 3406 4856 3644 4928; x_wconf 86' lang='lat' dir='ltr'><strong>patriam</strong></span> <span class='ocrx_word' id='word_1_697' title='bbox 3680 4854 3848 4926; x_wconf 83' lang='lat' dir='ltr'><strong>jubet,</strong></span> 
     </span>
    </p>
   </div>
   <div class='ocr_carea' id='block_1_100' title="bbox 2267 4944 3850 5024">
    <p class='ocr_par' dir='ltr' id='par_1_100' title="bbox 2267 4944 3850 5024">
     <span class='ocr_line' id='line_1_100' title="bbox 2267 4944 3850 5024; baseline -0.006 -16"><span class='ocrx_word' id='word_1_698' title='bbox 2267 4969 2438 5024; x_wconf 87' lang='lat' dir='ltr'><strong>seque</strong></span> <span class='ocrx_word' id='word_1_699' title='bbox 2482 4953 2540 5008; x_wconf 86' lang='lat' dir='ltr'><strong>in</strong></span> <span class='ocrx_word' id='word_1_700' title='bbox 2577 4952 2766 5022; x_wconf 73' lang='lat' dir='ltr'><strong>eodem</strong></span> <span class='ocrx_word' id='word_1_701' title='bbox 2796 4950 3044 5012; x_wconf 66' lang='lat' dir='ltr'><strong>coenobio</strong></span> <span class='ocrx_word' id='word_1_702' title='bbox 3078 4949 3297 5014; x_wconf 81' lang='lat' dir='ltr'><strong>Christo</strong></span> <span class='ocrx_word' id='word_1_703' title='bbox 3340 4947 3453 5006; x_wconf 89' lang='lat' dir='ltr'><strong>Deo</strong></span> <span class='ocrx_word' id='word_1_704' title='bbox 3479 4947 3694 5002; x_wconf 82' lang='lat' dir='ltr'><strong>servire</strong></span> <span class='ocrx_word' id='word_1_705' title='bbox 3724 4944 3850 5002; x_wconf 88' lang='lat' dir='ltr'><strong>velle</strong></span> 
     </span>
    </p>
   </div>
   <div class='ocr_carea' id='block_1_101' title="bbox 2269 5043 3848 5120">
    <p class='ocr_par' dir='ltr' id='par_1_101' title="bbox 2269 5043 3848 5120">
     <span class='ocr_line' id='line_1_101' title="bbox 2269 5043 3848 5120; baseline -0.004 -17"><span class='ocrx_word' id='word_1_706' title='bbox 2269 5046 2545 5103; x_wconf 79' lang='lat' dir='ltr'><strong>indicavit.</strong></span> <span class='ocrx_word' id='word_1_707' title='bbox 2565 5044 3156 5120; x_wconf 74' lang='lat' dir='ltr'><strong>Postuiatingrediendi</strong></span> <span class='ocrx_word' id='word_1_708' title='bbox 3172 5044 3445 5102; x_wconf 82' lang='lat' dir='ltr'><strong>licentiam</strong></span> <span class='ocrx_word' id='word_1_709' title='bbox 3465 5060 3480 5110; x_wconf 89' lang='lat'><strong>;</strong></span> <span class='ocrx_word' id='word_1_710' title='bbox 3502 5058 3614 5114; x_wconf 79' lang='lat' dir='ltr'><strong>qua</strong></span> <span class='ocrx_word' id='word_1_711' title='bbox 3637 5043 3848 5112; x_wconf 85' lang='lat' dir='ltr'><strong>adepta,</strong></span> 
     </span>
    </p>
   </div>
   <div class='ocr_carea' id='block_1_102' title="bbox 2267 5129 3850 5211">
    <p class='ocr_par' dir='ltr' id='par_1_102' title="bbox 2267 5129 3850 5211">
     <span class='ocr_line' id='line_1_102' title="bbox 2267 5129 3850 5211; baseline -0.002 -17"><span class='ocrx_word' id='word_1_712' title='bbox 2267 5153 2392 5194; x_wconf 83' lang='lat' dir='ltr'><strong>mox</strong></span> <span class='ocrx_word' id='word_1_713' title='bbox 2416 5138 2612 5208; x_wconf 85' lang='lat' dir='ltr'><strong>capitis</strong></span> <span class='ocrx_word' id='word_1_714' title='bbox 2637 5153 2849 5193; x_wconf 87' lang='lat' dir='ltr'><strong>comam</strong></span> <span class='ocrx_word' id='word_1_715' title='bbox 2870 5129 3138 5211; x_wconf 75' lang='lat' dir='ltr'><strong>deposuit,</strong></span> <span class='ocrx_word' id='word_1_716' title='bbox 3159 5144 3220 5196; x_wconf 81' lang='lat' dir='ltr'><strong>et</strong></span> <span class='ocrx_word' id='word_1_717' title='bbox 3242 5134 3360 5198; x_wconf 82' lang='lat' dir='ltr'><strong>veri</strong></span> <span class='ocrx_word' id='word_1_718' title='bbox 3409 5134 3676 5192; x_wconf 83' lang='lat' dir='ltr'><strong>monachi</strong></span> <span class='ocrx_word' id='word_1_719' title='bbox 3707 5133 3850 5196; x_wconf 79' lang='lat' dir='ltr'><strong>habi-</strong></span> 
     </span>
    </p>
   </div>
   <div class='ocr_carea' id='block_1_103' title="bbox 2267 5229 2718 5300">
    <p class='ocr_par' dir='ltr' id='par_1_103' title="bbox 2267 5229 2718 5300">
     <span class='ocr_line' id='line_1_103' title="bbox 2267 5229 2718 5300; baseline -0.009 -13"><span class='ocrx_word' id='word_1_720' title='bbox 2267 5239 2384 5287; x_wconf 91' lang='lat' dir='ltr'><strong>tum</strong></span> <span class='ocrx_word' id='word_1_721' title='bbox 2414 5229 2440 5269; x_wconf 72' lang='lat' dir='ltr'><strong>b</strong></span> <span class='ocrx_word' id='word_1_722' title='bbox 2472 5229 2718 5300; x_wconf 88' lang='lat' dir='ltr'><strong>sumpsit.</strong></span> 
     </span>
    </p>
   </div>
   <div class='ocr_carea' id='block_1_104' title="bbox 2341 5314 3847 5392">
    <p class='ocr_par' dir='ltr' id='par_1_104' title="bbox 2341 5314 3847 5392">
     <span class='ocr_line' id='line_1_104' title="bbox 2341 5314 3847 5392; baseline -0.007 -16"><span class='ocrx_word' id='word_1_723' title='bbox 2341 5322 2392 5376; x_wconf 89' lang='lat'><strong>7.</strong></span> <span class='ocrx_word' id='word_1_724' title='bbox 2431 5319 2631 5377; x_wconf 85' lang='lat' dir='ltr'><strong>Factus</strong></span> <span class='ocrx_word' id='word_1_725' title='bbox 2655 5335 2788 5376; x_wconf 88' lang='lat' dir='ltr'><strong>vero</strong></span> <span class='ocrx_word' id='word_1_726' title='bbox 2836 5319 3140 5392; x_wconf 82' lang='lat' dir='ltr'><strong>monachus</strong></span> <span class='ocrx_word' id='word_1_727' title='bbox 3175 5314 3484 5390; x_wconf 80' lang='lat' dir='ltr'><strong>incredibili</strong></span> <span class='ocrx_word' id='word_1_728' title='bbox 3529 5315 3715 5392; x_wconf 83' lang='lat' dir='ltr'><strong>inedia</strong></span> <span class='ocrx_word' id='word_1_729' title='bbox 3759 5328 3847 5386; x_wconf 86' lang='lat' dir='ltr'><strong>per</strong></span> 
     </span>
    </p>
   </div>
   <div class='ocr_carea' id='block_1_105' title="bbox 2266 5407 3848 5488">
    <p class='ocr_par' dir='ltr' id='par_1_105' title="bbox 2266 5407 3848 5488">
     <span class='ocr_line' id='line_1_105' title="bbox 2266 5407 3848 5488; baseline -0.001 -18"><span class='ocrx_word' id='word_1_730' title='bbox 2266 5413 2544 5471; x_wconf 86' lang='lat' dir='ltr'><strong>biennium</strong></span> <span class='ocrx_word' id='word_1_731' title='bbox 2575 5421 2632 5472; x_wconf 83' lang='lat' dir='ltr'><strong>et</strong></span> <span class='ocrx_word' id='word_1_732' title='bbox 2655 5428 2752 5470; x_wconf 89' lang='lat' dir='ltr'><strong>sex</strong></span> <span class='ocrx_word' id='word_1_733' title='bbox 2789 5412 3060 5477; x_wconf 79' lang='lat' dir='ltr'><strong>mensium</strong></span> <span class='ocrx_word' id='word_1_734' title='bbox 3103 5411 3278 5488; x_wconf 82' lang='lat' dir='ltr'><strong>spatia</strong></span> <span class='ocrx_word' id='word_1_735' title='bbox 3309 5424 3510 5480; x_wconf 80' lang='lat' dir='ltr'><strong>corpus</strong></span> <span class='ocrx_word' id='word_1_736' title='bbox 3531 5423 3697 5464; x_wconf 81' lang='lat' dir='ltr'><strong>suum</strong></span> <span class='ocrx_word' id='word_1_737' title='bbox 3724 5407 3848 5468; x_wconf 77' lang='lat' dir='ltr'><strong>allii-</strong></span> 
     </span>
    </p>
   </div>
   <div class='ocr_carea' id='block_1_106' title="bbox 2267 5524 3847 5594">
    <p class='ocr_par' dir='ltr' id='par_1_106' title="bbox 2267 5524 3847 5594">
     <span class='ocr_line' id='line_1_106' title="bbox 2267 5524 3847 5594; baseline -0.003 -12"><span class='ocrx_word' id='word_1_738' title='bbox 2267 5527 2429 5582; x_wconf 82' lang='lat' dir='ltr'><strong>Certe</strong></span> <span class='ocrx_word' id='word_1_739' title='bbox 2453 5527 2778 5582; x_wconf 85' lang='lat' dir='ltr'><strong>Benedictus</strong></span> <span class='ocrx_word' id='word_1_740' title='bbox 2803 5526 2938 5583; x_wconf 82' lang='lat' dir='ltr'><strong>obiit</strong></span> <span class='ocrx_word' id='word_1_741' title='bbox 2982 5540 3124 5584; x_wconf 77' lang='lat' dir='ltr'><strong>anno</strong></span> <span class='ocrx_word' id='word_1_742' title='bbox 3150 5524 3272 5589; x_wconf 72' lang='lat'><strong>821,</strong></span> <span class='ocrx_word' id='word_1_743' title='bbox 3307 5530 3434 5594; x_wconf 86' lang='lat' dir='ltr'><strong>post</strong></span> <span class='ocrx_word' id='word_1_744' title='bbox 3456 5538 3633 5579; x_wconf 81' lang='lat' dir='ltr'><strong>annos</strong></span> <span class='ocrx_word' id='word_1_745' title='bbox 3664 5537 3847 5580; x_wconf 76' lang='lat' dir='ltr'><strong>mona-</strong></span> 
     </span>
    </p>
   </div>
   <div class='ocr_carea' id='block_1_107' title="bbox 2268 5594 3840 5672">
    <p class='ocr_par' dir='ltr' id='par_1_107' title="bbox 2268 5594 3840 5672">
     <span class='ocr_line' id='line_1_107' title="bbox 2268 5594 3840 5672; baseline -0.004 -18"><span class='ocrx_word' id='word_1_746' title='bbox 2268 5600 2429 5672; x_wconf 75' lang='lat' dir='ltr'><strong>stica:_</strong></span> <span class='ocrx_word' id='word_1_747' title='bbox 2468 5597 3392 5672; x_wconf 30' lang='lat' dir='ltr'><strong>professionis“quadragintapcto.</strong></span> <span class='ocrx_word' id='word_1_748' title='bbox 3427 5594 3504 5671; x_wconf 65' lang='lat' dir='ltr'><strong>De</strong></span> <span class='ocrx_word' id='word_1_749' title='bbox 3533 5596 3716 5672; x_wconf 59' lang='lat' dir='ltr'><strong>sancti</strong></span> <span class='ocrx_word' id='word_1_750' title='bbox 3756 5595 3840 5672; x_wconf 55' lang='lat' dir='ltr'><strong>Se:</strong></span> 
     </span>
    </p>
   </div>
   <div class='ocr_carea' id='block_1_108' title="bbox 2267 5655 3844 5740">
    <p class='ocr_par' dir='ltr' id='par_1_108' title="bbox 2267 5655 3844 5740">
     <span class='ocr_line' id='line_1_108' title="bbox 2267 5655 3844 5740; baseline -0.002 -20"><span class='ocrx_word' id='word_1_751' title='bbox 2267 5670 2432 5740; x_wconf 82' lang='lat' dir='ltr'><strong>quani</strong></span> <span class='ocrx_word' id='word_1_752' title='bbox 2461 5655 2790 5724; x_wconf 77' lang='lat' dir='ltr'><strong>monasterio</strong></span> <span class='ocrx_word' id='word_1_753' title='bbox 2818 5655 3051 5723; x_wconf 49' lang='lat' dir='ltr'><strong>dii-timus</strong></span> <span class='ocrx_word' id='word_1_754' title='bbox 3074 5655 3149 5740; x_wconf 58' lang='lat' dir='ltr'><strong>ad</strong></span> <span class='ocrx_word' id='word_1_755' title='bbox 3169 5661 3378 5740; x_wconf 65' lang='lat' dir='ltr'><strong>_V&#39;itam</strong></span> <span class='ocrx_word' id='word_1_756' title='bbox 3402 5655 3844 5740; x_wconf 37' lang='lat' dir='ltr'><strong>sanctii‘Sequani</strong></span> 
     </span>
    </p>
   </div>
   <div class='ocr_carea' id='block_1_109' title="bbox 2268 5736 3850 5809">
    <p class='ocr_par' dir='ltr' id='par_1_109' title="bbox 2268 5736 3850 5809">
     <span class='ocr_line' id='line_1_109' title="bbox 2268 5736 3850 5809; baseline -0.002 -16"><span class='ocrx_word' id='word_1_757' title='bbox 2268 5736 2466 5809; x_wconf 70' lang='lat' dir='ltr'><strong>smculo</strong></span> <span class='ocrx_word' id='word_1_758' title='bbox 2508 5755 2522 5794; x_wconf 88' lang='grc' dir='ltr'>ι</span> <span class='ocrx_word' id='word_1_759' title='bbox 2563 5749 2619 5793; x_wconf 89' lang='lat' dir='ltr'><strong>et</strong></span> <span class='ocrx_word' id='word_1_760' title='bbox 2655 5740 2850 5794; x_wconf 61' lang='lat' dir='ltr'><strong>saeculo</strong></span> <span class='ocrx_word' id='word_1_761' title='bbox 2894 5739 3101 5806; x_wconf 53' lang='lat' dir='ltr'><strong>unum</strong></span> <span class='ocrx_word' id='word_1_762' title='bbox 3150 5738 3448 5794; x_wconf 76' lang='lat' dir='ltr'><strong>desanctis’</strong></span> <span class='ocrx_word' id='word_1_763' title='bbox 3491 5736 3850 5809; x_wconf 75' lang='lat' dir='ltr'><strong>Altigianoct</strong></span> 
     </span>
    </p>
   </div>
   <div class='ocr_carea' id='block_1_110' title="bbox 2243 5807 2842 5866">
    <p class='ocr_par' dir='ltr' id='par_1_110' title="bbox 2243 5807 2842 5866">
     <span class='ocr_line' id='line_1_110' title="bbox 2243 5807 2842 5866; baseline 0 -2"><span class='ocrx_word' id='word_1_764' title='bbox 2243 5807 2514 5865; x_wconf 81' lang='lat' dir='ltr'><strong>-Hilarino</strong></span> <span class='ocrx_word' id='word_1_765' title='bbox 2542 5810 2842 5866; x_wconf 82' lang='lat' dir='ltr'><strong>monachis.</strong></span> 
     </span>
    </p>
   </div>
  </div>
