4046 6332
575 407 682 466 359

1581 405 1642 462 S.
1681 403 2048 462 BENEDICTI
2081 400 2378 462 ABBATIS
2416 403 2825 463 ANIANENSIS

3733 415 3833 477 360

574 524 647 578 ad
675 519 938 576 vomitum
965 521 1020 575 in
1045 519 1179 576 calle
1207 518 1400 576 salutis
1428 519 1665 591 positum
1702 522 2054 578 retrahebaut
2073 535 2168 592 pe-
2191 521 2246 584 A
2271 535 2376 590 que
2409 521 2475 576 de
2503 537 2610 594 qua
2637 522 2897 578 hauserat
2917 538 3138 594 aquam,
3169 527 3265 582 sed
3295 533 3350 582 et
3375 524 3704 589 ferramenta
3728 552 3838 593 mo-

577 615 721 671 dem.
759 614 999 680 Quorum
1055 613 1368 668 instabilem
1420 614 1507 668 vir
1542 613 1640 668 Dei
1698 613 1916 670 intuens
1965 614 2156 680 ﬁdem,

577 707 826 763 turbatus
850 707 918 762 ad
943 707 1225 778 proprium
1252 706 1425 762 voluit
1475 707 1654 762 redire
1680 706 2009 762 ccenobium.
2042 705 2160 773 Qua

578 798 645 852 de
676 812 838 852 causa
877 797 1269 852 consulendum
1306 796 1596 867 praefatum
1651 797 1786 852 adiit
1827 798 2042 852 virum:
2070 797 2159 852 cui

580 902 704 944 cum
731 886 869 943 velle
906 903 1061 942 suum
1099 895 1395 953 narrasset,
1451 887 1751 958 increpavit
1801 903 1928 942 eum
1958 887 2046 942 ille
2084 887 2161 943 di-

577 993 727 1045 cens,
761 979 864 1034 sibi
914 994 1038 1035 esse
1084 987 1363 1034 ostensum
1397 978 1634 1044 coalitus,
1695 978 1976 1034 lucernam
2005 979 2158 1034 illum

579 1071 766 1126 datum
809 1072 1134 1130 hominibus.
1172 1070 1514 1141 Quapropter
1551 1079 1790 1141 ereptum
1841 1079 2156 1126 constanter

577 1173 864 1235 oporteret
885 1164 1108 1234 implere
1138 1164 1370 1231 bonum;
1410 1163 1599 1220 fraude
1656 1165 1760 1219 hoc
1798 1165 2006 1234 antiqui
2038 1163 2157 1220 ﬁeri

576 1255 770 1322 hostis,
803 1255 895 1324 qui
920 1270 1135 1325 semper
1169 1255 1416 1310 invidens
1463 1255 1621 1310 bonis
1653 1255 1885 1310 infestus
1912 1264 1997 1311 est
2023 1256 2156 1311 acti-

576 1345 697 1413 bus,
739 1348 827 1403 cui
873 1363 1126 1404 assensus
1176 1348 1498 1419 praebendas
1523 1355 1607 1403 est
1645 1364 1942 1418 nunquam,
1971 1349 2157 1419 sicque

573 1434 690 1506 ejus
723 1437 952 1494 consilio
980 1437 1398 1494 adminiculatus
1438 1439 1703 1509 intrepide
1739 1454 2027 1511 aggressus
2049 1447 2152 1506 est,

573 1534 715 1600 quod
747 1532 959 1587 ardenti
990 1532 1250 1603 perﬁcere
1289 1532 1510 1602 optabat
1563 1533 1764 1599 animo,
1822 1551 1931 1590 non
1992 1551 2155 1607 super

575 1621 812 1678 alienum
863 1623 1274 1679 fundamentum
1327 1623 1622 1691 aedificaus,
1675 1626 1769 1681 sed
1821 1642 1961 1683 novo
1988 1642 2153 1698 opere

571 1723 890 1770 construere
928 1715 1117 1771 domos
1172 1716 1358 1786 coepit,
1410 1715 1760 1787 ignotamque
1799 1718 1987 1774 salutis
2013 1735 2150 1791 pan-

571 1803 700 1858 dere
731 1805 953 1859 curabat
981 1805 1147 1859 viam.

2267 613 2361 668 lini
2384 629 2490 670 non
2516 614 2717 672 oblitus
2747 615 3034 684 abscessit;
3062 633 3162 689 pro
3181 619 3338 676 bonis
3359 623 3500 678 mala
3524 629 3834 696 rependens.

2265 703 2326 759 In
2355 705 2654 761 crastinum
2705 721 2835 762 vero
2888 708 3145 764 damnum
3191 698 3539 783 compertum
3586 721 3838 790 magistro

2267 796 2516 866 discipuli
2551 807 2796 864 narrant,
2836 815 2971 870 quos
3013 801 3276 860 benevole
3328 804 3475 862 ferre
3511 807 3692 866 illatas
3719 827 3841 867 cou-

2266 887 2522 942 tumelias
2547 889 2750 956 docuit,
2783 891 3090 964 damnaque
3122 894 3273 951 lucra
3297 905 3512 967 putare,
3543 898 3729 970 illique
3757 919 3841 973 po-

2264 977 2372 1033 tius
2399 978 2688 1035 dolendum
2718 997 3062 1050 asseverans,
3093 985 3188 1056 qui
3219 986 3346 1043 dum
3373 988 3524 1045 nisus
3554 999 3640 1046 est
3663 994 3841 1062 acqui-

2264 1083 2386 1126 rere
2408 1070 2638 1138 lucrum,
2670 1075 2907 1144 perdidit
2931 1074 3111 1131 ﬁdem.

2337 1162 2419 1217 14.
2460 1163 2637 1235 Coepit
2689 1165 2900 1223 interea
2947 1169 3211 1238 paulatim
3264 1172 3422 1227 turba
3454 1171 3839 1246 discipulorum

2260 1268 2530 1324 crescere,
2565 1266 2621 1312 et
2667 1257 2812 1314 fama
2863 1261 2966 1331 piae
3014 1262 3293 1334 religionis
3341 1267 3543 1321 sensim
3572 1283 3675 1338 per
3703 1271 3839 1326 circa

2259 1344 2625 1404 habitantium
2679 1366 2786 1407 ora
2840 1353 3091 1423 volitare,
3156 1371 3384 1426 seseque
3436 1360 3742 1419 extendens
3780 1363 3838 1418 ad

2259 1434 2418 1507 longe
2451 1439 2630 1509 posita
2670 1441 2963 1498 decurrere
2991 1443 3128 1499 loca.
3183 1445 3250 1499 Et
3276 1447 3534 1517 quoniam
3579 1449 3762 1514 vallis,
3793 1451 3840 1505 in

2258 1546 2363 1602 qua
2409 1533 2649 1602 primum
2688 1535 2980 1604 insederat,
3026 1549 3355 1612 perangusta
3381 1550 3515 1609 erat,
3567 1544 3839 1613 paululum

2256 1633 2412 1678 extra
2460 1625 2694 1682 conﬁnia
2732 1628 2849 1699 ejus
2902 1631 3295 1686 monasterium
3333 1648 3474 1690 novo
3521 1649 3694 1704 opere
3724 1651 3840 1692 con-

2257 1723 2468 1773 struere
2517 1720 2703 1790 crepit,
2754 1720 3236 1794 laborautibusque
3282 1723 3546 1782 fratribus
3576 1727 3698 1797 ipse
3749 1730 3838 1784 ali-

2255 1810 2472 1879 quando
2496 1810 2850 1876 collaborare,
2901 1797 3194 1883 aliquando
3223 1823 3406 1871 autem
3433 1829 3624 1871 eorum
3657 1818 3732 1872 ad
3759 1833 3840 1875 ve-

641 1895 730 1949 12.
768 1894 936 1966 igitur
960 1895 1285 1951 venerabilis
1333 1895 1420 1952 vir
1440 1896 1764 1955 Benedictus
1799 1914 1924 1955 cum
1960 1901 2150 1971 paucis
2177 1918 2225 1980 Β
2253 1903 2510 1957 scendum
2542 1903 2846 1974 decoquere
2868 1905 3097 1973 victum,
3144 1906 3454 1979 librumque
3506 1910 3680 1965 etiam
3705 1911 3842 1980 pari-

569 1985 673 2041 sibi
699 1988 1004 2058 aggregatis
1030 1987 1306 2056 fratribus,
1341 1991 1433 2060 qui
1453 1992 1570 2063 ejus
1589 2001 1868 2063 comperta
1896 1994 2150 2064 opinione

568 2075 637 2131 ad
667 2091 792 2132 eum
850 2077 1246 2146 conﬂuxerant,
1305 2081 1360 2135 iu
1399 2080 1511 2151 jam
1561 2092 1921 2139 memoratum
1969 2084 2148 2141 locum

567 2167 736 2237 erepit
764 2165 956 2224 ﬂorere
980 2170 1034 2223 in
1069 2169 1328 2242 religione
1353 2172 1464 2242 pia,
1501 2180 1557 2228 et
1582 2174 1804 2230 caeleste
1830 2175 1936 2230 iter
1963 2175 2150 2231 volen-

567 2255 715 2312 tibus
740 2259 979 2328 paudere
1004 2261 1192 2331 gratis,
1220 2262 1459 2332 propriis
1505 2262 1756 2320 laborare
1785 2265 2067 2322 manibus:
2092 2275 2148 2322 et

562 2362 633 2403 ne
663 2340 785 2405 aliis
840 2352 1145 2421 prmdicans
1177 2353 1292 2423 ipse
1324 2355 1591 2423 reprobus
1638 2356 1994 2422 inveniretur,
2025 2373 2148 2427 quae

561 2443 835 2510 sequenda
856 2443 1131 2508 monebat,
1162 2443 1312 2514 prior
1339 2444 1566 2513 implere
1583 2447 1831 2502 curabat.
1857 2447 1975 2504 Non
1999 2451 2146 2506 enim

558 2532 887 2600 perterritus
930 2531 1110 2604 in0pia
1161 2543 1399 2604 coeptum
1442 2537 1681 2592 deseruit
1728 2553 1901 2609 opus;
1945 2541 2058 2607 sed,
2087 2551 2149 2598 ut

565 2622 643 2676 ait
681 2623 996 2693 Apostolus,
1026 2627 1081 2679 in
1121 2625 1282 2694 fame,
1319 2637 1366 2682 et
1397 2628 1507 2695 siti,
1531 2630 1587 2684 in
1610 2631 1806 2702 [rigore
1833 2641 1883 2686 et
1912 2635 2147 2691 nuditate

564 2711 652 2785 (ΙΙ
678 2713 804 2768 Cor.
837 2732 916 2781 χι,
943 2717 1035 2787 27)
1066 2719 1276 2787 positus
1311 2719 1638 2776 hortabatur
1675 2723 1998 2782 inconcusso
2024 2729 2146 2783 sub-

555 2799 733 2870 iectos
764 2807 1057 2875 persistere
1091 2809 1278 2878 corde,
1306 2812 1506 2867 docens
1542 2822 1748 2870 arctam
1777 2824 1832 2872 et
1860 2827 2142 2888 angustam

557 2895 703 2952 viam
731 2911 853 2954 esse
882 2914 1004 2970 quae
1053 2901 1203 2958 ducit
1239 2903 1306 2959 ad
1338 2905 1527 2972 vitam,
1580 2915 1637 2961 et
1681 2923 1788 2964 non
1812 2924 1933 2965 esse
1957 2912 2144 2967 condi-

557 2996 696 3055 gu‘as
733 2989 1021 3058 passiones
1041 2989 1201 3060 hujus
1229 2995 1488 3064 temporis
1515 2984 1584 3051 ad
1613 2995 1851 3054 futuram
1888 2999 2138 3071 gloriam,

554 3093 675 3148 qua:
701 3079 990 3139 revelanda
1011 3090 1095 3139 est
1123 3087 1348 3142 sanctis.
1380 3086 1496 3155 Quo
1521 3089 1846 3147 documento
1875 3093 2139 3160 roborati,

554 3172 855 3243 majoribus
901 3190 962 3232 se
1018 3179 1178 3233 atteri
1234 3181 1497 3249 optabant
1546 3181 1841 3239 laboribus.
1877 3183 2032 3240 Nulla
2062 3187 2142 3242 eis

2255 2000 2341 2048 ter
2389 1994 2534 2050 circa
2583 1997 2870 2068 coquinam
2923 2007 3219 2069 occupatus
3247 2001 3490 2058 scribere
3531 2005 3837 2075 satagebat.

2251 2081 2568 2155 Liguamina
2599 2101 2730 2142 vero
2779 2102 2922 2160 saepe
2947 2100 3170 2161 propter
3206 2092 3490 2160 penuriam
3535 2092 3710 2148 boum
3751 2097 3840 2151 hu-

2249 2177 2415 2232 meris
2470 2179 2708 2250 propriis
2769 2195 2894 2236 cum
2960 2183 3242 2254 discipulis
3305 2185 3604 2242 deferebat.
3637 2189 3838 2246 Domus

2251 2269 2395 2325 enim
2431 2271 2486 2325 in
2512 2287 2577 2328 eo
2605 2283 2723 2328 erat
2749 2273 2886 2339 loco,
2919 2291 3026 2346 quo
3061 2275 3290 2333 fundare
3323 2278 3704 2336 moliebantur
3732 2296 3837 2337 mo-

2249 2362 2570 2430 nasterium,
2598 2380 2763 2436 quam
2800 2376 3015 2423 auctam
3045 2369 3102 2424 in
3140 2370 3348 2426 honore
3377 2382 3582 2429 sanctae
3612 2373 3722 2430 Dei
3750 2391 3836 2446 ge-

2249 2450 2462 2509 nitricis
2489 2466 2881 2512 consecrarunt
2929 2459 3134 2516 Mariae.
3184 2461 3654 2521 Concurrentibus
3688 2469 3839 2523 undi.

2247 2557 2374 2614 que,
2406 2553 2461 2600 et
2512 2545 2656 2603 illius
2680 2563 2740 2604 se
2797 2551 3046 2606 certatim
3082 2551 3349 2621 subjicere
3394 2557 3728 2627 magisterio
3753 2574 3839 2630 po-

2247 2634 2596 2703 stulantibus,
2622 2647 2678 2694 et
2703 2640 2909 2696 fabrica
2952 2644 3267 2700 monasterii
3303 2646 3412 2701 cito
3447 2648 3769 2718 perﬁcitur,
3791 2659 3840 2706 et

2246 2722 2303 2778 in
2331 2725 2494 2781 rebus
2537 2727 2687 2784 locus
2729 2729 2933 2786 ditatus
2975 2744 3382 2804 augmentatur,
3417 2738 3689 2797 dantibus
3733 2742 3837 2798 sin-

2246 2816 2384 2887 gulis
2408 2834 2528 2889 qua:
2555 2819 2757 2877 habere
2779 2834 3052 2894 poterant.
3082 2826 3202 2885 Non
3229 2831 3375 2886 enim
3403 2834 3616 2889 ornatis
3649 2837 3837 2905 parie-

2244 2906 2389 2961 tibus
2418 2907 2718 2980 tegulisque
2742 2913 3086 2983 rubeutibus,
3118 2918 3203 2974 vel
3229 2919 3392 2990 pictis
3426 2921 3796 2993 laquearibus
3818 2967 3833 2991 ,

2243 2997 2339 3053 sed
2368 3001 2630 3058 stramine
2665 3004 2868 3076 vilique
2914 3011 3154 3066 maceria
3197 3015 3501 3083 coaperire,
3533 3019 3619 3073 vel
3655 3021 3838 3080 facere

2242 3087 2433 3145 domos
2461 3091 2799 3151 decreverat.
2856 3097 3009 3155 Licet
3057 3103 3201 3157 enim
3241 3105 3522 3177 multiplex
3568 3127 3838 3171 numerus

2241 3177 2474 3236 fratrum
2526 3195 2836 3257 augeretur,
2867 3189 2957 3245 ille
2994 3208 3208 3266 semper
3233 3197 3424 3254 viliora
3454 3211 3508 3256 et
3537 3204 3837 3286 humiliora

560 3272 692 3320 tunc
748 3275 868 3322 erat
914 3270 1206 3340 possessio,
1240 3287 1350 3327 non
1400 3273 1593 3340 viuere,
1624 3290 1732 3330 non
1777 3291 1995 3348 pecora,
2030 3293 2136 3333 non

2243 3275 2552 3342 appetebat.
2612 3278 2956 3353 Quapropter
2999 3285 3046 3340 si
3100 3288 3222 3358 quis
3275 3293 3342 3347 de
3390 3273 3835 3364 possessionibus

551 3359 677 3428 equi
703 3377 717 3427 ;
751 3377 890 3418 unus
914 3372 1123 3420 tantum
1147 3374 1268 3420 erat
1300 3366 1521 3435 asellus,
1550 3368 1703 3438 cujus
1725 3370 1986 3427 solamine
2010 3387 2134 3428 cum

551 3453 750 3509 alicubi
776 3457 1112 3528 pergendum
1146 3467 1311 3527 esset,
1365 3459 1607 3516 vicissim
1642 3462 1868 3517 fratrum
1908 3464 2134 3520 arceba-

550 3552 637 3600 tur
665 3544 919 3602 defectio.
960 3548 1160 3604 Vinum
1212 3558 1422 3606 tantum
1472 3552 1664 3609 diebus
1716 3553 2013 3611 Dominicis
2048 3571 2134 3612 so-

548 3633 924 3711 lemnibusque
975 3645 1366 3714 percipiebant.
1397 3645 1708 3703 Pellebatur
1730 3649 2018 3720 aliquoties
2040 3665 2133 3706 eo-

547 3743 667 3784 rum
695 3734 906 3789 esuries
939 3733 1080 3791 lacte
1109 3737 1286 3794 delato
1311 3753 1342 3794 a
1367 3739 1563 3795 vicinis
1591 3739 1912 3798 mulieribus
1936 3760 1951 3797 :
1998 3758 2134 3813 quo—

545 3821 695 3876 niam
746 3825 1006 3882 ariditate
1059 3829 1349 3885 tabuerant
1387 3847 1616 3902 corpora
1649 3849 1857 3900 eorum,
1905 3834 2020 3891 solo
2045 3835 2129 3890 vi-

549 3920 735 3967 ventes
765 3929 908 3984 paue
934 3924 989 3970 et
1017 3933 1178 3987 aqua.
1211 3919 1551 3991 Quapropter
1596 3931 1657 3978 ut
1705 3925 1922 3996 pigrum
1950 3927 2131 3997 depel-

545 3999 720 4057 lerent
762 4003 955 4076 frigus,
1007 4006 1230 4064 lectaria
1260 4025 1286 4052 α
1313 4014 1624 4080 utebantur,
1657 4030 1779 4069 cum
1824 4017 1879 4070 in
1933 4018 2129 4087 vigiliis

545 4093 743 4150 divinis
794 4097 1132 4154 assisterent.
1168 4102 1339 4157 Erant
1391 4105 1592 4176 quippe
1624 4122 1893 4176 pauperes
1942 4111 2124 4177 rebus,

545 4184 860 4253 praedivites
886 4187 1136 4256 meritis;
1170 4201 1226 4248 et
1269 4209 1376 4263 quo
1407 4208 1594 4250 eorum
1640 4198 2012 4254 atterebantur
2041 4202 2125 4256 in-

542 4276 667 4346 cpia
682 4291 930 4348 corpora,
946 4294 1011 4335 eo
1025 4283 1197 4354 magis
1209 4285 1596 4354 saginabantur
1607 4287 1896 4344 virtutibus
1911 4289 2122 4348 animae.

540 4362 878 4424 lEstuabant
902 4369 1172 4441 siquidem
1199 4389 1384 4431 amore
1422 4376 1651 4444 caelesti,
1683 4378 1918 4450 solaeque
1949 4381 2126 4454 lacry-

539 4470 640 4510 mae
665 4455 773 4513 illis
799 4457 855 4512 in
894 4462 1144 4531 angustia
1173 4462 1421 4521 ferebant
1467 4467 1730 4524 solamen.
1759 4469 2001 4537 Quorum
2047 4475 2126 4528 in-

2238 3364 2353 3420 suis
2378 3366 2582 3439 aliquid
2605 3373 2856 3431 conferre
2878 3381 3208 3438 monasterio
3234 3384 3416 3453 vellet,
3449 3393 3831 3465 suscipiebat;

2237 3452 2321 3508 sin
2358 3471 2486 3512 vero
2515 3474 2702 3517 servos
2751 3466 3087 3538 ancillasque
3133 3473 3377 3543 copulari
3411 3452 3719 3551 niteretur,

2233 3543 2490 3618 fugiebat,
2523 3567 2624 3608 nec
2651 3569 2841 3624 passus
2874 3567 2958 3614 est
2999 3577 3331 3636 quemquam
3378 3586 3476 3641 per
3503 3573 3654 3630 idem
3693 3543 3828 3635 tem-

2231 3653 2334 3728 pus
2356 3655 2454 3710 per
2501 3645 2748 3702 chartam
2797 3656 3132 3710 monasterio
3174 3659 3336 3726 tradi,
3393 3663 3488 3719 sed
3533 3675 3596 3721 ut
3623 3668 3832 3728 ﬁerent

2234 3727 2395 3823 liberi
2446 3733 2766 3806 imperabat.
2799 3740 2941 3798 Vasa
2970 3753 3152 3802 autem
3178 3749 3246 3804 ad
3271 3749 3472 3809 Christi
3519 3759 3832 3823 conﬁcien-

2231 3818 2360 3876 dum
2393 3839 2591 3897 corpus
2625 3831 2839 3888 uolebat
2870 3835 2975 3891 sibi
3014 3853 3135 3894 esse
3162 3841 3191 3882 ι)
3217 3853 3512 3915 argentea:
3546 3818 3829 3924 siquidem

2229 3913 2469 3981 primum
2504 3919 2554 3973 ei
2591 3920 2809 3979 fuerunt
2833 3925 3034 3998 lignea,
3061 3913 3318 4004 deinceps
3343 3937 3516 3994 vitrea
3542 3958 3557 4006 ;
3585 3913 3676 3999 sic
3712 3956 3830 4004 tan-

2231 4003 2354 4059 dem
2407 4013 2722 4067 couscendit
2750 4016 2818 4071 ad
2848 4025 3108 4089 stanuea;
3139 4024 3413 4095 planetam
3443 4003 3574 4088 vero
3597 4003 3827 4096 refuta-

2226 4095 2322 4196 bat
2346 4098 2549 4158 habere
2577 4105 2842 4163 sericeam
2872 4129 2884 4163 ε
2917 4121 2972 4166 et
2999 4114 3044 4169 si
3077 4115 3273 4188 aliquis
3300 4120 3378 4177 illi
3401 4124 3669 4196 dedisset,
3694 4149 3826 4191 mox

2227 4189 2348 4246 aliis
2377 4193 2446 4248 ad
2469 4197 2725 4254 utendum
2751 4207 3068 4270 praestabat.

2297 4283 2384 4338 15.
2421 4284 2690 4345 Prmterea
2739 4307 3098 4355 surrexerunt
3150 4303 3206 4358 in
3258 4307 3478 4378 regione
3501 4312 3712 4371 eadem
3741 4317 3825 4374 vel

2224 4374 2648 4451 circumquaque
2707 4388 2951 4445 nonnulli
3003 4391 3107 4448 viri
3171 4374 3409 4469 religiosi
3474 4403 3823 4465 aediﬁcantes

2221 4471 2569 4536 monasteria,
2589 4489 2941 4547 aggregantes
2962 4487 3276 4555 monachos,
3297 4506 3522 4564 seseque
3543 4497 3610 4552 ad
3625 4513 3823 4557 exem-

535 4545 738 4602 victam
765 4548 1065 4607 fraternam
1090 4555 1352 4612 unitatem
1404 4559 1578 4617 hostis
1608 4577 1840 4620 cernens
1866 4566 2119 4636 antiquus

2237 4557 2370 4627 plum
2398 4561 2543 4616 beati
2600 4565 2701 4619 viri
2732 4572 3096 4630 exercitautcs
3130 4589 3185 4632 et
3239 4595 3308 4635 ex
3337 4545 3453 4649 ejus
3484 4587 3820 4656 magisterio

534 4634 639 4692 hac
663 4652 784 4692 eam
814 4640 1065 4699 scindere
1096 4655 1214 4701 arte
1245 4648 1481 4705 molitur.

607 4729 695 4785 15.
735 4728 915 4786 Unum
968 4735 1049 4790 eis
1101 4746 1221 4793 erat
1273 4741 1421 4797 circa
1463 4744 1750 4814 moliuum,
1782 4747 1838 4802 in
1865 4763 1973 4818 quo
1999 4765 2120 4820 quae.

533 4820 736 4877 habere
760 4830 1015 4892 poterant
1038 4827 1316 4885 molebant
1351 4832 1579 4889 cibaria.
1611 4834 1902 4908 lnstigatus
1931 4847 2116 4896 autem

535 4909 758 4981 maligni
789 4913 1211 4984 cogitationibus
1245 4921 1477 4990 quadam
1511 4923 1592 4979 eis
1620 4935 1778 4982 nocte
1798 4928 1997 5000 hospes
2024 4929 2136 4985 ad-’

531 5001 699 5067 venit,
741 5017 903 5072 quem
935 5004 1093 5075 juxta
1121 5023 1284 5079 posse
1323 5012 1588 5069 refectum
1639 5017 1694 5071 in
1739 5025 1911 5076 strato
1963 5021 2116 5078 aselli

529 5091 818 5150 collocant.
844 5095 918 5152 At
944 5097 1035 5155 ille
1061 5101 1203 5157 male
1237 5104 1365 5177 vigil
1403 5106 1806 5177 quiescentibus
1849 5112 1954 5168 illis
1981 5130 2107 5170 sur-

530 5184 692 5250 rexit,
721 5194 776 5241 et
805 5203 988 5246 secum
1043 5191 1100 5248 in
1128 5208 1236 5264 quo
1259 5193 1513 5266 iacuerat
1537 5199 1841 5273 perferens,
1866 5205 2110 5260 situlam-

562 5336 965 5424 :A‘Meuardu‘s
1003 5343 1425 5424 interpretatur.
1463 5351 1700 5424 calcitro.
1740 5353 1812 5408 At
1840 5355 1969 5424 quid
1996 5353 2109 5411 cul-

526 5412 679 5484 citras
729 5423 852 5463 cum
880 5412 1054 5484 ofﬁcio
1106 5412 1333 5474 divino?
1386 5419 1665 5477 Cousentit
1712 5412 1890 5480 tamen
1939 5427 2110 5484 Heus-

525 5475 770 5542 chenius,
803 5482 894 5548 qui
917 5482 1043 5556 legit
1071 5485 1321 5543 lectariis.
1357 5475 1574 5546 Forsan
1594 5475 2102 5553 iectéiii'd'iciidih}

523 5558 651 5656 “ia
665 5558 962 5656 #33132}
978 5557 1336 5656 demissi
1344 5561 1756 5656 .‘“§‘".‘1‘."‘.‘“{-

757 5617 955 5702 tamen
978 5617 1107 5682 vasa
1133 5631 1374 5702 pretiosa
1419 5641 1606 5702 postea
1635 5617 1689 5688 in
1712 5617 1836 5691 rem
1885 5651 2098 5693 sacram

521 5684 758 5762 admisit,
780 5700 851 5762 ut
875 5702 1022 5762 patet
1048 5712 1116 5753 ex
1135 5684 1151 5698 ³
1167 5684 1332 5755 num.
1352 5684 1441 5756 27:
1463 5684 2100 5762 iid'rio"éi‘i{bc'13'cb7:i

518 5757 829 5847 ςξῌιξθβυικ
854 5757 1094 5847 magistri
1122 5778 1281 5847 patet
1331 5774 1496 5828 etiam
1523 5757 1880 5847 'iémiariiiﬁé
1902 5757 2016 5833 illis
2043 5757 2099 5836 in

515 5839 618 5894 usu
648 5829 818 5891 fuisse
851 5829 1049 5893 cali'ces
1083 5829 1303 5908 vitreos,
1333 5829 2098 5922 quorum‘liédsGIﬁragérﬁ

2141 4630 2196 4691 Β
2221 4647 2436 4718 imbuti,
2463 4653 2631 4710 vitam
2657 4659 2942 4728 pristinam
2990 4666 3309 4739 priscosque
3339 4630 3699 4752 a'mputarites
3731 4697 3821 4737 er-

2215 4755 2388 4809 rores,
2419 4745 2618 4815 quibus
2670 4748 2785 4819 ipse
2815 4759 2878 4806 ut
2910 4761 3068 4823 pater
3097 4766 3235 4824 erat,
3273 4745 3572 4825 subsidium
3604 4782 3817 4839 opem-

2213 4845 2318 4902 que
2358 4832 2562 4903 ferens,
2611 4853 2721 4893 non
2780 4841 3142 4912 spiritualium
3192 4850 3531 4909 solummodo
3586 4832 3814 4930 rerum,

2212 4936 2402 4980 verum
2432 4935 2488 4980 et
2535 4931 2939 5000 corporalium:
2970 4951 3106 5006 quos
3145 4955 3288 5011 saepe
3338 4945 3568 5002 visitans
3609 4950 3819 5010 horta-

2212 5013 2375 5069 batur
2399 5024 2635 5086 coeptum
2682 5035 2789 5075 non
2829 5023 3082 5084 deserere
3115 5043 3275 5100 opus,
3306 5048 3373 5088 ne
3401 5046 3645 5107 egestate
3677 5059 3816 5114 per—

2211 5103 2394 5160 culsus
2441 5108 2854 5181 terroribusque
2914 5117 3136 5173 attritus
3163 5129 3312 5178 retro
3341 5103 3638 5195 respiceret
3668 5103 3811 5190 ani-

2210 5212 2353 5254 mus.
2397 5197 2597 5270 Sicque
2620 5202 2943 5265 documento
2977 5211 3181 5268 salubri
3212 5213 3348 5273 fulta
3378 5235 3675 5280 numerosa
3704 5230 3812 5285 ad-

2209 5354 2278 5444 ἰιι³
2291 5355 2520 5444 concilio
2540 5358 2874 5420 Triburiensi
2900 5381 3042 5444 anno
3061 5369 3186 5440 895,
3209 5377 3580 5444 perseveravit
3599 5387 3806 5439 tamen

2211 5427 2280 5482 ad
2323 5429 2582 5516 saeculum
2594 5448 2782 5516 usque
2812 5427 3185 5516 undecimum;
3204 5427 3331 5516 alii;
3346 5427 3809 5510 néhI-iéiié'ég'r'i

2207 5499 2403 5591 marine
2424 5515 2520 5554 rex
2541 5499 2830 5591 Richardo'
2849 5499 3238 5591 Yerodunen'si'
3259 5499 3810 5591 archié'ﬁiééaiao'éi.

2204 5566 2364 5623 licem
2389 5585 2564 5659 unum
2585 5573 2652 5659 de
2676 5579 2968 5659 onychino,
3002 5590 3058 5636 et
3082 5566 3244 5659 alium
3261 5566 3665 5659 "éSéEﬁiﬁB‘iS
3694 5566 3809 5652 531

2203 5652 2366 5738 nasse
2391 5643 2762 5738 ρεξιὶιιίζκῖξμικι⁷
2791 5643 3133 5738 Quanquam.
3148 5643 3805 5738 εθιὶοθέθέίαηῖξῖεξῇ-

2202 5708 2571 5795 ρξιίτρπζυὶενεξ
2603 5708 2942 5786 dicebantur,
2963 5708 3056 5795 ἐς
3087 5708 3348 5784 cuin—{8
3375 5708 3806 5795 ἱὶἶίῖίεῖἔοέἶιξε

2203 5779 2689 5875 32933333199,
2720 5803 2840 5875 (19.88
2863 5779 2948 5846 θεί
2971 5779 3804 5875 βθοοετεὲίὸοῖιιῖὧῖίἱὸ“ιῐιῗὶιᾙ

2201 5850 2420 5932 cuidam
2437 5850 2680 5930 legantis’
2695 5850 2913 5918 cdlicem
2935 5850 3153 5922 vitreum
3182 5850 3248 5926 de
3269 5850 3539 5946 khﬁii'rbl

2725 6074 2784 6084 -ο-ν
