4046 6332
201 339 289 400 561

1688 328 1868 389 ἯΤΔ.

3314 325 3422 384 562

198 459 307 510 sunt
331 449 588 519 coenohia,
612 455 668 506 et
704 448 943 507 maxima
974 449 1365 509 monachorum
1394 454 1576 509 exstat
1595 444 1739 504 mul-
1764 447 1819 507 A
1842 439 2087 498 turbatas
2121 438 2420 513 reperiens,
2449 443 2506 496 et
2548 438 2845 511 benignum
2886 438 3156 510 malagma
3189 441 3424 511 castiga-

198 545 362 602 titudo.

258 637 331 690 l6.
367 634 495 691 Orta
523 641 701 690 autem
731 634 874 692 fame
905 647 931 676 ι
963 634 1283 706 gravissima
1313 648 1413 704 per
1436 632 1579 688 idem
1604 604 1735 685 tem-

1839 530 2004 585 tionis
2034 530 2344 600 impositum
2365 528 2433 583 ad
2458 542 2748 600 congruam
2778 526 3008 583 formam
3035 528 3288 586 instituit.

1906 620 1995 675 19.
2038 619 2144 674 Sed
2176 620 2429 690 antiquus
2462 619 2655 685 hostis,
2689 634 2830 689 aegre
2854 619 3036 675 ferens
3069 621 3334 677 unitatem
3363 628 3422 679 et

193 743 297 801 pus.
337 729 496 798 coepit
544 727 831 783 multitudo
880 741 1203 798 pauperum,
1238 727 1525 782 viduarum
1552 731 1607 778 et
1635 737 1738 793 pu-

1858 717 2184 777 mgmentum
2208 710 2337 764 boni
2367 710 2578 780 gregis,
2609 711 2762 765 nisus
2784 718 2871 766 est
2904 712 3262 781 quorumdam
3290 728 3424 769 con-

192 819 417 890 pillorum
456 819 523 873 ad
548 833 673 873 eum
727 816 1019 884 conﬂuere,
1073 834 1139 873 ac
1184 825 1371 889 portas
1422 812 1738 872 monasterii

190 910 392 979 viasque
452 908 676 978 stipare.
705 907 852 975 Quos
903 908 992 964 ille
1020 909 1237 963 intuens
1277 906 1455 961 inedia
1501 902 1736 968 tabidos,

190 1001 290 1055 imo
315 999 422 1070 ipsa
448 999 562 1068 jam
592 1013 730 1068 pene
772 1005 946 1054 morte
992 998 1231 1069 glutitos,
1262 996 1583 1068 angebatur,
1608 1009 1741 1064 quo-

189 1091 321 1145 niam
348 1094 486 1145 un'le
510 1099 711 1144 tantam
736 1097 985 1160 pasceret
1010 1088 1409 1144 multitudinem
1434 1085 1736 1158 ignorabat.

191 1179 290 1235 Sed
313 1180 432 1249 quia
486 1179 616 1234 nihil
669 1179 822 1234 deest
872 1178 1184 1234 timentibus
1219 1177 1411 1243 Deum,
1460 1188 1741 1245 quousque

190 1268 357 1340 fruges
401 1268 728 1331 attingerent
786 1281 977 1334 novas,
1007 1281 1129 1337 qua:
1182 1265 1442 1321 fratribus
1495 1262 1743 1319 sullicere

189 1361 400 1430 possint,
428 1373 670 1413 seorsum
706 1356 868 1425 jussit
893 1356 1102 1426 reponi,
1132 1363 1328 1411 caetera
1352 1369 1452 1425 per
1481 1353 1743 1410 constitu-

189 1460 267 1505 tos
297 1450 485 1504 fratres
511 1464 606 1519 per
633 1448 873 1519 singulos
898 1448 1016 1504 dies
1059 1447 1317 1518 praecepit
1366 1446 1576 1517 largiri.
1613 1444 1742 1501 Car—

186 1556 281 1596 nes
313 1540 469 1594 etiam
500 1547 869 1595 armentorum
892 1538 1183 1608 oviumque
1213 1538 1481 1592 dabantur
1511 1550 1610 1606 per
1635 1536 1745 1591 siu-

186 1629 328 1702 gulos
352 1630 489 1692 dies,
518 1629 602 1683 lac
631 1630 797 1683 etiam
823 1642 1114 1684 vervecum
1148 1627 1427 1698 praebebat
1456 1625 1740 1681 auxilium.

185 1719 447 1789 Siquidem
476 1719 717 1774 fecerant
754 1718 856 1775 sibi
915 1718 1127 1790 tuguria
1182 1717 1437 1787 congruis
1490 1716 1649 1781 locis,
1686 1715 1744 1782 in

1840 810 2026 857 cutere
2057 802 2244 867 corda,
2273 809 2332 856 ut
2360 802 2562 857 bonum
2589 803 2956 860 institutorem
2986 820 3018 859 a
3048 805 3268 876 proprio
3292 807 3426 862 ovili

1840 891 2094 947 redderet
2119 897 2414 945 extorrem.
2443 890 2636 947 Plures
2661 892 2877 962 quidem
2907 908 3005 947 sua
3030 901 3149 949 arte
3176 909 3208 949 a
3237 910 3431 951 mona-

1841 983 2011 1038 sterio
2044 981 2270 1053 pepulit,
2301 981 2594 1053 pluresque
2631 984 2889 1050 turbavit,
2924 985 3018 1040 sed
3058 995 3303 1055 paratam
3335 988 3431 1043 tri-

1840 1073 2213 1129 bulationibus
2242 1087 2352 1127 non
2381 1072 2554 1128 valuit
2582 1082 2875 1129 concutere
2904 1083 3161 1130 mentem.
3201 1075 3429 1132 Confra—
3514 1086 3521 1093 ’

1842 1174 1959 1221 etas
1983 1180 2200 1220 rursum
2223 1172 2511 1235 recuperat
2531 1166 2805 1235 perituras
2826 1164 2971 1221 vires
3000 1183 3012 1219 :
3035 1166 3138 1222 sibi
3152 1165 3425 1235 subjectos

1842 1254 2085 1327 instigat,
2139 1252 2345 1309 inferre
2397 1254 2594 1310 damna
2645 1255 2896 1325 imperat,
2943 1269 3114 1325 equos
3155 1256 3428 1329 bovesque

1842 1345 2029 1402 furtim
2077 1354 2434 1418 patenterque
2477 1346 2677 1402 auferri
2720 1346 2896 1415 jubet.
2951 1345 3061 1403 Sed
3113 1349 3205 1418 qui
3256 1349 3426 1405 Deum

1845 1442 2054 1500 cunctis
2080 1450 2450 1513 praeposuerat
2491 1440 2674 1507 rebus,
2707 1442 2824 1498 sine
2854 1441 3040 1498 dolore
3081 1442 3281 1497 amittit
3309 1458 3429 1513 quae

1845 1534 1964 1590 sine
2008 1548 2195 1589 amore
2236 1532 2569 1603 possidebat.
2617 1531 2778 1588 Certe
2818 1547 2918 1602 pro
2951 1532 3098 1588 nulla
3142 1534 3343 1589 amissa
3372 1551 3433 1590 re

1846 1640 2085 1695 unquam
2128 1640 2255 1681 eum
2285 1625 2570 1696 quisquam
2600 1623 2738 1679 vidit
2781 1633 3135 1690 commotum,
3163 1625 3434 1695 perditam

1845 1728 2124 1784 nunquam
2170 1714 2407 1784 repetiit,
2438 1713 2671 1768 furatam
2719 1727 2999 1783 nunquam
3043 1713 3314 1784 quaesivit,
3343 1713 3431 1768 fu-

181 1812 368 1883 quibus
393 1827 563 1882 usque
589 1812 656 1866 ad
688 1824 858 1867 novas
881 1810 1197 1865 habitarunt
1222 1809 1421 1878 fruges.
1452 1807 1747 1863 Deficiente
1771 1800 1820 1861 B
1847 1806 2012 1872 ranti,
2041 1804 2090 1860 si
2133 1813 2322 1875 captus
2363 1812 2470 1871 est,
2498 1803 2824 1860 beneﬁcium
2868 1804 3141 1875 praestitit,
3171 1804 3433 1861 latentem

179 1900 396 1965 cibaria,
455 1916 646 1956 rursus
692 1915 900 1969 eaquae
944 1900 999 1954 in
1028 1899 1260 1953 fratrum
1288 1900 1477 1968 reponi
1507 1899 1746 1967 iusserat

178 2008 326 2059 usus,
356 2007 675 2048 mensurare
701 1991 1001 2063 praecepit:
1036 1991 1181 2060 quod
1221 1990 1420 2045 factum
1449 1997 1533 2045 est
1558 1998 1660 2045 ter.
1688 1988 1747 2044 In

174 2083 403 2139 fratrum
427 2099 556 2137 vero
606 2081 803 2137 animis
860 2088 1042 2136 tantus
1068 2081 1248 2136 inerat
1274 2078 1502 2135 affectus
1530 2079 1750 2134 miseri-

171 2174 392 2241 cordiae,
423 2184 484 2229 ut
510 2175 744 2229 libenter
772 2172 937 2228 etiam
972 2171 1367 2241 impenderent,
1400 2170 1447 2225 si
1472 2168 1557 2225 fas
1582 2177 1746 2235 esset,

170 2273 389 2319 cuncta.
424 2264 559 2318 Nam
587 2278 708 2334 qua:
753 2263 859 2318 sibi
889 2261 1213 2317 subtrahere
1239 2269 1453 2333 poterat
1497 2260 1747 2330 quisque,

169 2355 319 2411 clam
350 2353 627 2410 deferebat
650 2354 829 2409 inedia
871 2352 1206 2421 consumptis
1235 2369 1249 2405 :
1290 2352 1479 2421 sicque
1505 2352 1598 2405 vix
1627 2365 1745 2405 ere-

169 2446 253 2517 pti
282 2459 314 2499 a
340 2444 502 2501 famis
552 2446 705 2501 fuere
754 2445 1017 2515 periculo.
1045 2443 1354 2514 Aliquoties
1391 2444 1538 2500 enim
1569 2443 1749 2498 inore

170 2550 368 2607 panem
394 2536 600 2592 habens
628 2542 874 2590 mortuus
903 2535 1299 2606 reperiebatur.

248 2627 333 2681 17.
373 2626 484 2682 Nec
508 2626 638 2683 illud
664 2627 931 2683 silendum
958 2636 1114 2699 puto,
1158 2628 1285 2698 quia
1311 2641 1433 2683 cum
1460 2641 1601 2700 pene
1618 2643 1749 2700 pro-

171 2717 404 2774 vinciam
428 2716 576 2772 illam
605 2717 796 2773 eodem
815 2724 1062 2789 tempore
1084 2731 1397 2787 perversum
1432 2716 1691 2773 Feliciani
1721 2719 1751 2759 ιι

168 2810 435 2869 invaserit
458 2808 673 2881 dogma,
703 2809 793 2864 hic
820 2810 889 2866 ab
918 2809 1068 2865 omni
1106 2808 1368 2880 pestifero
1391 2807 1634 2880 perfidiae
1659 2825 1752 2864 er-

172 2915 300 2956 rore
336 2900 538 2955 illaesus
589 2914 693 2969 ope
752 2899 934 2955 divina
969 2899 1119 2955 intus
1169 2899 1362 2965 evasit,
1422 2898 1752 2968 multosque,

169 3006 283 3048 non
306 2990 478 3047 solum
504 2988 737 3055 infimos,
765 3005 957 3046 verum
1005 2991 1170 3046 etiam
1200 2989 1463 3060 praesules
1489 2990 1754 3046 Ecclesiae

174 3097 278 3140 suo
332 3082 532 3153 eripuit
578 3080 774 3147 studio,
807 3089 864 3137 et
916 3082 1177 3138 adversus
1205 3080 1499 3139 nefandum
1552 3083 1747 3152 dogma

1848 1912 1918 1951 ne
1950 1904 2238 1965 caperetur
2265 1896 2491 1952 dimisit.
2539 1895 2774 1963 Quidam
2803 1895 2949 1951 enim
2974 1910 3099 1951 cum
3126 1910 3294 1966 equos
3318 1911 3436 1950 mo—

1851 1990 2078 2045 nasterii
2110 1987 2296 2045 furtim
2326 1988 2587 2053 auferret,
2631 2004 2662 2042 a
2692 1989 2884 2043 vicinis
2921 2004 3030 2043 non
3061 1988 3181 2044 sine
3212 1976 3436 2043 vulnere

1851 2086 2063 2147 captus,
2094 2085 2151 2134 et
2173 2078 2325 2133 Patri
2354 2085 2438 2133 est
2460 2083 2839 2147 praesentatus.
2870 2076 2969 2133 Cui
3018 2077 3110 2134 ille
3156 2078 3434 2150 impensas

1849 2169 2100 2241 praebuit,
2126 2170 2397 2225 medicum
2428 2168 2683 2235 instituit,
2709 2176 2962 2223 sanatum
2996 2168 3325 2225 incolumem
3352 2170 3435 2225 di-

1853 2262 2015 2317 rexit.
2076 2260 2317 2333 Contigit
2362 2271 2543 2318 autem
2595 2264 2715 2320 vice
2760 2265 2885 2333 alia,
2936 2281 3063 2321 cum
3107 2266 3435 2322 venerabilis

1851 2353 2015 2409 Pater
2042 2354 2148 2409 iter
2175 2352 2487 2421 conficeret,
2514 2355 2621 2411 alio
2664 2372 2850 2412 secum
2897 2358 3191 2413 comitante
3240 2355 3433 2424 fratre,

1853 2443 2141 2514 quemdam
2171 2459 2372 2515 equum
2398 2460 2430 2499 a
2461 2449 2795 2502 monasterio
2833 2448 3109 2503 sublatum
3156 2447 3437 2506 sedentem

1852 2533 2090 2589 obviare.
2122 2533 2316 2591 Frater
2335 2550 2466 2590 vero
2494 2536 2724 2591 curiosis
2750 2536 3045 2591 luminibus
3066 2538 3282 2593 intuens
3308 2553 3435 2598 eum

1854 2623 1945 2694 qui
1974 2623 2183 2680 furatus
2211 2624 2389 2681 fuerat
2408 2641 2530 2682 esse
2555 2628 2831 2699 cognovit,
2854 2642 2980 2683 mox
3008 2643 3143 2684 voce
3187 2630 3441 2701 prorupit

1853 2716 2172 2771 monasterii
2217 2731 2339 2772 esse
2383 2732 2601 2786 equum.
2633 2718 2705 2772 At
2750 2717 2841 2773 ille
2888 2718 3057 2798 silere.
3096 2734 3220 2775 eum
3258 2717 3435 2788 jubet.

1857 2805 2010 2876 Saepe
2055 2807 2295 2862 similare
2338 2822 2510 2877 equus
2558 2823 2757 2878 equum
2805 2809 2970 2874 solet,
3024 2810 3120 2864 ait.
3178 2809 3437 2866 Seorsum

1857 2906 2037 2953 autem
2081 2899 2382 2969 increpavit
2428 2898 2652 2953 fratrem
2699 2900 3023 2957 dicens:Et
3063 2917 3165 2973 ego
3207 2904 3438 2975 agnovi;

1857 2992 1954 3049 sed
1979 2993 2171 3049 melius
2198 2990 2465 3049 silendum
2491 3006 2711 3059 censeo,
2739 3009 2904 3063 quam
2947 2994 3333 3051 verecundiam
3358 2995 3443 3051 in-

1857 3082 2120 3139 feramus.

169 3176 318 3231 veris
351 3152 777 3246 disputationum
808 3174 1004 3245 jaculis
1050 3183 1294 3232 armatus
1321 3190 1466 3247 saepe
1490 3191 1753 3247 congres-
1780 3152 1826 3215 (ἶ
1928 3176 2017 3231 20.
2059 3176 2126 3231 Et
2180 3177 2438 3248 quoniam
2485 3176 2829 3247 omnipotens
2896 3177 3039 3233 Deus
3106 3178 3199 3249 qui
3249 3189 3442 3236 cuncta

171 3283 272 3324 sus
294 3274 399 3323 est.

244 3361 332 3417 18.
373 3360 504 3416 Erat
526 3362 673 3417 enim
701 3373 769 3417 eo
786 3367 1030 3431 tempore
1057 3369 1113 3417 et
1141 3376 1432 3419 numerosa
1455 3361 1569 3434 jam
1598 3363 1758 3418 turba

163 3454 425 3519 fratrum,
453 3454 585 3509 etin
614 3453 829 3509 fervore
853 3461 1128 3524 perpetuae
1153 3454 1279 3509 vitae
1308 3469 1589 3510 succensa.
1622 3453 1757 3509 Cer-

162 3547 369 3601 tabant
395 3546 661 3616 siquidem
698 3546 820 3616 quis
842 3561 1034 3602 eorum
1081 3554 1226 3602 esset
1252 3546 1529 3612 humilior,
1567 3547 1759 3616 quisve

159 3636 228 3691 in
266 3635 578 3690 obedientia
627 3636 949 3707 promptior,
980 3636 1037 3690 in
1065 3635 1395 3691 abstinentia
1451 3637 1754 3702 ardentior,

161 3724 233 3779 in
266 3721 467 3795 vigiliis
494 3724 747 3790 anterior,
788 3724 843 3779 in
871 3724 1139 3794 loquendo
1156 3714 1446 3793 posteribr,
1473 3724 1531 3779 in
1559 3723 1759 3782 vestitu

158 3815 358 3880 vilior,
391 3814 446 3869 in
473 3815 740 3871 charitate
768 3815 1067 3871 ferventior
1093 3834 1104 3870 :
1130 3816 1452 3885 quibusdam
1477 3816 1641 3871 etiam
1681 3831 1760 3872 re-

156 3905 475 3962 velationes
510 3904 731 3961 fiebant.
765 3905 994 3973 Quidam
1039 3921 1276 3976 namque
1323 3913 1442 3962 erat
1472 3905 1643 3961 frater
1666 3908 1759 3978 qui

147 3995 321 4067 juxta
352 3995 645 4051 humanam
673 3997 1018 4052 honestatem
1043 3997 1222 4052 minus
1245 4005 1366 4051 erat
1394 3997 1754 4066 compositus,

155 4101 335 4159 quem
364 4086 700 4159 negligenter
745 4087 1084 4142 incedentem
1137 4087 1268 4141 dum
1296 4085 1462 4142 Pater
1483 4088 1759 4157 perspice-

154 4184 279 4242 ret,
308 4176 370 4231 iu
398 4177 580 4232 animo
605 4176 854 4232 eamdem
904 4177 1266 4233 rusticitatem
1286 4176 1537 4247 judicare
1568 4177 1755 4247 cwpit.

154 4266 271 4323 Hic
300 4274 486 4322 autem
536 4267 591 4322 in
620 4267 797 4323 extasi
831 4268 1045 4334 ductus,
1100 4282 1319 4340 gregem
1377 4267 1754 4323 columbarum

155 4364 529 4431 aggregatum
571 4369 825 4425 cernens,
856 4360 1101 4430 quaedam
1157 4360 1313 4415 mirae
1369 4359 1621 4415 candoris
1652 4358 1759 4414 ful-

1859 3268 2086 3332 creavit,
2116 3266 2253 3322 mira
2279 3267 2446 3322 etiam
2475 3268 2733 3339 congruis
2765 3269 3102 3339 temporibus
3126 3285 3226 3339 per
3256 3285 3445 3328 servos

1858 3358 1971 3428 agit
1998 3372 2146 3423 suos,
2179 3372 2299 3429 qua:
2337 3372 2437 3427 per
2480 3359 2625 3413 hunc
2663 3359 2914 3429 gesserit,
2947 3375 3119 3431 pauca
3173 3361 3441 3420 relatione

1857 3447 2240 3517 perstringam.
2283 3446 2430 3517 Ignis
2456 3447 2691 3516 quodam
2734 3453 2980 3518 tempore
3030 3448 3247 3503 domum
3288 3450 3445 3521 juxta

1859 3538 2034 3592 beata:
2060 3536 2244 3593 Mariae
2282 3537 2525 3607 Virginis
2564 3537 2846 3592 basilicam
2879 3538 3038 3593 sitam
3084 3539 3304 3595 invasit.
3339 3541 3448 3598 Sed

1862 3644 1982 3684 cum
2010 3643 2180 3682 vorax
2223 3626 2440 3681 ﬂamma
2473 3626 2728 3696 stipulam
2754 3627 3020 3683 lamberet
3058 3629 3285 3697 siccam,
3312 3648 3445 3689 con-

1862 3727 2155 3775 currerunt
2195 3718 2439 3773 dolentes
2485 3715 2706 3782 fratres,
2735 3718 2954 3773 domum
2983 3734 3146 3790 quam
3176 3736 3285 3777 non
3329 3723 3451 3781 sine

1861 3824 2062 3880 magno
2110 3808 2296 3863 labore
2341 3814 2781 3874 construxerant,
2811 3823 2842 3862 a
2881 3808 3084 3880 rapidis
3115 3809 3350 3869 flammis
3376 3814 3453 3869 vi.

1863 3902 2053 3957 dentes
2072 3899 2341 3967 consumi,
2366 3914 2685 3971 summoque
2711 3901 2891 3958 studio
2914 3909 3186 3975 satagunt,
3210 3920 3280 3960 ne
3309 3905 3450 3977 ignis

1861 3992 2100 4048 vicinam
2146 3992 2502 4048 succenderet
2556 3992 2842 4048 ecclesiam
2878 4011 2892 4048 ε
2923 3993 3014 4051 illo
3069 3997 3214 4053 enim
3272 4001 3452 4058 omnis

1862 4083 2102 4154 impetus
2125 4082 2266 4152 ignis
2289 4081 2588 4139 ferebatur.
2611 4083 2696 4139 Ad
2719 4086 2865 4156 quod
2891 4089 3263 4157 spectaculum
3284 4093 3449 4149 etiam

1862 4174 2193 4232 Benedictus
2235 4175 2400 4233 Pater
2433 4178 2693 4245 accessit,
2724 4179 2813 4235 cui
2855 4181 3103 4250 protinus
3149 4182 3363 4247 fratres.
3394 4196 3457 4245 ut

1864 4268 2198 4324 orationibus
2226 4283 2322 4324 eos
2347 4267 2649 4339 adjuvaret,
2672 4270 2964 4340 imperant.
2998 4273 3068 4326 At
3094 4273 3184 4329 ille
3208 4274 3451 4335 festinus

1863 4362 2247 4433 obtemperans
2265 4360 2435 4429 jussis
2458 4362 2708 4427 fratrum,
2742 4378 2861 4419 sese
2888 4379 3014 4418 cum
3042 4364 3295 4436 lacrymis
3323 4377 3452 4426 ante

152 4460 386 4525 gentes,
401 4454 651 4525 quaedam
676 4467 805 4509 vero
831 4459 987 4508 erant
1006 4452 1145 4506 mira
1167 4449 1432 4507 varietate
1468 4450 1757 4519 distinctae,
1789 4511 1837 4529 η
1866 4452 2041 4508 beam
2071 4451 2311 4522 Virginis
2339 4460 2395 4506 et
2438 4452 2535 4508 Dei
2563 4453 2841 4523 genitricis
2887 4452 3071 4509 Maria:
3102 4455 3275 4512 altare
3318 4473 3451 4529 pro-

149 4511 437 4615 quaedam
456 4552 636 4600 autem
667 4542 782 4599 solo
812 4542 991 4611 capite
1045 4549 1244 4596 tetrum
1290 4540 1529 4596 colorem
1578 4511 1841 4612 gesta-'1)
1866 4545 2078 4601 stravit.
2132 4511 2228 4599 ιιῖο
2278 4551 2458 4599 autem
2497 4511 2711 4610 orante,
2746 4559 2876 4600 mox
2924 4545 3108 4601 divina
3150 4511 3452 4619 opitulante

141 4636 326 4692 bant.
358 4633 607 4702 Quicum
633 4634 967 4690 sciscitasset
983 4633 1114 4702 quid
1139 4632 1244 4688 hoc
1272 4640 1438 4699 esset,
1463 4632 1608 4688 dicta
1635 4642 1763 4689 sunt

138 4725 404 4783 nomina
426 4726 781 4799 singulorum,
819 4740 1051 4795 quorum
1087 4730 1181 4778 aut
1208 4724 1537 4796 negligentia
1561 4722 1765 4780 fecerat

136 4820 391 4891 nigros,
421 4825 511 4871 aut
543 4816 784 4873 studium
829 4816 1118 4888 splendore
1171 4816 1426 4871 nitentes.
1462 4814 1515 4870 ls
1546 4815 1765 4872 rediens

135 4909 223 4965 ad
260 4921 356 4973 se,
386 4904 535 4961 Patri
582 4920 704 4976 qua:
728 4904 941 4961 viderat
990 4904 1192 4971 retulit,
1227 4920 1458 4975 eumque
1483 4920 1552 4961 ne
1581 4920 1641 4961 se
1666 4906 1764 4961 de-

134 5001 440 5075 spiceret,
501 4997 800 5054 admonuit.
831 4996 904 5051 At
948 4996 1041 5050 ille
1066 4996 1403 5067 singulorum
1430 5003 1552 5052 acta
1591 4998 1767 5053 discu-

133 5097 343 5161 tiens,
366 5099 580 5147 mentes
608 5089 860 5156 fratrum,
889 5089 957 5145 de
1006 5088 1203 5158 quibus
1223 5104 1254 5143 a
1281 5086 1450 5144 fratre
1478 5088 1766 5155 didicerat,

223 5222 263 5253 ιι
305 5207 374 5264 Id
407 5205 603 5262 accidit
629 5214 756 5262 ante
791 5204 1068 5261 conditum
1095 5203 1329 5273 amplius
1353 5204 1766 5271 monasterium,

130 5293 321 5339 anno
340 5277 597 5349 proinde,
627 5292 738 5349 non
778 5276 904 5342 795,
934 5283 995 5349 _ut
1032 5282 1219 5349 censet
1250 5273 1644 5349 lienschenius,
1675 5277 1771 5330 sed

131 5352 306 5415 7‘79,
331 5343 467 5420 quo?
508 5347 664 5420 fanti:
686 5363 893 5420 magna
926 5346 983 5401 in
1021 5344 1197 5401 Gallia
1252 5343 1421 5400 fuisse
1451 5346 1770 5415 perhibetur

129 5425 205 5482 in
246 5416 579 5476 Annalibus
604 5416 949 5475 Loiselianis.

217 5496 262 5536 ι»
310 5489 655 5546 Felicianum
705 5489 921 5561 dogma,
951 5504 991 5561 7a
1016 5486 1193 5543 Felice
1219 5486 1534 5561 Orgelitano
1578 5486 1771 5561 Hispa-

125 5566 270 5624 nis
316 5562 585 5633 episcopo
634 5555 803 5615 male'
827 5558 1271 5633 fabricatumLab
1296 5555 1560 5628 Elipando
1606 5555 1771 5633 Iole-

126 5648 310 5694 tano
352 5627 819 5704 pejus'assertum
852 5647 864 5682 :
900 5629 952 5704 id
974 5637 1115 5704 erat,
1147 5627 1422 5704 Christum
1450 5641 1573 5683 esse
1598 5627 1770 5683 filium

124 5709 257 5765 Dei
312 5700 658 5773 adaptivum.
698 5701 778 5755 Ad
806 5700 951 5773 quod
1002 5700 1387 5773 revincendum
1415 5708 1613 5773 coacta
1643 5715 1770 5754 con-

125 5783 296 5838 cilia
364 5769 785 5845 Batisponense,
832 5770 1321 5839 .Francofurtense,
1378 5779 1433 5827 et
1479 5769 1772 5843 Aquisgra-

521 5868 795 5929 ΡΑΤιιοι..
842 5863 1002 5926 CIII.

1868 4633 2239 4692 misericordia
2294 4634 2350 4689 in
2405 4634 2741 4690 contrarium
2816 4635 3052 4707 impetus
3114 4639 3255 4711 ignis
3322 4657 3456 4700 con-

1867 4726 2051 4781 vertit.

1939 4816 2029 4871 2l.
2068 4814 2429 4872 Locustarum
2448 4817 2616 4873 etiam
2637 4825 2787 4887 tanta
2810 4819 3003 4877 eodem
3024 4830 3270 4895 tempore
3281 4824 3458 4885 adfuit

1871 4908 2163 4966 multitudo
2189 4949 2205 4976 ,
2255 4918 2317 4965 ut
2367 4926 2465 4967 sua
2513 4912 2783 4970 densitate
2829 4916 3015 4972 radios
3062 4917 3463 4979 absconderent

1866 5000 2033 5065 solis;
2065 5014 2187 5070 quae
2214 5001 2535 5072 conglobate
2574 5003 2776 5075 impetu
2809 5005 2864 5060 in
2897 5007 3134 5075 vineam,
3164 5024 3287 5079 quae
3331 5025 3456 5069 mo-

1867 5092 2109 5147 nasterio
2133 5093 2313 5148 vicina
2340 5102 2446 5163 est,
2473 5103 2768 5152 vastaturae
2792 5099 3050 5165 resident,
3073 5115 3140 5156 ex
3162 5116 3269 5170 qua
3294 5117 3460 5175 quam

1869 5205 2307 5280 nense‘;_gmissus
2337 5208 2393 5262 in
2421 5207 2735 5280 Hispaniam
2784 5228 2894 5267 non
2936 5213 3106 5267 semel
3131 5213 3458 5276 Benedictus

1870 5294 1993 5357 eum
2021 5277 2161 5344 aliis,
2218 5287 2277 5332 ut
2300 5277 2538 5357 testatur
2579 5280 2923 5357 Alcuinusin
2974 5283 3203 5357 epistola
3230 5289 3458 5357 praefixa

1870 5348 2027 5426 libris
2068 5360 2305 5426 quatuor
2355 5351 2616 5426 adversus
2643 5348 3285 5426 Elipandugn‘,:inscrip’ta
3339 5359 3449 5417 Lei-

1875 5420 2045 5499 drado
2100 5420 2355 5499 episcopo
2412 5420 2782 5499 hugdunensi,
2823 5420 3461 5499 NefridioANarbonensi,

1874 5496 1929 5543 et
1952 5488 2247 5567 Benedicto
2267 5488 2627 5567 abbatiLcum
2649 5502 2825 5567 essent
2849 5493 2903 5567 in
2933 5495 3206 5567 procinctu
3229 5488 3457 5567 itineris;

1872 5567 1931 5613 ut
1953 5559 2029 5614 ait
2051 5559 2104 5614 in
2127 5560 2248 5633 fine.
2277 5560 2339 5615 ν.
2370 5563 2431 5617 C.
2462 5561 2768 5633 Stephanus
2791 5559 3066 5633 Baluiius,
3094 5569 3148 5623 in
3175 5569 3326 5624 calce
3350 5559 3462 5625 No;

1875 5632 2153 5709 κινοίη-ρει
2179 5631 2566 5709 Agobardum,_
2588 5632 2757 5709 refert
2777 5631 3058 5709 synodum»
3078 5638 3455 5709 Urgellensem

1875 5701 2152 5770 annor'799
2181 5717 2243 5757 ea
2274 5703 2341 5758 de
2396 5718 2453 5757 re
2478 5703 2740 5770 habitam,
2791 5701 2879 5760 cui
2911 5701 3235 5765 Benedictus
3269 5719 3462 5765 noster
3557 5719 3578 5730 θ

1875 5769 2140 5828 interfuit.

2912 5869 2986 5935 1‘l
