4046 6332
205 374 305 444 368

1721 370 1900 443 vn‘A.

3341 384 3442 440 366

206 514 326 556 nem
360 509 664 554 surrexisse
688 495 867 553 divina
898 503 1226 554 attestarunt
1246 495 1482 553 oracula.
1515 495 1776 553 Conside-
1805 499 1859 561 Α
1883 496 1953 550 tis
1979 494 2034 550 in
2058 493 2266 552 honore
2312 494 2520 552 Domini
2550 496 2645 553 Dei
2676 512 2739 554 ac
2765 496 3067 555 Salvatoris
3106 498 3278 554 nostri
3321 497 3450 555 Iesu

201 605 327 656 rare
368 590 503 643 libet
550 578 748 659 quanta
795 590 1100 645 humilitate
1140 605 1205 645 ac
1247 590 1548 644 reverentia
1587 589 1777 643 iisdem

208 686 526 742 metuendus
554 686 623 739 sit
643 684 815 750 locus,
841 685 933 755 qui
962 692 1041 739 tot
1066 685 1401 756 principibus
1421 684 1632 738 videtur
1660 672 1781 737 esse

207 780 462 835 munitus.
518 776 794 847 Siquidem
838 777 1099 831 Dominus
1143 776 1390 830 Christus
1416 775 1674 844 Princeps
1701 782 1784 827 est

204 869 443 923 omnium
489 866 814 937 principum,
846 866 962 921 Rex
992 883 1197 938 regum,
1226 873 1279 920 et
1321 865 1583 921 Dominus
1609 865 1782 918 domi-

204 959 447 1016 nantium
477 958 675 1013 :beata
726 973 854 1013 vero
898 955 1137 1025 ejusdem
1184 953 1279 1010 Dei
1334 956 1565 1027 genitrix
1615 955 1783 1009 Maria

178 1038 523 1107 'cunctarum
552 1050 822 1119 virginum
867 1049 1107 1103 creditur
1136 1063 1256 1103 esse
1296 1048 1520 1117 regina;
1556 1048 1785 1102 Michael

205 1145 416 1198 cunctis
448 1142 734 1213 praefertur
774 1142 1117 1213 angelorum;
1156 1140 1352 1195 Petrus
1379 1149 1435 1195 et
1464 1140 1665 1195 Paulus
1694 1156 1786 1194 ca~

201 1234 316 1305 pita
338 1241 466 1289 sunt
486 1234 885 1304 apostolorum;
912 1232 1221 1303 Stephanus
1249 1241 1613 1303 protomartyr
1637 1233 1787 1302 prin-

205 1326 443 1396 cipatum
497 1332 644 1380 tenet
703 1324 757 1379 in
809 1324 977 1378 choro
1038 1324 1289 1389 testium;
1346 1321 1609 1376 Martinus
1657 1336 1787 1375 vero

204 1408 416 1489 gemma
466 1414 694 1484 refulget
732 1415 1052 1485 przesulum;
1104 1414 1425 1469 Benedictus
1467 1421 1787 1467 cunctorum

203 1515 287 1562 est
316 1500 477 1560 Pater
518 1505 926 1559 monachorum.
976 1503 1036 1558 In
1081 1513 1287 1574 septem
1320 1504 1446 1558 item
1489 1501 1703 1567 altaria,
1732 1502 1786 1556 in

205 1607 411 1668 septem
445 1595 787 1660 candelabra,
817 1604 871 1651 ct
897 1597 952 1650 in
981 1605 1186 1664 septem
1217 1594 1496 1665 lampades
1536 1593 1789 1663 septifor-

204 1689 311 1743 mis
336 1689 511 1758 gratia
540 1685 776 1756 Spiritus
805 1687 977 1741 sancti
1006 1687 1341 1758 intelligitur.

276 1777 367 1832 27.
404 1777 709 1849 Cognoscat
748 1777 997 1845 quisquis
1041 1777 1131 1830 ille
1176 1784 1279 1842 est,
1314 1775 1405 1845 qui
1450 1775 1595 1830 hanc
1640 1776 1789 1846 cupit

202 1868 388 1940 legere
410 1844 509 1924 vel
522 1869 716 1924 audire
751 1844 959 1933 Vitam,
988 1877 1311 1922 cunctorum
1336 1844 1442 1921 hoc
1477 1875 1641 1936 caput
1667 1844 1789 1923 esse
1814 1844 1866 1917 Β

200 1959 600 2024 ctenobiorum,
646 1973 756 2013 non
802 1957 984 2012 solum
1013 1972 1135 2027 qua:
1178 1956 1391 2011 Gothiae
1433 1956 1490 2009 in
1541 1959 1789 2026 partibus

202 2060 522 2110 constructa
567 2066 690 2107 esse
734 2050 1015 2117 videntur,
1041 2064 1231 2105 verum
1264 2050 1426 2105 etiam
1473 2056 1528 2105 et
1570 2050 1792 2105 illorum

205 2159 331 2216 qua:
368 2144 491 2199 aliis
521 2144 577 2198 in
609 2142 920 2213 regionibus
952 2155 1018 2195 ea
1067 2149 1410 2209 tempestate,
1439 2148 1491 2195 et
1535 2140 1792 2211 deinceps

196 2248 306 2308 per
357 2234 518 2304 hujus
565 2234 811 2304 exempla
864 2232 1153 2298 aediﬁcata,
1201 2238 1365 2302 atque
1410 2233 1475 2309 de
1521 2233 1794 2289 thesauris

202 2327 357 2384 illius
389 2328 579 2392 ditata,
616 2326 754 2381 sicut
801 2326 1021 2380 inantea
1064 2336 1352 2380 narratura
1384 2334 1470 2382 est
1507 2327 1789 2382 schedula.

203 2418 369 2476 Dedit
390 2427 570 2474 autem
596 2432 692 2473 cor
712 2430 869 2471 suum
908 2417 975 2471 ad
1002 2417 1430 2487 investigandam
1452 2419 1595 2473 beati
1620 2419 1795 2476 Bene-

208 2509 338 2566 dicti
360 2506 641 2578 Regulam,
676 2507 1031 2577 eamdemque
1052 2514 1113 2561 ut
1141 2506 1440 2575 intelligere
1468 2508 1638 2577 possit
1679 2515 1791 2563 sat-

210 2614 372 2671 agere
401 2599 731 2656 circumiens
755 2599 1105 2665 monasteria,
1130 2600 1335 2670 peritos
1360 2615 1602 2669 quosque
1627 2601 1795 2655 inter-

208 2708 409 2762 rogans
432 2707 551 2763 quze
578 2692 889 2763 ignorabat;
922 2698 976 2747 et
996 2693 1241 2747 omnium
1271 2701 1607 2759 sanctorum,
1634 2708 1796 2763 quas-

212 2798 427 2855 cunque
462 2785 707 2840 invenire
754 2785 931 2855 potuit
978 2784 1192 2854 regulas
1234 2787 1607 2858 congregavit.
1659 2785 1797 2842 Nor-

210 2892 467 2947 memque
494 2875 704 2938 utilem,
726 2884 782 2930 et
812 2879 1268 2932 monasteriorum
1297 2877 1541 2933 salubres
1570 2892 1798 2935 consue-

211 2967 428 3023 tudines
449 2966 660 3030 didicit,
686 2966 908 3036 suisque
936 2982 1030 3023 eas
1057 2967 1280 3023 tradidit
1304 2970 1586 3024 monachis
1614 2972 1799 3025 obser-

210 3060 437 3114 Vundas.
477 3057 730 3113 instituit
769 3069 1051 3126 cantores,
1091 3060 1273 3115 docuit
1307 3060 1561 3127 lectores,
1609 3062 1799 3117 habuit

202 3151 613 3222 grammaticos,
638 3157 697 3204 et
746 3151 971 3205 scientia
1019 3151 1423 3221 Seripturarum
1471 3155 1697 3224 peritos,
1729 3156 1797 3211 de

206 3243 408 3312 quibus
427 3244 590 3297 etiam
613 3242 833 3313 quidam
854 3253 976 3313 post
1000 3244 1149 3301 fuere
1170 3247 1432 3317 episcopi,
1461 3249 1790 3320 aggregavit.

210 3333 501 3391 Librorum
534 3336 938 3392 multitudinem
958 3341 1332 3410 congregavit,
1364 3341 1606 3411 pretiosa
1635 3342 1799 3397 vesti-

200 3439 401 3485 menta
430 3431 828 3497 ecclesiastica,
858 3429 1055 3486 calices
1103 3438 1387 3503 argenteos
1428 3433 1794 3503 praegrandes,

198 3520 492 3578 enervam
532 3517 809 3593 argentea,
845 3530 901 3576 et
933 3523 1195 3593 quidquid
1223 3524 1374 3593 operi
1411 3522 1509 3577 Dei
1540 3539 1795 3579 necessa-

198 3616 509 3670 rium'esse
536 3615 834 3686 conspexit,
860 3630 1073 3671 summo
1110 3628 1242 3671 'cum
1278 3617 1459 3672 studio
1490 3618 1794 3688 acquisivit.

210 3704 393 3765 Natus
416 3707 596 3779 itaque
622 3708 795 3766 factus
823 3719 908 3767 est
932 3712 1204 3778 omnibus,
1238 3720 1294 3767 et
1319 3711 1463 3768 fama
1492 3714 1799 3770 sanctitatis

207 3799 335 3871 ejus
383 3801 561 3872 regias
600 3803 1024 3874 imperialesque
1069 3805 1374 3875 penetravit
1417 3822 1598 3862 aures.
1651 3808 1802 3863 Abiit

208 3890 412 3949 deinde
444 3891 517 3949 ad
551 3892 998 3965 gloriosissimum
1026 3895 1408 3966 imperatorem
1446 3897 1698 3953 Carolum
1729 3900 1800 3954 ob

205 3983 505 4039 utilitatem
557 3984 910 4052 monasterii,
940 3985 1127 4056 illique
1155 3989 1460 4044 coenobium
1490 3992 1578 4061 pia
1619 3991 1800 4045 consi-

206 4076 498 4132 deratione
540 4086 848 4148 prmventus
874 4119 889 4144 ,
921 4092 992 4134 ne
1035 4078 1377 4137 incommoda
1420 4099 1451 4138 a
1480 4085 1797 4155 parentibus

208 4170 309 4244 [Id
367 4178 476 4238 est,
508 4171 947 4246 consanguineis]
978 4175 1092 4230 suis
1141 4183 1459 4244 paterentur
1502 4185 1627 4248 post
1682 4177 1797 4246 ejus

206 4260 511 4319 discessum
551 4266 895 4333 superstites,
926 4280 1024 4335 per
1061 4265 1310 4321 chartam
1356 4267 1574 4323 tradidit
1620 4271 1797 4339 possi-

205 4354 446 4411 dendum
478 4372 493 4410 :
523 4371 555 4410 a
589 4371 698 4427 quo
723 4371 848 4411 mox
877 4357 1273 4414 immunitatem
1297 4360 1541 4430 percepit
1569 4371 1595 4401 α
1626 4361 1799 4415 conti-

202 4455 434 4502 nentem
462 4446 541 4501 ita
565 4461 583 4500 :

290 4554 311 4587 α
341 4532 403 4591 1η
428 4537 647 4592 nomine
671 4546 873 4592 sanctae
900 4543 955 4593 et
983 4537 1274 4593 individuaé
1295 4532 1599 4605 Trinitatis,
1644 4554 1817 4596 saro-

201 4607 301 4663 lus
463 4610 633 4682 gratia
658 4624 754 4663 rex
792 4610 1120 4665 Francorum
1142 4620 1201 4665 et
1228 4608 1707 4682 Longobardorum
1732 4627 1797 4667 ac

202 4679 480 4750 patricius
514 4679 904 4735 Romanorum.
1354 4679 1371 4682 ⁷
1594 4696 1597 4699 ’

289 4746 581 4821 Maximum
620 4752 771 4820 regni
818 4752 988 4806 nostri
1032 4753 1085 4807 in
1124 4754 1227 4808 hoc
1277 4765 1476 4821 augere
1523 4751 1797 4808 credimus

200 4820 635 4895 munimentum,
680 4824 739 4895 si
761 4821 1021 4895 beneficia
1049 4820 1506 4895 opportuna’locis
1534 4822 1793 4879 ecclesia-

205 4906 337 4946 rum
400 4892 655 4946 benevola
711 4894 997 4949 devotione
1047 4892 1422 4960 coneco‘imus,
1453 4908 1519 4948 ac
1568 4896 1797 4950 Domino

202 4971 535 5033 protegente
560 4963 827 5018 stabiliter
854 4966 1150 5033 perdurare
1182 4965 1597 5020 conscribimus.
1629 4965 1799 5034 igitur

204 5040 407 5106 notum
437 5034 1110 5106 sitotnnibusiepiscopis,
1156 5036 1462 5106 abbatibus,
1509 5037 1799 5091 comitibus

205 5112 270 5159 et
301 5105 732 5168 vicecomitibus,
765 5104 1384 5171 vicariis,'centenariis,
1408 5104 1685 5173 judicibus
1707 5121 1804 5161 seu

205 5174 472 5230 munibus
492 5173 737 5230 ﬁdelibus
756 5175 1112 5245 praesentibus
1134 5176 1340 5232 scilicet
1362 5186 1417 5230 et
1437 5174 1654 5241 futuris,
1674 5192 1808 5246 qua-

205 5246 345 5301 liter
366 5246 454 5300 vir
480 5247 808 5302 venerabilis
832 5247 1156 5303 Benedictus
1183 5246 1350 5301 abbas
1378 5259 1443 5300 ex
1474 5248 1808 5303 monasterio

204 5316 369 5389 quod
394 5318 508 5386 ipse
539 5333 679 5385 novo
703 5331 867 5388 opere
886 5318 1014 5387 jure
1040 5318 1401 5390 proprietario
1430 5332 1461 5371 a
1488 5317 1811 5375 fundamen-

288 5441 318 5473 ι
354 5432 491 5503 Qum
533 5444 839 5503 seqmntsr
869 5432 1446 5502 usquetadtnumerum
1490 5428 1581 5494 42,
1609 5429 1809 5487 desunt

204 5502 275 5558 in
300 5502 466 5556 editis
489 5505 629 5572 apud
656 5502 969 5559 Menardum
1001 5512 1056 5557 et
1079 5503 1414 5558 Bollandum.

198 5600 211 5603 ν
293 5573 414 5627 Mn
438 5569 765 5642 quibusdam
812 5575 970 5629 istius
995 5574 1311 5642 diplomatis
1350 5569 1627 5640 exemplis
1644 5586 1810 5642 appo-

202 5645 373 5702 uitur
395 5645 511 5700 haec
529 5644 805 5700 clausula:
831 5644 970 5699 Data
1001 5660 1056 5698 vi
1090 5643 1492 5715 Kl.Augustos,
1513 5659 1663 5715 anno
1674 5658 1810 5715 nono

204 5716 426 5787 decimo
455 5717 600 5787 regni
628 5717 813 5773 nostri.
856 5716 1041 5787 Actum
1078 5716 1134 5772 in
1170 5712 1549 5787 Rughnqsburg
1572 5712 1809 5787 palatio;

208 5802 347 5855 quae
378 5783 619 5840 clausula
649 5788 854 5842 certior
898 5784 1111 5840 videtur
1147 5783 1310 5854 quain
1356 5784 1619 5853 appositio
1667 5783 1808 5836 Bar-

213 5857 498 5911 tlioiomwi
535 5859 729 5912 notarii
765 5858 834 5912 ad
875 5859 1035 5912 vicem
1080 5855 1334 5911 Ludovici
1382 5856 1810 5925 recognoscentis.

1884 566 2239 641 Christi,_seu_
2257 577 2455 641 sancta:
2480 584 2797 639 semperque
2828 571 3054 641 virginis
3088 570 3326 641 ejusdem
3356 570 3452 625 Dei

1883 637 2162 709 genitricis
2191 638 2395 704 Marias,
2426 654 2519 693 seu
2550 637 2780 695 aliorum
2809 637 3130 696 sanctorum
3165 640 3456 695 aediﬁcavit
3500 704 3505 709 λ

1883 706 2083 782 inloco
2125 717 2469 782 nuncupante
2509 710 2740 782 Aniano,
2764 713 2819 766 in
2866 727 3004 782 pago
3044 710 3455 781 Magdalonense

1884 778 2073 847 subtus
2096 786 2274 831 castro
2307 779 2811 847 Monte-Calmense,
2846 778 2911 836 ad
2940 778 3180 837 nostrain
3228 781 3459 837 accessit

1885 845 2246 919 clementiam,
2279 858 2333 901 et
2372 849 2685 919 prtedictum
2712 845 3095 908 monasterium
3126 868 3249 906 cum
3276 855 3455 906 omni-

1884 917 1986 992 bus
2019 917 2179 992 rebus
2217 926 2278 992 e_t_
2311 917 2644 992 ornamentis
2691 923 2965 987 ecclesias,
2994 939 3086 977 seu
3129 921 3459 992 appendieiis

1858 987 2311 1063 veladjacentiis
2337 990 2467 1063 suis
2511 991 2565 1045 in
2617 993 2864 1048 manibus
2906 995 3105 1048 nostris
3145 987 3457 1063 plenissima

1887 1058 2273 1134 deliberatione
2298 1060 2445 1114 visus
2485 1069 2567 1134 est
2594 1063 2890 1134 delegasse,
2912 1074 2969 1118 et
3009 1058 3182 1134 ipsum
3211 1074 3457 1134 sanctum

1886 1126 2204 1203 locumsub
2244 1138 2427 1203 nostra
2472 1126 2781 1188 defensione
2810 1126 2969 1203 atque
2997 1126 3359 1188 dominatione
3391 1133 3459 1187 ad

1888 1200 2180 1272 regendum
2210 1200 2365 1272 nobis
2394 1204 2540 1255 visus
2567 1211 2651 1256 est
2687 1200 2991 1258 tradidisse.
3020 1204 3224 1259 Idcirco
3252 1205 3317 1257 ad
3344 1203 3460 1272 ejus

1864 1270 2201 1339 petitionem
2242 1271 2346 1325 tale
2375 1287 2472 1340 pro
2500 1284 2701 1327 aeterna
2740 1276 3095 1330 retributione
3140 1270 3461 1329 beneficium

1888 1355 2015 1409 erga
2044 1342 2218 1409 ipsum
2246 1352 2489 1396 sanetum
2516 1344 2691 1397 locum
2718 1346 2816 1398 visi
2850 1346 3048 1400 fuimus
3072 1345 3379 1409 indulsisse,
3402 1352 3463 1399 ut

1890 1409 1944 1486 in
1973 1411 2216 1486 ecclesiis
2241 1421 2296 1466 et
2326 1412 2457 1486 locis
2478 1414 2563 1467 vel
2593 1415 2737 1482 agris
2765 1432 2859 1486 seu
2886 1416 3006 1473 aliis
3032 1416 3461 1486 possessionibus

1891 1481 2060 1550 ipsius
2103 1484 2443 1556 monasterii,
2474 1500 2610 1553 quas
2632 1481 2914 1556 i'rnodcrno
2964 1481 3205 1556 tempore
3243 1500 3339 1556 per
3365 1501 3463 1540 no-

1890 1562 2060 1605 stram
2091 1555 2433 1608 donationem
2461 1570 2523 1608 ac
2542 1553 3006 1611 confirmationem
3028 1553 3121 1611 seu
3144 1553 3463 1611 catérorum

1890 1621 2127 1697 ﬁdelium
2145 1624 2289 1697 justc
2310 1626 2587 1693 possidere
2612 1626 2847 1692 videtur,
2872 1628 2925 1681 in
2952 1628 3283 1697 quibuslibet
3306 1628 3460 1691 locis,

1891 1694 2151 1817 quidquid
2184 1695 2380 1749 ibidem
2412 1705 2631 1766 propter
2665 1696 2905 1751 divinum
2943 1694 3178 1751 antorem
3211 1696 3465 1752 collatum

1917 1764 2265 1817 nihilumque
2298 1766 2461 1817 etiam
2511 1768 2761 1817 deincens
2809 1768 2861 1817 in
2912 1765 3029 1817 iure
3075 1768 3245 1817 insius
3292 1767 3465 1817 sancti

1917 1764 2014 1839 uit,
2041 1781 2265 1835 quaeque
2298 1764 2461 1819 etiam
2511 1764 2761 1834 deinceps
2808 1768 2861 1821 in
2894 1765 3029 1839 jure
3075 1768 3245 1839 ipsius
3292 1767 3467 1822 sancti

1895 1834 2019 1897 loci,
2051 1834 2145 1908 aut
2168 1834 2264 1906 per
2290 1851 2388 1891 nos
2417 1845 2509 1890 aut
2534 1851 2632 1906 per
2658 1839 2793 1892 alios
2829 1834 3061 1893 voluerit
3086 1834 3267 1893 divina
3292 1840 3467 1908 pietas

1893 1907 2111 1974 augeri;
2152 1908 2528 1976 praecipientes
2552 1908 2806 1977 jubemus
2836 1917 2997 1976 atque
3042 1907 3467 1964 anathematiza-

1892 1984 2135 2050 nius,_ut
2179 1978 2357 2031 nullus
2403 1993 2603 2050 comes,
2656 1993 2831 2048 neque
2874 1981 3178 2050 episcopus,
3220 1979 3468 2050 autiulla

1888 2045 2174 2116 judiciaria
2223 2055 2463 2117 potestas
2514 2048 2578 2101 ad
2632 2045 2823 2104 cauéas
2866 2045 3171 2105 audiendas
3190 2050 3271 2104 vel
3319 2049 3471 2104 freda

1894 2117 2175 2190 exigenda,
2205 2126 2299 2171 aut
2342 2118 2652 2190 mansiones
2684 2120 2767 2190 vel
2798 2129 3018 2190 paratas
3048 2120 3344 2185 faciendas,
3379 2127 3471 2174 aut

1894 2187 2241 2272 ﬁdejussores
2284 2188 2565 2252 tollemlos,
2598 2204 2697 2243 nec
2731 2187 2978 2247 homines
3003 2190 3173 2272 ipsius
3200 2198 3473 2246 monaste-

1896 2259 1961 2312 rii
1989 2265 2095 2311 tam
2127 2260 2388 2325 ingenuos
2416 2274 2689 2331 quamque
2718 2274 2924 2324 servos,
2951 2259 3039 2329 qui
3076 2276 3238 2331 supra
3270 2270 3470 2315 terram

1895 2331 2179 2400 memorati
2210 2330 2525 2400 monasterii
2573 2330 2811 2400 residere
2856 2331 3130 2397 videntur,
3146 2330 3477 2400 distringen-

1894 2398 2014 2464 dos,
2044 2414 2144 2454 nec
2174 2399 2311 2455 ullas
2342 2399 2729 2454 redhibitiones
2774 2408 2871 2454 aut
2910 2401 3127 2456 illicitas
3157 2398 3473 2456 occasiones

1893 2471 2303 2539 perquirendas,
2330 2479 2424 2524 aut
2450 2470 2618 2524 ullum
2660 2472 2883 2526 omnino
2929 2486 3151 2525 censum
3200 2472 3475 2540 inquiren-

1895 2540 2042 2606 dum,
2074 2542 2182 2595 ullo
2211 2557 2448 2611 unquam
2477 2550 2718 2610 tempore
2750 2541 2960 2610 ingredi
2990 2544 3204 2607 audeat,
3236 2541 3321 2596 vel
3348 2556 3475 2596 exa-

1896 2618 2045 2683 ctarc
2071 2622 2380 2681 pnesumat.
2416 2612 2520 2667 Sed
2547 2612 2649 2667 hoc
2678 2613 2792 2683 ipse
2820 2613 2989 2667 abbas
3021 2614 3104 2668 vel
3135 2627 3477 2669 successores

1894 2682 2102 2754 sui‘aut
2142 2684 2399 2738 monachi
2429 2682 2715 2737 memorati
2760 2683 2887 2747 loci,
2938 2690 3233 2754 praesentes
3266 2683 3477 2739 scilicet

1893 2760 1952 2809 et
1974 2752 2161 2819 futuri,
2193 2764 2415 2823 propter
2442 2767 2637 2810 nomen
2670 2755 2881 2809 Domini
2906 2752 3006 2809 sub
3030 2755 3252 2824 integrae
3276 2756 3476 2808 immu-

1896 2825 2085 2880 nitatis
2113 2826 2331 2880 nomine
2358 2826 2562 2895 absque
2589 2825 2874 2895 cujuslibet
2899 2826 3194 2894 inquietate
3227 2833 3320 2879 aut
3346 2840 3477 2881 con-

1899 2898 2177 2950 trarietate
2207 2896 2418 2949 valeant
2448 2896 2746 2961 dominare,
2775 2906 2829 2950 ct
2854 2896 2984 2949 nulli
3007 2911 3245 2965 unquam
3271 2896 3479 2950 homini

1899 2980 1999 3050 pro
2030 2965 2482 3050 qualicnnquere
2511 2965 2713 3020 nullum
2750 2981 2969 3050 censum
2997 2968 3226 3050 omnino.
3244 2967 3481 3050 audeant

1900 3037 2364 3159 impenderezsed
2406 3038 2584 3107 ipsum
2624 3047 2872 3091 sanctum
2918 3037 3093 3092 locum
3147 3037 3247 3093 sub
3292 3045 3480 3091 nostra

1901 3108 1965 3159 dc
1990 3108 2212 3159 ensione
2263 3116 2421 3159 atcue
2485 3108 2849 3159 dominatione
2903 3108 3148 3159 volumus
3206 3116 3477 3159 constare.

1901 3108 2212 3179 defensione
2263 3116 2421 3179 atque
2485 3108 2849 3179 dominatione
2903 3108 3148 3163 volumus
3206 3116 3477 3163 constare.

1822 3200 1868 3273 Ε
1898 3178 2214 3262 .Statuentes
2234 3178 2364 3248 ergo
2390 3186 2550 3249 atque
2574 3178 2846 3261 jubentes,
2874 3189 3279 3273 ut'neque‘vos,
3306 3192 3483 3259 neque

1890 3248 2138 3317 juniores
2165 3265 2258 3303 seu
2288 3248 2631 3321 successores
2663 3250 2847 3321 vestri,
2880 3249 2964 3321 vel
3009 3248 3265 3321 quislibet
3298 3263 3364 3321 ex
3390 3248 3481 3319 ju-

1898 3321 2125 3375 diciaria
2168 3329 2437 3390 potestate
2486 3320 2540 3373 in
2566 3320 2812 3375 ecclesiis
2838 3329 2892 3375 et
2919 3320 3052 3375 locis
3076 3320 3159 3374 vel
3208 3320 3353 3391 agris
3383 3330 3483 3391 seu

1899 3392 2122 3461 reliquis
2167 3388 2602 3460 possessionibus
2632 3392 2985 3461 suprascripti
3024 3388 3361 3461 monasterii,
3393 3388 3481 3445 vel

1899 3463 1965 3516 de
2007 3461 2259 3516 omnibus
2287 3477 2405 3530 qua:
2443 3476 2603 3529 supra
2636 3460 2839 3529 scripta
2871 3470 3016 3525 sunt,
3047 3460 3193 3514 nullo
3240 3475 3480 3530 unquam

1900 3542 2138 3599 tempore
2186 3529 2486 3602 inquietare
2534 3539 2627 3584 aut
2677 3540 2932 3586 exactare
2984 3529 3485 3599 praesumatis:sed

1898 3603 2042 3671 quod
2069 3615 2164 3655 nos
2189 3601 2411 3672 prepter
2450 3616 2643 3655 nomen
2676 3601 2888 3654 Domini
2916 3609 2971 3655 et
2997 3612 3212 3672 interna
3237 3614 3488 3655 remune-

1900 3669 2110 3727 ratione
2142 3669 2209 3726 ed
2232 3669 2345 3741 jain
2391 3671 2559 3725 fatum
2591 3672 2979 3741 monasterium
3018 3669 3360 3735 indulsimus,
3390 3684 3486 3741 pe-

1900 3742 2158 3797 rennibus
2201 3740 2558 3812 temporibus
2618 3740 2868 3811 proﬁciat
2918 3742 2972 3795 in
3021 3741 3347 3810 augmentis.
3418 3740 3489 3797 Et

1899 3811 2350 3883 quandoquidem
2367 3811 2546 3867 divina
2576 3812 2861 3873 vocatione
2888 3812 3287 3881 suprascriptus
3314 3826 3485 3883 vene-

1897 3881 2086 3938 rabilis
2113 3881 2437 3938 Benedictus
2468 3883 2635 3938 abbas
2658 3883 2745 3936 vel
2774 3898 3117 3939 successores
3147 3882 3262 3952 ejus
3290 3883 3355 3937 de
3380 3881 3487 3939 hac

1898 3954 2018 4009 luce
2048 3955 2399 4025 migraverint
2427 3955 2493 4008 ad
2526 3953 2834 4019 Dominum,
2865 3955 3077 4025 qualem
3116 3954 3397 4008 meliorem
3427 3961 3485 4025 et

1897 4025 2055 4080 nobis
2083 4024 2180 4094 per
2209 4026 2390 4080 omnia
2424 4025 2634 4081 fidelem
2665 4025 2780 4095 ipsa
2811 4024 2999 4081 sancta
3029 4026 3381 4095 congregatio
3414 4024 3486 4080 de

1898 4096 2266 4167 suprascripto
2323 4097 2653 4152 monasterio
2690 4103 2783 4149 aut
2826 4097 2892 4152 de
2952 4097 3315 4167 qualicunque
3362 4096 3485 4150 loco

1896 4168 2167 4221 voluerint
2194 4167 2393 4237 eligere
2423 4168 2703 4231 abbatem,
2737 4168 2827 4236 qui
2860 4167 3033 4237 ipsam
3083 4177 3326 4221 sanctam
3353 4182 3485 4237 conf

1894 4236 2607 4309 grcgationem’secundum
2663 4237 2924 4306 Regulam
2977 4237 3152 4291 sancti
3206 4236 3485 4309 Benedicti

1899 4307 2086 4377 regere
2135 4311 2332 4371 valeat,
2382 4324 2481 4378 per
2528 4308 2669 4362 hanc
2723 4316 2965 4378 nostram
3016 4307 3398 4378 auctoritatem
3428 4313 3487 4360 et

1897 4375 2161 4447 permissa
2204 4375 2532 4447 indulgentia
2571 4378 2843 4433 licentiam
2876 4377 3129 4440 habeant,
3170 4375 3484 4447 et_ubi_cun-

1898 4445 2004 4519 que
2046 4450 2314 4503 voluerint
2340 4445 2600 4519 ordinari,
2636 4456 2729 4519 aut
2757 4448 2854 4516 ipsi
2896 4454 2989 4499 aut
3037 4445 3290 4499 monachi
3338 4445 3484 4513 ipso-

1901 4516 2044 4585 rum,
2070 4520 2155 4573 vel
2186 4535 2217 4572 a
2257 4518 2496 4588 quolibet
2543 4516 2797 4588 pontifice
2846 4530 2913 4570 ex
2962 4523 3234 4588 praecepto
3261 4522 3316 4588 et
3347 4530 3481 4588 conj

1900 4607 2067 4648 sensu
2094 4585 2620 4659 nostro—potestatem
2645 4587 2895 4659 habeant,
2925 4585 3190 4655 quatenus
3214 4586 3317 4659 ipsi
3340 4585 3487 4641 servi

1903 4664 2017 4725 Dei,
2053 4663 2143 4732 qui
2174 4658 2373 4732 ibidem
2402 4660 2510 4713 Deo
2536 4658 2783 4712 famulari
2808 4658 3079 4732 videntur,
3107 4674 3206 4732 pro
3232 4658 3389 4715 nobis
3413 4672 3488 4732 ac

1903 4728 2131 4805 conjuge
2157 4731 2412 4805 proleque
2443 4738 2623 4805 nostra
2657 4737 2712 4785 et
2745 4729 3040 4805 stabilitate
3070 4728 3235 4805 tutius
3267 4728 3425 4805 regni
3453 4742 3487 4805 ξ

1904 4797 2020 4860 Deo
2036 4797 2191 4858 nobis
2212 4797 2485 4859 commissi
2510 4800 2591 4856 vel
2609 4802 2962 4857 conservandi
2988 4803 3245 4857 attentius
3267 4797 3486 4854 Domini

1904 4875 2333 4930 misericordiam
2362 4889 2590 4928 exorare
2612 4872 2945 4928 delectentur
2976 4872 3027 4925 ιδ.
3064 4891 3084 4925 ι

1974 4966 2063 5021 28.
2118 4965 2244 5021 Haec
2288 4964 2708 5036 gloriosissimus
2762 4976 2857 5021 rex
2907 4961 3154 5028 Carolus,
3185 4955 3488 5016 venerabili

1904 5060 2024 5116 viro
2046 5059 2340 5116 Benedicto
2365 5073 2463 5129 per
2488 5064 2820 5130 praeceme
2866 5055 3129 5113 contulit:
3161 5054 3257 5109 sed
3299 5060 3355 5108 et
3378 5052 3489 5108 cir-

1905 5168 2247 5225 cumquaque
2294 5154 2449 5209 utilia
2492 5169 2751 5225 pecorum
2798 5152 3179 5220 laboribusque
3226 5158 3350 5220 apta
3395 5165 3494 5221 per

1910 5248 2160 5301 chartam
2182 5246 2517 5316 imperialem
2538 5246 2658 5301 loca
2687 5246 2757 5302 ab
2782 5254 2851 5300 eo
2872 5242 3127 5311 suscepit.
3163 5239 3377 5297 Honore
3397 5255 3495 5296 au-

1910 5349 2023 5395 tem
2047 5350 2247 5408 magno
2295 5339 2365 5393 ab
2390 5338 2715 5409 imperatore
2745 5337 2997 5400 donatus,
3026 5333 3235 5389 scilicet
3285 5334 3493 5406 argenti

1908 5448 2135 5507 Constat
2161 5448 2303 5504 enim
2328 5447 2655 5502 Ludovicum
2688 5446 2855 5501 fuisse
2903 5442 3286 5500 cancellarium
3311 5442 3495 5501 Caroli

1913 5522 2080 5583 Calvi,
2112 5537 2218 5576 non
2268 5520 2443 5574 Caroli
2497 5518 2693 5587 Magni,
2741 5516 2979 5587 quitum
3025 5516 3165 5585 apud
3212 5514 3495 5587 Bajoarios

1915 5604 2038 5646 eum
2065 5591 2306 5646 exercitu
2337 5598 2473 5643 erat.
2507 5585 2653 5643 istud
2681 5586 3020 5656 privilegium
3047 5595 3233 5657 postea
3269 5585 3498 5641 Benedi-

1916 5672 2004 5739 cto
2032 5663 2371 5739 confirmavit
2402 5659 2702 5739 Ludovicus
2722 5657 2999 5739 Augustus
3016 5657 3375 5739 litteris‘datis
3395 5671 3494 5711 vut

1917 5732 2012 5857 ἷίιἶ
2043 5733 2196 5799 Maii,
2238 5748 2376 5787 anno
2405 5732 2574 5802 primo
2620 5726 2857 5800 imperii,
2877 5728 3072 5784 Indict.
3111 5726 3164 5795 7,
3194 5729 3353 5800 Aquis
3400 5743 3435 5796 ρ

1938 5814 2065 5857 atto.
3430 5832 3435 5835 »

1938 5821 2065 5859 αιιο.
3430 5832 3435 5835 ’
