4004 6328
554 331 659 390 367

1590 328 1647 385 S.
1686 324 2048 383 BENEDlCTl
2086 323 2380 380 ABBATIS
2416 318 2826 378 ANIANENSIS

3721 314 3840 374 568

554 448 728 509 libras
767 445 938 505 ferme
964 465 1055 516 XL,
1087 448 1155 506 ad
1183 462 1342 505 suum
1389 446 1442 501 in
1475 460 1607 518 pace
1633 443 1794 500 rediit
1818 439 2138 513 quantocius
2163 443 2217 506 Α
2241 439 2385 495 enim
2411 440 2556 510 quod
2577 437 2700 502 sibi,
2734 434 2828 492 sed
2852 432 3033 507 potius
3055 431 3199 504 quod
3221 430 3352 487 Utile
3391 430 3514 487 aliis
3538 430 3841 502 judicavit,

554 542 969 599 monasterium.
1018 540 1141 596 Mox
1167 549 1346 597 autem
1383 539 1618 611 patrium
1652 544 1712 591 ut
1738 534 1916 605 attigit
1944 532 2139 597 solum,

558 634 791 690 divisum
823 648 922 703 per
954 640 1166 704 partem
1198 632 1342 702 quod
1368 631 1624 686 attulerat
1652 635 1934 700 argentum
1974 625 2141 679 bene-

556 724 810 781 dictionis
838 724 1011 796 gratia
1062 739 1160 794 per
1182 722 1514 794 singulorum
1546 719 1744 775 direxit
1789 713 2139 772 monasteria.

553 817 684 872 Fuit
716 816 860 871 enim
887 814 962 869 illi
1012 815 1116 869 hoc
1145 812 1349 869 nostris
1399 810 1730 883 temporibus
1766 822 1879 878 prae
1932 802 2144 861 cunctis

555 905 833 978 singulare
858 906 1079 970 donum,
1100 902 1355 959 benevola
1399 902 1604 957 scilicet
1632 902 1777 956 circa
1813 913 2001 954 omnes
2030 897 2145 968 pia-

557 1016 665 1070 que
689 998 1076 1063 consideratio,
1098 1005 1260 1067 atque
1284 996 1589 1051 sollicitudo
1608 993 1851 1050 omnium
1872 997 2145 1046 monaste-

556 1091 764 1145 riorum
790 1089 936 1146 circa
964 1088 1227 1161 longeque
1255 1087 1576 1158 positorum.
1608 1084 1821 1139 Etenim
1847 1097 1912 1137 ea
1952 1080 2144 1135 crebro

504 1239 509 1263 ί
557 1182 834 1249 visitabat,
877 1190 932 1237 et
952 1181 1144 1238 ordine
1176 1189 1377 1236 sancta}
1425 1180 1548 1233 vitae
1597 1175 1871 1259 imbuebat
1900 1192 1913 1227 ε
1946 1172 2013 1227 de
2058 1169 2145 1225 his

558 1291 741 1339 autem
769 1295 888 1352 qua:
914 1279 992 1335 illi
1021 1294 1052 1333 a
1081 1277 1330 1333 fidelibus
1364 1274 1805 1336 conferebantur,
1847 1268 2003 1339 juxta
2044 1282 2145 1321 nu-

554 1391 769 1433 merum
809 1372 1190 1437 habitantium,
1218 1369 1303 1426 vel
1332 1368 1628 1425 sccundum
1678 1379 1835 1437 posse
1865 1361 2145 1418 transmit-

556 1467 730 1534 tebat,
768 1467 854 1522 his
875 1466 969 1537 qui
1002 1463 1175 1535 magis
1202 1461 1512 1533 indigebant
1542 1457 1792 1529 amplius,
1823 1456 2015 1525 exigua
2043 1467 2142 1507 au-

555 1566 668 1615 tem
693 1557 1061 1629 indigentibus
1083 1554 1281 1609 minus.
1329 1550 1565 1607 Noverat
1590 1548 1779 1617 utique
1810 1543 2144 1615 singulorum

555 1652 916 1714 monasteria,
934 1660 1231 1716 eorumque
1253 1642 1472 1698 nomina
1495 1639 1779 1695 retinebat.
1798 1636 1965 1690 Pallia
1989 1649 2141 1699 vero,

556 1743 686 1816 quia
712 1739 938 1809 singulis
966 1738 1096 1793 dare
1142 1752 1247 1791 non
1276 1741 1509 1805 poterat,
1539 1747 1636 1802 per
1664 1736 1846 1801 partes
1871 1727 2041 1782 divisa
2074 1724 2143 1780 ad

556 1852 750 1893 cruces
780 1834 970 1891 saltem
1015 1829 1291 1887 faciendas
1321 1827 1586 1883 mittebat.
1618 1824 1872 1881 Omnium
1912 1821 2145 1891 denique

555 1929 1033 1993 monasteriorum,
1053 1934 1163 1980 tam
1187 1923 1238 1978 in
1260 1921 1546 1978 Provincia
1571 1934 1731 1989 quam
1760 1917 1813 1972 in
1829 1914 2027 1971 Gothia
2052 1929 2145 1969 seu

555 2019 1003 2090 Novempalitana
1034 2030 1058 2058 ιι
1084 2016 1361 2088 provincia
1403 2011 1815 2068 consistentium
1844 2015 1964 2064 erat
1989 2006 2144 2079 quasi

554 2110 741 2167 nutrix
784 2110 970 2166 fovens
986 2110 1319 2180 juvansque;
1347 2113 1510 2174 atque
1543 2104 1611 2158 ab
1646 2101 1897 2158 omnibus
1926 2100 2147 2155 amaba-

556 2211 647 2257 tur
687 2211 749 2258 ut
795 2211 974 2273 pater,
999 2200 1363 2256 venerabatur
1390 2205 1452 2251 ut
1494 2195 1766 2260 dominus,
1796 2192 2148 2249 reverebatur

553 2300 616 2348 ut
647 2293 924 2364 magister.

625 2385 717 2441 29.
748 2383 1054 2454 Pauperum
1100 2397 1315 2455 quoque
1349 2396 1562 2437 summo
1589 2394 1713 2435 cum
1763 2377 1944 2434 studio
1966 2392 2149 2433 secer-

557 2479 791 2535 nebatur
814 2478 1013 2548 portio,
1033 2476 1315 2549 viduarum
1341 2491 1450 2531 non
1474 2475 1781 2545 patiebatur
1806 2472 1862 2526 in
1888 2471 2024 2525 alios
2049 2485 2148 2524 ex-

552 2570 795 2641 pendere
827 2584 959 2624 usus
1003 2567 1321 2639 particulas.
1352 2566 1605 2623 Omnium
1655 2564 1922 2633 siquidem
1948 2561 2151 2616 sancti-

556 2661 874 2717 monialium
928 2659 1321 2729 viduarumque
1378 2658 1523 2713 circa
1578 2656 1880 2727 positarum
1922 2659 2150 2708 noverat

556 2752 796 2808 nomina.
839 2751 1079 2823 Captivis
1122 2751 1369 2806 hilariter
1421 2749 1764 2821 praebebatur
1808 2747 2145 2817 redemptio,

555 2846 735 2902 nullus
761 2846 851 2901 illo
880 2847 1114 2901 habente
1140 2845 1450 2911 indonatus,
1482 2852 1544 2898 ut
1569 2860 1715 2909 reor,
1745 2843 1895 2908 abiit,
1927 2840 2022 2897 sed
2050 2855 2148 2910 pro

555 2953 716 3010 posse
749 2939 1000 2995 omnibus
1035 2939 1218 2994 omnia
1270 2938 1444 2993 factus
1488 2946 1590 2993 est.
1624 2936 1965 3006 Quapropter
2003 2933 2149 2989 ultro

556 3028 789 3100 quisque
836 3030 885 3084 ei
918 3045 1073 3085 suam
1100 3028 1311 3084 ferebat
1339 3028 1715 3092 substantiam,
1744 3042 1907 3096 quam
1935 3025 1989 3081 in
2015 3040 2148 3081 usus

556 3134 877 3189 pauperum,
926 3135 1241 3192 egenorum,
1282 3121 1567 3174 viduarum
1610 3120 2055 3190 captivorumque
2082 3134 2147 3175 ac

556 3211 953 3266 monachorum
1004 3211 1413 3282 expendendam
1459 3218 1800 3282 compererat
1829 3229 1842 3264 :
1876 3210 1949 3265 ita
2000 3219 2063 3265 ut
2112 3226 2143 3265 a

556 3300 877 3371 quibusdam
902 3317 1039 3373 pene
1064 3319 1119 3357 iV
1142 3311 1236 3357 aut
1261 3303 1612 3375 vsusciperet
1632 3302 1803 3358 millia
1828 3302 2144 3369 solidorum,

557 3413 923 3468 vasorumque
948 3400 1314 3471 indigentibus
1343 3399 1731 3456 distribuenda.

629 3488 719 3545 50.
745 3484 885 3545 Cura
929 3488 1007 3544 illi
1056 3490 1219 3545 etiam
1264 3498 1385 3545 erat
1412 3490 1603 3562 ingens
1652 3504 1780 3545 suos
1807 3504 1916 3544 non
1950 3489 2151 3545 solum-

555 3581 717 3638 modo
745 3581 1148 3653 praadicationis
1177 3583 1402 3640 reficere
1429 3582 1572 3649 cibo,
1590 3598 1780 3638 verum
1803 3583 1971 3639 etiam
1987 3599 2150 3655 quos-

558 3690 775 3745 cunque
802 3675 1025 3731 obviare
1075 3677 1435 3748 contingeret,
1466 3692 1589 3733 mox
1616 3676 1825 3733 caelesti
1851 3692 1946 3733 eos
1972 3676 2153 3732 alebat

554 3783 727 3837 pane;
751 3774 806 3822 et
830 3784 900 3823 ne
918 3769 1190 3824 oblivione
1212 3770 1486 3824 salubrem
1511 3770 1785 3825 amitteret
1806 3786 2012 3837 escam,
2036 3786 2155 3827 ver-

556 3857 642 3911 bis
670 3857 869 3911 talibus
895 3866 956 3913 ut
1000 3861 1245 3914 tenacius
1298 3860 1629 3915 inluererent
1673 3862 1824 3916 cordi
1879 3862 2153 3917 inculcare

557 3957 946 4002 consueverat:
966 3948 1117 4012 Esto,
1141 3949 1409 4018 inquiens,
1431 3957 1582 4004 casto
1602 3964 1830 4019 corpore
1852 3957 1907 4005 et
1935 3950 2154 4005 humilis

563 4040 749 4104 corde,
775 4040 1032 4109 quoniam
1053 4040 1164 4094 Deo
1188 4050 1408 4110 accepta
1429 4057 1540 4096 non
1567 4050 1654 4096 est
1676 4042 1907 4110 superba
1930 4042 2155 4098 castitas

562 4139 657 4185 aut
686 4129 960 4185 humilitas
1002 4130 1300 4201 inquinata.
1334 4131 1665 4195 ο,,ιιίἰιιις›(1ωη
1691 4146 1823 4186 vero
1852 4131 1957 4186 hoc
1984 4132 2155 4187 incul-

562 4239 687 4279 care
734 4223 925 4279 solitus
969 4232 1088 4277 erat
1120 4242 1133 4276 :
1166 4222 1223 4278 Si
1259 4222 1493 4293 plurima
1526 4224 1621 4279 tibi
1655 4224 2011 4295 impossibilia
2034 4239 2155 4282 esse

563 4325 831 4387 prtecepta
847 4315 1293 4381 noscuntur,hoc
1322 4314 1572 4385 exiguum
1603 4330 1761 4369 serva
1789 4324 2149 4386 prreceptum:

561 4405 781 4460 Declina
822 4423 854 4460 a
877 4404 1041 4471 maio,
1063 4414 1114 4460 et
1139 4404 1225 4474 [ac
1248 4405 1437 4459 bonum
1468 4402 1639 4474 (Psai.
1668 4421 1855 4471 xxxvr,
1882 4405 1995 4476 27).
2024 4406 2154 4474 Qua:

2244 547 2403 601 agere
2441 530 2609 587 voluit
2638 549 2648 583 :
2679 527 2823 599 quod
2845 526 2891 582 si
2929 525 3169 591 fecisset,
3200 524 3310 580 cito
3348 522 3607 578 correxit.
3637 522 3842 579 Chari-

2243 622 2373 676 tatis
2401 621 2547 676 enim
2576 634 2761 674 amore
2780 626 2843 672 ut
2878 616 3065 689 plures
3094 614 3300 671 faceret
3345 611 3547 678 salvos,
3597 612 3840 669 aliorum

2244 712 2508 767 circuibat
2533 711 2715 773 cellas,
2744 717 2799 765 et
2818 709 2899 765 eis
2927 705 3148 778 Regulae
3176 713 3378 761 sancta:
3401 703 3682 775 pandebat
3708 705 3841 760 abs-

2245 820 2427 862 consa.
2470 804 2749 860 Charitate
2778 804 2961 873 itaque
2990 798 3202 871 plenus,
3234 798 3454 854 Arelato
3489 813 3614 853 cum
3643 814 3845 868 quam-

2243 896 2487 968 pluribus
2528 894 2815 966 episcopis,
2867 892 3176 957 abbatibus,
3212 888 3494 945 monachis
3525 903 3625 959 per
3651 888 3845 960 plures

2245 987 2449 1042 resedit
2471 986 2605 1052 dies,
2628 999 2896 1041 canonum
2926 983 3141 1039 decreta
3159 980 3425 1052 pandens,
3449 987 3505 1034 et
3526 980 3686 1035 beati
3708 979 3848 1035 Gre-

2245 1075 2382 1147 gorii
2413 1090 2565 1147 papae
2590 1074 2842 1130 homilias
2883 1073 3172 1130 enucleans
3210 1070 3604 1142 ignorantibus.
3633 1069 3845 1125 Plenus

2246 1183 2438 1238 nempe
2478 1167 2760 1232 charitate,
2798 1182 2868 1222 ex
2895 1164 3127 1222 diversis
3151 1162 3285 1220 locis
3325 1162 3382 1218 in
3434 1177 3534 1218 suo
3582 1163 3846 1218 ctenobio

2245 1268 2525 1332 susceptos
2553 1260 2731 1316 alebat
2772 1259 2999 1316 clericos
3028 1272 3093 1313 ac
3138 1254 3453 1322 monachos,
3486 1254 3695 1325 quibus
3733 1270 3848 1309 ma-

2245 1351 2472 1422 gistrum
2500 1364 2823 1423 praeponens
2844 1348 3017 1405 sacris
3059 1346 3339 1403 imbuebat
3390 1346 3668 1402 sensibus.
3705 1345 3848 1402 Chao

2246 1444 2407 1500 ritate
2444 1444 2547 1500 sibi
2575 1442 2828 1513 injuriam
2868 1440 3193 1499 facientibus
3235 1454 3464 1496 munera
3503 1440 3843 1495 destinabat.

2246 1533 2433 1605 Neque
2480 1534 2833 1590 laborandum
2871 1540 2957 1588 est
3004 1540 3066 1586 ut
3117 1530 3419 1601 pandamus
3466 1544 3588 1599 quae
3638 1529 3848 1585 melius

2246 1624 2429 1679 cuncti
2456 1624 2731 1689 viderunt,
2761 1620 3048 1693 perplures
3084 1618 3344 1690 obsequio
3374 1618 3585 1689 experti
3616 1627 3777 1673 sunt.

2318 1742 2408 1799 52.
2438 1741 2486 1797 A
2514 1742 2693 1813 rigore
2714 1754 2844 1797 vero
2873 1756 2986 1798 sua:
3012 1739 3204 1812 prima:
3247 1738 3623 1795 conversionis
3645 1737 3848 1809 paulu—

2170 1798 2221 1860 B
2248 1798 2360 1890 lum
2387 1798 2705 1901 declinarat,
2727 1834 2983 1905 quoniam
3012 1798 3345 1903 impossibile
3370 1847 3507 1905 opus
3526 1798 3850 1904 assumpse-

2249 1933 2336 1979 rat
2360 1942 2373 1978 :
2403 1925 2497 1980 sed
2516 1924 2768 1979 voluntas
2790 1925 2983 1979 eadem
3004 1922 3382 1994 permanebat.
3409 1921 3699 1992 Siquidem
3722 1938 3850 1980 cu-

2248 2016 2529 2072 arantibus
2559 2017 2675 2086 ipse
2716 2016 2925 2079 arabat,
2958 2029 3081 2071 cum
3112 2012 3440 2069 fodientibus
3476 2013 3661 2069 socius
3707 2023 3848 2080 erat,

2248 2123 2372 2164 cum
2404 2107 2735 2164 messoribus
2759 2108 3019 2163 metebat.
3054 2106 3123 2162 Et
3146 2105 3397 2177 quamvis
3419 2106 3567 2177 regio
3596 2106 3691 2162 illa
3722 2108 3853 2164 solis

2248 2203 2430 2259 calore
2453 2210 2598 2259 esset
2621 2203 2832 2269 adusta,
2852 2210 2909 2257 et
2938 2202 3014 2258 ita
3041 2216 3209 2273 vapor
3227 2200 3370 2272 ignis
3393 2200 3540 2257 velut
3567 2216 3599 2256 a
3626 2202 3852 2260 clibano

2246 2295 2547 2365 procedens
2577 2294 2829 2350 incendat
2855 2294 3039 2365 potius
3066 2308 3231 2365 quam
3260 2290 3576 2359 calefaciat;
3608 2294 3707 2350 hic
3738 2295 3851 2351 suis

2248 2389 2418 2444 nimio
2449 2386 2662 2444 fervore
2704 2388 3062 2443 aestuantibus
3089 2386 3182 2442 vix
3209 2393 3336 2441 ante
3362 2386 3559 2442 horam
3587 2386 3850 2443 refectio-

2248 2479 2333 2535 nis
2362 2490 2516 2549 aqua:
2542 2477 2795 2550 poculum
2823 2477 3067 2533 indulsit.
3084 2477 3223 2532 Nam
3252 2476 3440 2533 labore
3467 2475 3697 2544 defessi,
3728 2480 3851 2550 igne

2247 2571 2476 2643 perusti,
2508 2569 2760 2642 frigidam
2800 2571 2983 2640 potius
3025 2567 3415 2626 desiderabant
3442 2584 3645 2639 aquam
3681 2585 3849 2640 quam

2248 2662 2434 2717 vinum
2468 2679 2481 2715 :
2514 2676 2618 2717 nec
2650 2676 2778 2733 erga
2808 2675 2935 2716 eum
2965 2661 3195 2733 quisque
3238 2675 3587 2717 murmurare
3607 2670 3849 2732 poterat,

2250 2753 2507 2821 quoniam
2544 2751 2740 2807 similia
2769 2751 3099 2822 patiebatur.
3131 2750 3263 2819 Quae
3302 2751 3383 2807 eis
3411 2766 3500 2807 res
3524 2767 3635 2807 non
3678 2755 3853 2811 modi-

2249 2860 2374 2900 cum
2398 2842 2611 2900 ferebat
2656 2844 2923 2910 solamen,
2949 2844 3207 2915 quoniam
3237 2844 3364 2899 dum
3391 2857 3452 2899 se
3478 2852 3737 2900 arentem
3762 2846 3852 2903 siti

2250 2945 2520 3004 cerneret,
2566 2937 2858 2993 humanius
2902 2952 3031 3009 erga
3057 2952 3187 2993 suos
3213 2936 3435 3007 agebat;
3463 2951 3565 2992 nec
3593 2936 3854 2996 laborat

2251 3034 2387 3088 tium
2428 3033 2551 3104 quis
2596 3031 2793 3086 fabulis
2837 3039 3182 3101 perstrepere
3227 3028 3482 3096 audebat,
3515 3029 3616 3086 sed
3652 3045 3852 3088 manu

2174 3156 2219 3219 Ο
2250 3140 2436 3219 opere,
2488 3123 2686 3219 linguae
2739 3122 3144 3219 occupabantur
3190 3120 3554 3219 psalmodiis:
3584 3120 3850 3219 Nuntium

2252 3216 2396 3272 enim
2421 3222 2478 3270 et
2522 3214 2862 3271 redeuntium
2894 3228 2959 3268 ac
2982 3212 3347 3269 laborantium
3382 3228 3481 3268 ora
3503 3212 3712 3270 divinis
3741 3231 3851 3273 mo-

2250 3310 2604 3366 ditationibus
2640 3317 2801 3365 erant
2839 3308 3067 3364 intenta.
3096 3307 3252 3379 Satpe
3287 3323 3411 3364 eum
3439 3307 3608 3364 etiam
3635 3309 3851 3379 palmas

2250 3400 2458 3457 caedere
2505 3399 2755 3463 vidimus,
2803 3413 2994 3454 eorum
3046 3398 3300 3454 videlicet
3326 3398 3422 3469 qui
3451 3414 3583 3471 erga
3614 3412 3747 3455 etim
3798 3402 3851 3458 in

2248 3497 2379 3563 potu
2402 3489 2629 3560 ciboque
2650 3489 2944 3546 humanius
2971 3504 3132 3561 agere
3155 3491 3339 3546 conati
3366 3499 3513 3546 sunt.
3549 3489 3715 3563 Saepe
3750 3493 3850 3549 sibi

2249 3582 2487 3653 positum
2533 3595 2629 3636 vas
2680 3596 2996 3637 mensurare
3030 3581 3446 3652 conspeximus;
3486 3588 3564 3647 et,
3599 3582 3750 3639 sicut
3796 3584 3849 3640 Ili

2252 3676 2345 3746 qui
2373 3674 2596 3731 cellario
2623 3673 2944 3746 prtefuerint
2972 3682 3220 3741 narrant,
3263 3673 3387 3729 aliis
3430 3672 3850 3731 hibentibusvi-

2254 3785 2405 3834 num,
2436 3782 2632 3838 aquam
2670 3776 2896 3838 excepto
2925 3766 3154 3822 sabbato
3178 3773 3273 3820 aut
3295 3764 3583 3820 Dominica
3618 3764 3710 3821 die
3755 3780 3850 3822 aa»

2255 3877 2320 3933 pe
2341 3862 2581 3917 bibebat.
2608 3859 2764 3932 Saepe
2792 3876 2824 3915 a
2862 3860 2987 3917 cibo
3007 3858 3125 3930 ejus
3153 3858 3538 3931 pinguedinem
3564 3859 3848 3916 subtraxi-

2256 3968 2400 4018 mus,
2422 3961 2478 4006 et
2502 3968 2570 4007 ne
2593 3952 2679 4007 vel
2703 3952 2894 4024 exigua
2924 3951 3193 4024 particula
3233 3951 3378 4007 casei
3423 3951 3543 4006 triti
3586 3951 3644 4006 in
3670 3966 3743 4009 eo
3774 3954 3848 4008 in-

2254 4042 2549 4107 veniretur,
2578 4057 2922 4112 summopere
2966 4042 3279 4098 curabatur.
3330 4041 3565 4098 Carnem
3613 4044 3849 4113 quadru-

2254 4130 2454 4201 pedum
2479 4146 2511 4185 a
2538 4131 2625 4187 die
2651 4132 3027 4188 conversionis
3070 4146 3184 4187 sua:
3211 4146 3384 4201 usque
3428 4129 3496 4185 ad
3539 4139 3847 4187 extremum

2255 4223 2381 4277 vitae
2399 4223 2558 4278 edere
2582 4223 2787 4279 noluit:
2810 4222 2901 4295 jus
2922 4239 2953 4279 e
2969 4222 3114 4293 pullo
3135 4224 3163 4263 ιι
3194 4222 3554 4293 compositum
3576 4224 3849 4283 sumebat.

2257 4315 2302 4369 si
2334 4315 2513 4385 aliqua
2539 4314 2861 4370 accessisset
2886 4313 3154 4369 debilitas.
3188 4312 3385 4369 Multos
3429 4313 3600 4369 etiam
3630 4330 3735 4385 per
3761 4330 3852 4370 an-

2257 4422 2357 4461 nos
2407 4407 2668 4477 primaevo
2698 4415 2941 4478 tempore
2968 4406 3350 4477 pinguedinem
3398 4407 3573 4461 vetuit
3600 4409 3851 4466 καθιείς

563 4500 832 4553 sententia
865 4498 940 4552 ita
974 4500 1024 4553 ei
1074 4496 1362 4551 familiaris
1386 4497 1617 4561 exstitit,
1650 4505 1709 4552 ut
1736 4505 1980 4567 tempore
2006 4514 2154 4556 mor-
2176 4522 2232 4584 Β
2255 4511 2404 4562 vero,
2436 4496 2648 4567 quoties
2685 4504 3051 4569 opportunum
3077 4496 3203 4564 fuit,
3233 4512 3299 4554 ea
3324 4512 3446 4568 quae
3463 4497 3568 4555 sibi
3591 4501 3850 4572 negabat,

562 4590 634 4643 tis
663 4588 905 4643 collectis
932 4588 1173 4641 omnium
1201 4587 1425 4641 Patrum
1454 4586 1758 4653 sententiis,
1797 4602 1967 4642 unum
1989 4605 2056 4645 ex
2087 4603 2151 4644 ea

561 4677 721 4732 vellet
746 4676 1016 4732 coniicere
1055 4677 1273 4732 librum.
1303 4677 1590 4733 Fratribus
1608 4694 1739 4731 vero
1766 4678 1867 4732 sibi
1895 4679 2155 4748 subjectis

562 4770 709 4825 omni
742 4770 899 4835 hora,
925 4768 980 4823 in
1025 4768 1311 4825 nocturnis
1339 4769 1564 4834 scilicet,
1594 4769 1648 4823 in
1680 4768 1935 4840 capitulo,
1965 4770 2019 4825 in
2067 4786 2154 4826 re-

564 4860 812 4925 l‘cctorio,
841 4858 1041 4930 pabula
1070 4859 1194 4913 vitae
1216 4858 1512 4928 prtebebat.

634 4954 723 5008 3t.
754 4950 822 5007 Et
858 4952 1137 5023 quoniam,
1168 4951 1294 5006 dum
1322 4950 1751 5005 benevolentiam
1777 4950 1896 5021 ejus
1915 4954 2155 5023 pandere

566 5046 915 5109 tentavimus,
939 5043 1202 5098 virtutum
1225 5041 1341 5111 ejus
1371 5043 1525 5112 cepia
1553 5041 1733 5111 palam
1766 5055 2152 5111 occurrerunt;

565 5157 663 5212 pro
685 5140 892 5195 viribus
919 5138 1265 5195 commodum
1314 5138 1656 5192 decernimus
1705 5138 2158 5210 quantulumcun-

566 5246 671 5302 que
688 5232 756 5287 de
786 5232 872 5287 his
902 5230 1268 5286 nescientibus
1301 5229 1804 5285 desiderantibusve
1846 5229 2153 5285 enucleare.

569 5320 685 5377 Hoc
706 5322 853 5379 enim
882 5321 1149 5393 comperit
1175 5319 1352 5377 omnis
1380 5320 1470 5390 qui
1515 5322 1636 5392 ejus
1664 5320 2017 5377 familiaritati
2062 5321 2157 5377 ad-

568 5414 750 5480 haesit,
809 5415 1077 5471 charitate
1134 5429 1259 5470 eum
1307 5412 1525 5469 vincere
1574 5419 1821 5468 cunctos.
1868 5410 2155 5484 Nunquam

643 5566 832 5640 {Aliis
891 5565 1389 5640 Novempopulonia
1422 5566 1586 5640 dicta,
1637 5564 1780 5622 inter
1822 5564 2155 5623 Garumnam

571 5635 794 5709 fluvium
824 5647 880 5696 et
920 5635 1132 5709 montes
1155 5635 1446 5709 Pyrenacos
1485 5636 1869 5709 Oceanumque
1911 5653 2157 5709 compre-

2257 4591 2552 4661 pmbebat.
2578 4590 2755 4645 Tanta
2782 4590 2926 4646 enim
2953 4590 3071 4662 ejus
3097 4598 3217 4646 erat
3252 4591 3585 4658 sollicitudo,
3609 4602 3674 4648 ut
3698 4594 3752 4649 si
3774 4592 3850 4648 vel

2258 4682 2471 4739 modica
2493 4698 2657 4755 grana
2688 4683 3040 4755 leguminum,
3093 4682 3179 4739 vel
3227 4683 3436 4755 exigua:
3481 4685 3638 4754 porri
3686 4700 3853 4742 com:

2258 4773 2599 4844 cauliumque
2642 4772 2771 4829 folia
2816 4775 2884 4830 ab
2913 4789 2979 4830 eo
3022 4765 3267 4847 neglecta
3294 4776 3699 4843 invenirentur,
3729 4793 3852 4834 mox

2256 4862 2421 4937 digna
2452 4864 3034 4922 excommunicationis
3062 4866 3603 4922 animadvertebatur
3638 4878 3856 4930 senten-

2256 4957 2353 5023 tia,
2391 4958 2546 5028 cujus
2569 4957 2894 5028 probaretur
2923 4974 3046 5014 esse
3074 4958 3351 5015 delictum.
3398 4958 3495 5014 Sin
3522 4969 3712 5016 autem
3739 4961 3856 5032 quis

2256 5049 2309 5105 ei
2356 5065 2553 5119 aquam
2581 5050 2649 5105 ad
2689 5049 2975 5105 lavandum
3002 5050 3328 5122 porrigeret,
3369 5058 3427 5106 et
3469 5061 3534 5106 ut
3579 5052 3729 5109 solet
3753 5053 3857 5109 lar-

2259 5141 2380 5212 gius
2426 5156 2589 5210 quam
2641 5142 2796 5198 decet
2844 5140 3179 5206 effunderct,
3228 5152 3516 5213 peccatum
3569 5145 3855 5203 incurrere

2258 5230 2550 5299 fatebatur,
2583 5247 2650 5289 eo
2678 5233 2823 5305 quod
2853 5233 3199 5290 discretionis
3220 5249 3332 5290 non
3354 5235 3636 5291 incederet
3661 5237 3822 5294 (-alle.

2329 5319 2421 5376 55.
2455 5320 2587 5377 Erat
2615 5322 2690 5379 illi
2717 5323 2899 5380 ethoc
2923 5323 3197 5396 singulare
3237 5325 3458 5381 bonum.
3503 5324 3645 5382 Nam
3667 5328 3713 5383 si
3736 5326 3856 5400 quis

2262 5413 2682 5486 cogitationibus
2721 5429 3043 5472 concussam
3086 5423 3325 5473 mentem
3357 5430 3577 5488 gerens,
3623 5433 3758 5476 mox
3801 5425 3857 5473 at

2335 5570 2366 5612 ιι
2388 5570 2553 5627 Vides
2600 5568 2794 5639 majori
2823 5584 2946 5642 cum
2992 5569 3256 5642 religione
3283 5568 3649 5626 Benedictum
3694 5568 3861 5642 absti-

2266 5642 2469 5725 nuisse.
2495 5658 2528 5696 a
2570 5641 2978 5725 quadrupedum
3017 5640 3200 5697 carnis
3236 5656 3352 5723 esu,
3394 5656 3625 5725 quama

573 5708 763 5775 hettsa,
793 5710 953 5784 vulgo
975 5710 1029 5765 la
1056 5708 1347 5784 Gascbgne,
1366 5709 1453 5784 _sic
1481 5708 1623 5763 dicta
1665 5723 1697 5762 a
1728 5724 1917 5765 novent
1947 5708 2161 5781 populis
2266 5708 2604 5778 volatiliumi
2629 5726 2735 5782 qua
2756 5708 2825 5769 de
2852 5725 2912 5769 re
2939 5711 3113 5784 deque
3134 5726 3239 5769 usu
3260 5708 3615 5783 pinguedinis
3645 5708 3809 5771 alia.

576 5796 713 5853 quos
732 5779 939 5841 ambitu
967 5796 1066 5841 suo
1092 5779 1491 5851 complectitur.
