4004 6328
174 421 273 482 πω

1694 407 1874 467 V’ITA.

3317 407 3424 464 370

175 538 243 596 ad
264 551 385 594 eum
422 533 722 600 accederet,
764 533 882 604 ejus
911 531 1128 588 salubre
1156 530 1384 587 consilio
1412 527 1742 584 tumultuosa
1772 528 1824 588 Λ
1846 539 2070 595 parvam
2120 525 2506 581 monachorum
2552 521 2765 580 turbam
2822 522 3194 578 coadunarunt
3234 539 3247 576 :
3289 537 3426 591 quos

176 629 325 686 turba
349 625 737 697 cogitationum
781 624 981 680 abibat.
1015 624 1170 694 Sxpe
1191 624 1354 678 etiam
1381 634 1504 678 cum
1530 619 1740 675 infestis

178 717 586 790 cogitationibus
627 715 873 787 pulsatus
900 716 1043 786 quis,
1072 715 1214 771 sicut
1239 729 1272 770 a
1291 730 1420 771 vero
1458 712 1623 768 fratre
1662 711 1742 766 di-

177 811 296 875 dici,
318 810 542 873 diceret,
572 809 818 878 quia'ibo
855 817 912 863 et
957 809 1192 879 pandam
1222 824 1318 863 vos
1349 809 1544 864 domno
1572 807 1742 860 Bene-

176 899 344 964 dicto;
375 899 516 953 illico
558 899 896 968 importunus
935 899 1003 954 ab
1041 913 1108 954 eo
1130 900 1418 954 recedebat
1465 898 1742 952 tumultus.

179 991 232 1048 Si
273 989 391 1061 quis
431 1003 562 1044 vero
589 987 928 1059 gravioribus
959 995 1103 1044 esset
1133 988 1382 1042 detentus
1411 987 1643 1053 delictis,
1673 987 1750 1042 illi

177 1093 268 1134 cor
291 1093 446 1134 suum
494 1077 758 1146 pandens,
794 1077 1181 1132 consolationis
1214 1077 1508 1148 recipiebat
1545 1075 1750 1130 fomen-

179 1178 306 1224 tum.
332 1166 390 1226 Si
423 1166 656 1223 tristitiae
687 1166 876 1222 morbo
905 1175 1209 1238 angeretur,
1242 1168 1506 1224 accedens
1533 1167 1601 1222 ad
1627 1182 1751 1222 eum

177 1275 297 1315 mox
320 1260 474 1315 hctus
495 1258 764 1314 discessit.

244 1351 330 1407 54.
360 1351 534 1406 Aucta
561 1358 648 1405 est
691 1356 873 1404 autem
904 1351 1062 1404 turba
1110 1350 1501 1405 monachorum
1528 1347 1640 1402 Deo
1673 1346 1754 1402 fa-

175 1442 514 1507 mulantium,
543 1442 617 1496 ita
643 1447 704 1494 ut
734 1439 1019 1511 plusquam
1047 1440 1276 1496 trecenti
1301 1439 1501 1504 fierint,
1526 1438 1596 1492 ob
1621 1452 1756 1507 quo-

177 1551 292 1589 rum
344 1534 601 1589 eximiam
655 1533 1128 1604 congregationem
1194 1531 1355 1587 talem
1417 1531 1755 1584 mansionem

176 1637 492 1684 construere
511 1625 694 1696 jussit,
727 1640 846 1696 qum
875 1625 1022 1681 mille
1075 1632 1130 1680 et
1160 1640 1225 1680 eo
1249 1622 1480 1695 amplius
1509 1622 1757 1676 homines

174 1737 366 1792 capere
392 1720 626 1784 videtur,
656 1727 872 1774 centum
900 1717 1171 1788 recipiens
1203 1717 1415 1772 cubitos
1441 1716 1493 1769 in
1523 1714 1759 1783 longitu-

174 1813 352 1868 dinem
374 1820 428 1867 et
457 1811 646 1882 viginti
683 1810 737 1865 in
765 1809 1106 1864 latitudinem
1136 1826 1147 1860 :
1178 1816 1232 1862 et
1255 1807 1381 1877 quia
1417 1813 1613 1860 czctera
1643 1803 1758 1857 loca

1845 633 1966 673 cum
1997 617 2254 673 visitandi
2281 619 2453 690 gratia
2490 617 2655 672 Pater
2689 616 3013 672 venerabilis
3039 616 3256 680 adisset,
3305 633 3428 686 qua:

1845 710 2045 766 ibidem
2075 719 2195 766 acta
2231 711 2339 766 sint
2362 712 2613 784 pandam.
2641 709 2921 782 Siquidem
2948 708 3066 778 ejus
3108 707 3430 779 pra:stolan-

1848 806 1928 853 tes
1958 799 2270 866 adventum,
2301 802 2446 856 omni
2475 802 2652 857 studio
2699 807 2974 872 satagunt,
3015 806 3283 870 quatenus
3309 799 3430 870 ejus

1847 904 1946 958 pro
1975 906 2161 946 amore
2184 892 2359 962 copia,
2383 893 2611 963 piscium
2633 893 2987 962 ciborumque
3012 898 3300 962 apparatus
3320 905 3432 945 non

1851 983 2026 1038 solum
2067 985 2190 1051 illi,
2240 1001 2428 1041 verum
2475 987 2636 1043 etiam
2685 987 2936 1044 omnibus
2988 985 3248 1043 fratribus
3295 985 3436 1042 foret

1851 1075 2080 1131 abunde.
2106 1075 2190 1131 Fit
2241 1091 2537 1135 concursus
2581 1078 2836 1145 fratrum,
2858 1078 3223 1134 sollicitantur
3249 1077 3435 1149 pisca-

1853 1174 2019 1232 tores,
2050 1176 2465 1236 perscrutantur
2495 1171 2746 1226 nundinre
2772 1190 2783 1224 :
2819 1171 2915 1226 sed
2941 1178 3090 1225 tanta
3128 1170 3311 1225 evenit
3334 1167 3438 1224 dif-

1854 1253 2084 1320 ficultas,
2115 1266 2174 1311 ut
2224 1273 2325 1313 nec
2354 1259 2423 1314 ad
2467 1262 2753 1314 emendum
2802 1260 3192 1325 invenirentur,
3221 1274 3323 1314 nec
3368 1257 3439 1314 ab

1855 1347 1934 1402 eis
1961 1349 2080 1417 capi
2109 1358 2312 1418 posset,
2355 1366 2460 1420 qua
2506 1351 2572 1406 de
2611 1351 2898 1406 sterilitate
2927 1353 3094 1408 nimio
3132 1351 3443 1408 allicieban-

1857 1448 1947 1494 tur
1973 1457 2227 1497 mmrore.
2256 1442 2487 1497 Advenit
2519 1443 2789 1498 interdum
2820 1445 3097 1514 magister,
3147 1444 3443 1515 gaudentes

1858 1532 2180 1601 suscipiunt,
2201 1534 2549 1604 gaudensque
2568 1549 2756 1588 eorum
2782 1534 3113 1606 profectibus
3139 1535 3399 1590 resalutat.
3426 1554 3442 1590 :

1858 1621 1952 1676 sed
1985 1624 2362 1678 verecundiam
2420 1624 2616 1678 fratres
2645 1625 2766 1678 laeto
2815 1624 3063 1680 celabant
3119 1625 3218 1679 sub
3272 1625 3442 1680 vultu.

1858 1711 2128 1768 Praeterea
2155 1714 2351 1769 accidit
2388 1723 2448 1768 ut
2497 1715 2665 1771 frater
2690 1715 2908 1786 quidam
2957 1716 3234 1787 quippiam
3264 1717 3442 1787 operis

1863 1821 2123 1862 exercens
2144 1806 2297 1875 juxta
2326 1807 2546 1862 fluviqu
2582 1809 2792 1878 Ligeris
2829 1810 3048 1864 sisteret
3079 1827 3091 1864 :
3121 1817 3177 1864 et
3206 1825 3332 1866 ecce
3358 1826 3447 1864 su-

173 1919 267 1960 eos
289 1918 480 1973 capere
506 1919 614 1958 non
640 1900 888 1970 quibant,
913 1898 1197 1953 constituit
1221 1896 1354 1950 locis
1375 1894 1627 1964 congruis
1654 1892 1761 1948 cel-
1787 1890 1835 1948 B
1863 1901 1975 1956 bito
2001 1903 2372 1972 praegrandem
2401 1905 2626 1974 piscem,
2654 1921 2814 1974 quem
2862 1907 3049 1960 isieem
3080 1914 3298 1972 vocant,
3321 1922 3449 1963 con.

173 1997 252 2052 las
281 2009 330 2062 ι,
356 1997 553 2066 quibus
577 1993 849 2065 praefectis
874 1990 1150 2060 magistris
1169 1988 1350 2059 posuit
1374 1986 1587 2041 fratres.

243 2089 332 2144 35.
360 2087 574 2144 Accidit
598 2085 830 2154 denique
851 2082 1043 2138 eodem
1071 2089 1311 2152 tempore
1338 2079 1621 2134 inundatio
1643 2078 1762 2149 plu-

170 2181 402 2244 viarum,
453 2175 967 2248 quiescentibusque
1007 2173 1267 2244 magistro
1311 2187 1434 2227 cum
1481 2170 1760 2234 fratribus,

172 2269 356 2324 subito
401 2269 469 2323 ab
519 2266 782 2322 ambobus
814 2265 970 2320 ostiis
1021 2262 1233 2332 ingredi
1282 2262 1589 2318 redundans
1622 2275 1762 2329 aqua

169 2363 343 2431 coepit
385 2376 449 2416 ac
502 2359 894 2430 quiescentium
942 2371 1209 2425 occupare
1266 2355 1504 2411 domum.
1560 2353 1764 2408 Pavore

170 2466 304 2506 vero
327 2449 524 2506 fratres
546 2449 819 2519 perterriti
845 2447 1056 2502 coneite
1082 2456 1328 2516 surgunt.
1358 2446 1560 2502 Domus
1582 2454 1764 2500 autem

176 2543 497 2598 latrinarum
528 2556 692 2610 super
727 2548 1022 2596 torrentem
1052 2554 1247 2611 magno
1273 2555 1396 2594 cum
1445 2539 1628 2594 labore
1649 2537 1765 2592 fue-

177 2644 265 2690 rat
293 2636 417 2700 sita,
448 2649 614 2705 quam
642 2641 856 2688 tumens
883 2639 1099 2687 torrens
1127 2631 1402 2686 nitebatur
1428 2629 1762 2692 subvertere,

177 2729 255 2782 ita
275 2736 334 2781 ut
361 2727 429 2781 ab
457 2725 804 2781 inferioribus
826 2724 1237 2794 conquatientes
1268 2739 1431 2780 rauco
1469 2739 1593 2780 cum
1620 2738 1768 2778 mur-

177 2833 332 2874 mure
371 2817 528 2872 undae
568 2817 622 2871 in
646 2814 760 2885 jam
785 2814 1008 2885 jamque
1034 2815 1301 2871 ruituram
1329 2815 1641 2886 prosilirent
1675 2816 1770 2870 do-

177 2926 349 2967 mum.
377 2909 720 2965 Concurrunt
738 2909 946 2979 pariter
970 2909 1148 2964 media
1179 2908 1350 2964 ferme
1398 2917 1557 2965 nocte
1586 2908 1651 2963 ad
1681 2926 1770 2965 ec-

177 3002 423 3068 clesiam,
445 3001 537 3057 ubi
567 3001 682 3072 ipse
703 3000 868 3056 Pater
909 3000 1236 3072 perveniens
1273 3001 1501 3070 primus,
1533 3000 1670 3071 signi
1697 3000 1772 3055 fu-

180 3108 307 3150 nem
329 3093 579 3164 arripuit,
596 3091 870 3164 jussitqne
891 3106 1092 3148 canere
1122 3090 1326 3158 laudes,
1351 3100 1768 3161 sanctorumque

181 3185 472 3256 implorare
493 3183 770 3256 suffragia,
801 3191 963 3254 atque
985 3199 1111 3239 cum
1141 3183 1395 3254 lacrymis
1416 3199 1522 3238 uua
1553 3183 1648 3238 Dei
1677 3183 1770 3238 fla-

1861 1992 2020 2060 spicit
2067 1993 2214 2047 circa
2245 1993 2394 2049 littus
2443 2004 2719 2050 natantem
2756 2015 2768 2050 :
2803 1997 2870 2050 ad
2899 2014 3060 2067 quem
3109 2014 3218 2052 non
3260 1999 3450 2052 tardus

1863 2083 2182 2152 capiendum
2233 2086 2457 2152 insiluit,
2487 2087 2928 2158 abstractumque
2954 2089 3212 2145 fratribus
3237 2089 3450 2146 detulit.

1863 2175 1949 2229 Fit
1980 2192 2193 2246 quoque
2224 2179 2326 2233 hac
2367 2181 2431 2234 de
2469 2197 2527 2235 re
2571 2182 2848 2251 gaudium,
2890 2183 2985 2238 sed
3018 2184 3304 2238 admiratio
3338 2201 3454 2238 rna-

1857 2265 1946 2334 jor
1973 2286 1985 2320 :
2011 2283 2202 2324 omnes
2225 2278 2406 2325 tamen
2437 2273 2648 2328 meritis
2671 2275 2772 2329 hoc
2797 2275 3122 2330 venerabilis
3147 2276 3251 2330 viri
3278 2277 3450 2332 Bene—

1864 2357 1994 2411 dicti
2029 2360 2276 2414 evenisse
2322 2361 2558 2417 confessi
2607 2374 2756 2428 sunt,
2794 2367 2897 2420 hoc
2930 2367 3073 2421 enim
3125 2382 3224 2439 ego
3254 2382 3285 2421 a
3309 2365 3456 2423 fideli

1864 2446 2055 2514 fratre,
2111 2450 2165 2504 ni
2195 2449 2376 2518 fallor,
2403 2453 2474 2506 ita
2499 2454 2684 2508 didici.
2727 2455 2986 2512 Alcuinus
3023 2472 3238 2528 quoque
3263 2472 3331 2513 ex
3357 2473 3454 2528 ge-

1867 2554 1996 2594 nere
2025 2539 2342 2610 Anglorum,
2375 2543 2567 2598 ordine
2598 2545 2810 2612 levites,
2847 2547 3112 2618 sapientia
3138 2549 3456 2619 praeclarus,

1867 2635 2172 2689 sanctitatis
2201 2635 2397 2691 merito
2447 2637 2794 2704 venerabilis,
2838 2653 3032 2709 regens
3066 2643 3460 2706 monasterium

1869 2726 2011 2781 beati
2033 2726 2248 2780 Martini
2280 2726 2634 2796 confessoris,
2659 2731 2751 2800 qui
2780 2731 2880 2786 fuit
2903 2732 3300 2789 Turonensium
3325 2751 3460 2812 por»

1871 2817 2027 2884 tifex,
2055 2819 2256 2890 quique
2275 2820 2329 2874 in
2352 2821 2472 2874 aula
2499 2823 2721 2892 gloriosi
2749 2823 3092 2894 imperatoris
3113 2823 3291 2882 Caroli
3311 2826 3460 2881 omni

1870 2908 2076 2964 honore
2099 2911 2292 2981 dignus
2321 2910 2650 2978 habebatur,
2680 2913 2919 2969 auditam
2943 2913 3171 2986 [audita,
3203 2916 3336 2988 etc.]
3363 2932 3460 2972 ex.-

1871 3011 2193 3073 pertamque
2221 3003 2324 3058 viri
2349 3004 2444 3060 Dei
2480 3005 2784 3061 sanctitatis
2814 3007 3034 3073 famam,
3074 3008 3367 3064 inviolabili
3400 3024 3461 3066 sc

1873 3095 1952 3150 illi
1981 3097 2249 3152 charitate
2296 3096 2593 3167 conjunxit,
2637 3099 2712 3155 ita
2760 3109 2818 3156 ut
2864 3115 2930 3156 ex
2975 3101 3089 3158 suis
3119 3101 3360 3173 epistolis
3410 3103 3461 3158 ei

1875 3203 2017 3259 smpe
2044 3189 2272 3246 directis
2299 3193 2608 3264 aggregatis
2638 3192 2691 3247 in
2716 3197 2883 3249 tinum
2912 3209 3052 3251 unus
3103 3195 3464 3252 conficeretur

180 3248 354 3350 gitare
375 3248 739 3334 clementiam.
757 3248 893 3332 Post
910 3277 1109 3333 multas
1130 3248 1343 3348 quoriue
1360 3293 1550 3347 preces
1571 3277 1772 3334 adeunt
1796 3248 1842 3312 C
1873 3248 2105 3333 libellus.
2131 3277 2284 3336 Datis
2311 3248 2497 3351 itaque
2525 3281 2601 3335 illi
2630 3248 3241 3354 muneribus

178 3370 361 3426 visere
385 3371 431 3426 si
472 3371 588 3442 jam
624 3371 817 3426 domus
847 3369 988 3426 foret
1011 3371 1290 3426 subversa.
1336 3370 1453 3438 Quo
1481 3379 1642 3426 eunte
1674 3385 1767 3426 ve-

181 3463 427 3520 nerabile
446 3464 565 3520 viro
591 3464 824 3520 obscura
848 3463 950 3520 sub
969 3463 1202 3532 caligine
1221 3464 1416 3530 noctis,
1442 3464 1624 3535 vepris
1648 3480 1772 3519 cru-

179 3557 338 3614 ribus
362 3557 478 3626 ejus
526 3558 704 3624 basit,
735 3557 1009 3627 nimioque
1037 3557 1196 3612 tredio
1225 3556 1467 3624 affectus,
1499 3557 1770 3628 lacryma~

178 3647 390 3713 biliter,
439 3656 499 3702 ut
551 3649 831 3704 sedaretur
885 3647 1189 3713 inundatio,
1238 3647 1407 3704 Deum
1457 3647 1774 3717 deprecatus

180 3748 295 3795 est.
336 3738 443 3796 Sed
486 3755 606 3795 cum
634 3741 702 3797 ad
729 3741 907 3796 locum
937 3740 1287 3804 devenerunt,
1318 3739 1528 3810 integro
1559 3740 1775 3793 descen-

177 3833 333 3888 disse
357 3833 494 3904 pede
518 3850 657 3905 aqua
686 3841 899 3906 reperta
925 3841 1028 3890 est.
1071 3832 1272 3889 Confisi
1311 3831 1427 3902 jam
1470 3832 1537 3888 de
1559 3833 1652 3887 Dei
1680 3832 1776 3887 ad-

169 3927 404 3996 jutorio,
437 3926 506 3981 ad
533 3927 710 3982 socios
740 3927 796 3981 in
826 3925 1058 3982 ecclesia
1085 3924 1412 3980 constitutos
1438 3924 1687 3990 redeunt,
1721 3932 1778 3979 et

177 4017 451 4074 beneﬁcia
483 4018 578 4074 Dei
609 4027 896 4074 narrantes
923 4018 1131 4088 pariter
1167 4018 1564 4074 benedixerunt
1583 4019 1773 4075 Deum.

258 4110 347 4164 36.
372 4109 584 4166 Interea
609 4111 890 4166 audientes
937 4109 1053 4179 ejus
1089 4110 1396 4166 sanctitatis
1434 4110 1634 4166 famam
1657 4126 1778 4183 gre-

181 4203 380 4275 gisque
421 4202 538 4272 ejus
567 4210 813 4258 sanctam
849 4203 1181 4272 opinionem,
1208 4203 1482 4273 postulare
1513 4203 1779 4258 instanter

179 4296 418 4368 exempli
442 4298 615 4368 gratia
639 4297 936 4352 monachos
954 4295 1196 4351 nonnulli
1219 4297 1456 4368 episc0pi
1475 4309 1778 4367 casperunt,
1827 4307 1831 4312 '

181 4391 256 4445 de
299 4390 498 4460 quibus
539 4389 840 4444 Leidradus
869 4389 897 4429 ιδ
925 4387 1366 4460 Lugdunensium
1413 4388 1653 4459 pontifex
1681 4405 1780 4445 vo-

183 4485 308 4540 lens
331 4483 720 4540 monasterium
754 4482 898 4554 quod
926 4489 1154 4537 vocatur
1193 4481 1638 4537 Insula-Barbara
1688 4497 1781 4537 re-

1874 3369 1977 3424 sibi
2023 3371 2320 3428 monachos
2348 3372 2486 3428 dari.
2535 3372 2634 3428 Cui
2681 3389 2803 3430 cum
2851 3375 3099 3446 protinus
3140 3377 3466 3434 venerabilis

1871 3460 2037 3516 Pater
2064 3477 2352 3519 assensum
2378 3465 2726 3534 praebuisset,
2749 3482 2918 3537 equos
2944 3468 3092 3522 misit
3118 3469 3211 3538 qui
3236 3483 3331 3526 eos
3354 3469 3465 3525 fer-

1875 3560 2028 3607 rent:
2057 3569 2195 3622 quos
2216 3556 2272 3610 in
2296 3557 2647 3622 monasterio,
2675 3557 2764 3611 cui
2793 3573 2990 3614 nomen
3011 3567 3097 3614 est
3121 3559 3464 3627 Cormarine,

1875 3644 2020 3714 quod
2069 3645 2454 3714 tediticaverat,
2507 3648 2812 3704 collocavit.
2847 3649 3023 3706 Fuere
3073 3651 3240 3707 etiam
3287 3661 3344 3708 et
3380 3653 3458 3720 hi,

1875 3743 1938 3791 ut
1967 3751 2112 3803 reor,
2151 3753 2222 3792 xx
2269 3753 2393 3793 cum
2420 3739 2644 3810 prtelato
2676 3741 2780 3796 sibi
2813 3743 3073 3813 magistro
3099 3761 3112 3798 :
3137 3744 3204 3798 ad
3234 3760 3466 3815 quorum

1876 3828 2076 3883 bonum
2104 3829 2536 3887 conversationis
2582 3830 2908 3902 exemplum,
2941 3849 3137 3906 magna
3161 3841 3248 3890 est
3273 3851 3469 3907 aggre-

1879 3929 2002 3990 gata
2028 3921 2316 3977 multitudo
2339 3923 2752 3978 monachorum.

1947 4013 2036 4068 57.
2071 4014 2200 4082 Quae
2237 4024 2418 4071 autem
2443 4031 2541 4087 per
2572 4016 2713 4072 idem
2756 4024 2967 4088 tempus
3009 4019 3242 4090 propitia
3265 4019 3472 4074 Divini-

1878 4113 1992 4160 tate
2015 4106 2125 4161 sint
2147 4116 2269 4162 acta
2292 4108 2576 4173 miracula,
2607 4124 2713 4164 non
2743 4109 2811 4164 ab
2837 4126 2893 4164 re
2917 4119 3045 4181 puto
3091 4113 3135 4168 si
3165 4113 3292 4169 huic
3317 4117 3472 4184 operi

1884 4196 2212 4256 inserantur.
2241 4202 2472 4270 Quidam
2503 4204 2770 4273 siquidem
2797 4204 2966 4260 frater
2999 4208 3236 4262 tabulam
3283 4225 3470 4265 sacra-

1884 4301 2014 4359 tam,
2047 4295 2098 4348 iu
2130 4311 2235 4363 qua
2259 4296 2402 4350 beati
2435 4297 2674 4368 Dionysii
2713 4282 2872 4353 erant:
2927 4299 3170 4369 reliquize
3206 4302 3470 4356 aliorum-

1884 4399 1986 4452 que
2016 4384 2338 4441 Sanctorum
2365 4387 2644 4457 plantatae,
2677 4389 2876 4445 missus
2899 4399 2982 4445 est
3010 4392 3078 4445 ab
3108 4391 3213 4446 alia
3240 4392 3377 4446 cella
3405 4393 3475 4448 ad

1885 4474 2046 4529 aliam
2078 4475 2290 4531 deferre
2318 4495 2330 4530 :
2360 4478 2511 4547 isque
2551 4495 2732 4534 secum
2764 4497 2996 4550 pergens
3023 4481 3228 4538 catulos
3256 4483 3474 4552 detulit,

182 4577 486 4644 aediﬁcare,
506 4575 755 4648 quresivit
778 4575 1042 4630 instanter
1062 4575 1153 4645 qui
1182 4574 1230 4629 ei
1256 4574 1468 4630 initium
1483 4575 1638 4631 bonae
1660 4575 1782 4632 vitae
1808 4612 1860 4671 D
1891 4565 2132 4671 ιθὶηιξθηι
2163 4581 2294 4620 vero
2321 4578 2589 4621 sacratam
2639 4578 2764 4638 Ροδῐ
2817 4570 3026 4640 aliquos
3053 4573 3170 4629 dies
3198 4585 3476 4632 Γενετίθηε

180 4667 564 4733 ostenderent,
589 4676 646 4722 et
691 4667 920 4738 accepit.
968 4665 1246 4736 Siquidem
1287 4667 1488 4722 electos
1536 4665 1706 4724 ferme
1750 4683 1781 4722 a

183 4776 364 4835 grege
405 4776 476 4814 xx
528 4758 844 4829 discipulos,
898 4758 1095 4828 quibus
1145 4758 1439 4829 praeposuit
1492 4767 1781 4826 rectorem,

182 4865 400 4922 eosque
436 4849 757 4922 Burgundiae
795 4849 1045 4920 partibus
1067 4847 1135 4903 ad
1157 4849 1509 4905 habitandum
1541 4851 1740 4906 direxit
1768 4869 1781 4906 :

186 4957 304 5015 quo
345 4948 641 5012 praestante
668 4938 888 5001 Christo
932 4938 1162 5009 Domino
1182 4955 1325 4995 nunc
1357 4940 1410 4993 in
1434 4949 1620 4995 sancta
1660 4941 1786 4997 reli-

185 5035 356 5108 gione
382 5031 648 5103 pollentes
670 5039 728 5085 et
749 5029 1027 5096 florentes,
1051 5029 1384 5100 praegrandis
1408 5038 1492 5085 est
1514 5033 1672 5086 turba
1696 5046 1787 5102 ag-

187 5130 421 5196 gregata
453 5121 865 5178 monachorum.
901 5118 1234 5176 Theodulfus
1276 5136 1492 5191 quoque
1539 5123 1786 5180 Aurelia-

188 5219 447 5275 nensium
476 5217 698 5288 przesul,
725 5231 849 5272 cum
870 5213 1261 5271 monasterium
1300 5214 1484 5270 Sancti
1511 5216 1788 5275 Maximini

185 5318 520 5366 construere
547 5309 727 5374 vellet,
759 5324 789 5363 a
813 5307 926 5377 jam
961 5305 1188 5378 prmfato
1214 5307 1332 5360 viro
1375 5307 1611 5376 postulat
1631 5325 1788 5381 regu-

185 5400 332 5456 laris
358 5399 659 5472 disciplinze
680 5401 885 5470 peritos
911 5420 923 5454 :
949 5399 1037 5455 cui
1063 5414 1189 5455 mox
1216 5413 1493 5454 assensum
1536 5402 1787 5471 praebuit,

182 5503 251 5552 et
297 5494 388 5550 bis
415 5493 586 5550 denos
615 5493 692 5548 illi
730 5493 1027 5548 monachos
1053 5491 1309 5563 praefecto
1339 5491 1597 5561 magistro
1622 5493 1788 5548 misit.

183 5583 307 5657 Qui
353 5593 668 5642 constanter
712 5584 769 5640 in
816 5594 1005 5641 sancto
1054 5583 1233 5639 studio
1281 5584 1639 5649 decertantes,
1685 5600 1793 5640 non

270 5750 302 5779 ι
336 5739 420 5794 En
472 5756 638 5796 causa
695 5741 1076 5812 erigendarum
1123 5740 1407 5806 cellarum,
1452 5755 1587 5811 quas
1629 5740 1791 5797 modo

180 5812 595 5887 praeposituras
625 5813 984 5887 et_prioratns
1021 5827 1295 5887 vocamus.

271 5881 306 5924 δ
332 5882 413 5940 De
464 5881 734 5942 Leidrado
775 5892 832 5941 et
875 5883 1204 5942 monasterio
1246 5883 1588 5952 Barbarensi,
1620 5885 1792 5957 deque

1889 4672 1998 4711 non
2030 4656 2155 4712 lotis
2177 4657 2418 4721 vestibus
2456 4659 2704 4714 incautus
2722 4659 2934 4717 deferre
2961 4662 3170 4718 nititur.
3194 4663 3476 4736 Ingressus

1889 4748 2104 4821 navigio
2137 4757 2393 4819 properat
2417 4748 2559 4821 (erat
2583 4750 2726 4806 enim
2746 4751 2880 4807 cella
2913 4752 3027 4824 ipsa
3059 4755 3203 4810 inter
3224 4764 3476 4828 stagnum

1891 4847 1946 4895 et
1972 4857 2123 4896 mare
2143 4841 2293 4913 sita),
2324 4844 2418 4898 sed
2448 4854 2506 4898 ut
2551 4859 2679 4900 mox
2710 4853 2912 4901 terram
2944 4849 3143 4919 attigit,
3168 4863 3478 4919 equumque

1894 4931 2192 4988 ascendens
2217 4932 2271 4986 in
2299 4948 2406 5003 quo
2425 4934 2631 4989 catulos
2664 4935 2978 5004 pertulerat,
3010 4937 3249 4993 tabulam
3291 4946 3478 5008 porta-

1891 5030 2045 5077 turus
2094 5023 2353 5094 suscepit,
2397 5025 2577 5080 divina
2629 5026 2772 5082 hunc
2822 5027 2954 5082 ultio
3004 5027 3254 5098 perculit.
3292 5028 3479 5098 Equus

1891 5115 2110 5185 quidem
2141 5116 2330 5171 eadem
2358 5118 2491 5172 liora
2517 5135 2574 5173 se
2603 5119 2658 5174 in
2696 5120 2898 5176 circulo
2928 5121 3155 5175 rotando
3183 5135 3476 5178 conversus

1891 5217 1996 5274 est,
2051 5223 2330 5278 quousque
2365 5208 2532 5263 frater
2562 5211 2615 5264 in
2649 5219 2850 5266 terram
2900 5220 3103 5276 rueret,
3137 5212 3320 5268 tabula
3344 5229 3480 5283 quo-

1893 5316 2000 5370 que
2026 5301 2278 5356 manibus
2306 5300 2422 5369 ejus
2449 5304 2630 5373 elapsa
2659 5303 2824 5358 illaesa
2855 5304 3175 5372 suscipitur;
3205 5319 3377 5376 equus
3403 5307 3478 5362 si-

1895 5394 2115 5463 quidem
2140 5395 2322 5448 statim
2366 5397 2665 5451 cxslinctus
2693 5403 2810 5461 est;
2851 5395 2943 5451 sed
2969 5404 3023 5451 et
3052 5397 3117 5464 is,
3146 5399 3238 5468 qui
3269 5400 3480 5456 cecide-

1898 5491 2003 5551 rat,
2035 5485 2205 5542 frater
2242 5501 2346 5542 non
2379 5491 2495 5542 sine
2539 5503 2734 5559 magno
2762 5495 2844 5542 est
2869 5486 3129 5559 languore
3173 5501 3413 5558 evectus,
3447 5508 3478 5548 a

1899 5592 2007 5648 quo
2034 5577 2126 5633 diu
2151 5577 2431 5635 confecth
2460 5581 2675 5635 tandem
2703 5579 2990 5636 sanitatem
3010 5583 3232 5654 recepit.
3256 5581 3322 5638 lli
3348 5597 3479 5638 vero

1898 5743 2200 5800 Theodulfo
2250 5751 2306 5798 et
2334 5741 2632 5816 Mitiaeensi
2688 5741 2910 5816 inferius
2937 5743 3226 5816 agendum,
3273 5743 3366 5799 ubi
3409 5743 3479 5800 de

1899 5817 2018 5875 aliis
2047 5815 2394 5873 monasteriis
2421 5829 2519 5886 per
2547 5811 2896 5871 Benedictum
2918 5811 3202 5873 ordinatis.
