4004 6328
556 314 652 371 571

1587 304 1648 360 S.
1684 300 2045 359 BENEDICTI
2082 300 2373 358 ABBATIS
2409 298 2817 359 ANIANENSIS

556 391 758 484 fratres
787 424 879 493 qui
902 420 1162 492 petendas
1191 417 1451 488 reliquias
1479 416 1762 482 miserant,
1784 431 1903 486 qua:
1928 415 2137 469 accide—
2308 414 2395 469 40.
2428 415 2863 470 Gloriosissimus
2908 420 3089 468 autem
3117 411 3423 468 Ludovicus
3456 427 3555 468 rex
3584 411 3821 483 Aquita-

558 527 683 575 rant
730 515 1028 579 audientes,
1066 512 1228 566 alium
1259 506 1449 564 rursus
1491 501 1711 562 fratrem
1754 508 1995 561 mittunt.
2029 504 2133 571 Qui

559 610 815 683 quoniam
858 613 978 661 erat
1019 603 1288 667 sacerdos,
1327 614 1508 655 secum
1557 614 1795 664 crucem,
1822 599 1879 652 in
1923 612 2030 666 qua
2075 596 2136 650 li-

460 758 463 761 ς
561 714 723 772 gnum
752 703 872 752 erat
903 692 1259 752 Dominicum,
1298 688 1437 742 tulit.
1486 687 1547 741 in
1598 695 1848 757 stagnum
1872 698 2005 738 vero
2050 683 2133 737 in-

561 802 806 861 gressus,
848 782 1028 839 valida
1070 787 1389 850 tempestate
1438 785 1664 831 vexatur
1706 774 1952 831 navicula
1995 773 2135 828 :sed

562 894 689 936 mox
736 883 797 932 ut
827 887 1046 935 crucem
1086 884 1245 941 quam
1273 867 1411 923 collo
1442 866 1692 937 gestabat
1724 863 1885 919 undis
1923 870 2136 918 tumen-

565 970 708 1024 tibus
757 964 1026 1037 opposuit,
1057 961 1377 1031 quieverunt
1418 956 1685 1028 procellae.
1712 956 1770 1011 in
1825 953 1958 1010 cella
1999 968 2137 1010 vero

562 1062 847 1131 quiescens
887 1071 988 1127 per
1029 1068 1277 1110 somnum
1322 1051 1456 1105 vidit
1500 1049 1623 1105 mini
1656 1048 1907 1104 candoris
1934 1047 2132 1112 vim,

563 1151 656 1222 qui
680 1165 805 1205 eum
832 1150 909 1203 ita
937 1145 1133 1201 affatus
1159 1152 1242 1199 est
1266 1160 1281 1196 :
1305 1141 1440 1207 Nisi,
1474 1140 1669 1210 inquit,
1693 1140 1893 1210 lignum
1922 1136 2145 1192 Domini-

563 1246 670 1299 mei
702 1250 878 1298 tecum
901 1236 1194 1302 attulisses,
1218 1248 1562 1305 nequaquam
1608 1231 1805 1286 abhinc
1838 1246 1945 1299 quo
1972 1228 2143 1284 velles

564 1342 805 1404 tempore
833 1331 1032 1386 exires.
1058 1327 1395 1384 Admonetur
1434 1324 1614 1391 itaque
1658 1330 1719 1376 ut
1767 1320 2016 1391 pedester
2045 1335 2138 1375 cas

563 1424 834 1480 deferret:
859 1432 918 1477 et
956 1422 1083 1491 quia
1128 1434 1236 1474 non
1280 1415 1693 1485 obtemperavit,
1737 1413 1997 1467 deductas
2024 1411 2139 1483 [de-

563 1516 761 1581 ductis,
789 1513 921 1587 etc.]
942 1514 1011 1567 ad
1050 1510 1334 1581 praefatam
1360 1507 1551 1563 cellam
1581 1504 1857 1574 reliquias,
1883 1502 2031 1575 gravi
2057 1510 2140 1557 est

565 1607 880 1662 inﬁrmitate
907 1619 1215 1675 percussus.
1264 1601 1392 1655 Post
1438 1600 1553 1655 haec
1598 1607 1779 1652 autem
1808 1597 1864 1651 in
1909 1596 2140 1652 ecclesia

561 1701 749 1755 eadem
773 1714 878 1769 qua
912 1696 1154 1765 reliquiis
1180 1693 1396 1748 fuerant
1442 1692 1650 1755 delatm,
1681 1691 1911 1759 pilarum
1936 1688 2141 1758 pende-

2237 522 2431 561 norum
2472 515 2622 572 tunc,
2656 520 2804 559 nunc
2836 500 3023 558 autem
3070 505 3252 561 divina
3287 500 3605 575 providente
3643 505 3823 575 gratia

2233 596 2400 650 totius
2421 594 2678 649 Ecclesia:
2701 595 2917 664 Europa
2939 593 3184 662 degentis
3200 595 3498 663 imperator
3516 594 3821 665 Augustin,

2233 689 2540 743 sanctitatis
2559 685 2676 755 ejus
2700 688 2871 741 vitam
2892 695 3225 757 compertam
3256 688 3596 757 permaxime
3628 689 3825 759 dilige-

2231 778 2345 844 bat,
2370 780 2594 850 ejusque
2622 778 2908 835 consilium
2930 778 3162 833 libenter
3183 777 3594 848 obtemperabat
3621 797 3635 833 :
3658 797 3825 851 quan

2234 871 2400 925 etiam
2424 871 2676 925 omnibus
2706 870 2760 924 in
2804 884 2906 925 suo
2944 884 3117 940 regno
3163 871 3512 927 monasteriis
3552 873 3824 941 praefecit,

2233 970 2295 1018 ut
2344 978 2593 1019 umnam
2646 961 2983 1018 salutiferam
3022 960 3233 1016 cunctis
3274 960 3610 1016 ostenderet.
3658 961 3831 1020 Erant

2235 1052 2381 1107 enim
2407 1053 2657 1123 quadam
2706 1050 3033 1106 monasteria
3064 1050 3312 1104 instituta
3358 1050 3624 1107 canonica
3653 1063 3683 1092 ι
3712 1066 3829 1107 ser-

2234 1153 2449 1211 vantes,
2476 1145 2696 1215 Regula
2747 1152 2930 1199 autem
2974 1150 3245 1213 praecepta
3291 1141 3634 1211 ignorantes.
3658 1141 3832 1213 Cujus

2238 1239 2329 1294 ille
2349 1239 2612 1294 obediens
2632 1236 2821 1306 jussis,
2854 1236 3158 1293 circumivit
3185 1234 3518 1306 singulorum
3550 1247 3832 1293 monaste-

2236 1330 2338 1395 ria,
2363 1345 2471 1385 non
2514 1329 2690 1384 solum
2728 1327 2897 1383 semei
2918 1334 2973 1381 et
2998 1326 3102 1391 bis,
3144 1326 3241 1380 sed
3264 1333 3321 1381 et
3347 1325 3535 1380 multis
3581 1326 3816 1392 vicibus,

2236 1421 2527 1476 ostendens
2554 1419 2760 1474 monita
2805 1417 3043 1489 Reguizn,
3074 1430 3303 1485 eamque
3341 1416 3424 1470 eis
3472 1430 3575 1486 per
3614 1417 3829 1487 singula

2239 1511 2470 1582 capitula
2502 1511 2818 1576 discutiens,
2863 1516 2991 1564 nota
3036 1508 3386 1573 confirmans,
3417 1508 3607 1577 ignota
3661 1508 3830 1564 eluci-

2240 1604 2375 1659 dans
2408 1621 2420 1657 :
2451 1604 2636 1673 sicque
2675 1611 2855 1657 actum
2883 1610 2986 1667 est,
3013 1600 3329 1672 providente
3359 1601 3491 1665 Deo,
3522 1609 3589 1655 ut
3636 1604 3827 1656 omnia

2242 1708 2382 1763 pene
2407 1694 2738 1748 monasteria
2784 1693 2841 1747 in
2865 1692 3158 1763 Aquitania
3187 1692 3292 1746 sita
3319 1690 3630 1763 regularem
3654 1692 3833 1747 susci-

559 1792 675 1855 bat,
703 1791 758 1844 in
784 1790 938 1859 cujus
959 1786 1180 1842 vascula
1202 1784 1572 1856 permodicum
1603 1791 1722 1837 erat
1748 1782 1944 1845 oleum,
1970 1770 2065 1836 sed
2085 1782 2142 1835 in
2168 1777 2217 1838 B
2242 1793 2433 1856 perent
2456 1783 2707 1839 formam.

560 1883 801 1938 crastino
831 1882 987 1951 plena
1025 1887 1240 1950 reperta
1268 1886 1414 1933 sunt.
1445 1876 1560 1931 Hoc
1582 1883 1759 1930 autem
1792 1874 2017 1944 contigit
2041 1888 2141 1944 per

562 1985 663 2029 ter.
698 1973 823 2027 Hzcc
865 1986 1056 2040 nempe
1084 1972 1171 2025 his
1219 1970 1416 2040 quibus
1452 1968 1681 2039 languor
1710 1967 1989 2023 acciderat
2014 1981 2144 2020 nar-

562 2064 810 2120 rantibus
836 2062 1096 2132 comperi.

634 2155 723 2211 '58.
755 2154 814 2210 in
858 2154 1131 2211 montibus
1172 2160 1352 2208 autem
1402 2151 1456 2206 in
1507 2150 1703 2220 quibus
1758 2147 1956 2204 fratres
1999 2145 2144 2203 soliti

564 2255 724 2303 erant
749 2245 1065 2301 alendarum
1116 2244 1299 2300 ovium
1327 2257 1514 2297 curam
1563 2241 1826 2296 habentes
1872 2239 2140 2304 habitare,

561 2338 665 2397 sibi
687 2337 754 2392 ad
777 2324 1041 2393 orandum
1071 2335 1323 2404 exiguum
1355 2332 1656 2388 oratorium
1700 2337 2141 2396 construxerunt,

564 2431 620 2484 in
668 2445 777 2498 quo
804 2429 1063 2499 ingressae
1085 2434 1213 2483 sunt
1254 2426 1511 2481 mulieres
1538 2433 1823 2495 postquam
1848 2422 2049 2479 fratres
2073 2424 2144 2479 ab

563 2535 628 2575 eo
660 2520 1026 2575 discesserant
1069 2519 1210 2586 loco,
1264 2525 1319 2574 et
1364 2517 1677 2573 deridentes
1698 2517 2004 2572 habitacula
2031 2531 2146 2571 ωο-

566 2612 867 2667 nachorutn
919 2609 1171 2669 dicebant
1212 2611 1281 2667 ad
1310 2610 1581 2665 invicem:
1616 2609 1693 2664 Tu
1724 2609 1897 2664 vicem
1934 2607 2146 2664 abbatis

567 2700 767 2757 habeto
795 2702 849 2755 in
877 2701 996 2758 loco
1018 2702 1135 2772 ejus
1169 2709 1339 2757 stans.
1369 2700 1566 2770 Sicque
1594 2700 1819 2772 singulae
1851 2699 2146 2755 ordinatim

566 2801 774 2851 stantes
802 2792 856 2857 in
894 2793 1015 2849 loco
1044 2793 1305 2849 orationis
1349 2793 1504 2862 quasi
1529 2800 1769 2858 orantes,
1798 2791 1939 2846 male
1965 2804 2148 2846 surre-

566 2894 733 2940 cturze
783 2886 1187 2942 recumbebant.
1231 2886 1412 2951 Vacua
1455 2883 1723 2954 siquidem
1772 2888 2148 2940 remanserant

566 2977 894 3043 habitacula,
936 2978 990 3032 in
1046 2977 1500 3048 quibusmstatis
1534 2985 1777 3046 tempore
1809 2976 2147 3032 solummodo

564 3069 939 3136 morabantur,
969 3070 1065 3125 sed
1093 3084 1187 3125 eas
1215 3071 1400 3126 statim
1427 3070 1588 3140 digna
1616 3069 1965 3139 subsequitur
1990 3068 2142 3123 ultio.

2309 1880 2398 1934 41.
2430 1878 2538 1934 Sed
2569 1879 2616 1935 is
2652 1878 2745 1950 qui
2771 1878 2931 1934 bonis
2959 1878 3173 1935 actibus
3194 1890 3410 1947 semper
3434 1876 3645 1933 invidet
3678 1878 3831 1935 inno-

2241 1973 2431 2029 centiae
2451 1971 2796 2027 adversarius
2817 1979 2872 2026 et
2893 1971 3045 2041 pacis
3069 1969 3343 2034 inimicus,
3366 1984 3472 2026 non
3499 1986 3722 2040 :rquum
3747 1973 3837 2027 de-

2241 2063 2434 2127 cernit,
2459 2062 2503 2115 si
2532 2062 2607 2131 pii
2638 2062 2780 2132 regis
2811 2061 3012 2116 diutius
3038 2061 3340 2119 adhmreret
3368 2062 3646 2127 amicitiis,
3676 2063 3831 2116 dam-

2241 2170 2373 2210 num
2418 2168 2528 2209 sua}
2556 2153 2697 2223 parti
2725 2150 2925 2207 inferre
2952 2166 3059 2206 non
3085 2151 3360 2216 dubitans,
3401 2150 3596 2209 horum
3624 2152 3673 2205 si
3702 2152 3837 2209 enli-

2242 2261 2345 2301 nus
2374 2244 2602 2300 indivisa
2640 2238 2881 2299 charitas
2930 2252 3306 2314 permaneret;
3339 2249 3395 2297 et
3434 2244 3699 2312 quoniam
3743 2259 3837 2297 na-

2244 2343 2378 2390 tura:
2399 2350 2511 2390 sua:
2528 2334 2754 2405 gloriam
2780 2333 3139 2403 superbiendo
3160 2333 3359 2399 amisit,
3382 2333 3436 2387 in
3457 2348 3521 2387 ea
3544 2333 3693 2387 bona
3716 2350 3835 2403 qua

2242 2428 2479 2498 perdidit
2503 2443 2571 2483 ne
2594 2428 2759 2482 homo
2804 2427 3203 2494 introducatur,
3231 2427 3361 2482 totis
3396 2428 3606 2483 viribus
3630 2438 3793 2483 cavet
3817 2448 3831 2481 ε

2245 2520 2390 2575 dolet
2422 2520 2568 2574 enim
2620 2519 2894 2575 hominem
2948 2519 3296 2574 miseratione
3341 2519 3438 2576 Dei
3494 2522 3829 2589 recuperari.

2247 2612 2353 2669 Sed
2381 2627 2479 2668 nec
2509 2614 2707 2667 mirum
2731 2612 2776 2667 si
2806 2613 3021 2683 piorum
3052 2612 3326 2683 probitate
3350 2613 3523 2667 hostis
3554 2614 3836 2667 crucietur

2247 2706 2523 2776 antiquus,
2574 2712 2841 2761 et'eorum
2870 2720 3007 2776 quos
3036 2705 3377 2761 invincibiles
3428 2706 3605 2761 cernit
3654 2705 3835 2775 profe-

2246 2795 2423 2851 ctibus
2454 2802 2800 2866 torqueatur;
2832 2812 2953 2852 cum
2981 2796 3092 2852 sint
3116 2798 3278 2852 etiam
3308 2798 3493 2867 plures
3540 2799 3635 2868 qui
3669 2796 3835 2867 hujus

2248 2889 2600 2961 malignitatis
2626 2902 2788 2958 opera
2836 2889 3135 2943 imitentur.
3165 2889 3312 2945 Mariti
3351 2891 3496 2944 enim
3526 2890 3703 2963 (quod
3749 2891 3839 2945 do-

2248 2981 2467 3036 lendum
2493 2982 2649 3036 valde
2676 2981 2784 3053 est)
2816 2989 3047 3036 uruntur
3082 2981 3271 3037 alienis
3300 2980 3641 3046 utilitatibus,
3672 2990 3839 3052 atque

2249 3073 2303 3127 in
2354 3088 2541 3128 eorum
2588 3082 2869 3128 armantur
2916 3075 3101 3129 odium
3151 3089 3381 3144 quorum
3435 3074 3589 3144 sequi
3644 3075 3839 3129 nolunt

567 3158 989 3217 Tornutionibus
1026 3177 1155 3218 vero
1197 3162 1381 3223 vexari
1409 3169 1711 3232 coeperunt,
1738 3177 1769 3217 a
1811 3176 1919 3230 quo
1961 3159 2146 3214 dolore
2173 3147 2219 3212 C
2251 3164 2578 3233 exemplum.
2623 3165 2870 3221 Prchatis
2912 3181 3043 3236 ergo
3086 3165 3344 3236 proiiouis
3373 3165 3585 3220 actibus
3614 3166 3836 3235 necque

568 3266 677 3305 non
727 3259 853 3314 sunt
897 3261 1115 3322 ereptae,
1163 3268 1444 3323 quousque
1488 3253 1594 3307 viri
1638 3267 1828 3308 earum
1871 3251 2147 3306 subsecuti

566 3350 697 3401 sunt
721 3344 1017 3401 monachos
1059 3360 1090 3400 a
1118 3344 1394 3400 montibus
1421 3358 1543 3398 cum
1569 3343 1759 3399 ovibus
1812 3340 2147 3396 descenden-

566 3442 672 3501 tes,
690 3448 892 3504 eosque
909 3436 1117 3505 precati
1136 3444 1262 3495 sunt
1282 3442 1344 3495 ut
1364 3450 1461 3505 pro
1486 3434 1790 3490 temerariis
1812 3448 2001 3502 preces
2025 3431 2147 3486 fum-

565 3522 779 3580 derent.
808 3524 1105 3581 Orantibus
1140 3532 1321 3583 autem
1354 3524 1615 3601 fratribus
1643 3524 1862 3583 sanitati
1890 3524 2146 3580 continuo

564 3621 693 3668 sunt
711 3615 954 3672 redditae.

635 3705 723 3761 59.
757 3706 989 3772 Quidam
1032 3722 1426 3780 energumenus
1455 3708 1574 3765 vice
1602 3707 1766 3765 etiam
1795 3707 2029 3776 quadam
2078 3704 2147 3760 ad

563 3799 953 3853 monasterium
1007 3800 1322 3870 parentibus
1374 3800 1766 3861 deducentibus
1814 3798 1925 3853 suis
1973 3796 2143 3862 venit,

564 3889 657 3957 qui
689 3890 744 3942 in
794 3889 1018 3946 basilica
1048 3892 1221 3946 beatae
1266 3906 1584 3961 semperque
1608 3890 1836 3961 virginis
1859 3889 1956 3944 Dei
1997 3888 2148 3958 geni-

564 3978 720 4033 tricis
766 3977 950 4035 Mariaa
999 3980 1298 4041 collocatur
1327 3999 1340 4035 :
1370 3996 1469 4049 pro
1505 3976 1633 4050 quo'
1663 3981 1794 4036 dum
1843 3980 2147 4037 orationem

564 4085 691 4126 cum
717 4071 899 4141 vigilia
924 4069 1122 4127 fratres
1150 4072 1359 4137 fudere,
1394 4072 1679 4131 saniuitem
1712 4070 1984 4144 [sanitate,
2014 4070 2144 4144 etc.]

562 4170 877 4233 perceptam
908 4163 1158 4221 discessit
1182 4164 1236 4230 in
1266 4179 1420 4234 pace.
1444 4164 1668 4227 Femina
1697 4180 1889 4221 rursus
1914 4165 2148 4220 immun-

566 4254 636 4310 do
664 4254 859 4325 spiritu
889 4255 1049 4328 plena
1088 4256 1157 4312 ad
1196 4258 1585 4315 monasterium
1610 4257 1879 4328 pervenit,
1919 4272 2148 4328 eamque

563 4346 623 4403 in
666 4349 967 4403 oratorium
989 4349 1163 4406 sancti
1195 4346 1421 4421 Joannis
1444 4349 1720 4422 Baptism,
1751 4352 1895 4421 quod
1938 4350 1995 4405 in
2037 4364 2148 4405 cos-

552 4440 794 4519 meterio
818 4441 983 4496 situm
1013 4448 1117 4508 est,
1140 4440 1339 4498 fratres
1360 4459 1482 4503 cum
1505 4442 1703 4514 vigiliis
1733 4448 1789 4499 et
1811 4442 2145 4499 orationibus

560 4537 893 4604 custodiunt,
921 4554 1043 4609 qua:
1068 4548 1361 4611 praestante
1388 4542 1500 4597 Deo
1538 4556 1727 4612 sospes
1751 4541 2034 4598 abscessit.
2060 4541 2140 4596 Ad

561 4629 864 4695 oratorium
915 4646 1047 4688 vero
1094 4632 1239 4702 quod
1297 4633 1356 4691 in
1411 4634 1615 4691 honore
1644 4635 1813 4690 sancti
1864 4632 2142 4690 Saturnini

560 4720 817 4792 martyris
842 4721 1148 4783 dedicatum
1171 4733 1276 4790 est,
1304 4725 1399 4781 ubi
1425 4726 1750 4781 venerabilis
1774 4727 1860 4780 vir
1906 4728 2142 4796 primum

561 4810 813 4875 habitare
839 4813 1027 4883 coepit,
1077 4816 1124 4871 si
1168 4816 1292 4887 quis
1331 4814 1653 4873 febricitans
1698 4816 1898 4873 abierit
1927 4826 1983 4873 et
2007 4833 2139 4888 pau-

558 4903 730 4961 lulum
779 4906 1081 4974 dormierit,
1134 4908 1181 4964 si
1232 4908 1342 4965 fide
1390 4924 1499 4965 non
1536 4908 1882 4974 haesitaverit,
1931 4909 2139 4966 incolu-

561 4995 667 5052 mis
704 5005 1011 5053 revertetur
1044 4999 1113 5054 ad
1133 5000 1373 5070 propria.
1396 4999 1529 5068 Qua;
1564 5001 1857 5056 multorum
1881 5002 2144 5059 relatione

560 5086 745 5151 didici,
771 5102 961 5143 eorum
990 5088 1240 5147 videlicet
1260 5090 1353 5160 qui
1382 5106 1480 5161 per
1510 5099 1681 5146 semet
1704 5091 2024 5148 beneficium
2055 5108 2144 5149 sa-

560 5176 748 5239 nitatis
777 5180 988 5249 experti
1030 5189 1185 5241 sunt...
1206 5180 1334 5237 Hrec
1380 5182 1446 5237 de
1472 5182 1746 5239 miraculis
1776 5184 1977 5239 nostris
2006 5192 2142 5240 tem-

557 5265 780 5337 poribus
800 5270 938 5327 actis
962 5285 1135 5341 pauca
1154 5271 1359 5326 dixisse
1381 5271 1628 5329 sufﬁciat.
1657 5273 1739 5328 Ad
1758 5273 2005 5330 ordinent
2032 5287 2143 5339 cte-

561 5363 734 5427 ptum,
755 5356 980 5428 iuvante
999 5360 1131 5428 Deo,
1160 5361 1465 5429 redeamus.

590 5537 603 5549 .
633 5480 658 5507 ιι
684 5467 853 5534 Quale
892 5479 1012 5549 οἷαι
1053 5472 1441 5549 Dionysium
1463 5487 1639 5549 prope
1688 5471 1953 5549 Lutetiam
1983 5472 2137 5530 Pari~

559 5544 786 5605 siorum,
819 5544 963 5605 quod
1008 5559 1041 5598 a
1066 5544 1383 5601 monasticis
1431 5544 1626 5600 ritibus
1655 5544 1722 5599 ad
1749 5546 2137 5605 canonicorum

560 5625 740 5685 mores
772 5612 1111 5681 deﬂectebat,
1140 5617 1264 5669 dum
1292 5614 1598 5669 Ludovicus
1624 5614 1898 5685 Augustus
1921 5632 2016 5685 per
2040 5616 2138 5672 Be-

560 5680 848 5756 nedictum;
880 5680 1134 5756 abbatem
1177 5688 1244 5741 ad
1290 5686 1549 5756 primaria
1583 5680 1830 5742 instituta
1880 5680 2137 5743 revocare

564 5753 806 5836 tentavit,
836 5754 998 5831 idque
1022 5756 1241 5818 tandem
1268 5753 1500 5835 perfecit
1536 5773 1681 5821 anno
1720 5756 1846 5831 817,
1876 5759 2031 5838 cujus
2057 5760 2139 5818 rei

2249 3255 2425 3326 dignis
2448 3256 2666 3326 agnitis,
2703 3271 2933 3325 quorum
2983 3257 3215 3326 stipatus
3241 3256 3471 3327 agmine,
3504 3255 3730 3311 invidiae
3752 3255 3837 3324 ja-

2248 3347 2386 3401 euiis
2414 3356 2655 3405 armatus
2679 3348 2820 3403 male
2838 3356 3175 3419 pugnaturus
3202 3349 3485 3419 processit.
3510 3347 3579 3403 Et
3598 3349 3835 3419 primum

2248 3441 2465 3509 quidem
2494 3440 2815 3497 clericorum
2846 3441 2900 3495 in
2929 3440 3045 3509 ejus
3069 3440 3421 3513 derogatione
3441 3440 3697 3496 accendit
3721 3442 3835 3495 ani—

2247 3548 2401 3600 mos;
2460 3541 2589 3589 tunc
2643 3534 2861 3589 demum
2915 3534 3052 3588 anim
3103 3535 3264 3604 regite
3314 3535 3553 3590 milianu-
3595 3533 3837 3589 stimulat

2247 3626 2432 3692 corda,
2467 3627 2827 3696 quorumdam
2862 3627 3029 3681 etiam
3074 3627 3332 3683 comitum
3366 3627 3637 3681 subvertit
3690 3641 3836 3680 ntea-

2248 3724 2399 3771 tem:
2428 3732 2728 3787 omnesque
2773 3718 2982 3787 pariter
3026 3717 3244 3772 invidiae
3288 3715 3406 3773 face
3448 3716 3703 3772 succensi
3731 3732 3833 3771 me

2247 3806 2411 3872 clam,
2441 3807 2533 3862 sed
2554 3806 2667 3875 jam
2695 3807 2875 3877 palam
2912 3807 3061 3862 virus
3096 3806 3367 3878 pestiferae
3398 3808 3598 3869 mentis
3619 3823 3836 3862 vomeri-

2247 3905 2355 3965 tes,
2387 3898 2739 3954 circiiiionem
2770 3914 3063 3969 rerumque
3092 3899 3347 3968 cupidum
3377 3907 3433 3953 et
3460 3899 3686 3969 pmdiis
3707 3898 3833 3953 alie-

2248 4005 2370 4045 rum
2414 3989 2744 4055 invasorem,
2793 4004 3016 4044 suarum
3050 3989 3356 4065 animarum
3397 3987 3605 4059 jugiter
3656 3999 3833 4044 orate»

2247 4095 2384 4143 rem,
2408 4078 2624 4147 publica
2658 4092 2792 4134 voce
2819 4078 3151 4144 clamabant,
3202 4094 3435 4148 quorum
3456 4092 3659 4133 vesana
3681 4078 3832 4133 savi-

2248 4168 2323 4227 tia
2350 4168 2417 4225 ad
2445 4176 2654 4223 tantum
2678 4168 2830 4223 nefas
2856 4168 3124 4238 prorupit,
3146 4174 3206 4223 ut
3224 4167 3464 4223 animum
3493 4166 3829 4225 serenissini

2248 4259 2595 4329 imperatoris
2641 4258 2824 4315 Caroli
2859 4273 2987 4331 erga
3035 4275 3160 4315 eum
3210 4258 3487 4317 concitare
3538 4265 3831 4317 tentarent.

2248 4352 2355 4408 Sed
2381 4354 2465 4409 vir
2485 4353 2580 4410 Dei
2618 4353 2758 4411 bene
2800 4367 2991 4409 secura
3018 4352 3373 4418 conscientia,
3406 4365 3507 4407 nec
3533 4351 3835 4423 derogatio-

2246 4446 2409 4502 uibus
2442 4455 2833 4510 commovetur,
2882 4460 2983 4502 nee
3024 4445 3384 4506 fraudulentis
3443 4447 3834 4505 assertionibus

2167 4504 2223 4566 Β
2246 4544 2603 4608 perterretnr.
2632 4504 2902 4595 Palatium
2928 4537 3185 4608 deinceps
3209 4538 3313 4595 hac
3342 4504 3411 4597 de
3438 4553 3501 4597 re
3535 4538 3702 4602 adiit;
3735 4554 3835 4606 quo

2248 4637 2411 4685 eunte
2458 4628 2747 4698 prohibere
2790 4628 3031 4687 nonnulli
3081 4635 3370 4693 conantur,
3419 4635 3751 4687 attestautes
3794 4628 3835 4682 si

2249 4719 2630 4788 conspectibus
2656 4717 3002 4787 imperatoris
3026 4717 3282 4784 astiterit,
3312 4718 3542 4789 patriam
3564 4716 3713 4773 ultra
3736 4733 3835 4773 nuta

2246 4812 2424 4875 visum
2450 4811 2540 4876 iri,
2571 4810 2826 4881 quoniam
2851 4824 2981 4880 erga
3028 4823 3089 4865 se
3135 4810 3432 4883 imperiaiis
3457 4809 3539 4865 ira
3566 4809 3741 4869 nimis
3766 4809 3837 4864 fur

2246 4912 2332 4959 ret
2380 4917 2632 4960 accensa.
2676 4900 2861 4972 Pergit
2888 4910 3069 4957 tamen
3112 4900 3437 4973 intrepidus.
3469 4900 3567 4961 Dei
3615 4900 3837 4956 misera-

2245 4995 2393 5051 tione
2428 4993 2685 5057 conlisus,
2714 4991 2790 5047 illi
2814 5006 2965 5063 spem
2986 5007 3140 5051 suam
3161 4992 3528 5056 committens,
3558 4990 3722 5067 cujus
3745 5007 3838 5061 μιν

2243 5102 2431 5145 amore
2471 5085 2718 5148 certabat
2742 5101 2849 5142 non
2875 5085 3080 5156 pigrus.
3114 5085 3268 5151 Eata,
3299 5083 3476 5143 exsilii
3517 5084 3837 5143 demisere-

2246 5188 2337 5235 tur
2364 5178 2548 5237 subire
2591 5177 2853 5245 laborem,
2900 5186 3139 5235 mentem
3172 5193 3329 5235 suam
3360 5178 3555 5248 agebat
3586 5177 3837 5235 famulari

2247 5271 2361 5327 Deo
2383 5271 2733 5331 securiorem.
2759 5270 2916 5338 Quod
2959 5270 3006 5326 si
3046 5270 3114 5327 ab
3136 5267 3310 5330 cilicio
3332 5284 3405 5329 ne
3431 5277 3699 5340 μερίδα
3731 5268 3837 5340 pel»

2248 5362 2475 5431 lcretur,
2495 5363 2644 5420 omni
2690 5362 2960 5421 desiderio
2988 5362 3253 5423 hactenus
3276 5363 3383 5435 hoc
3412 5374 3472 5417 se
3515 5362 3837 5430 concupisse

2240 5475 2438 5531 litteris
2486 5475 2852 5546 imperatoriae
2904 5481 3124 5546 exstant
3174 5476 3314 5546 apud
3378 5466 3736 5530 Sirmondum
3788 5476 3833 5530 is

2228 5543 2389 5603 'tomo
2416 5547 2462 5602 ll
2482 5543 2649 5608 Cone.
2672 5545 2892 5610 Galliae;
2915 5545 3074 5615 quale
3097 5543 3285 5605 itidem
3303 5555 3420 5605 crat
3440 5549 3834 5609 nautasteriutn

2244 5616 2457 5673 Sanctae
2483 5617 2929 5686 Columbae.apud
2959 5616 3224 5671 Senonas.
3275 5616 3446 5685 Hujus
3491 5617 3575 5674 cei
3626 5617 3836 5671 litteras

2242 5687 2439 5765 Egesis
2488 5688 2545 5743 in
2569 5688 2885 5765 Appendice
2935 5687 3015 5755 ad,
3029 5687 3244 5763 Lupum
3295 5689 3557 5758 abbatem

2208 5840 2225 5843 ᾧ
2240 5756 2567 5819 Baluziante.
