4004 6328
224 280 311 339 373

1752 276 1929 338 “TA.

3340 271 3445 328 574

218 394 486 453 narrabat.
516 395 605 451 At
631 394 945 466 priusquam
994 395 1052 451 in
1101 403 1393 465 conspectu
1435 395 1778 466 imperatoris
1880 360 2201 448 humilitatis
2226 391 2347 459 fuit,
2378 374 2439 448 ut
2461 407 2621 450 rarus
2646 400 2741 449 aut
2769 392 2945 448 nullus
2976 407 3043 448 ex
3070 373 3449 448 monachistita

220 488 399 554 astitit,
433 488 505 542 ad
524 495 733 543 tantam
753 501 984 559 superna
1004 487 1182 559 pietas
1198 486 1643 557 tranquillitatem
1660 485 1777 555 ejus

219 578 419 635 inﬂexit
440 589 696 645 mentem,
719 587 779 633 ut
806 580 921 635 viso
949 594 1017 636 eo
1051 578 1474 645 deoscularetur,
1498 579 1661 648 eique
1680 594 1778 647 po-

219 672 388 731 culum
430 672 647 741 propria
675 671 985 741 porrigeret
1020 686 1191 725 manu
1212 688 1229 724 :
1252 678 1311 725 ot
1349 686 1509 740 quem
1533 669 1711 735 tumuli
1747 683 1778 722 a

215 764 428 836 proprio
454 763 567 819 solo
591 765 951 819 autumabant
982 763 1105 818 fieri
1140 770 1431 829 extorrem,
1455 761 1523 816 ad
1545 777 1667 817 eum
1694 774 1780 817 re-

214 853 307 911 diit
324 867 527 921 magno
546 867 671 910 cum
699 853 903 923 honore
926 872 939 907 :
964 852 1155 925 sicque
1173 852 1357 909 divina
1375 852 1654 909 ordinante
1679 849 1780 911 mi-

214 946 504 1003 sericordia
532 961 660 1002 eum
685 946 815 1003 dum
844 947 1108 1001 infamare
1135 945 1317 1015 conati
1345 952 1491 1008 sunt,
1521 943 1780 1015 pradica—

212 1045 361 1102 runt;
398 1045 454 1092 et
478 1051 639 1106 quem
677 1034 986 1093 mentiendo
1023 1034 1271 1093 odiosum
1309 1034 1537 1094 reddere
1569 1032 1782 1099 studue-

211 1135 353 1192 runt,
375 1128 520 1185 hunc
545 1142 655 1187 non
682 1126 857 1185 solun
876 1125 1132 1190 minimis,
1155 1140 1349 1185 verum
1369 1123 1534 1183 etiam
1560 1139 1782 1195 magna-

210 1217 352 1279 tibus
381 1217 750 1279 venerandum
777 1215 1145 1280 ostenderunt.

276 1309 363 1367 42.
393 1306 715 1369 Guillelmus
729 1321 943 1379 quoque
969 1321 1173 1372 comes,
1197 1305 1289 1375 qui
1317 1305 1379 1367 in.
1400 1303 1529 1365 aula.
1548 1302 1781 1372 impera:

208 1400 337 1463 toris
385 1414 499 1469 prie
542 1399 759 1459 cunctis.
771 1405 891 1459 erat
917 1397 1134 1463 clarior,
1168 1405 1325 1461 tanto,
1365 1394 1673 1461 dilectionis
1701 1391 1782 1449 afe

206 1490 348 1548 fectu
376 1492 537 1548 beato
567 1489 857 1546 Benedicto
887 1488 1145 1557 deinceps.
1191 1486 1439 1550 adhasit,
1484 1493 1566 1550 ut,
1596 1480 1782 1551 saeculi

204 1581 552 1652 dignitatibus
579 1579 865 1650 despectis,
894 1580 1041 1641 hunc
1061 1579 1251 1641 ducem
1280 1578 1387 1643 vim
1412 1575 1675 1647 salutaris
1690 1575 1782 1631 elL

202 1686 374 1748 geret,
399 1692 504 1747 qua
526 1677 829 1747 pertingere
860 1683 1042 1745 posset
1071 1673 1140 1729 ad
1185 1673 1507 1745 Christum:
1535 1678 1781 1753 accepta?

1876 483 2019 539 flecti
2042 492 2244 554 posset,
2272 483 2402 539 dum
2444 482 2669 539 obviare
2694 485 3050 556 contingeret,
3082 493 3149 538 ut
3166 483 3233 545 ab
3254 498 3325 539 eo
3346 485 3449 539 huc

1876 574 2113 631 militate
2151 590 2267 632 non
2288 576 2616 633 vinceretur.
2644 574 2893 631 Vidimus
2916 589 3061 644 saepe
3090 589 3212 632 eum
3236 573 3451 633 eaeden-

1877 671 1986 719 tem
2014 665 2229 723 asinum
2277 680 2454 731 suum,
2486 664 2783 725 ﬂasconem
2819 667 2931 722 vini
2963 667 3017 721 in
3052 666 3310 723 stratorio
3352 665 3454 722 des

1877 753 2042 818 ferre,
2068 769 2299 823 eumque
2355 771 2519 827 super
2545 757 2901 825 insedentem,
2945 757 3167 816 calicem
3196 758 3255 813 in
3297 764 3457 832 terga

1879 842 2120 909 humeris
2140 844 2428 913 vehentem
2475 846 2649 911 nostri
2673 846 2995 911 monasterii.
3016 844 3283 907 fratribus.
3315 857 3455 911 teme

1878 948 2009 1003 pore
2058 934 2252 997 messis
2301 935 2377 1001 ad
2400 934 2802 1008 relpciuaudum
2834 937 2989 1003 sitim
3025 953 3213 1001 eorum
3261 954 3454 999 occurs

1879 1040 2022 1089 rere.
2044 1023 2102 1081 lu
2122 1024 2322 1094 vigiliis
2347 1041 2561 1096 quoque
2581 1026 2658 1081 ita
2684 1028 2911 1099 pervigil
2944 1036 3082 1097 erat,
3114 1037 3175 1091 ut
3208 1029 3455 1089 vinceret

1879 1122 2122 1185 cunctos,
2154 1113 2221 1184 In.
2242 1115 2489 1185 pistrino,
2537 1118 2642 1175 nisi
2685 1120 2966 1193 occupatio
2989 1120 3169 1189 aliqu
3194 1122 3457 1192 praepedi-

1879 1213 1968 1263 ret
2006 1213 2099 1275 aut
2124 1204 2387 1277 mgritudo
2419 1207 2678 1275 tardaret,
2708 1211 2947 1279 propriis
2987 1213 3314 1281 operabatur
3341 1229 3456 1270 ma-

1879 1297 2060 1359 nibus.
2083 1295 2382 1367 Coquinam
2405 1298 2526 1353 vice
2547 1315 2645 1367 sua
2666 1301 2986 1371 complebat.
3023 1302 3079 1363 lu
3106 1304 3456 1367 habitusum-

1879 1401 1989 1459 ma:
2013 1389 2336 1451 humilitatis
2385 1400 2755 1463 assumpserat
2784 1392 3046 1461 fortnam;
3072 1392 3262 1464 jejunii
3308 1409 3456 1455 ama-

1881 1484 1965 1549 tor
1993 1480 2224 1549 exstitit,
2269 1479 2607 1547 orationibus
2628 1481 2857 1549 instans,
2882 1483 3281 1553 compunctioni
3327 1498 3459 1540 con-

1879 1566 2063 1623 tinuus
2098 1567 2340 1639 :vixque
2386 1584 2583 1639 corpus
2625 1568 2827 1626 Christi
2879 1581 3091 1641 poterat
3140 1573 3455 1644 percipere,

1878 1659 2205 1733 priusquam,
2243 1661 2606 1733 lacrymarum
2632 1661 2751 1733 ejus
2797 1664 2855 1719 in
2882 1672 3082 1719 terram
3109 1665 3467 1721 decurrerent

203 1786 311 1841 que
331 1769 545 1825 tandem
571 1767 919 1824 convertendi
944 1765 1185 1830 licentia,
1208 1764 1416 1834 magnis
1441 1752 1573 1833 cum
1592 1776 1780 1821 mune-
1805 1752 1854 1814 B
1881 1762 2063 1825 guttis.
2090 1752 2296 1811 Lectuli
2327 1769 2542 1826 quoque
2566 1755 2821 1817 duritiem
2843 1756 2999 1813 avide
3027 1759 3341 1827 expetebat;
3366 1759 3463 1821 sed

206 1863 355 1927 ribus
378 1860 518 1923 auri,
549 1858 889 1929 argentique,
922 1872 984 1913 ac
1011 1855 1383 1925 pretiosarum
1412 1851 1643 1915 vestium
1667 1865 1782 1920 spe-

200 1953 386 2008 ciebus
413 1944 759 2017 subsequitur
783 1945 1151 2003 venerabilem
1192 1943 1391 1999 virum.
1418 1941 1533 1999 Nec
1572 1956 1783 2009 moram

200 2046 326 2100 inde
353 2042 590 2114 ponendi
611 2055 829 2097 comam
848 2037 968 2095 ﬁeri
995 2052 1189 2107 passus
1215 2044 1316 2103 est,
1338 2034 1473 2105 quin
1493 2034 1675 2104 potius
1696 2033 1785 2093 die

199 2135 401 2191 natalis
421 2131 791 2203 apostolorum
814 2129 971 2187 Petri,
998 2134 1059 2184 et
1077 2127 1237 2185 Pauli
1259 2141 1399 2189 auro
1422 2127 1586 2197 textis
1622 2127 1785 2196 dape:

200 2229 328 2284 sitis
367 2227 631 2292 vestibus,
680 2222 1127 2281 Christicolarum
1153 2218 1331 2279 induit
1358 2220 1625 2283 habitum.
1663 2233 1785 2285 sese

200 2316 569 2373 coalicolarum
627 2317 820 2373 ascisci
867 2330 1097 2373 numero
1152 2314 1479 2385 quantocius
1544 2328 1782 2385 causan-.-

196 2413 353 2467 dens.
387 2412 549 2466 Vallis
600 2416 729 2465 vero
773 2426 806 2465 a
829 2411 983 2467 beati.
999 2410 1109 2464 viri
1149 2409 1427 2466 Benedicti
1453 2408 1782 2467 monasterio

199 2503 374 2558 ferme
397 2512 626 2572 quatuor
652 2503 823 2558 distat
846 2502 1105 2569 millibus,
1128 2503 1219 2558 cui
1254 2515 1457 2557 nomen
1485 2510 1570 2558 eet
1604 2500 1783 2557 Gello»

196 2595 308 2658 nis,
336 2595 397 2648 in
443 2609 549 2662 qua
575 2601 890 2650 construere
936 2593 1193 2664 praefatus
1227 2608 1411 2650 comes
1437 2593 1494 2649 in
1519 2592 1783 2664 dignitate

146 2748 149 2749 ν
207 2684 385 2747 adhuc
416 2683 601 2738 saeculi
647 2683 857 2752 positus
887 2683 1087 2741 cellam
1123 2682 1394 2752 jusserat;
1422 2683 1534 2740 illic
1571 2698 1631 2745 se
1658 2684 1784 2755 vitae

198 2791 313 2831 sum
340 2783 582 2846 tempore
633 2775 853 2832 Christo
881 2777 1104 2844 tradidit
1151 2776 1480 2833 serviturum
1508 2795 1529 2849 ξ
1554 2783 1611 2834 et
1650 2791 1785 2846 quor-

199 2871 345 2925 niam
375 2870 648 2925 nobilibus
671 2872 949 2926 natalibus
986 2880 1160 2937 eruis,
1193 2870 1520 2926 nobiliorem
1569 2883 1628 2926 se
1664 2868 1783 2925 fieri

197 2961 402 3018 Christi
437 2962 814 3032 amplectende
841 2964 1157 3034 pauperiem
1184 2962 1407 3028 studuit,
1435 2970 1490 3018 et
1513 2976 1785 3018 summum

195 3070 358 3126 quem
388 3056 622 3127 genuino
648 3064 988 3126 perceperat,
1018 3072 1119 3127 pro
1146 3055 1365 3112 Christo
1389 3055 1587 3127 abjecit
1614 3054 1784 3111 bono-.-

1880 1853 2105 1921 propter
2131 1843 2247 1913 ejus
2276 1844 2701 1900 invaletudinem
2733 1845 3057 1905 Benedictus
3101 1847 3263 1919 Pater
3289 1850 3460 1909 culci-

1883 1941 2047 2002 tram,
2072 1951 2136 1992 eo
2164 1935 2380 2009 nolente
2433 1936 2581 2003 licet,
2615 1939 2889 1994 substerni
2936 1938 3081 1994 fecit.
3110 1939 3277 2007 Aiunt
3318 1957 3457 2003 non-
3533 1930 3540 1939 ’

1884 2026 2041 2093 nulli,
2071 2042 2130 2083 se
2159 2028 2287 2103 quia
2315 2042 2455 2099 sape
2476 2043 2574 2098 pro
2610 2028 2815 2087 Christi
2837 2046 3021 2101 amore
3041 2031 3266 2105 ﬂagellis
3293 2034 3450 2101 caedi,

1884 2117 2031 2175 nullo
2055 2116 2161 2189 alio
2185 2125 2384 2188 praeter
2430 2133 2555 2190 eum
2576 2119 2668 2191 qui
2692 2120 2879 2176 aderat
2907 2123 3123 2191 conscio
3143 2122 3327 2192 jussit.
3356 2124 3461 2182 Me-

1885 2209 1990 2281 diis
2012 2209 2130 2277 fere
2152 2211 2407 2279 noctibus
2425 2210 2740 2283 glacialibus
2760 2211 3013 2282 profusus
3036 2214 3326 2285 rigoribus,
3349 2231 3459 2271 uno

1881 2313 2108 2369 perraro
2155 2308 2333 2369 tectus
2366 2302 2622 2373 tegmine,
2644 2315 2786 2372 saepe
2834 2302 2887 2357 in
2934 2304 3172 2361 oratorio
3213 2305 3355 2373 quod
3400 2305 3456 2359 in

1883 2387 2148 2459 honorem
2172 2389 2347 2445 sancti
2371 2388 2651 2446 Michaelis
2670 2398 3069 2457 construxerat,
3105 2392 3204 2447 soli
3226 2392 3335 2449 Deo
3360 2408 3459 2449 no-

1883 2488 1994 2547 tus,
2024 2496 2227 2539 vacans
2258 2481 2597 2555 orationibus
2630 2482 2830 2537 stabat.
2867 2480 2965 2537 His
3017 2483 3247 2552 aliisque
3293 2484 3465 2540 virtu-

1884 2583 1998 2633 tum
2039 2575 2308 2643 fructibus
2354 2576 2498 2631 intra
2534 2576 2757 2647 exiguos
2807 2575 3036 2649 stipatus
3064 2592 3251 2642 annos,
3286 2577 3466 2632 immi-

1884 2680 2017 2731 nere
2050 2666 2153 2725 sibi
2176 2665 2319 2723 diem
2350 2666 2545 2722 mortis
2564 2680 2918 2736 cognoscens,
2958 2664 3171 2723 cunctis
3195 2674 3466 2733 monaste-

1885 2757 1983 2812 riis
2005 2757 2065 2830 in
2106 2772 2272 2829 regno
2302 2756 2508 2812 domini
2536 2754 2717 2827 Caroli
2766 2770 2902 2827 pene
2950 2756 3072 2812 sitis
3103 2772 3208 2828 per,
3235 2758 3466 2830 scriptu-

1885 2866 2011 2925 ram
2031 2860 2220 2923 notum
2266 2851 2386 2908 ﬁeri
2422 2850 2606 2922 jussit,
2635 2865 2694 2909 se
2736 2852 2804 2909 ab
2829 2851 2931 2908 hoc
2963 2849 3079 2919 jam
3126 2851 3319 2908 saeculo
3363 2851 3467 2907 mi-

1887 2958 2072 3015 grasse
2105 2961 2117 2996 :
2144 2944 2328 3015 sicque
2360 2941 2615 3013 deinceps
2651 2942 2836 3013 copias
2866 2943 3127 3005 virtutum
3177 2954 3465 3014 reportans

1887 3034 2106 3095 Christo
2128 3045 2354 3106 vocante
2381 3036 2636 3108 migravit
2657 3051 2693 3092 e
2716 3036 2937 3109 mundo.
2964 3035 3090 3093 ΙΙωο
3114 3038 3351 3108 perscirc
3372 3052 3465 3091 cu-

1020 3106 1787 3215 'ggn;;;;},},};'gj{,sjgg;
1810 3106 1859 3175 C
1887 3129 2162 3200 pientibus
2213 3127 2414 3185 dixisse
2441 3106 2748 3185 sufficiant:
2778 3128 2847 3183 ad
2883 3106 3133 3200 coeptum
3164 3144 3356 3193 rursus
3381 3143 3467 3184 re-

202 3236 308 3293 bus
362 3251 464 3308 pro
511 3238 879 3294 nescientibus
923 3240 1177 3309 pandam.
1216 3238 1430 3296 Etenim
1478 3238 1537 3293 in
1590 3236 1783 3294 calam

196 3328 479 3399 praefatam
499 3329 833 3387 venerabilis
855 3328 1016 3389 Pater
1044 3330 1372 3386 Benedictus
1402 3344 1530 3385 suos
1553 3327 1669 3398 jam
1688 3344 1783 3400 po-

194 3426 383 3475 suerat
428 3421 746 3488 monachos,
776 3435 1005 3490 quorum
1052 3421 1301 3491 exemplo
1340 3421 1598 3487 imbutus,
1639 3419 1782 3489 infra

199 3529 409 3583 paucos
430 3513 563 3581 dies,
594 3529 690 3571 eos
715 3530 743 3570 a
771 3515 968 3585 quibus
992 3514 1214 3570 edoctus
1233 3524 1334 3580 est,
1359 3514 1654 3570 virtutibus
1682 3528 1782 3568 an-

197 3606 425 3662 tecellit.
456 3607 845 3677 Adjuvantibus
882 3623 1096 3679 quoque
1139 3623 1262 3662 eum
1304 3606 1450 3673 ﬁliis,
1497 3620 1634 3676 quos
1669 3605 1783 3661 suis

198 3696 546 3752 comitatibus
593 3698 933 3768 praefecerat,
989 3698 1391 3769 comitibusque
1441 3697 1654 3761 vicinis,
1711 3695 1782 3751 ad

192 3789 499 3862 perfectum
533 3790 797 3848 fabricam
817 3793 1156 3859 monasterii,
1193 3808 1357 3862 quam
1386 3796 1643 3860 eruperat,
1670 3789 1782 3845 cito

194 3883 444 3938 deduxit.
498 3884 600 3952 Qui
628 3886 782 3942 locus
812 3887 886 3941 ita
918 3895 1158 3942 secretus
1205 3894 1305 3950 est,
1347 3891 1410 3939 ut
1436 3883 1783 3947 solitudinem

192 3992 309 4032 non
337 3977 606 4033 desideret
632 3977 924 4033 habitator.
979 3977 1225 4047 Cingitur
1258 3977 1491 4046 denique
1516 3974 1782 4033 nubiferis

191 4068 436 4138 undique
460 4069 735 4124 montibus
758 4087 772 4123 :
800 4082 976 4139 neque
997 4069 1251 4139 cuiquam
1271 4067 1384 4123 illic
1398 4081 1654 4124 accessus
1673 4076 1778 4135 est,

192 4161 305 4217 nisi
329 4176 497 4230 quem
519 4160 801 4216 ultroneus
823 4160 1013 4216 orandi
1043 4176 1206 4215 causa
1234 4160 1520 4215 deduxerit
1545 4159 1777 4215 animus.

193 4254 374 4309 Tanta
402 4269 532 4310 vero
550 4255 868 4310 ammnitate
889 4262 973 4308 est
997 4252 1271 4323 perfusus,
1291 4260 1352 4306 ut
1376 4253 1422 4306 si
1445 4252 1557 4309 Deo
1576 4250 1783 4306 servire

191 4344 523 4413 decreverit,
568 4346 797 4401 aliorum
851 4359 956 4399 non
1005 4343 1277 4403 desideret
1322 4341 1482 4403 loca:
1517 4338 1784 4411 siquidem

193 4440 398 4494 adsunt
425 4439 618 4504 vineae,
642 4452 778 4509 quas
796 4438 1056 4507 praefatus
1091 4435 1179 4489 vir
1213 4430 1777 4527 plantare‘prtecepit,
1804 4464 1860 4527 Ι)

191 4530 485 4585 hortorum
531 4544 743 4599 quoque
795 4528 947 4598 copia
998 4527 1169 4581 variis
1206 4529 1402 4595 stipata
1441 4524 1782 4587 diversarum

190 4620 511 4691 generibus
540 4620 820 4676 arborum.
863 4616 1242 4672 Possessiones
1286 4613 1574 4687 acquisivit
1616 4611 1785 4681 pluris

189 4702 340 4767 ruas.
369 4710 578 4767 Potenti
603 4708 869 4780 siquidem
893 4725 958 4764 eo
1000 4705 1382 4764 serenissima:
1429 4720 1524 4760 rex
1548 4702 1783 4765 Ludovi:

188 4818 305 4858 cus
340 4803 572 4873 spatioso
620 4804 728 4858 hoc
754 4799 1000 4856 dilatavit
1023 4800 1276 4864 termino,
1300 4797 1369 4855 de
1395 4796 1541 4854 fiscis
1572 4794 1689 4855 suis.
1714 4794 1783 4849 ad

187 4896 553 4950 laborandum
585 4894 890 4953 concedens
915 4893 1056 4955 loca,
1081 4900 1263 4949 vestes
1298 4903 1483 4947 sacras
1517 4884 1786 4957 perpluri~

186 5003 323 5044 mas
352 4987 523 5052 dedit,
551 4985 752 5042 calices
776 4992 1065 5054 argenteos
1083 4995 1382 5049 aureasque
1424 4986 1479 5032 et
1502 4973 1782 5033 oll‘ertoria

187 5080 549 5153 praeparavit,
588 5079 758 5135 libros
806 5092 990 5132 secum
1033 5075 1313 5144 perplures
1342 5072 1544 5135 attulit,
1588 5069 1780 5139 altaria

186 5185 338 5226 auro
379 5177 713 5240 argentoque
750 5166 985 5223 vestivit.
1016 5164 1075 5223 In
1103 5164 1247 5233 hanc
1270 5176 1469 5230 nempe
1505 5160 1783 5229 ingressus

154 5257 394 5351 {cellam
446 5270 619 5316 totum
647 5276 707 5317 se
738 5257 1009 5351 dedicavit
1048 5255 1288 5351 Christo,
1318 5252 1454 5319 nihil
1497 5251 1784 5351 mundana:

182 5372 412 5427 pompae
463 5354 774 5426 relinquens
797 5350 1035 5423 vestigii.
1069 5349 1256 5411 Tantae
1302 5353 1485 5409 autem
1530 5344 1785 5415 deinceps

268 5520 292 5547 α
331 5508 645 5563 Menatense
676 5505 904 5578 scilicet,
931 5519 1039 5578 quo
1067 5497 1492 5578 demonasterio
1528 5495 1784 5578 agitur

185 5578 323 5631 Vita
358 5579 533 5633 sancti
556 5575 781 5632 Menelei
807 5566 1037 5638 abbatis,
1063 5572 1155 5642 qui
1184 5570 1301 5639 ejus
1337 5579 1535 5642 auctor
1553 5566 1674 5642 esse
1711 5566 1788 5620 di-

184 5649 367 5724 citur,
401 5649 454 5703 id
477 5650 941 5724 esti-nstanrator;
977 5638 1101 5724 uani
1122 5638 1292 5724 altero
1326 5638 1784 5724 antelllcneleum

181 5710 404 5778 saeuis
431 5719 710 5779 exstitisse
733 5715 1120 5777 monasterium
1162 5710 1293 5771 illud
1322 5718 1537 5769 constat
1577 5718 1689 5765 tum
1719 5723 1783 5765 ex

1888 3223 2115 3292 deamus
2140 3236 2295 3293 opus.

1955 3313 2046 3369 45.
2077 3311 2357 3383 Piissimus
2385 3325 2609 3383 quoque.
2648 3309 2954 3371 Ludovicus
2987 3325 3107 3376 rex,
3149 3326 3258 3382 quo
3288 3312 3361 3373 ab.
3385 3311 3468 3369 ine

1884 3405 2035 3463 sanis
2073 3404 2248 3475 magis
2290 3402 2573 3475 magisque
2599 3402 2927 3460 irridebatur
2949 3400 3270 3471 Benedictus
3294 3417 3463 3463 vene-

1884 3497 2077 3569 rabilis
2118 3495 2310 3563 abbas,
2359 3510 2425 3551 eo
2458 3494 2565 3553 sibi
2605 3509 2729 3550 eum
2775 3495 2833 3567 in
2872 3490 3178 3549 dilectionis
3222 3491 3467 3553 sociabat

1883 3588 2178 3651 multocius
2204 3601 2411 3654 amore,
2442 3585 2620 3642 sciens
2643 3584 2833 3640 mundi
2856 3592 3158 3645 amatorum
3188 3596 3308 3641 esse
3338 3595 3464 3636 con-

1885 3679 2231 3740 suetudinem
2278 3676 2617 3750 profectibus.
2669 3675 2863 3732 obesse
2906 3674 3196 3745 iustorum.
3258 3672 3468 3745 Regina

1885 3784 2103 3843 quoque
2128 3769 2219 3843 pio
2242 3766 2440 3824 affectu
2464 3767 2679 3824 colebat
2705 3776 2859 3833 eum;
2895 3773 2952 3820 et
2979 3765 3106 3835 quia
3134 3762 3341 3839 justum
3369 3779 3467 3819 no.

1884 3869 2061 3926 verat,
2076 3860 2307 3931 libenter
2332 3857 2691 3923 auscultabat,
2707 3856 2925 3926 suisque
2945 3854 3261 3911 muneribus
3286 3853 3468 3924 saepis-

1886 3953 2024 4011 sime
2077 3950 2399 4025 honorabat.
2458 3948 2527 4004 Et
2576 3947 2831 4022 quoniam
2871 3944 3031 4003 turba
3082 3942 3469 4017 discipulormn

1885 4045 2002 4115 ejus
2031 4051 2392 4117 succreverat,
2424 4049 2478 4098 et
2508 4040 2658 4099 locus
2685 4041 2741 4096 in
2767 4055 2877 4112 quo
2904 4041 3018 4111 ipse
3046 4038 3291 4111 degebat,
3324 4036 3463 4093 infe-

1885 4136 2096 4196 cundus
2126 4136 2402 4205 humoque
2445 4132 2646 4190 sterilis
2672 4146 2809 4211 ptene
2838 4139 2894 4187 et
2927 4128 3118 4205 ardore
3148 4128 3277 4184 solis
3304 4142 3467 4199 super

1884 4235 2043 4305 ustus
2071 4236 2174 4297 est,
2208 4226 2357 4303 dedit
2384 4226 2462 4280 illi
2486 4223 2875 4285 monasterium
2904 4222 3045 4293 quod
3070 4221 3233 4276 estin
3260 4219 3463 4293 Arver-

1884 4324 1974 4397 nis
2000 4322 2272 4393 territorio
2301 4322 2464 4377 situm
2494 4333 2543 4387 ι,
2573 4319 2719 4392 quod
2744 4326 2963 4374 sanctus
3008 4313 3275 4369 Meneleus
3314 4312 3467 4385 regio

1886 4416 1955 4475 de
1978 4414 2187 4475 semine
2204 4420 2357 4471 ortus
2380 4410 2643 4475 fundavit,
2675 4409 2729 4465 in
2759 4422 2865 4477 quo
2885 4415 2941 4460 et
2951 4404 3097 4472 jacet
3121 4403 3178 4456 in
3195 4416 3425 4479 corpore
3448 4420 3461 4455 :
3524 4414 3534 4429 '

1884 4506 1979 4573 ubi
2004 4503 2286 4575 duodecim
2317 4500 2515 4558 direxit
2542 4498 2857 4569 monachos,
2897 4494 3229 4551 constituens
3257 4493 3336 4549 eis
3370 4493 3467 4551 ab-

1884 4599 2068 4659 batem
2113 4610 2339 4652 summac
2366 4590 2682 4649 reverentia;
2728 4589 2923 4654 virum,
2976 4585 3197 4653 nomine
3242 4583 3461 4640 Andoa-

1884 4691 2049 4757 rium,
2083 4688 2233 4759 quia
2262 4687 2520 4759 primmvo
2567 4690 2811 4753 tempore
2846 4679 3214 4736 conversionis
3259 4694 3369 4735 sua:
3414 4678 3468 4757 ei

1888 4782 2216 4855 adbzeserat,
2252 4779 2429 4833 virum
2458 4774 2743 4847 probatum
2782 4783 2837 4829 et
2873 4771 3058 4831 multis
3085 4769 3357 4827 laboribus
3386 4777 3468 4822 at—

1888 4874 2082 4947 tritum
2102 4891 2115 4927 :
2148 4870 2344 4943 quibus
2366 4866 2736 4924 laborantibus
2762 4865 2957 4939 pioque
2984 4864 3162 4921 studio
3189 4862 3467 4933 decertan-

1882 4967 2031 5039 tibus
2052 4963 2223 5021 ferme
2245 4960 2604 5038 septuaginta,
2652 4959 2734 5016 vel
2762 4974 2826 5014 eo
2854 4958 3082 5029 amplius
3111 4956 3235 5021 illis,
3273 4969 3464 5011 mona-

1885 5057 2096 5129 chicam
2126 5055 2293 5125 vitam
2316 5068 2415 5124 pro
2454 5067 2614 5123 posse
2654 5059 2934 5111 servantes
2980 5049 3342 5122 adhaeserunt.
3375 5046 3458 5101 Ad

1885 5146 2030 5221 quod
2056 5144 2447 5221 monasterium
2468 5145 2595 5201 dum
2624 5144 2860 5217 quadam
2884 5142 3003 5198 vice
3025 5139 3272 5213 egregius
3291 5138 3465 5196 abbas

1885 5238 2096 5307 visendi
2133 5234 2308 5309 gratia
2336 5234 2537 5291 fratres
2574 5235 2768 5301 adiret,
2808 5248 2875 5288 ex
2906 5232 3010 5287 alia
3044 5237 3201 5301 parte
3368 5228 3464 5284 ad-

1887 5336 2111 5401 ventum
2148 5326 2279 5401 dum
2314 5325 2534 5396 quidam
2581 5323 2749 5395 abbas
2781 5338 2904 5397 cum
2934 5319 3196 5395 fratribus
3221 5320 3337 5401 suis
3365 5333 3466 5378 ex-

1885 5495 2037 5552 Actis
2080 5493 2249 5549 sancti
2273 5488 2481 5563 Carileti
2525 5487 2755 5563 abbatis,
2786 5495 2902 5541 tum
2925 5502 2989 5541 ex
3012 5484 3270 5563 Gregorio
3300 5485 3468 5563 Ture:

1886 5566 2041 5623 nensi
2082 5564 2352 5633 episcopo,
2387 5558 2481 5633 qui
2534 5558 2811 5612 Manatens
2829 5554 3192 5633 emanauerit
3222 5554 3468 5614 meminit

1887 5638 1946 5699 in
1975 5627 2129 5709 libro:
2142 5636 2209 5691 de
2231 5627 2365 5690 Vitis
2386 5627 2631 5696 Patrum,
2665 5643 2785 5709 cap.
2822 5627 2907 5683 l2.
