  <div class='ocr_page' id='page_1' title='image "/cluster/home/n/w/nwhite01/storage/ocr_20150623/103/hvd.32044015466816/193.png"; bbox 0 0 4004 6328; ppageno 0'>
   <div class='ocr_carea' id='block_1_1' title="bbox 544 350 653 407">
    <p class='ocr_par' dir='ltr' id='par_1_1' title="bbox 544 350 653 407">
     <span class='ocr_line' id='line_1_1' title="bbox 544 350 653 407; baseline 0 0"><span class='ocrx_word' id='word_1_1' title='bbox 544 350 653 407; x_wconf 77' lang='lat'><strong>375</strong></span> 
     </span>
    </p>
   </div>
   <div class='ocr_carea' id='block_1_2' title="bbox 1571 346 2810 410">
    <p class='ocr_par' dir='ltr' id='par_1_2' title="bbox 1571 346 2810 410">
     <span class='ocr_line' id='line_1_2' title="bbox 1571 346 2810 410; baseline -0.005 0"><span class='ocrx_word' id='word_1_2' title='bbox 1571 352 1629 409; x_wconf 88' lang='lat' dir='ltr'><strong>S.</strong></span> <span class='ocrx_word' id='word_1_3' title='bbox 1669 351 2035 410; x_wconf 84' lang='lat' dir='ltr'><strong>BENEDICTI</strong></span> <span class='ocrx_word' id='word_1_4' title='bbox 2068 348 2361 407; x_wconf 80' lang='lat' dir='ltr'><strong>ABBATIS</strong></span> <span class='ocrx_word' id='word_1_5' title='bbox 2395 346 2810 406; x_wconf 82' lang='lat' dir='ltr'><strong>ANIANENSIS</strong></span> 
     </span>
    </p>
   </div>
   <div class='ocr_carea' id='block_1_3' title="bbox 3709 352 3814 412">
    <p class='ocr_par' dir='ltr' id='par_1_3' title="bbox 3709 352 3814 412">
     <span class='ocr_line' id='line_1_3' title="bbox 3709 352 3814 412; baseline 0.019 -3"><span class='ocrx_word' id='word_1_6' title='bbox 3709 352 3814 412; x_wconf 74' lang='lat'><strong>376</strong></span> 
     </span>
    </p>
   </div>
   <div class='ocr_carea' id='block_1_4' title="bbox 540 464 3815 540">
    <p class='ocr_par' dir='ltr' id='par_1_4' title="bbox 540 464 3815 540">
     <span class='ocr_line' id='line_1_4' title="bbox 540 464 3815 540; baseline 0.003 -18"><span class='ocrx_word' id='word_1_7' title='bbox 540 475 781 540; x_wconf 90' lang='lat' dir='ltr'><strong>peteret,</strong></span> <span class='ocrx_word' id='word_1_8' title='bbox 812 468 1041 540; x_wconf 76' lang='lat' dir='ltr'><strong>contigit</strong></span> <span class='ocrx_word' id='word_1_9' title='bbox 1068 482 1192 523; x_wconf 91' lang='lat' dir='ltr'><strong>eum</strong></span> <span class='ocrx_word' id='word_1_10' title='bbox 1218 468 1389 540; x_wconf 85' lang='lat' dir='ltr'><strong>ipsius</strong></span> <span class='ocrx_word' id='word_1_11' title='bbox 1416 470 1734 525; x_wconf 78' lang='lat' dir='ltr'><strong>monasterii</strong></span> <span class='ocrx_word' id='word_1_12' title='bbox 1780 470 1996 536; x_wconf 79' lang='lat' dir='ltr'><strong>cellam,</strong></span> <span class='ocrx_word' id='word_1_13' title='bbox 2030 467 2123 522; x_wconf 86' lang='lat' dir='ltr'><strong>uni</strong></span> <span class='ocrx_word' id='word_1_14' title='bbox 2149 467 2205 528; x_wconf 82' lang='lat' dir='ltr'><strong>A</strong></span> <span class='ocrx_word' id='word_1_15' title='bbox 2226 467 2617 536; x_wconf 85' lang='lat' dir='ltr'><strong>constituitque</strong></span> <span class='ocrx_word' id='word_1_16' title='bbox 2650 464 2898 521; x_wconf 86' lang='lat' dir='ltr'><strong>abbatem</strong></span> <span class='ocrx_word' id='word_1_17' title='bbox 2946 482 2961 521; x_wconf 87' lang='lat'>:</span> <span class='ocrx_word' id='word_1_18' title='bbox 2988 473 3043 521; x_wconf 89' lang='lat' dir='ltr'><strong>et</strong></span> <span class='ocrx_word' id='word_1_19' title='bbox 3085 465 3341 537; x_wconf 89' lang='lat' dir='ltr'><strong>quoniam</strong></span> <span class='ocrx_word' id='word_1_20' title='bbox 3369 466 3521 526; x_wconf 85' lang='lat' dir='ltr'><strong>locus</strong></span> <span class='ocrx_word' id='word_1_21' title='bbox 3554 468 3644 527; x_wconf 90' lang='lat' dir='ltr'><strong>ille</strong></span> <span class='ocrx_word' id='word_1_22' title='bbox 3671 488 3815 533; x_wconf 84' lang='lat' dir='ltr'><strong>novo</strong></span> 
     </span>
    </p>
   </div>
   <div class='ocr_carea' id='block_1_5' title="bbox 542 561 2122 619">
    <p class='ocr_par' dir='ltr' id='par_1_5' title="bbox 542 561 2122 619">
     <span class='ocr_line' id='line_1_5' title="bbox 542 561 2122 619; baseline 0.001 -2"><span class='ocrx_word' id='word_1_23' title='bbox 542 561 772 619; x_wconf 85' lang='lat' dir='ltr'><strong>ecclesia</strong></span> <span class='ocrx_word' id='word_1_24' title='bbox 803 561 860 617; x_wconf 93' lang='lat' dir='ltr'><strong>in</strong></span> <span class='ocrx_word' id='word_1_25' title='bbox 893 562 1153 618; x_wconf 83' lang='lat' dir='ltr'><strong>honorem</strong></span> <span class='ocrx_word' id='word_1_26' title='bbox 1202 563 1298 618; x_wconf 87' lang='lat' dir='ltr'><strong>Dei</strong></span> <span class='ocrx_word' id='word_1_27' title='bbox 1342 571 1399 619; x_wconf 90' lang='lat' dir='ltr'><strong>et</strong></span> <span class='ocrx_word' id='word_1_28' title='bbox 1445 562 1743 618; x_wconf 87' lang='lat' dir='ltr'><strong>Salvatoris</strong></span> <span class='ocrx_word' id='word_1_29' title='bbox 1795 564 1968 619; x_wconf 85' lang='lat' dir='ltr'><strong>nostri</strong></span> <span class='ocrx_word' id='word_1_30' title='bbox 2020 563 2122 618; x_wconf 92' lang='lat' dir='ltr'><strong>sita</strong></span> 
     </span>
    </p>
   </div>
   <div class='ocr_carea' id='block_1_6' title="bbox 541 650 2126 725">
    <p class='ocr_par' dir='ltr' id='par_1_6' title="bbox 541 650 2126 725">
     <span class='ocr_line' id='line_1_6' title="bbox 541 650 2126 725; baseline 0 -17"><span class='ocrx_word' id='word_1_31' title='bbox 541 660 645 719; x_wconf 88' lang='lat' dir='ltr'><strong>est,</strong></span> <span class='ocrx_word' id='word_1_32' title='bbox 677 652 954 708; x_wconf 77' lang='lat' dir='ltr'><strong>advenire.</strong></span> <span class='ocrx_word' id='word_1_33' title='bbox 985 650 1261 724; x_wconf 86' lang='lat' dir='ltr'><strong>Siquidem</strong></span> <span class='ocrx_word' id='word_1_34' title='bbox 1292 653 1365 709; x_wconf 89' lang='lat' dir='ltr'><strong>ibi</strong></span> <span class='ocrx_word' id='word_1_35' title='bbox 1394 654 1629 725; x_wconf 91' lang='lat' dir='ltr'><strong>primum</strong></span> <span class='ocrx_word' id='word_1_36' title='bbox 1658 653 1904 709; x_wconf 85' lang='lat' dir='ltr'><strong>habitare</strong></span> <span class='ocrx_word' id='word_1_37' title='bbox 1931 652 2126 708; x_wconf 83' lang='lat' dir='ltr'><strong>fratres</strong></span> 
     </span>
    </p>
   </div>
   <div class='ocr_carea' id='block_1_7' title="bbox 540 748 2124 818">
    <p class='ocr_par' dir='ltr' id='par_1_7' title="bbox 540 748 2124 818">
     <span class='ocr_line' id='line_1_7' title="bbox 540 748 2124 818; baseline 0 -15"><span class='ocrx_word' id='word_1_38' title='bbox 540 754 823 817; x_wconf 68' lang='lat' dir='ltr'><strong>cmperant</strong></span> <span class='ocrx_word' id='word_1_39' title='bbox 868 764 881 801; x_wconf 91' lang='lat'><strong>:</strong></span> <span class='ocrx_word' id='word_1_40' title='bbox 932 749 1028 803; x_wconf 90' lang='lat' dir='ltr'><strong>sed</strong></span> <span class='ocrx_word' id='word_1_41' title='bbox 1075 749 1198 817; x_wconf 87' lang='lat' dir='ltr'><strong>quia</strong></span> <span class='ocrx_word' id='word_1_42' title='bbox 1244 758 1505 818; x_wconf 89' lang='lat' dir='ltr'><strong>angustus</strong></span> <span class='ocrx_word' id='word_1_43' title='bbox 1534 758 1653 805; x_wconf 89' lang='lat' dir='ltr'><strong>erat</strong></span> <span class='ocrx_word' id='word_1_44' title='bbox 1699 750 1869 816; x_wconf 93' lang='lat' dir='ltr'><strong>locus,</strong></span> <span class='ocrx_word' id='word_1_45' title='bbox 1915 749 1980 804; x_wconf 91' lang='lat' dir='ltr'><strong>ad</strong></span> <span class='ocrx_word' id='word_1_46' title='bbox 2011 748 2124 818; x_wconf 85' lang='lat' dir='ltr'><strong>jam</strong></span> 
     </span>
    </p>
   </div>
   <div class='ocr_carea' id='block_1_8' title="bbox 537 840 2125 911">
    <p class='ocr_par' dir='ltr' id='par_1_8' title="bbox 537 840 2125 911">
     <span class='ocr_line' id='line_1_8' title="bbox 537 840 2125 911; baseline 0 -17"><span class='ocrx_word' id='word_1_47' title='bbox 537 840 823 911; x_wconf 59' lang='lat' dir='ltr'><strong>praefatum</strong></span> <span class='ocrx_word' id='word_1_48' title='bbox 855 842 1244 896; x_wconf 88' lang='lat' dir='ltr'><strong>monasterium</strong></span> <span class='ocrx_word' id='word_1_49' title='bbox 1288 842 1666 898; x_wconf 89' lang='lat' dir='ltr'><strong>serenissimus</strong></span> <span class='ocrx_word' id='word_1_50' title='bbox 1695 857 1792 897; x_wconf 91' lang='lat' dir='ltr'><strong>rex</strong></span> <span class='ocrx_word' id='word_1_51' title='bbox 1827 858 1919 897; x_wconf 91' lang='lat' dir='ltr'><strong>eos</strong></span> <span class='ocrx_word' id='word_1_52' title='bbox 1947 850 2125 895; x_wconf 91' lang='lat' dir='ltr'><strong>trans-</strong></span> 
     </span>
    </p>
   </div>
   <div class='ocr_carea' id='block_1_9' title="bbox 540 932 2123 1004">
    <p class='ocr_par' dir='ltr' id='par_1_9' title="bbox 540 932 2123 1004">
     <span class='ocr_line' id='line_1_9' title="bbox 540 932 2123 1004; baseline -0.001 -18"><span class='ocrx_word' id='word_1_53' title='bbox 540 933 759 988; x_wconf 88' lang='lat' dir='ltr'><strong>tulerat.</strong></span> <span class='ocrx_word' id='word_1_54' title='bbox 812 932 1034 989; x_wconf 81' lang='lat' dir='ltr'><strong>Fratres</strong></span> <span class='ocrx_word' id='word_1_55' title='bbox 1072 942 1249 987; x_wconf 90' lang='lat' dir='ltr'><strong>autem</strong></span> <span class='ocrx_word' id='word_1_56' title='bbox 1279 934 1371 1004; x_wconf 93' lang='lat' dir='ltr'><strong>qui</strong></span> <span class='ocrx_word' id='word_1_57' title='bbox 1399 934 1466 989; x_wconf 89' lang='lat' dir='ltr'><strong>ad</strong></span> <span class='ocrx_word' id='word_1_58' title='bbox 1505 934 1889 1004; x_wconf 91' lang='lat' dir='ltr'><strong>providendam</strong></span> <span class='ocrx_word' id='word_1_59' title='bbox 1930 933 2123 987; x_wconf 88' lang='lat' dir='ltr'><strong>cellam</strong></span> 
     </span>
    </p>
   </div>
   <div class='ocr_carea' id='block_1_10' title="bbox 537 1022 2123 1093">
    <p class='ocr_par' dir='ltr' id='par_1_10' title="bbox 537 1022 2123 1093">
     <span class='ocr_line' id='line_1_10' title="bbox 537 1022 2123 1093; baseline 0 -17"><span class='ocrx_word' id='word_1_60' title='bbox 537 1031 932 1089; x_wconf 85' lang='lat' dir='ltr'><strong>remanserant,</strong></span> <span class='ocrx_word' id='word_1_61' title='bbox 964 1022 1206 1077; x_wconf 83' lang='lat' dir='ltr'><strong>videntes</strong></span> <span class='ocrx_word' id='word_1_62' title='bbox 1243 1022 1494 1078; x_wconf 87' lang='lat' dir='ltr'><strong>abbatem</strong></span> <span class='ocrx_word' id='word_1_63' title='bbox 1522 1040 1629 1078; x_wconf 92' lang='lat' dir='ltr'><strong>una</strong></span> <span class='ocrx_word' id='word_1_64' title='bbox 1658 1040 1781 1078; x_wconf 92' lang='lat' dir='ltr'><strong>cum</strong></span> <span class='ocrx_word' id='word_1_65' title='bbox 1813 1024 1925 1078; x_wconf 89' lang='lat' dir='ltr'><strong>suis</strong></span> <span class='ocrx_word' id='word_1_66' title='bbox 1954 1022 2123 1093; x_wconf 83' lang='lat' dir='ltr'><strong>gavisi</strong></span> 
     </span>
    </p>
   </div>
   <div class='ocr_carea' id='block_1_11' title="bbox 535 1114 2118 1187">
    <p class='ocr_par' dir='ltr' id='par_1_11' title="bbox 535 1114 2118 1187">
     <span class='ocr_line' id='line_1_11' title="bbox 535 1114 2118 1187; baseline 0.003 -20"><span class='ocrx_word' id='word_1_67' title='bbox 535 1123 679 1169; x_wconf 80' lang='lat' dir='ltr'><strong>sunt.</strong></span> <span class='ocrx_word' id='word_1_68' title='bbox 713 1114 779 1170; x_wconf 87' lang='lat' dir='ltr'><strong>Et</strong></span> <span class='ocrx_word' id='word_1_69' title='bbox 803 1116 928 1185; x_wconf 85' lang='lat' dir='ltr'><strong>quia</strong></span> <span class='ocrx_word' id='word_1_70' title='bbox 950 1124 1068 1170; x_wconf 87' lang='lat' dir='ltr'><strong>erat</strong></span> <span class='ocrx_word' id='word_1_71' title='bbox 1087 1116 1166 1172; x_wconf 91' lang='lat' dir='ltr'><strong>eis</strong></span> <span class='ocrx_word' id='word_1_72' title='bbox 1192 1116 1382 1187; x_wconf 83' lang='lat' dir='ltr'><strong>ingens</strong></span> <span class='ocrx_word' id='word_1_73' title='bbox 1410 1127 1719 1187; x_wconf 80' lang='lat' dir='ltr'><strong>paupertas,</strong></span> <span class='ocrx_word' id='word_1_74' title='bbox 1746 1118 2118 1172; x_wconf 88' lang='lat' dir='ltr'><strong>tristabantur.</strong></span> 
     </span>
    </p>
   </div>
   <div class='ocr_carea' id='block_1_12' title="bbox 537 1204 2123 1281">
    <p class='ocr_par' dir='ltr' id='par_1_12' title="bbox 537 1204 2123 1281">
     <span class='ocr_line' id='line_1_12' title="bbox 537 1204 2123 1281; baseline 0.003 -22"><span class='ocrx_word' id='word_1_75' title='bbox 537 1204 641 1259; x_wconf 86' lang='lat' dir='ltr'><strong>Sed</strong></span> <span class='ocrx_word' id='word_1_76' title='bbox 681 1209 938 1276; x_wconf 88' lang='lat' dir='ltr'><strong>quoniam</strong></span> <span class='ocrx_word' id='word_1_77' title='bbox 970 1207 1060 1261; x_wconf 91' lang='lat' dir='ltr'><strong>ubi</strong></span> <span class='ocrx_word' id='word_1_78' title='bbox 1104 1208 1343 1264; x_wconf 89' lang='lat' dir='ltr'><strong>charitas</strong></span> <span class='ocrx_word' id='word_1_79' title='bbox 1388 1219 1493 1276; x_wconf 90' lang='lat' dir='ltr'><strong>est,</strong></span> <span class='ocrx_word' id='word_1_80' title='bbox 1542 1210 1704 1264; x_wconf 88' lang='lat' dir='ltr'><strong>etiam</strong></span> <span class='ocrx_word' id='word_1_81' title='bbox 1742 1211 1935 1281; x_wconf 81' lang='lat' dir='ltr'><strong>exigua</strong></span> <span class='ocrx_word' id='word_1_82' title='bbox 1978 1211 2123 1265; x_wconf 84' lang='lat' dir='ltr'><strong>sulli-</strong></span> 
     </span>
    </p>
   </div>
   <div class='ocr_carea' id='block_1_13' title="bbox 504 1297 2123 1373">
    <p class='ocr_par' dir='ltr' id='par_1_13' title="bbox 504 1297 2123 1373">
     <span class='ocr_line' id='line_1_13' title="bbox 504 1297 2123 1373; baseline 0.006 -24"><span class='ocrx_word' id='word_1_83' title='bbox 504 1300 511 1305; x_wconf 83' lang='lat'>&#39;</span> <span class='ocrx_word' id='word_1_84' title='bbox 539 1297 706 1363; x_wconf 90' lang='lat' dir='ltr'><strong>ciunt,</strong></span> <span class='ocrx_word' id='word_1_85' title='bbox 734 1297 886 1366; x_wconf 86' lang='lat' dir='ltr'><strong>jubet</strong></span> <span class='ocrx_word' id='word_1_86' title='bbox 925 1300 1015 1370; x_wconf 93' lang='lat' dir='ltr'><strong>qui</strong></span> <span class='ocrx_word' id='word_1_87' title='bbox 1046 1309 1276 1370; x_wconf 73' lang='lat' dir='ltr'><strong>prmerat</strong></span> <span class='ocrx_word' id='word_1_88' title='bbox 1300 1300 1581 1367; x_wconf 82' lang='lat' dir='ltr'><strong>fratribus,</strong></span> <span class='ocrx_word' id='word_1_89' title='bbox 1620 1303 1805 1373; x_wconf 84' lang='lat' dir='ltr'><strong>juveni</strong></span> <span class='ocrx_word' id='word_1_90' title='bbox 1834 1304 2019 1357; x_wconf 91' lang='lat' dir='ltr'><strong>vinum</strong></span> <span class='ocrx_word' id='word_1_91' title='bbox 2044 1302 2123 1358; x_wconf 92' lang='lat' dir='ltr'><strong>af-</strong></span> 
     </span>
    </p>
   </div>
   <div class='ocr_carea' id='block_1_14' title="bbox 534 1385 2122 1463">
    <p class='ocr_par' dir='ltr' id='par_1_14' title="bbox 534 1385 2122 1463">
     <span class='ocr_line' id='line_1_14' title="bbox 534 1385 2122 1463; baseline 0.007 -23"><span class='ocrx_word' id='word_1_92' title='bbox 534 1385 696 1454; x_wconf 82' lang='lat' dir='ltr'><strong>ferre,</strong></span> <span class='ocrx_word' id='word_1_93' title='bbox 746 1389 833 1443; x_wconf 92' lang='lat' dir='ltr'><strong>cui</strong></span> <span class='ocrx_word' id='word_1_94' title='bbox 877 1406 1003 1446; x_wconf 86' lang='lat' dir='ltr'><strong>mox</strong></span> <span class='ocrx_word' id='word_1_95' title='bbox 1049 1392 1137 1448; x_wconf 91' lang='lat' dir='ltr'><strong>ille</strong></span> <span class='ocrx_word' id='word_1_96' title='bbox 1181 1412 1193 1447; x_wconf 93' lang='lat'>:</span> <span class='ocrx_word' id='word_1_97' title='bbox 1243 1392 1404 1459; x_wconf 83' lang='lat' dir='ltr'><strong>Nihil,</strong></span> <span class='ocrx_word' id='word_1_98' title='bbox 1447 1394 1643 1463; x_wconf 88' lang='lat' dir='ltr'><strong>inquit,</strong></span> <span class='ocrx_word' id='word_1_99' title='bbox 1691 1404 1774 1449; x_wconf 90' lang='lat' dir='ltr'><strong>est</strong></span> <span class='ocrx_word' id='word_1_100' title='bbox 1815 1396 1870 1450; x_wconf 91' lang='lat' dir='ltr'><strong>in</strong></span> <span class='ocrx_word' id='word_1_101' title='bbox 1905 1396 2122 1452; x_wconf 88' lang='lat' dir='ltr'><strong>vasculo</strong></span> 
     </span>
    </p>
   </div>
   <div class='ocr_carea' id='block_1_15' title="bbox 531 1478 2121 1557">
    <p class='ocr_par' dir='ltr' id='par_1_15' title="bbox 531 1478 2121 1557">
     <span class='ocr_line' id='line_1_15' title="bbox 531 1478 2121 1557; baseline 0.008 -27"><span class='ocrx_word' id='word_1_102' title='bbox 531 1478 662 1532; x_wconf 90' lang='lat' dir='ltr'><strong>vini.</strong></span> <span class='ocrx_word' id='word_1_103' title='bbox 696 1479 811 1536; x_wconf 87' lang='lat' dir='ltr'><strong>Duo</strong></span> <span class='ocrx_word' id='word_1_104' title='bbox 843 1482 1109 1552; x_wconf 90' lang='lat' dir='ltr'><strong>siquidem</strong></span> <span class='ocrx_word' id='word_1_105' title='bbox 1161 1484 1269 1539; x_wconf 91' lang='lat' dir='ltr'><strong>illis</strong></span> <span class='ocrx_word' id='word_1_106' title='bbox 1313 1485 1531 1540; x_wconf 89' lang='lat' dir='ltr'><strong>vascula</strong></span> <span class='ocrx_word' id='word_1_107' title='bbox 1578 1494 1768 1541; x_wconf 90' lang='lat' dir='ltr'><strong>euntes</strong></span> <span class='ocrx_word' id='word_1_108' title='bbox 1810 1488 2121 1557; x_wconf 88' lang='lat' dir='ltr'><strong>permodica</strong></span> 
     </span>
    </p>
   </div>
   <div class='ocr_carea' id='block_1_16' title="bbox 534 1570 2118 1645">
    <p class='ocr_par' dir='ltr' id='par_1_16' title="bbox 534 1570 2118 1645">
     <span class='ocr_line' id='line_1_16' title="bbox 534 1570 2118 1645; baseline 0.006 -23"><span class='ocrx_word' id='word_1_109' title='bbox 534 1570 865 1639; x_wconf 81' lang='lat' dir='ltr'><strong>reliquerant</strong></span> <span class='ocrx_word' id='word_1_110' title='bbox 901 1573 1117 1635; x_wconf 88' lang='lat' dir='ltr'><strong>fratres,</strong></span> <span class='ocrx_word' id='word_1_111' title='bbox 1147 1574 1201 1629; x_wconf 91' lang='lat' dir='ltr'><strong>in</strong></span> <span class='ocrx_word' id='word_1_112' title='bbox 1232 1575 1427 1643; x_wconf 91' lang='lat' dir='ltr'><strong>quibus</strong></span> <span class='ocrx_word' id='word_1_113' title='bbox 1456 1576 1728 1631; x_wconf 90' lang='lat' dir='ltr'><strong>modicum</strong></span> <span class='ocrx_word' id='word_1_114' title='bbox 1769 1586 1888 1632; x_wconf 90' lang='lat' dir='ltr'><strong>erat</strong></span> <span class='ocrx_word' id='word_1_115' title='bbox 1913 1579 2118 1645; x_wconf 91' lang='lat' dir='ltr'><strong>vinum,</strong></span> 
     </span>
    </p>
   </div>
   <div class='ocr_carea' id='block_1_17' title="bbox 526 1663 2122 1732">
    <p class='ocr_par' dir='ltr' id='par_1_17' title="bbox 526 1663 2122 1732">
     <span class='ocr_line' id='line_1_17' title="bbox 526 1663 2122 1732; baseline 0.007 -19"><span class='ocrx_word' id='word_1_116' title='bbox 526 1673 593 1714; x_wconf 81' lang='lat' dir='ltr'><strong>ex</strong></span> <span class='ocrx_word' id='word_1_117' title='bbox 635 1676 743 1730; x_wconf 93' lang='lat' dir='ltr'><strong>quo</strong></span> <span class='ocrx_word' id='word_1_118' title='bbox 781 1663 865 1717; x_wconf 88' lang='lat' dir='ltr'><strong>vel</strong></span> <span class='ocrx_word' id='word_1_119' title='bbox 897 1664 1091 1719; x_wconf 89' lang='lat' dir='ltr'><strong>missas</strong></span> <span class='ocrx_word' id='word_1_120' title='bbox 1136 1674 1418 1732; x_wconf 88' lang='lat' dir='ltr'><strong>canerent,</strong></span> <span class='ocrx_word' id='word_1_121' title='bbox 1464 1666 1549 1721; x_wconf 92' lang='lat' dir='ltr'><strong>vel</strong></span> <span class='ocrx_word' id='word_1_122' title='bbox 1593 1667 1887 1722; x_wconf 90' lang='lat' dir='ltr'><strong>Dominicis</strong></span> <span class='ocrx_word' id='word_1_123' title='bbox 1931 1668 2122 1724; x_wconf 90' lang='lat' dir='ltr'><strong>diebus</strong></span> 
     </span>
    </p>
   </div>
   <div class='ocr_carea' id='block_1_18' title="bbox 528 1754 2121 1833">
    <p class='ocr_par' dir='ltr' id='par_1_18' title="bbox 528 1754 2121 1833">
     <span class='ocr_line' id='line_1_18' title="bbox 528 1754 2121 1833; baseline 0.004 -24"><span class='ocrx_word' id='word_1_124' title='bbox 528 1754 770 1825; x_wconf 86' lang='lat' dir='ltr'><strong>singulas</strong></span> <span class='ocrx_word' id='word_1_125' title='bbox 796 1758 1043 1827; x_wconf 86' lang='lat' dir='ltr'><strong>potiones</strong></span> <span class='ocrx_word' id='word_1_126' title='bbox 1087 1759 1449 1829; x_wconf 85' lang='lat' dir='ltr'><strong>perciperent.</strong></span> <span class='ocrx_word' id='word_1_127' title='bbox 1496 1759 1695 1813; x_wconf 85' lang='lat' dir='ltr'><strong>Audito</strong></span> <span class='ocrx_word' id='word_1_128' title='bbox 1727 1769 1908 1814; x_wconf 90' lang='lat' dir='ltr'><strong>autem</strong></span> <span class='ocrx_word' id='word_1_129' title='bbox 1947 1763 2121 1833; x_wconf 87' lang='lat' dir='ltr'><strong>magi-</strong></span> 
     </span>
    </p>
   </div>
   <div class='ocr_carea' id='block_1_19' title="bbox 526 1851 2114 1921">
    <p class='ocr_par' dir='ltr' id='par_1_19' title="bbox 526 1851 2114 1921">
     <span class='ocr_line' id='line_1_19' title="bbox 526 1851 2114 1921; baseline 0.003 -16"><span class='ocrx_word' id='word_1_130' title='bbox 526 1858 641 1905; x_wconf 89' lang='lat' dir='ltr'><strong>ster</strong></span> <span class='ocrx_word' id='word_1_131' title='bbox 676 1851 825 1907; x_wconf 71' lang='lat' dir='ltr'><strong>cella:</strong></span> <span class='ocrx_word' id='word_1_132' title='bbox 850 1852 993 1907; x_wconf 90' lang='lat' dir='ltr'><strong>illius</strong></span> <span class='ocrx_word' id='word_1_133' title='bbox 1028 1869 1135 1907; x_wconf 91' lang='lat' dir='ltr'><strong>non</strong></span> <span class='ocrx_word' id='word_1_134' title='bbox 1175 1869 1294 1909; x_wconf 89' lang='lat' dir='ltr'><strong>esse</strong></span> <span class='ocrx_word' id='word_1_135' title='bbox 1334 1854 1517 1908; x_wconf 89' lang='lat' dir='ltr'><strong>vinum</strong></span> <span class='ocrx_word' id='word_1_136' title='bbox 1550 1854 1604 1908; x_wconf 92' lang='lat' dir='ltr'><strong>in</strong></span> <span class='ocrx_word' id='word_1_137' title='bbox 1649 1854 1890 1918; x_wconf 90' lang='lat' dir='ltr'><strong>vasculo,</strong></span> <span class='ocrx_word' id='word_1_138' title='bbox 1923 1855 2114 1921; x_wconf 90' lang='lat' dir='ltr'><strong>doluit,</strong></span> 
     </span>
    </p>
   </div>
   <div class='ocr_carea' id='block_1_20' title="bbox 526 1942 2118 2014">
    <p class='ocr_par' dir='ltr' id='par_1_20' title="bbox 526 1942 2118 2014">
     <span class='ocr_line' id='line_1_20' title="bbox 526 1942 2118 2014; baseline 0.004 -21"><span class='ocrx_word' id='word_1_139' title='bbox 526 1949 582 1994; x_wconf 90' lang='lat' dir='ltr'><strong>et</strong></span> <span class='ocrx_word' id='word_1_140' title='bbox 606 1942 884 1996; x_wconf 85' lang='lat' dir='ltr'><strong>conlidens</strong></span> <span class='ocrx_word' id='word_1_141' title='bbox 920 1943 997 1996; x_wconf 92' lang='lat' dir='ltr'><strong>ait</strong></span> <span class='ocrx_word' id='word_1_142' title='bbox 1025 1961 1038 1995; x_wconf 88' lang='lat'><strong>:</strong></span> <span class='ocrx_word' id='word_1_143' title='bbox 1070 1943 1242 2013; x_wconf 83' lang='lat' dir='ltr'><strong>Perge</strong></span> <span class='ocrx_word' id='word_1_144' title='bbox 1269 1952 1324 1997; x_wconf 81' lang='lat' dir='ltr'><strong>et.</strong></span> <span class='ocrx_word' id='word_1_145' title='bbox 1351 1943 1485 1997; x_wconf 83' lang='lat' dir='ltr'><strong>afl&#39;er</strong></span> <span class='ocrx_word' id='word_1_146' title='bbox 1527 1943 1701 2007; x_wconf 90' lang='lat' dir='ltr'><strong>nobis,</strong></span> <span class='ocrx_word' id='word_1_147' title='bbox 1740 1944 1992 2013; x_wconf 86' lang='lat' dir='ltr'><strong>quoniam</strong></span> <span class='ocrx_word' id='word_1_148' title='bbox 2018 1958 2118 2014; x_wconf 90' lang='lat' dir='ltr'><strong>pro</strong></span> 
     </span>
    </p>
   </div>
   <div class='ocr_carea' id='block_1_21' title="bbox 527 2032 2115 2107">
    <p class='ocr_par' dir='ltr' id='par_1_21' title="bbox 527 2032 2115 2107">
     <span class='ocr_line' id='line_1_21' title="bbox 527 2032 2115 2107; baseline 0.003 -21"><span class='ocrx_word' id='word_1_149' title='bbox 527 2047 715 2087; x_wconf 90' lang='lat' dir='ltr'><strong>amore</strong></span> <span class='ocrx_word' id='word_1_150' title='bbox 743 2032 922 2089; x_wconf 86' lang='lat' dir='ltr'><strong>Patris</strong></span> <span class='ocrx_word' id='word_1_151' title='bbox 948 2036 1117 2089; x_wconf 86' lang='lat' dir='ltr'><strong>nostri</strong></span> <span class='ocrx_word' id='word_1_152' title='bbox 1142 2036 1329 2089; x_wconf 88' lang='lat' dir='ltr'><strong>bibent</strong></span> <span class='ocrx_word' id='word_1_153' title='bbox 1355 2036 1406 2089; x_wconf 91' lang='lat' dir='ltr'><strong>hi</strong></span> <span class='ocrx_word' id='word_1_154' title='bbox 1436 2034 1529 2104; x_wconf 91' lang='lat' dir='ltr'><strong>qui</strong></span> <span class='ocrx_word' id='word_1_155' title='bbox 1560 2035 1628 2089; x_wconf 89' lang='lat' dir='ltr'><strong>ad</strong></span> <span class='ocrx_word' id='word_1_156' title='bbox 1654 2050 1776 2090; x_wconf 91' lang='lat' dir='ltr'><strong>eum</strong></span> <span class='ocrx_word' id='word_1_157' title='bbox 1802 2044 2115 2107; x_wconf 85' lang='lat' dir='ltr'><strong>properant,</strong></span> 
     </span>
    </p>
   </div>
   <div class='ocr_carea' id='block_1_22' title="bbox 524 2124 2117 2192">
    <p class='ocr_par' dir='ltr' id='par_1_22' title="bbox 524 2124 2117 2192">
     <span class='ocr_line' id='line_1_22' title="bbox 524 2124 2117 2192; baseline 0.004 -15"><span class='ocrx_word' id='word_1_158' title='bbox 524 2132 581 2177; x_wconf 90' lang='lat' dir='ltr'><strong>et</strong></span> <span class='ocrx_word' id='word_1_159' title='bbox 630 2139 736 2179; x_wconf 91' lang='lat' dir='ltr'><strong>non</strong></span> <span class='ocrx_word' id='word_1_160' title='bbox 778 2124 992 2180; x_wconf 90' lang='lat' dir='ltr'><strong>deficiet</strong></span> <span class='ocrx_word' id='word_1_161' title='bbox 1031 2125 1129 2180; x_wconf 88' lang='lat' dir='ltr'><strong>eis.</strong></span> <span class='ocrx_word' id='word_1_162' title='bbox 1179 2126 1424 2181; x_wconf 83' lang='lat' dir='ltr'><strong>Perrexit</strong></span> <span class='ocrx_word' id='word_1_163' title='bbox 1473 2125 1674 2192; x_wconf 89' lang='lat' dir='ltr'><strong>frater,</strong></span> <span class='ocrx_word' id='word_1_164' title='bbox 1735 2136 1792 2181; x_wconf 91' lang='lat' dir='ltr'><strong>et</strong></span> <span class='ocrx_word' id='word_1_165' title='bbox 1844 2126 2117 2183; x_wconf 89' lang='lat' dir='ltr'><strong>abstracto</strong></span> 
     </span>
    </p>
   </div>
   <div class='ocr_carea' id='block_1_23' title="bbox 527 2212 2119 2287">
    <p class='ocr_par' dir='ltr' id='par_1_23' title="bbox 527 2212 2119 2287">
     <span class='ocr_line' id='line_1_23' title="bbox 527 2212 2119 2287; baseline 0.004 -21"><span class='ocrx_word' id='word_1_166' title='bbox 527 2212 664 2267; x_wconf 90' lang='lat' dir='ltr'><strong>duce</strong></span> <span class='ocrx_word' id='word_1_167' title='bbox 693 2225 718 2253; x_wconf 74' lang='grc' dir='ltr'>ι</span> <span class='ocrx_word' id='word_1_168' title='bbox 750 2215 1026 2285; x_wconf 78' lang='lat' dir='ltr'><strong>egreditur</strong></span> <span class='ocrx_word' id='word_1_169' title='bbox 1053 2216 1257 2271; x_wconf 83' lang='lat' dir='ltr'><strong>vinum.</strong></span> <span class='ocrx_word' id='word_1_170' title='bbox 1287 2214 1407 2270; x_wconf 84' lang='lat' dir='ltr'><strong>Jam</strong></span> <span class='ocrx_word' id='word_1_171' title='bbox 1436 2216 1654 2287; x_wconf 90' lang='lat' dir='ltr'><strong>quidem</strong></span> <span class='ocrx_word' id='word_1_172' title='bbox 1696 2216 1848 2287; x_wconf 91' lang='lat' dir='ltr'><strong>prius</strong></span> <span class='ocrx_word' id='word_1_173' title='bbox 1873 2217 2119 2273; x_wconf 91' lang='lat' dir='ltr'><strong>voluerat</strong></span> 
     </span>
    </p>
   </div>
   <div class='ocr_carea' id='block_1_24' title="bbox 524 2304 2119 2377">
    <p class='ocr_par' dir='ltr' id='par_1_24' title="bbox 524 2304 2119 2377">
     <span class='ocr_line' id='line_1_24' title="bbox 524 2304 2119 2377; baseline 0.004 -21"><span class='ocrx_word' id='word_1_174' title='bbox 524 2304 791 2373; x_wconf 86' lang='lat' dir='ltr'><strong>accipere,</strong></span> <span class='ocrx_word' id='word_1_175' title='bbox 840 2306 932 2361; x_wconf 90' lang='lat' dir='ltr'><strong>sed</strong></span> <span class='ocrx_word' id='word_1_176' title='bbox 974 2322 1315 2377; x_wconf 84' lang='lat' dir='ltr'><strong>nequaquam</strong></span> <span class='ocrx_word' id='word_1_177' title='bbox 1358 2308 1579 2362; x_wconf 92' lang='lat' dir='ltr'><strong>invento</strong></span> <span class='ocrx_word' id='word_1_178' title='bbox 1616 2305 1936 2362; x_wconf 77' lang='lat' dir='ltr'><strong>recesserat.</strong></span> <span class='ocrx_word' id='word_1_179' title='bbox 1970 2307 2119 2363; x_wconf 88' lang='lat' dir='ltr'><strong>Nun-</strong></span> 
     </span>
    </p>
   </div>
   <div class='ocr_carea' id='block_1_25' title="bbox 526 2396 2114 2467">
    <p class='ocr_par' dir='ltr' id='par_1_25' title="bbox 526 2396 2114 2467">
     <span class='ocr_line' id='line_1_25' title="bbox 526 2396 2114 2467; baseline 0.003 -19"><span class='ocrx_word' id='word_1_180' title='bbox 526 2396 625 2449; x_wconf 86' lang='lat' dir='ltr'><strong>tiat</strong></span> <span class='ocrx_word' id='word_1_181' title='bbox 655 2398 796 2465; x_wconf 85' lang='lat' dir='ltr'><strong>quod</strong></span> <span class='ocrx_word' id='word_1_182' title='bbox 828 2398 1098 2451; x_wconf 83' lang='lat' dir='ltr'><strong>acciderat</strong></span> <span class='ocrx_word' id='word_1_183' title='bbox 1133 2417 1145 2451; x_wconf 90' lang='lat'>:</span> <span class='ocrx_word' id='word_1_184' title='bbox 1185 2398 1489 2467; x_wconf 83' lang='lat' dir='ltr'><strong>glorificant</strong></span> <span class='ocrx_word' id='word_1_185' title='bbox 1519 2397 1689 2452; x_wconf 90' lang='lat' dir='ltr'><strong>Deum</strong></span> <span class='ocrx_word' id='word_1_186' title='bbox 1736 2399 1828 2467; x_wconf 92' lang='lat' dir='ltr'><strong>qui</strong></span> <span class='ocrx_word' id='word_1_187' title='bbox 1868 2398 2114 2465; x_wconf 84' lang='lat' dir='ltr'><strong>aderant,</strong></span> 
     </span>
    </p>
   </div>
   <div class='ocr_carea' id='block_1_26' title="bbox 524 2489 2117 2562">
    <p class='ocr_par' dir='ltr' id='par_1_26' title="bbox 524 2489 2117 2562">
     <span class='ocr_line' id='line_1_26' title="bbox 524 2489 2117 2562; baseline 0.006 -22"><span class='ocrx_word' id='word_1_188' title='bbox 524 2498 580 2541; x_wconf 82' lang='lat' dir='ltr'><strong>et</strong></span> <span class='ocrx_word' id='word_1_189' title='bbox 607 2490 817 2543; x_wconf 88' lang='lat' dir='ltr'><strong>meritis</strong></span> <span class='ocrx_word' id='word_1_190' title='bbox 861 2490 1042 2543; x_wconf 87' lang='lat' dir='ltr'><strong>domni</strong></span> <span class='ocrx_word' id='word_1_191' title='bbox 1093 2489 1371 2545; x_wconf 83' lang='lat' dir='ltr'><strong>Benedicti</strong></span> <span class='ocrx_word' id='word_1_192' title='bbox 1419 2491 1534 2545; x_wconf 91' lang='lat' dir='ltr'><strong>fieri</strong></span> <span class='ocrx_word' id='word_1_193' title='bbox 1587 2491 1931 2562; x_wconf 90' lang='lat' dir='ltr'><strong>profitentur.</strong></span> <span class='ocrx_word' id='word_1_194' title='bbox 1962 2492 2117 2549; x_wconf 84' lang='lat' dir='ltr'><strong>Bibe-</strong></span> 
     </span>
    </p>
   </div>
   <div class='ocr_carea' id='block_1_27' title="bbox 528 2580 2115 2650">
    <p class='ocr_par' dir='ltr' id='par_1_27' title="bbox 528 2580 2115 2650">
     <span class='ocr_line' id='line_1_27' title="bbox 528 2580 2115 2650; baseline 0.006 -20"><span class='ocrx_word' id='word_1_195' title='bbox 528 2587 652 2631; x_wconf 90' lang='lat' dir='ltr'><strong>runt</strong></span> <span class='ocrx_word' id='word_1_196' title='bbox 676 2594 805 2650; x_wconf 83' lang='lat' dir='ltr'><strong>ergo</strong></span> <span class='ocrx_word' id='word_1_197' title='bbox 834 2595 934 2649; x_wconf 90' lang='lat' dir='ltr'><strong>pro</strong></span> <span class='ocrx_word' id='word_1_198' title='bbox 966 2580 1124 2646; x_wconf 83' lang='lat' dir='ltr'><strong>velle,</strong></span> <span class='ocrx_word' id='word_1_199' title='bbox 1177 2589 1233 2635; x_wconf 90' lang='lat' dir='ltr'><strong>et</strong></span> <span class='ocrx_word' id='word_1_200' title='bbox 1274 2596 1459 2636; x_wconf 91' lang='lat' dir='ltr'><strong>secum</strong></span> <span class='ocrx_word' id='word_1_201' title='bbox 1510 2581 1905 2639; x_wconf 88' lang='lat' dir='ltr'><strong>benedictionis</strong></span> <span class='ocrx_word' id='word_1_202' title='bbox 1949 2600 2115 2639; x_wconf 87' lang='lat' dir='ltr'><strong>causa</strong></span> 
     </span>
    </p>
   </div>
   <div class='ocr_carea' id='block_1_28' title="bbox 524 2668 2116 2747">
    <p class='ocr_par' dir='ltr' id='par_1_28' title="bbox 524 2668 2116 2747">
     <span class='ocr_line' id='line_1_28' title="bbox 524 2668 2116 2747; baseline 0.006 -25"><span class='ocrx_word' id='word_1_203' title='bbox 524 2668 781 2723; x_wconf 90' lang='lat' dir='ltr'><strong>tulerunt.</strong></span> <span class='ocrx_word' id='word_1_204' title='bbox 813 2670 1055 2725; x_wconf 88' lang='lat' dir='ltr'><strong>Domnus</strong></span> <span class='ocrx_word' id='word_1_205' title='bbox 1102 2687 1315 2741; x_wconf 88' lang='lat' dir='ltr'><strong>quoque</strong></span> <span class='ocrx_word' id='word_1_206' title='bbox 1346 2672 1669 2747; x_wconf 87' lang='lat' dir='ltr'><strong>Benedictus</strong></span> <span class='ocrx_word' id='word_1_207' title='bbox 1716 2690 1837 2729; x_wconf 92' lang='lat' dir='ltr'><strong>cum</strong></span> <span class='ocrx_word' id='word_1_208' title='bbox 1868 2674 1983 2730; x_wconf 90' lang='lat' dir='ltr'><strong>suis</strong></span> <span class='ocrx_word' id='word_1_209' title='bbox 2020 2675 2116 2731; x_wconf 88' lang='lat' dir='ltr'><strong>ad-</strong></span> 
     </span>
    </p>
   </div>
   <div class='ocr_carea' id='block_1_29' title="bbox 526 2759 2115 2836">
    <p class='ocr_par' dir='ltr' id='par_1_29' title="bbox 526 2759 2115 2836">
     <span class='ocr_line' id='line_1_29' title="bbox 526 2759 2115 2836; baseline 0.006 -24"><span class='ocrx_word' id='word_1_210' title='bbox 526 2759 769 2825; x_wconf 80' lang='lat' dir='ltr'><strong>veniens,</strong></span> <span class='ocrx_word' id='word_1_211' title='bbox 790 2760 945 2830; x_wconf 82' lang='lat' dir='ltr'><strong>juxta</strong></span> <span class='ocrx_word' id='word_1_212' title='bbox 971 2763 1113 2832; x_wconf 92' lang='lat' dir='ltr'><strong>quod</strong></span> <span class='ocrx_word' id='word_1_213' title='bbox 1151 2779 1287 2833; x_wconf 92' lang='lat' dir='ltr'><strong>opus</strong></span> <span class='ocrx_word' id='word_1_214' title='bbox 1334 2762 1436 2819; x_wconf 91' lang='lat' dir='ltr'><strong>fuit</strong></span> <span class='ocrx_word' id='word_1_215' title='bbox 1461 2765 1690 2834; x_wconf 89' lang='lat' dir='ltr'><strong>accepit,</strong></span> <span class='ocrx_word' id='word_1_216' title='bbox 1722 2780 2013 2836; x_wconf 88' lang='lat' dir='ltr'><strong>secumque</strong></span> <span class='ocrx_word' id='word_1_217' title='bbox 2046 2783 2115 2822; x_wconf 90' lang='lat' dir='ltr'><strong>ex</strong></span> 
     </span>
    </p>
   </div>
   <div class='ocr_carea' id='block_1_30' title="bbox 525 2852 2116 2926">
    <p class='ocr_par' dir='ltr' id='par_1_30' title="bbox 525 2852 2116 2926">
     <span class='ocr_line' id='line_1_30' title="bbox 525 2852 2116 2926; baseline 0.006 -21"><span class='ocrx_word' id='word_1_218' title='bbox 525 2867 591 2905; x_wconf 88' lang='lat' dir='ltr'><strong>eo</strong></span> <span class='ocrx_word' id='word_1_219' title='bbox 622 2852 677 2906; x_wconf 93' lang='lat' dir='ltr'><strong>in</strong></span> <span class='ocrx_word' id='word_1_220' title='bbox 706 2854 792 2907; x_wconf 85' lang='lat' dir='ltr'><strong>via</strong></span> <span class='ocrx_word' id='word_1_221' title='bbox 824 2855 946 2908; x_wconf 89' lang='lat' dir='ltr'><strong>tulit</strong></span> <span class='ocrx_word' id='word_1_222' title='bbox 974 2873 986 2908; x_wconf 93' lang='lat'><strong>:</strong></span> <span class='ocrx_word' id='word_1_223' title='bbox 1013 2854 1199 2925; x_wconf 85' lang='lat' dir='ltr'><strong>sicque</strong></span> <span class='ocrx_word' id='word_1_224' title='bbox 1227 2857 1487 2926; x_wconf 67' lang='lat' dir='ltr'><strong>posthaec</strong></span> <span class='ocrx_word' id='word_1_225' title='bbox 1513 2858 1745 2912; x_wconf 87' lang='lat' dir='ltr'><strong>cessavit</strong></span> <span class='ocrx_word' id='word_1_226' title='bbox 1772 2872 1869 2913; x_wconf 89' lang='lat' dir='ltr'><strong>vas</strong></span> <span class='ocrx_word' id='word_1_227' title='bbox 1890 2856 2116 2915; x_wconf 90' lang='lat' dir='ltr'><strong>fundere</strong></span> 
     </span>
    </p>
   </div>
   <div class='ocr_carea' id='block_1_31' title="bbox 523 2943 2116 3017">
    <p class='ocr_par' dir='ltr' id='par_1_31' title="bbox 523 2943 2116 3017">
     <span class='ocr_line' id='line_1_31' title="bbox 523 2943 2116 3017; baseline 0.005 -21"><span class='ocrx_word' id='word_1_228' title='bbox 523 2943 731 2997; x_wconf 89' lang='lat' dir='ltr'><strong>vinum.</strong></span> <span class='ocrx_word' id='word_1_229' title='bbox 759 2944 896 3015; x_wconf 92' lang='lat' dir='ltr'><strong>Ipsis</strong></span> <span class='ocrx_word' id='word_1_230' title='bbox 925 2961 1117 3016; x_wconf 90' lang='lat' dir='ltr'><strong>nempe</strong></span> <span class='ocrx_word' id='word_1_231' title='bbox 1157 2945 1414 3002; x_wconf 89' lang='lat' dir='ltr'><strong>fratribus</strong></span> <span class='ocrx_word' id='word_1_232' title='bbox 1440 2948 1556 3003; x_wconf 86' lang='lat' dir='ltr'><strong>haec</strong></span> <span class='ocrx_word' id='word_1_233' title='bbox 1580 2948 1672 3017; x_wconf 87' lang='lat' dir='ltr'><strong>qui</strong></span> <span class='ocrx_word' id='word_1_234' title='bbox 1698 2949 1950 3004; x_wconf 89' lang='lat' dir='ltr'><strong>viderunt</strong></span> <span class='ocrx_word' id='word_1_235' title='bbox 1974 2949 2116 3004; x_wconf 88' lang='lat' dir='ltr'><strong>refe-</strong></span> 
     </span>
    </p>
   </div>
   <div class='ocr_carea' id='block_1_32' title="bbox 528 3035 2113 3111">
    <p class='ocr_par' dir='ltr' id='par_1_32' title="bbox 528 3035 2113 3111">
     <span class='ocr_line' id='line_1_32' title="bbox 528 3035 2113 3111; baseline 0.006 -24"><span class='ocrx_word' id='word_1_236' title='bbox 528 3035 775 3091; x_wconf 90' lang='lat' dir='ltr'><strong>rentibus</strong></span> <span class='ocrx_word' id='word_1_237' title='bbox 822 3037 1101 3106; x_wconf 92' lang='lat' dir='ltr'><strong>comperi,</strong></span> <span class='ocrx_word' id='word_1_238' title='bbox 1150 3039 1241 3109; x_wconf 91' lang='lat' dir='ltr'><strong>qui</strong></span> <span class='ocrx_word' id='word_1_239' title='bbox 1293 3055 1465 3111; x_wconf 90' lang='lat' dir='ltr'><strong>usque</strong></span> <span class='ocrx_word' id='word_1_240' title='bbox 1517 3056 1660 3096; x_wconf 91' lang='lat' dir='ltr'><strong>nunc</strong></span> <span class='ocrx_word' id='word_1_241' title='bbox 1708 3049 1875 3097; x_wconf 81' lang='lat' dir='ltr'><strong>testes</strong></span> <span class='ocrx_word' id='word_1_242' title='bbox 1918 3041 2113 3097; x_wconf 89' lang='lat' dir='ltr'><strong>horum</strong></span> 
     </span>
    </p>
   </div>
   <div class='ocr_carea' id='block_1_33' title="bbox 529 3126 791 3181">
    <p class='ocr_par' dir='ltr' id='par_1_33' title="bbox 529 3126 791 3181">
     <span class='ocr_line' id='line_1_33' title="bbox 529 3126 791 3181; baseline 0.004 -2"><span class='ocrx_word' id='word_1_243' title='bbox 529 3126 791 3181; x_wconf 88' lang='lat' dir='ltr'><strong>existunt.</strong></span> 
     </span>
    </p>
   </div>
   <div class='ocr_carea' id='block_1_34' title="bbox 2226 556 3816 632">
    <p class='ocr_par' dir='ltr' id='par_1_34' title="bbox 2226 556 3816 632">
     <span class='ocr_line' id='line_1_34' title="bbox 2226 556 3816 632; baseline 0.004 -17"><span class='ocrx_word' id='word_1_244' title='bbox 2226 575 2391 631; x_wconf 83' lang='lat' dir='ltr'><strong>Opere</strong></span> <span class='ocrx_word' id='word_1_245' title='bbox 2437 567 2557 615; x_wconf 89' lang='lat' dir='ltr'><strong>erat</strong></span> <span class='ocrx_word' id='word_1_246' title='bbox 2588 557 2912 623; x_wconf 87' lang='lat' dir='ltr'><strong>fundandus,</strong></span> <span class='ocrx_word' id='word_1_247' title='bbox 2953 556 3280 627; x_wconf 77' lang='lat' dir='ltr'><strong>adiutorium</strong></span> <span class='ocrx_word' id='word_1_248' title='bbox 3321 562 3595 632; x_wconf 55' lang='lat' dir='ltr'><strong>praestitit,</strong></span> <span class='ocrx_word' id='word_1_249' title='bbox 3645 563 3816 622; x_wconf 84' lang='lat' dir='ltr'><strong>libros</strong></span> 
     </span>
    </p>
   </div>
   <div class='ocr_carea' id='block_1_35' title="bbox 2225 650 3817 726">
    <p class='ocr_par' dir='ltr' id='par_1_35' title="bbox 2225 650 3817 726">
     <span class='ocr_line' id='line_1_35' title="bbox 2225 650 3817 726; baseline 0.003 -18"><span class='ocrx_word' id='word_1_250' title='bbox 2225 662 2509 722; x_wconf 89' lang='lat' dir='ltr'><strong>vestesque</strong></span> <span class='ocrx_word' id='word_1_251' title='bbox 2544 666 2729 706; x_wconf 87' lang='lat' dir='ltr'><strong>sacras</strong></span> <span class='ocrx_word' id='word_1_252' title='bbox 2771 650 2936 706; x_wconf 91' lang='lat' dir='ltr'><strong>dedit.</strong></span> <span class='ocrx_word' id='word_1_253' title='bbox 2986 650 3055 705; x_wconf 85' lang='lat' dir='ltr'><strong>At</strong></span> <span class='ocrx_word' id='word_1_254' title='bbox 3092 651 3168 706; x_wconf 90' lang='lat' dir='ltr'><strong>illi</strong></span> <span class='ocrx_word' id='word_1_255' title='bbox 3213 652 3265 705; x_wconf 94' lang='lat' dir='ltr'><strong>in</strong></span> <span class='ocrx_word' id='word_1_256' title='bbox 3309 660 3511 707; x_wconf 73' lang='lat' dir='ltr'><strong>sancta:</strong></span> <span class='ocrx_word' id='word_1_257' title='bbox 3538 653 3817 726; x_wconf 83' lang='lat' dir='ltr'><strong>religionis</strong></span> 
     </span>
    </p>
   </div>
   <div class='ocr_carea' id='block_1_36' title="bbox 2224 746 3815 817">
    <p class='ocr_par' dir='ltr' id='par_1_36' title="bbox 2224 746 3815 817">
     <span class='ocr_line' id='line_1_36' title="bbox 2224 746 3815 817; baseline 0.003 -14"><span class='ocrx_word' id='word_1_258' title='bbox 2224 748 2413 804; x_wconf 85' lang='lat' dir='ltr'><strong>habitu</strong></span> <span class='ocrx_word' id='word_1_259' title='bbox 2450 746 2721 812; x_wconf 85' lang='lat' dir='ltr'><strong>florentes,</strong></span> <span class='ocrx_word' id='word_1_260' title='bbox 2750 755 3059 817; x_wconf 65' lang='lat' dir='ltr'><strong>sancteque</strong></span> <span class='ocrx_word' id='word_1_261' title='bbox 3104 747 3535 804; x_wconf 85' lang='lat' dir='ltr'><strong>conversationis</strong></span> <span class='ocrx_word' id='word_1_262' title='bbox 3562 765 3815 807; x_wconf 87' lang='lat' dir='ltr'><strong>normam</strong></span> 
     </span>
    </p>
   </div>
   <div class='ocr_carea' id='block_1_37' title="bbox 2223 841 3814 915">
    <p class='ocr_par' dir='ltr' id='par_1_37' title="bbox 2223 841 3814 915">
     <span class='ocr_line' id='line_1_37' title="bbox 2223 841 3814 915; baseline 0.001 -18"><span class='ocrx_word' id='word_1_263' title='bbox 2223 844 2544 915; x_wconf 87' lang='lat' dir='ltr'><strong>pandentes,</strong></span> <span class='ocrx_word' id='word_1_264' title='bbox 2594 842 2858 895; x_wconf 89' lang='lat' dir='ltr'><strong>unitatem</strong></span> <span class='ocrx_word' id='word_1_265' title='bbox 2905 856 3121 912; x_wconf 91' lang='lat' dir='ltr'><strong>quoque</strong></span> <span class='ocrx_word' id='word_1_266' title='bbox 3162 841 3384 912; x_wconf 87' lang='lat' dir='ltr'><strong>spiritus</strong></span> <span class='ocrx_word' id='word_1_267' title='bbox 3425 851 3713 898; x_wconf 85' lang='lat' dir='ltr'><strong>servantes</strong></span> <span class='ocrx_word' id='word_1_268' title='bbox 3762 844 3814 899; x_wconf 90' lang='lat' dir='ltr'><strong>in</strong></span> 
     </span>
    </p>
   </div>
   <div class='ocr_carea' id='block_1_38' title="bbox 2223 932 3814 1006">
    <p class='ocr_par' dir='ltr' id='par_1_38' title="bbox 2223 932 3814 1006">
     <span class='ocr_line' id='line_1_38' title="bbox 2223 932 3814 1006; baseline 0 -16"><span class='ocrx_word' id='word_1_269' title='bbox 2223 933 2438 990; x_wconf 89' lang='lat' dir='ltr'><strong>vinculo</strong></span> <span class='ocrx_word' id='word_1_270' title='bbox 2462 933 2633 1003; x_wconf 86' lang='lat' dir='ltr'><strong>pacis,</strong></span> <span class='ocrx_word' id='word_1_271' title='bbox 2676 934 3068 1002; x_wconf 84' lang='lat' dir='ltr'><strong>permaximum</strong></span> <span class='ocrx_word' id='word_1_272' title='bbox 3097 933 3240 987; x_wconf 89' lang='lat' dir='ltr'><strong>intra</strong></span> <span class='ocrx_word' id='word_1_273' title='bbox 3272 932 3479 989; x_wconf 87' lang='lat' dir='ltr'><strong>Christi</strong></span> <span class='ocrx_word' id='word_1_274' title='bbox 3514 934 3659 991; x_wconf 88' lang='lat' dir='ltr'><strong>ovile</strong></span> <span class='ocrx_word' id='word_1_275' title='bbox 3691 949 3814 1006; x_wconf 55' lang='lat' dir='ltr'><strong>grec</strong></span> 
     </span>
    </p>
   </div>
   <div class='ocr_carea' id='block_1_39' title="bbox 2224 1024 3163 1098">
    <p class='ocr_par' dir='ltr' id='par_1_39' title="bbox 2224 1024 3163 1098">
     <span class='ocr_line' id='line_1_39' title="bbox 2224 1024 3163 1098; baseline -0.004 -16"><span class='ocrx_word' id='word_1_276' title='bbox 2224 1042 2343 1098; x_wconf 88' lang='lat' dir='ltr'><strong>gem</strong></span> <span class='ocrx_word' id='word_1_277' title='bbox 2368 1024 2758 1079; x_wconf 85' lang='lat' dir='ltr'><strong>monachorum</strong></span> <span class='ocrx_word' id='word_1_278' title='bbox 2781 1032 3163 1095; x_wconf 78' lang='lat' dir='ltr'><strong>aggregarunt.</strong></span> 
     </span>
    </p>
   </div>
   <div class='ocr_carea' id='block_1_40' title="bbox 2292 1115 3817 1185">
    <p class='ocr_par' dir='ltr' id='par_1_40' title="bbox 2292 1115 3817 1185">
     <span class='ocr_line' id='line_1_40' title="bbox 2292 1115 3817 1185; baseline 0.001 -14"><span class='ocrx_word' id='word_1_279' title='bbox 2292 1117 2385 1172; x_wconf 78' lang='grc'><strong>46.</strong></span> <span class='ocrx_word' id='word_1_280' title='bbox 2417 1115 2655 1172; x_wconf 89' lang='lat' dir='ltr'><strong>Ulfarius</strong></span> <span class='ocrx_word' id='word_1_281' title='bbox 2688 1127 2710 1154; x_wconf 75' lang='grc' dir='ltr'><strong>ο</strong></span> <span class='ocrx_word' id='word_1_282' title='bbox 2745 1116 2910 1170; x_wconf 89' lang='lat' dir='ltr'><strong>etiam</strong></span> <span class='ocrx_word' id='word_1_283' title='bbox 2936 1116 3155 1185; x_wconf 88' lang='lat' dir='ltr'><strong>quidam</strong></span> <span class='ocrx_word' id='word_1_284' title='bbox 3190 1118 3429 1183; x_wconf 90' lang='lat' dir='ltr'><strong>nomine,</strong></span> <span class='ocrx_word' id='word_1_285' title='bbox 3464 1117 3681 1173; x_wconf 90' lang='lat' dir='ltr'><strong>nullum</strong></span> <span class='ocrx_word' id='word_1_286' title='bbox 3724 1117 3817 1173; x_wconf 84' lang='lat' dir='ltr'><strong>ha-</strong></span> 
     </span>
    </p>
   </div>
   <div class='ocr_carea' id='block_1_41' title="bbox 2222 1211 3817 1284">
    <p class='ocr_par' dir='ltr' id='par_1_41' title="bbox 2222 1211 3817 1284">
     <span class='ocr_line' id='line_1_41' title="bbox 2222 1211 3817 1284; baseline -0.001 -15"><span class='ocrx_word' id='word_1_287' title='bbox 2222 1214 2356 1269; x_wconf 90' lang='lat' dir='ltr'><strong>bens</strong></span> <span class='ocrx_word' id='word_1_288' title='bbox 2380 1211 2855 1281; x_wconf 87' lang='lat' dir='ltr'><strong>consanguineum,</strong></span> <span class='ocrx_word' id='word_1_289' title='bbox 2879 1211 2963 1264; x_wconf 92' lang='lat' dir='ltr'><strong>vir</strong></span> <span class='ocrx_word' id='word_1_290' title='bbox 2986 1211 3195 1266; x_wconf 87' lang='lat' dir='ltr'><strong>illuster</strong></span> <span class='ocrx_word' id='word_1_291' title='bbox 3212 1220 3267 1266; x_wconf 92' lang='lat' dir='ltr'><strong>et</strong></span> <span class='ocrx_word' id='word_1_292' title='bbox 3295 1212 3511 1277; x_wconf 90' lang='lat' dir='ltr'><strong>nobilis,</strong></span> <span class='ocrx_word' id='word_1_293' title='bbox 3528 1229 3631 1284; x_wconf 89' lang='lat' dir='ltr'><strong>per</strong></span> <span class='ocrx_word' id='word_1_294' title='bbox 3656 1214 3817 1269; x_wconf 89' lang='lat' dir='ltr'><strong>char-</strong></span> 
     </span>
    </p>
   </div>
   <div class='ocr_carea' id='block_1_42' title="bbox 2225 1299 3816 1358">
    <p class='ocr_par' dir='ltr' id='par_1_42' title="bbox 2225 1299 3816 1358">
     <span class='ocr_line' id='line_1_42' title="bbox 2225 1299 3816 1358; baseline 0.001 -2"><span class='ocrx_word' id='word_1_295' title='bbox 2225 1310 2336 1356; x_wconf 90' lang='lat' dir='ltr'><strong>tam</strong></span> <span class='ocrx_word' id='word_1_296' title='bbox 2375 1302 2425 1356; x_wconf 90' lang='lat' dir='ltr'><strong>ei</strong></span> <span class='ocrx_word' id='word_1_297' title='bbox 2452 1301 2520 1356; x_wconf 93' lang='lat' dir='ltr'><strong>ad</strong></span> <span class='ocrx_word' id='word_1_298' title='bbox 2549 1299 2920 1355; x_wconf 64' lang='lat' dir='ltr'><strong>aedificandum</strong></span> <span class='ocrx_word' id='word_1_299' title='bbox 2949 1302 3336 1356; x_wconf 86' lang='lat' dir='ltr'><strong>monasterium</strong></span> <span class='ocrx_word' id='word_1_300' title='bbox 3381 1301 3561 1357; x_wconf 91' lang='lat' dir='ltr'><strong>locum</strong></span> <span class='ocrx_word' id='word_1_301' title='bbox 3594 1304 3816 1358; x_wconf 85' lang='lat' dir='ltr'><strong>tradidit</strong></span> 
     </span>
    </p>
   </div>
   <div class='ocr_carea' id='block_1_43' title="bbox 2222 1392 3815 1457">
    <p class='ocr_par' dir='ltr' id='par_1_43' title="bbox 2222 1392 3815 1457">
     <span class='ocr_line' id='line_1_43' title="bbox 2222 1392 3815 1457; baseline 0.001 -8"><span class='ocrx_word' id='word_1_302' title='bbox 2222 1395 2277 1449; x_wconf 93' lang='lat' dir='ltr'><strong>in</strong></span> <span class='ocrx_word' id='word_1_303' title='bbox 2300 1393 2570 1448; x_wconf 84' lang='lat' dir='ltr'><strong>Albiensis</strong></span> <span class='ocrx_word' id='word_1_304' title='bbox 2598 1392 2851 1457; x_wconf 90' lang='lat' dir='ltr'><strong>confinio,</strong></span> <span class='ocrx_word' id='word_1_305' title='bbox 2900 1393 2991 1447; x_wconf 92' lang='lat' dir='ltr'><strong>ubi</strong></span> <span class='ocrx_word' id='word_1_306' title='bbox 3034 1393 3199 1447; x_wconf 89' lang='lat' dir='ltr'><strong>etiam</strong></span> <span class='ocrx_word' id='word_1_307' title='bbox 3236 1394 3533 1448; x_wconf 87' lang='lat' dir='ltr'><strong>monachos</strong></span> <span class='ocrx_word' id='word_1_308' title='bbox 3562 1395 3815 1450; x_wconf 87' lang='lat' dir='ltr'><strong>ordinato</strong></span> 
     </span>
    </p>
   </div>
   <div class='ocr_carea' id='block_1_44' title="bbox 2221 1481 3815 1551">
    <p class='ocr_par' dir='ltr' id='par_1_44' title="bbox 2221 1481 3815 1551">
     <span class='ocr_line' id='line_1_44' title="bbox 2221 1481 3815 1551; baseline -0.003 -12"><span class='ocrx_word' id='word_1_309' title='bbox 2221 1484 2329 1540; x_wconf 87' lang='lat' dir='ltr'><strong>illis</strong></span> <span class='ocrx_word' id='word_1_310' title='bbox 2357 1484 2551 1538; x_wconf 90' lang='lat' dir='ltr'><strong>abbate</strong></span> <span class='ocrx_word' id='word_1_311' title='bbox 2581 1481 2693 1537; x_wconf 90' lang='lat' dir='ltr'><strong>fere</strong></span> <span class='ocrx_word' id='word_1_312' title='bbox 2738 1482 3016 1537; x_wconf 87' lang='lat' dir='ltr'><strong>duodecim</strong></span> <span class='ocrx_word' id='word_1_313' title='bbox 3048 1482 3193 1535; x_wconf 91' lang='lat' dir='ltr'><strong>misit</strong></span> <span class='ocrx_word' id='word_1_314' title='bbox 3222 1499 3234 1535; x_wconf 90' lang='lat'><strong>:</strong></span> <span class='ocrx_word' id='word_1_315' title='bbox 3265 1489 3321 1535; x_wconf 90' lang='lat' dir='ltr'><strong>et</strong></span> <span class='ocrx_word' id='word_1_316' title='bbox 3355 1482 3439 1537; x_wconf 90' lang='lat' dir='ltr'><strong>his</strong></span> <span class='ocrx_word' id='word_1_317' title='bbox 3482 1482 3649 1536; x_wconf 90' lang='lat' dir='ltr'><strong>etiam</strong></span> <span class='ocrx_word' id='word_1_318' title='bbox 3683 1497 3815 1551; x_wconf 88' lang='lat' dir='ltr'><strong>quo-</strong></span> 
     </span>
    </p>
   </div>
   <div class='ocr_carea' id='block_1_45' title="bbox 2222 1574 3815 1645">
    <p class='ocr_par' dir='ltr' id='par_1_45' title="bbox 2222 1574 3815 1645">
     <span class='ocr_line' id='line_1_45' title="bbox 2222 1574 3815 1645; baseline -0.002 -13"><span class='ocrx_word' id='word_1_319' title='bbox 2222 1578 2369 1632; x_wconf 89' lang='lat' dir='ltr'><strong>niam</strong></span> <span class='ocrx_word' id='word_1_320' title='bbox 2397 1592 2537 1631; x_wconf 91' lang='lat' dir='ltr'><strong>novo</strong></span> <span class='ocrx_word' id='word_1_321' title='bbox 2573 1590 2737 1645; x_wconf 92' lang='lat' dir='ltr'><strong>opere</strong></span> <span class='ocrx_word' id='word_1_322' title='bbox 2765 1574 3024 1629; x_wconf 87' lang='lat' dir='ltr'><strong>fabricam</strong></span> <span class='ocrx_word' id='word_1_323' title='bbox 3072 1575 3389 1631; x_wconf 88' lang='lat' dir='ltr'><strong>monasterii</strong></span> <span class='ocrx_word' id='word_1_324' title='bbox 3420 1584 3661 1645; x_wconf 70' lang='lat' dir='ltr'><strong>emptam</strong></span> <span class='ocrx_word' id='word_1_325' title='bbox 3692 1591 3815 1645; x_wconf 88' lang='lat' dir='ltr'><strong>per-</strong></span> 
     </span>
    </p>
   </div>
   <div class='ocr_carea' id='block_1_46' title="bbox 2223 1665 3815 1737">
    <p class='ocr_par' dir='ltr' id='par_1_46' title="bbox 2223 1665 3815 1737">
     <span class='ocr_line' id='line_1_46' title="bbox 2223 1665 3815 1737; baseline -0.001 -15"><span class='ocrx_word' id='word_1_326' title='bbox 2223 1667 2387 1723; x_wconf 85' lang='lat' dir='ltr'><strong>ficere</strong></span> <span class='ocrx_word' id='word_1_327' title='bbox 2424 1665 2762 1737; x_wconf 80' lang='lat' dir='ltr'><strong>satagebant,</strong></span> <span class='ocrx_word' id='word_1_328' title='bbox 2804 1666 2995 1720; x_wconf 83' lang='lat' dir='ltr'><strong>libros&#39;</strong></span> <span class='ocrx_word' id='word_1_329' title='bbox 3026 1666 3289 1736; x_wconf 90' lang='lat' dir='ltr'><strong>plurimos</strong></span> <span class='ocrx_word' id='word_1_330' title='bbox 3334 1666 3589 1731; x_wconf 88' lang='lat' dir='ltr'><strong>contulit,</strong></span> <span class='ocrx_word' id='word_1_331' title='bbox 3633 1676 3815 1722; x_wconf 81' lang='lat' dir='ltr'><strong>vestes</strong></span> 
     </span>
    </p>
   </div>
   <div class='ocr_carea' id='block_1_47' title="bbox 2223 1756 3811 1828">
    <p class='ocr_par' dir='ltr' id='par_1_47' title="bbox 2223 1756 3811 1828">
     <span class='ocr_line' id='line_1_47' title="bbox 2223 1756 3811 1828; baseline 0.001 -17"><span class='ocrx_word' id='word_1_332' title='bbox 2223 1772 2410 1812; x_wconf 90' lang='lat' dir='ltr'><strong>sacras</strong></span> <span class='ocrx_word' id='word_1_333' title='bbox 2453 1758 2720 1828; x_wconf 68' lang='lat' dir='ltr'><strong>praebuit,</strong></span> <span class='ocrx_word' id='word_1_334' title='bbox 2769 1756 2992 1811; x_wconf 90' lang='lat' dir='ltr'><strong>calicem</strong></span> <span class='ocrx_word' id='word_1_335' title='bbox 3040 1765 3354 1828; x_wconf 89' lang='lat' dir='ltr'><strong>argenteum</strong></span> <span class='ocrx_word' id='word_1_336' title='bbox 3400 1772 3466 1813; x_wconf 91' lang='lat' dir='ltr'><strong>ac</strong></span> <span class='ocrx_word' id='word_1_337' title='bbox 3508 1756 3811 1822; x_wconf 77' lang='lat' dir='ltr'><strong>oﬂ&#39;erturia,</strong></span> 
     </span>
    </p>
   </div>
   <div class='ocr_carea' id='block_1_48' title="bbox 2224 1847 3814 1920">
    <p class='ocr_par' dir='ltr' id='par_1_48' title="bbox 2224 1847 3814 1920">
     <span class='ocr_line' id='line_1_48' title="bbox 2224 1847 3814 1920; baseline -0.001 -15"><span class='ocrx_word' id='word_1_338' title='bbox 2224 1864 2551 1920; x_wconf 86' lang='lat' dir='ltr'><strong>crucemque</strong></span> <span class='ocrx_word' id='word_1_339' title='bbox 2576 1857 2630 1904; x_wconf 92' lang='lat' dir='ltr'><strong>et</strong></span> <span class='ocrx_word' id='word_1_340' title='bbox 2661 1848 2842 1905; x_wconf 90' lang='lat' dir='ltr'><strong>omnia</strong></span> <span class='ocrx_word' id='word_1_341' title='bbox 2878 1864 2999 1918; x_wconf 68' lang='lat' dir='ltr'><strong>qua:</strong></span> <span class='ocrx_word' id='word_1_342' title='bbox 3028 1847 3132 1903; x_wconf 91' lang='lat' dir='ltr'><strong>illis</strong></span> <span class='ocrx_word' id='word_1_343' title='bbox 3175 1848 3485 1904; x_wconf 89' lang='lat' dir='ltr'><strong>necessaria</strong></span> <span class='ocrx_word' id='word_1_344' title='bbox 3526 1848 3646 1904; x_wconf 91' lang='lat' dir='ltr'><strong>fore</strong></span> <span class='ocrx_word' id='word_1_345' title='bbox 3690 1863 3814 1917; x_wconf 84' lang='lat' dir='ltr'><strong>pro-</strong></span> 
     </span>
    </p>
   </div>
   <div class='ocr_carea' id='block_1_49' title="bbox 2222 1939 3815 2013">
    <p class='ocr_par' dir='ltr' id='par_1_49' title="bbox 2222 1939 3815 2013">
     <span class='ocr_line' id='line_1_49' title="bbox 2222 1939 3815 2013; baseline -0.002 -15"><span class='ocrx_word' id='word_1_346' title='bbox 2222 1943 2417 2013; x_wconf 83' lang='lat' dir='ltr'><strong>spexit,</strong></span> <span class='ocrx_word' id='word_1_347' title='bbox 2450 1941 2868 1997; x_wconf 87' lang='lat' dir='ltr'><strong>administravit.</strong></span> <span class='ocrx_word' id='word_1_348' title='bbox 2909 1939 3014 2011; x_wconf 91' lang='lat' dir='ltr'><strong>lpsi</strong></span> <span class='ocrx_word' id='word_1_349' title='bbox 3040 1955 3171 1995; x_wconf 87' lang='lat' dir='ltr'><strong>vero</strong></span> <span class='ocrx_word' id='word_1_350' title='bbox 3214 1948 3324 1994; x_wconf 89' lang='lat' dir='ltr'><strong>tam</strong></span> <span class='ocrx_word' id='word_1_351' title='bbox 3363 1940 3416 1995; x_wconf 89' lang='lat' dir='ltr'><strong>in</strong></span> <span class='ocrx_word' id='word_1_352' title='bbox 3451 1939 3706 1995; x_wconf 67' lang='lat' dir='ltr'><strong>aedificiis</strong></span> <span class='ocrx_word' id='word_1_353' title='bbox 3733 1956 3815 1995; x_wconf 52' lang='lat' dir='ltr'><strong>reb</strong></span> 
     </span>
    </p>
   </div>
   <div class='ocr_carea' id='block_1_50' title="bbox 2222 2030 3814 2104">
    <p class='ocr_par' dir='ltr' id='par_1_50' title="bbox 2222 2030 3814 2104">
     <span class='ocr_line' id='line_1_50' title="bbox 2222 2030 3814 2104; baseline -0.003 -15"><span class='ocrx_word' id='word_1_354' title='bbox 2222 2051 2342 2090; x_wconf 89' lang='lat' dir='ltr'><strong>rum</strong></span> <span class='ocrx_word' id='word_1_355' title='bbox 2372 2047 2779 2104; x_wconf 89' lang='lat' dir='ltr'><strong>corporearum,</strong></span> <span class='ocrx_word' id='word_1_356' title='bbox 2811 2046 2973 2102; x_wconf 91' lang='lat' dir='ltr'><strong>quam</strong></span> <span class='ocrx_word' id='word_1_357' title='bbox 3018 2031 3180 2087; x_wconf 91' lang='lat' dir='ltr'><strong>etiam</strong></span> <span class='ocrx_word' id='word_1_358' title='bbox 3220 2031 3276 2086; x_wconf 92' lang='lat' dir='ltr'><strong>in</strong></span> <span class='ocrx_word' id='word_1_359' title='bbox 3310 2030 3674 2086; x_wconf 54' lang='lat' dir='ltr'><strong>aedificatione</strong></span> <span class='ocrx_word' id='word_1_360' title='bbox 3699 2031 3814 2084; x_wconf 89' lang='lat' dir='ltr'><strong>ani-</strong></span> 
     </span>
    </p>
   </div>
   <div class='ocr_carea' id='block_1_51' title="bbox 2220 2125 3811 2197">
    <p class='ocr_par' dir='ltr' id='par_1_51' title="bbox 2220 2125 3811 2197">
     <span class='ocr_line' id='line_1_51' title="bbox 2220 2125 3811 2197; baseline -0.003 -14"><span class='ocrx_word' id='word_1_361' title='bbox 2220 2143 2465 2193; x_wconf 91' lang='lat' dir='ltr'><strong>marum,</strong></span> <span class='ocrx_word' id='word_1_362' title='bbox 2515 2135 2827 2197; x_wconf 70' lang='lat' dir='ltr'><strong>sanctasque</strong></span> <span class='ocrx_word' id='word_1_363' title='bbox 2870 2125 3089 2197; x_wconf 63' lang='lat' dir='ltr'><strong>Regulae</strong></span> <span class='ocrx_word' id='word_1_364' title='bbox 3130 2125 3392 2181; x_wconf 90' lang='lat' dir='ltr'><strong>institutis</strong></span> <span class='ocrx_word' id='word_1_365' title='bbox 3424 2125 3811 2188; x_wconf 88' lang='lat' dir='ltr'><strong>decertantes,</strong></span> 
     </span>
    </p>
   </div>
   <div class='ocr_carea' id='block_1_52' title="bbox 2220 2216 3812 2291">
    <p class='ocr_par' dir='ltr' id='par_1_52' title="bbox 2220 2216 3812 2291">
     <span class='ocr_line' id='line_1_52' title="bbox 2220 2216 3812 2291; baseline -0.003 -16"><span class='ocrx_word' id='word_1_366' title='bbox 2220 2234 2474 2291; x_wconf 89' lang='lat' dir='ltr'><strong>magnam</strong></span> <span class='ocrx_word' id='word_1_367' title='bbox 2503 2218 2718 2273; x_wconf 78' lang='lat' dir='ltr'><strong>Christo</strong></span> <span class='ocrx_word' id='word_1_368' title='bbox 2763 2218 2873 2273; x_wconf 91' lang='lat' dir='ltr'><strong>Deo</strong></span> <span class='ocrx_word' id='word_1_369' title='bbox 2908 2216 3286 2272; x_wconf 86' lang='lat' dir='ltr'><strong>famulantium</strong></span> <span class='ocrx_word' id='word_1_370' title='bbox 3330 2216 3812 2288; x_wconf 85' lang='lat' dir='ltr'><strong>congregationem</strong></span> 
     </span>
    </p>
   </div>
   <div class='ocr_carea' id='block_1_53' title="bbox 2219 2308 3270 2379">
    <p class='ocr_par' dir='ltr' id='par_1_53' title="bbox 2219 2308 3270 2379">
     <span class='ocr_line' id='line_1_53' title="bbox 2219 2308 3270 2379; baseline 0 -16"><span class='ocrx_word' id='word_1_371' title='bbox 2219 2310 2595 2377; x_wconf 86' lang='lat' dir='ltr'><strong>religiosorum</strong></span> <span class='ocrx_word' id='word_1_372' title='bbox 2621 2308 2847 2364; x_wconf 88' lang='lat' dir='ltr'><strong>fratrum</strong></span> <span class='ocrx_word' id='word_1_373' title='bbox 2881 2309 3270 2379; x_wconf 90' lang='lat' dir='ltr'><strong>acquisierunt.</strong></span> 
     </span>
    </p>
   </div>
   <div class='ocr_carea' id='block_1_54' title="bbox 2289 2399 3811 2471">
    <p class='ocr_par' dir='ltr' id='par_1_54' title="bbox 2289 2399 3811 2471">
     <span class='ocr_line' id='line_1_54' title="bbox 2289 2399 3811 2471; baseline -0.001 -16"><span class='ocrx_word' id='word_1_374' title='bbox 2289 2401 2377 2457; x_wconf 74' lang='grc'><strong>47.</strong></span> <span class='ocrx_word' id='word_1_375' title='bbox 2417 2402 2546 2457; x_wconf 89' lang='lat' dir='ltr'><strong>Post</strong></span> <span class='ocrx_word' id='word_1_376' title='bbox 2579 2402 2785 2456; x_wconf 89' lang='lat' dir='ltr'><strong>obitum</strong></span> <span class='ocrx_word' id='word_1_377' title='bbox 2828 2415 3044 2471; x_wconf 91' lang='lat' dir='ltr'><strong>quoque</strong></span> <span class='ocrx_word' id='word_1_378' title='bbox 3087 2399 3418 2457; x_wconf 87' lang='lat' dir='ltr'><strong>serenissimi</strong></span> <span class='ocrx_word' id='word_1_379' title='bbox 3460 2399 3811 2469; x_wconf 80' lang='lat' dir='ltr'><strong>imperatoris</strong></span> 
     </span>
    </p>
   </div>
   <div class='ocr_carea' id='block_1_55' title="bbox 2218 2486 3810 2561">
    <p class='ocr_par' dir='ltr' id='par_1_55' title="bbox 2218 2486 3810 2561">
     <span class='ocr_line' id='line_1_55' title="bbox 2218 2486 3810 2561; baseline -0.003 -14"><span class='ocrx_word' id='word_1_380' title='bbox 2218 2491 2416 2557; x_wconf 90' lang='lat' dir='ltr'><strong>Caroli,</strong></span> <span class='ocrx_word' id='word_1_381' title='bbox 2445 2506 2566 2547; x_wconf 93' lang='lat' dir='ltr'><strong>cum</strong></span> <span class='ocrx_word' id='word_1_382' title='bbox 2601 2490 2739 2546; x_wconf 79' lang='lat' dir='ltr'><strong>filius</strong></span> <span class='ocrx_word' id='word_1_383' title='bbox 2770 2490 2886 2561; x_wconf 91' lang='lat' dir='ltr'><strong>ejus</strong></span> <span class='ocrx_word' id='word_1_384' title='bbox 2928 2489 3231 2545; x_wconf 85' lang='lat' dir='ltr'><strong>Ludovicus</strong></span> <span class='ocrx_word' id='word_1_385' title='bbox 3274 2503 3370 2543; x_wconf 89' lang='lat' dir='ltr'><strong>rex</strong></span> <span class='ocrx_word' id='word_1_386' title='bbox 3409 2486 3810 2559; x_wconf 70' lang='lat' dir='ltr'><strong>Aquitanorum</strong></span> 
     </span>
    </p>
   </div>
   <div class='ocr_carea' id='block_1_56' title="bbox 2219 2579 3813 2654">
    <p class='ocr_par' dir='ltr' id='par_1_56' title="bbox 2219 2579 3813 2654">
     <span class='ocr_line' id='line_1_56' title="bbox 2219 2579 3813 2654; baseline -0.003 -14"><span class='ocrx_word' id='word_1_387' title='bbox 2219 2585 2429 2654; x_wconf 86' lang='lat' dir='ltr'><strong>imperii</strong></span> <span class='ocrx_word' id='word_1_388' title='bbox 2452 2600 2641 2640; x_wconf 90' lang='lat' dir='ltr'><strong>curam</strong></span> <span class='ocrx_word' id='word_1_389' title='bbox 2664 2583 3008 2653; x_wconf 88' lang='lat' dir='ltr'><strong>suscepisset,</strong></span> <span class='ocrx_word' id='word_1_390' title='bbox 3037 2579 3281 2637; x_wconf 70' lang='lat' dir='ltr'><strong>Francia:</strong></span> <span class='ocrx_word' id='word_1_391' title='bbox 3306 2596 3433 2636; x_wconf 91' lang='lat' dir='ltr'><strong>eum</strong></span> <span class='ocrx_word' id='word_1_392' title='bbox 3456 2580 3711 2650; x_wconf 85' lang='lat' dir='ltr'><strong>partibus</strong></span> <span class='ocrx_word' id='word_1_393' title='bbox 3735 2580 3813 2635; x_wconf 75' lang='lat' dir='ltr'><strong>in</strong></span> 
     </span>
    </p>
   </div>
   <div class='ocr_carea' id='block_1_57' title="bbox 2212 2670 3810 2747">
    <p class='ocr_par' dir='ltr' id='par_1_57' title="bbox 2212 2670 3810 2747">
     <span class='ocr_line' id='line_1_57' title="bbox 2212 2670 3810 2747; baseline -0.004 -18"><span class='ocrx_word' id='word_1_394' title='bbox 2212 2675 2394 2747; x_wconf 90' lang='lat' dir='ltr'><strong>jussit,</strong></span> <span class='ocrx_word' id='word_1_395' title='bbox 2423 2676 2583 2745; x_wconf 91' lang='lat' dir='ltr'><strong>eique</strong></span> <span class='ocrx_word' id='word_1_396' title='bbox 2607 2675 2662 2729; x_wconf 93' lang='lat' dir='ltr'><strong>in</strong></span> <span class='ocrx_word' id='word_1_397' title='bbox 2688 2672 2838 2727; x_wconf 82' lang='lat' dir='ltr'><strong>Alsat</strong></span> <span class='ocrx_word' id='word_1_398' title='bbox 2868 2670 3526 2727; x_wconf 83' lang='lat' dir='ltr'><strong>Maurum-Monasterium</strong></span> <span class='ocrx_word' id='word_1_399' title='bbox 3561 2670 3810 2740; x_wconf 84' lang='lat' dir='ltr'><strong>designa-</strong></span> 
     </span>
    </p>
   </div>
   <div class='ocr_carea' id='block_1_58' title="bbox 2217 2766 3808 2840">
    <p class='ocr_par' dir='ltr' id='par_1_58' title="bbox 2217 2766 3808 2840">
     <span class='ocr_line' id='line_1_58' title="bbox 2217 2766 3808 2840; baseline -0.003 -17"><span class='ocrx_word' id='word_1_400' title='bbox 2217 2770 2312 2834; x_wconf 92' lang='lat' dir='ltr'><strong>vit,</strong></span> <span class='ocrx_word' id='word_1_401' title='bbox 2344 2769 2437 2824; x_wconf 92' lang='lat' dir='ltr'><strong>ubi</strong></span> <span class='ocrx_word' id='word_1_402' title='bbox 2464 2768 2646 2840; x_wconf 90' lang='lat' dir='ltr'><strong>plures</strong></span> <span class='ocrx_word' id='word_1_403' title='bbox 2677 2784 2788 2824; x_wconf 78' lang='lat' dir='ltr'><strong>suze</strong></span> <span class='ocrx_word' id='word_1_404' title='bbox 2811 2768 2938 2823; x_wconf 74' lang='lat' dir='ltr'><strong>vita:</strong></span> <span class='ocrx_word' id='word_1_405' title='bbox 2963 2781 3223 2837; x_wconf 84' lang='lat' dir='ltr'><strong>sequaces</strong></span> <span class='ocrx_word' id='word_1_406' title='bbox 3265 2782 3331 2821; x_wconf 89' lang='lat' dir='ltr'><strong>ex</strong></span> <span class='ocrx_word' id='word_1_407' title='bbox 3372 2766 3586 2819; x_wconf 64' lang='lat' dir='ltr'><strong>Amiano</strong></span> <span class='ocrx_word' id='word_1_408' title='bbox 3615 2780 3808 2820; x_wconf 86' lang='lat' dir='ltr'><strong>mona-</strong></span> 
     </span>
    </p>
   </div>
   <div class='ocr_carea' id='block_1_59' title="bbox 2219 2855 3812 2928">
    <p class='ocr_par' dir='ltr' id='par_1_59' title="bbox 2219 2855 3812 2928">
     <span class='ocr_line' id='line_1_59' title="bbox 2219 2855 3812 2928; baseline -0.005 -12"><span class='ocrx_word' id='word_1_409' title='bbox 2219 2860 2386 2916; x_wconf 89' lang='lat' dir='ltr'><strong>sterio</strong></span> <span class='ocrx_word' id='word_1_410' title='bbox 2409 2859 2715 2915; x_wconf 85' lang='lat' dir='ltr'><strong>collocavit.</strong></span> <span class='ocrx_word' id='word_1_411' title='bbox 2747 2858 2815 2913; x_wconf 90' lang='lat' dir='ltr'><strong>Et</strong></span> <span class='ocrx_word' id='word_1_412' title='bbox 2838 2857 3097 2928; x_wconf 90' lang='lat' dir='ltr'><strong>quoniam</strong></span> <span class='ocrx_word' id='word_1_413' title='bbox 3142 2871 3395 2928; x_wconf 84' lang='lat' dir='ltr'><strong>magnum</strong></span> <span class='ocrx_word' id='word_1_414' title='bbox 3423 2872 3453 2909; x_wconf 89' lang='lat' dir='ltr'><strong>a</strong></span> <span class='ocrx_word' id='word_1_415' title='bbox 3482 2855 3691 2925; x_wconf 85' lang='lat' dir='ltr'><strong>palatio</strong></span> <span class='ocrx_word' id='word_1_416' title='bbox 3733 2855 3812 2909; x_wconf 65' lang='lat' dir='ltr'><strong>dio</strong></span> 
     </span>
    </p>
   </div>
   <div class='ocr_carea' id='block_1_60' title="bbox 2217 2947 3812 3023">
    <p class='ocr_par' dir='ltr' id='par_1_60' title="bbox 2217 2947 3812 3023">
     <span class='ocr_line' id='line_1_60' title="bbox 2217 2947 3812 3023; baseline -0.004 -14"><span class='ocrx_word' id='word_1_417' title='bbox 2217 2959 2325 3009; x_wconf 89' lang='lat' dir='ltr'><strong>stat</strong></span> <span class='ocrx_word' id='word_1_418' title='bbox 2348 2952 2583 3023; x_wconf 91' lang='lat' dir='ltr'><strong>spatium</strong></span> <span class='ocrx_word' id='word_1_419' title='bbox 2610 2951 2759 3006; x_wconf 90' lang='lat' dir='ltr'><strong>locus</strong></span> <span class='ocrx_word' id='word_1_420' title='bbox 2782 2947 3064 3021; x_wconf 83' lang='lat' dir='ltr'><strong>praefatus,</strong></span> <span class='ocrx_word' id='word_1_421' title='bbox 3105 2963 3207 3003; x_wconf 90' lang='lat' dir='ltr'><strong>nec</strong></span> <span class='ocrx_word' id='word_1_422' title='bbox 3250 2963 3491 3018; x_wconf 84' lang='lat' dir='ltr'><strong>congruo</strong></span> <span class='ocrx_word' id='word_1_423' title='bbox 3517 2962 3812 3002; x_wconf 79' lang='lat' dir='ltr'><strong>occurrere</strong></span> 
     </span>
    </p>
   </div>
   <div class='ocr_carea' id='block_1_61' title="bbox 2220 3037 3811 3113">
    <p class='ocr_par' dir='ltr' id='par_1_61' title="bbox 2220 3037 3811 3113">
     <span class='ocr_line' id='line_1_61' title="bbox 2220 3037 3811 3113; baseline -0.004 -14"><span class='ocrx_word' id='word_1_424' title='bbox 2220 3052 2464 3113; x_wconf 87' lang='lat' dir='ltr'><strong>tempore</strong></span> <span class='ocrx_word' id='word_1_425' title='bbox 2492 3058 2616 3097; x_wconf 90' lang='lat' dir='ltr'><strong>cum</strong></span> <span class='ocrx_word' id='word_1_426' title='bbox 2641 3047 2927 3097; x_wconf 87' lang='lat' dir='ltr'><strong>vocaretur</strong></span> <span class='ocrx_word' id='word_1_427' title='bbox 2962 3046 3203 3109; x_wconf 88' lang='lat' dir='ltr'><strong>poterat;</strong></span> <span class='ocrx_word' id='word_1_428' title='bbox 3238 3046 3292 3092; x_wconf 91' lang='lat' dir='ltr'><strong>et</strong></span> <span class='ocrx_word' id='word_1_429' title='bbox 3329 3039 3457 3106; x_wconf 89' lang='lat' dir='ltr'><strong>quia</strong></span> <span class='ocrx_word' id='word_1_430' title='bbox 3487 3037 3811 3107; x_wconf 87' lang='lat' dir='ltr'><strong>imperatori</strong></span> 
     </span>
    </p>
   </div>
   <div class='ocr_carea' id='block_1_62' title="bbox 2217 3129 3810 3204">
    <p class='ocr_par' dir='ltr' id='par_1_62' title="bbox 2217 3129 3810 3204">
     <span class='ocr_line' id='line_1_62' title="bbox 2217 3129 3810 3204; baseline -0.005 -14"><span class='ocrx_word' id='word_1_431' title='bbox 2217 3134 2401 3191; x_wconf 90' lang='lat' dir='ltr'><strong>multis</strong></span> <span class='ocrx_word' id='word_1_432' title='bbox 2434 3149 2534 3204; x_wconf 91' lang='lat' dir='ltr'><strong>pro</strong></span> <span class='ocrx_word' id='word_1_433' title='bbox 2560 3132 2739 3189; x_wconf 90' lang='lat' dir='ltr'><strong>causis</strong></span> <span class='ocrx_word' id='word_1_434' title='bbox 2763 3140 2882 3186; x_wconf 91' lang='lat' dir='ltr'><strong>erat</strong></span> <span class='ocrx_word' id='word_1_435' title='bbox 2932 3129 3290 3194; x_wconf 86' lang='lat' dir='ltr'><strong>necessarius,</strong></span> <span class='ocrx_word' id='word_1_436' title='bbox 3327 3129 3527 3199; x_wconf 81' lang='lat' dir='ltr'><strong>placuit</strong></span> <span class='ocrx_word' id='word_1_437' title='bbox 3577 3129 3810 3198; x_wconf 79' lang='lat' dir='ltr'><strong>impera-</strong></span> 
     </span>
    </p>
   </div>
   <div class='ocr_carea' id='block_1_63' title="bbox 591 3204 3807 3295">
    <p class='ocr_par' dir='ltr' id='par_1_63' title="bbox 591 3204 3807 3295">
     <span class='ocr_line' id='line_1_63' title="bbox 591 3204 3807 3295; baseline 0.001 -24"><span class='ocrx_word' id='word_1_438' title='bbox 591 3217 681 3272; x_wconf 68' lang='grc'><strong>44.</strong></span> <span class='ocrx_word' id='word_1_439' title='bbox 708 3218 824 3274; x_wconf 84' lang='lat' dir='ltr'><strong>Alia</strong></span> <span class='ocrx_word' id='word_1_440' title='bbox 852 3236 1042 3277; x_wconf 91' lang='lat' dir='ltr'><strong>rursus</strong></span> <span class='ocrx_word' id='word_1_441' title='bbox 1070 3223 1189 3278; x_wconf 86' lang='lat' dir='ltr'><strong>vice</strong></span> <span class='ocrx_word' id='word_1_442' title='bbox 1226 3224 1281 3278; x_wconf 93' lang='lat' dir='ltr'><strong>in</strong></span> <span class='ocrx_word' id='word_1_443' title='bbox 1317 3225 1508 3281; x_wconf 88' lang='lat' dir='ltr'><strong>eodem</strong></span> <span class='ocrx_word' id='word_1_444' title='bbox 1553 3226 1882 3281; x_wconf 83' lang='lat' dir='ltr'><strong>monasterio</strong></span> <span class='ocrx_word' id='word_1_445' title='bbox 1921 3227 2105 3282; x_wconf 88' lang='lat' dir='ltr'><strong>venit:</strong></span> <span class='ocrx_word' id='word_1_446' title='bbox 2138 3204 2183 3267; x_wconf 60' lang='grc' dir='ltr'><strong>(ἶ</strong></span> <span class='ocrx_word' id='word_1_447' title='bbox 2217 3226 2323 3281; x_wconf 90' lang='lat' dir='ltr'><strong>tori</strong></span> <span class='ocrx_word' id='word_1_448' title='bbox 2352 3232 2411 3280; x_wconf 92' lang='lat' dir='ltr'><strong>ut</strong></span> <span class='ocrx_word' id='word_1_449' title='bbox 2432 3240 2539 3281; x_wconf 92' lang='lat' dir='ltr'><strong>non</strong></span> <span class='ocrx_word' id='word_1_450' title='bbox 2570 3224 2730 3295; x_wconf 86' lang='lat' dir='ltr'><strong>longe</strong></span> <span class='ocrx_word' id='word_1_451' title='bbox 2769 3238 2800 3277; x_wconf 92' lang='lat' dir='ltr'><strong>a</strong></span> <span class='ocrx_word' id='word_1_452' title='bbox 2844 3220 3045 3293; x_wconf 89' lang='lat' dir='ltr'><strong>palatio</strong></span> <span class='ocrx_word' id='word_1_453' title='bbox 3078 3221 3386 3290; x_wconf 84' lang='lat' dir='ltr'><strong>provideret</strong></span> <span class='ocrx_word' id='word_1_454' title='bbox 3413 3220 3589 3275; x_wconf 90' lang='lat' dir='ltr'><strong>locum</strong></span> <span class='ocrx_word' id='word_1_455' title='bbox 3620 3229 3807 3289; x_wconf 89' lang='lat' dir='ltr'><strong>aptum</strong></span> 
     </span>
    </p>
   </div>
   <div class='ocr_carea' id='block_1_64' title="bbox 525 3311 2112 3390">
    <p class='ocr_par' dir='ltr' id='par_1_64' title="bbox 525 3311 2112 3390">
     <span class='ocr_line' id='line_1_64' title="bbox 525 3311 2112 3390; baseline 0.006 -25"><span class='ocrx_word' id='word_1_456' title='bbox 525 3319 649 3381; x_wconf 91' lang='lat' dir='ltr'><strong>post</strong></span> <span class='ocrx_word' id='word_1_457' title='bbox 678 3311 894 3384; x_wconf 91' lang='lat' dir='ltr'><strong>longum</strong></span> <span class='ocrx_word' id='word_1_458' title='bbox 925 3330 1054 3371; x_wconf 91' lang='lat' dir='ltr'><strong>vero</strong></span> <span class='ocrx_word' id='word_1_459' title='bbox 1079 3316 1483 3385; x_wconf 63' lang='lat' dir='ltr'><strong>praedicationis</strong></span> <span class='ocrx_word' id='word_1_460' title='bbox 1522 3332 1824 3373; x_wconf 86' lang='lat' dir='ltr'><strong>sermonem</strong></span> <span class='ocrx_word' id='word_1_461' title='bbox 1853 3319 2112 3390; x_wconf 87' lang='lat' dir='ltr'><strong>piumque</strong></span> 
     </span>
    </p>
   </div>
   <div class='ocr_carea' id='block_1_65' title="bbox 519 3404 2113 3479">
    <p class='ocr_par' dir='ltr' id='par_1_65' title="bbox 519 3404 2113 3479">
     <span class='ocr_line' id='line_1_65' title="bbox 519 3404 2113 3479; baseline 0.004 -20"><span class='ocrx_word' id='word_1_462' title='bbox 519 3404 977 3462; x_wconf 89' lang='lat' dir='ltr'><strong>confabulationis</strong></span> <span class='ocrx_word' id='word_1_463' title='bbox 1023 3408 1337 3478; x_wconf 84' lang='lat' dir='ltr'><strong>alloquium,</strong></span> <span class='ocrx_word' id='word_1_464' title='bbox 1380 3409 1722 3464; x_wconf 89' lang='lat' dir='ltr'><strong>discessurus</strong></span> <span class='ocrx_word' id='word_1_465' title='bbox 1765 3410 1913 3479; x_wconf 90' lang='lat' dir='ltr'><strong>pacis</strong></span> <span class='ocrx_word' id='word_1_466' title='bbox 1954 3425 2113 3466; x_wconf 87' lang='lat' dir='ltr'><strong>oscu-</strong></span> 
     </span>
    </p>
   </div>
   <div class='ocr_carea' id='block_1_66' title="bbox 523 3498 2113 3571">
    <p class='ocr_par' dir='ltr' id='par_1_66' title="bbox 523 3498 2113 3571">
     <span class='ocr_line' id='line_1_66' title="bbox 523 3498 2113 3571; baseline 0.006 -20"><span class='ocrx_word' id='word_1_467' title='bbox 523 3498 629 3553; x_wconf 92' lang='lat' dir='ltr'><strong>lum</strong></span> <span class='ocrx_word' id='word_1_468' title='bbox 674 3498 934 3555; x_wconf 86' lang='lat' dir='ltr'><strong>fratribus</strong></span> <span class='ocrx_word' id='word_1_469' title='bbox 968 3501 1191 3571; x_wconf 67' lang='lat' dir='ltr'><strong>praebet.</strong></span> <span class='ocrx_word' id='word_1_470' title='bbox 1243 3501 1475 3569; x_wconf 80' lang='lat' dir='ltr'><strong>Quidam</strong></span> <span class='ocrx_word' id='word_1_471' title='bbox 1524 3513 1705 3558; x_wconf 90' lang='lat' dir='ltr'><strong>autem</strong></span> <span class='ocrx_word' id='word_1_472' title='bbox 1754 3502 1925 3559; x_wconf 88' lang='lat' dir='ltr'><strong>frater</strong></span> <span class='ocrx_word' id='word_1_473' title='bbox 1971 3504 2113 3560; x_wconf 89' lang='lat' dir='ltr'><strong>inter</strong></span> 
     </span>
    </p>
   </div>
   <div class='ocr_carea' id='block_1_67' title="bbox 520 3590 2112 3665">
    <p class='ocr_par' dir='ltr' id='par_1_67' title="bbox 520 3590 2112 3665">
     <span class='ocr_line' id='line_1_67' title="bbox 520 3590 2112 3665; baseline 0.004 -22"><span class='ocrx_word' id='word_1_474' title='bbox 520 3590 653 3655; x_wconf 84' lang='lat' dir='ltr'><strong>alios</strong></span> <span class='ocrx_word' id='word_1_475' title='bbox 697 3591 1039 3647; x_wconf 88' lang='lat' dir='ltr'><strong>osculaturus</strong></span> <span class='ocrx_word' id='word_1_476' title='bbox 1087 3593 1317 3648; x_wconf 86' lang='lat' dir='ltr'><strong>accessit</strong></span> <span class='ocrx_word' id='word_1_477' title='bbox 1356 3611 1370 3649; x_wconf 87' lang='lat'><strong>:</strong></span> <span class='ocrx_word' id='word_1_478' title='bbox 1421 3611 1529 3665; x_wconf 93' lang='lat' dir='ltr'><strong>quo</strong></span> <span class='ocrx_word' id='word_1_479' title='bbox 1572 3603 1858 3665; x_wconf 90' lang='lat' dir='ltr'><strong>perspecto</strong></span> <span class='ocrx_word' id='word_1_480' title='bbox 1891 3595 1976 3649; x_wconf 91' lang='lat' dir='ltr'><strong>vir</strong></span> <span class='ocrx_word' id='word_1_481' title='bbox 2013 3594 2112 3651; x_wconf 92' lang='lat' dir='ltr'><strong>Dei</strong></span> 
     </span>
    </p>
   </div>
   <div class='ocr_carea' id='block_1_68' title="bbox 521 3682 2114 3759">
    <p class='ocr_par' dir='ltr' id='par_1_68' title="bbox 521 3682 2114 3759">
     <span class='ocr_line' id='line_1_68' title="bbox 521 3682 2114 3759; baseline 0.006 -24"><span class='ocrx_word' id='word_1_482' title='bbox 521 3682 769 3751; x_wconf 90' lang='lat' dir='ltr'><strong>protinus</strong></span> <span class='ocrx_word' id='word_1_483' title='bbox 795 3684 1056 3748; x_wconf 90' lang='lat' dir='ltr'><strong>substitit,</strong></span> <span class='ocrx_word' id='word_1_484' title='bbox 1087 3686 1345 3756; x_wconf 86' lang='lat' dir='ltr'><strong>pacisque</strong></span> <span class='ocrx_word' id='word_1_485' title='bbox 1373 3687 1617 3742; x_wconf 89' lang='lat' dir='ltr'><strong>osculum</strong></span> <span class='ocrx_word' id='word_1_486' title='bbox 1645 3687 1918 3758; x_wconf 87' lang='lat' dir='ltr'><strong>paululum</strong></span> <span class='ocrx_word' id='word_1_487' title='bbox 1951 3703 2114 3759; x_wconf 83' lang='lat' dir='ltr'><strong>nega-</strong></span> 
     </span>
    </p>
   </div>
   <div class='ocr_carea' id='block_1_69' title="bbox 517 3772 2113 3850">
    <p class='ocr_par' dir='ltr' id='par_1_69' title="bbox 517 3772 2113 3850">
     <span class='ocr_line' id='line_1_69' title="bbox 517 3772 2113 3850; baseline 0.007 -24"><span class='ocrx_word' id='word_1_488' title='bbox 517 3772 629 3827; x_wconf 89' lang='lat' dir='ltr'><strong>vit:</strong></span> <span class='ocrx_word' id='word_1_489' title='bbox 658 3783 780 3843; x_wconf 89' lang='lat' dir='ltr'><strong>post</strong></span> <span class='ocrx_word' id='word_1_490' title='bbox 801 3774 1232 3845; x_wconf 89' lang='lat' dir='ltr'><strong>increpationem</strong></span> <span class='ocrx_word' id='word_1_491' title='bbox 1256 3793 1381 3833; x_wconf 92' lang='lat' dir='ltr'><strong>vero</strong></span> <span class='ocrx_word' id='word_1_492' title='bbox 1405 3794 1699 3850; x_wconf 91' lang='lat' dir='ltr'><strong>congruam</strong></span> <span class='ocrx_word' id='word_1_493' title='bbox 1725 3781 1882 3836; x_wconf 90' lang='lat' dir='ltr'><strong>nobis</strong></span> <span class='ocrx_word' id='word_1_494' title='bbox 1908 3781 2113 3836; x_wconf 88' lang='lat' dir='ltr'><strong>miran-</strong></span> 
     </span>
    </p>
   </div>
   <div class='ocr_carea' id='block_1_70' title="bbox 518 3865 2111 3945">
    <p class='ocr_par' dir='ltr' id='par_1_70' title="bbox 518 3865 2111 3945">
     <span class='ocr_line' id='line_1_70' title="bbox 518 3865 2111 3945; baseline 0.008 -27"><span class='ocrx_word' id='word_1_495' title='bbox 518 3865 661 3920; x_wconf 88' lang='lat' dir='ltr'><strong>tibus</strong></span> <span class='ocrx_word' id='word_1_496' title='bbox 692 3866 918 3923; x_wconf 89' lang='lat' dir='ltr'><strong>fratrem</strong></span> <span class='ocrx_word' id='word_1_497' title='bbox 948 3869 1291 3926; x_wconf 89' lang='lat' dir='ltr'><strong>deosculatus</strong></span> <span class='ocrx_word' id='word_1_498' title='bbox 1319 3881 1420 3926; x_wconf 92' lang='lat' dir='ltr'><strong>est.</strong></span> <span class='ocrx_word' id='word_1_499' title='bbox 1447 3872 1579 3927; x_wconf 88' lang='lat' dir='ltr'><strong>Post</strong></span> <span class='ocrx_word' id='word_1_500' title='bbox 1608 3873 1754 3929; x_wconf 87' lang='lat' dir='ltr'><strong>hunc</strong></span> <span class='ocrx_word' id='word_1_501' title='bbox 1783 3890 1997 3945; x_wconf 92' lang='lat' dir='ltr'><strong>quoque</strong></span> <span class='ocrx_word' id='word_1_502' title='bbox 2023 3876 2111 3930; x_wconf 91' lang='lat' dir='ltr'><strong>in-</strong></span> 
     </span>
    </p>
   </div>
   <div class='ocr_carea' id='block_1_71' title="bbox 520 3957 2113 4032">
    <p class='ocr_par' dir='ltr' id='par_1_71' title="bbox 520 3957 2113 4032">
     <span class='ocr_line' id='line_1_71' title="bbox 520 3957 2113 4032; baseline 0.008 -21"><span class='ocrx_word' id='word_1_503' title='bbox 520 3965 603 4011; x_wconf 89' lang='lat' dir='ltr'><strong>ter</strong></span> <span class='ocrx_word' id='word_1_504' title='bbox 643 3957 777 4012; x_wconf 88' lang='lat' dir='ltr'><strong>alios</strong></span> <span class='ocrx_word' id='word_1_505' title='bbox 805 3959 943 4013; x_wconf 88' lang='lat' dir='ltr'><strong>alter</strong></span> <span class='ocrx_word' id='word_1_506' title='bbox 973 3960 1143 4015; x_wconf 87' lang='lat' dir='ltr'><strong>adfuit</strong></span> <span class='ocrx_word' id='word_1_507' title='bbox 1181 3961 1373 4030; x_wconf 92' lang='lat' dir='ltr'><strong>frater,</strong></span> <span class='ocrx_word' id='word_1_508' title='bbox 1414 3964 1499 4018; x_wconf 93' lang='lat' dir='ltr'><strong>cui</strong></span> <span class='ocrx_word' id='word_1_509' title='bbox 1537 3964 1785 4019; x_wconf 89' lang='lat' dir='ltr'><strong>similiter</strong></span> <span class='ocrx_word' id='word_1_510' title='bbox 1810 3964 1966 4032; x_wconf 87' lang='lat' dir='ltr'><strong>fecit;</strong></span> <span class='ocrx_word' id='word_1_511' title='bbox 1995 3975 2113 4023; x_wconf 89' lang='lat' dir='ltr'><strong>tum</strong></span> 
     </span>
    </p>
   </div>
   <div class='ocr_carea' id='block_1_72' title="bbox 519 4049 2112 4127">
    <p class='ocr_par' dir='ltr' id='par_1_72' title="bbox 519 4049 2112 4127">
     <span class='ocr_line' id='line_1_72' title="bbox 519 4049 2112 4127; baseline 0.006 -24"><span class='ocrx_word' id='word_1_512' title='bbox 519 4049 734 4103; x_wconf 88' lang='lat' dir='ltr'><strong>demum</strong></span> <span class='ocrx_word' id='word_1_513' title='bbox 762 4049 1010 4105; x_wconf 92' lang='lat' dir='ltr'><strong>ultimum</strong></span> <span class='ocrx_word' id='word_1_514' title='bbox 1041 4053 1161 4127; x_wconf 87' lang='lat' dir='ltr'><strong>vale</strong></span> <span class='ocrx_word' id='word_1_515' title='bbox 1197 4053 1385 4109; x_wconf 91' lang='lat' dir='ltr'><strong>dicens</strong></span> <span class='ocrx_word' id='word_1_516' title='bbox 1417 4054 1674 4110; x_wconf 88' lang='lat' dir='ltr'><strong>fratribus</strong></span> <span class='ocrx_word' id='word_1_517' title='bbox 1711 4055 1865 4111; x_wconf 90' lang='lat' dir='ltr'><strong>abiit.</strong></span> <span class='ocrx_word' id='word_1_518' title='bbox 1897 4056 1991 4111; x_wconf 91' lang='lat' dir='ltr'><strong>Illo</strong></span> <span class='ocrx_word' id='word_1_519' title='bbox 2019 4073 2112 4112; x_wconf 90' lang='lat' dir='ltr'><strong>au-</strong></span> 
     </span>
    </p>
   </div>
   <div class='ocr_carea' id='block_1_73' title="bbox 520 4140 2110 4218">
    <p class='ocr_par' dir='ltr' id='par_1_73' title="bbox 520 4140 2110 4218">
     <span class='ocr_line' id='line_1_73' title="bbox 520 4140 2110 4218; baseline 0.008 -26"><span class='ocrx_word' id='word_1_520' title='bbox 520 4147 627 4193; x_wconf 84' lang='lat' dir='ltr'><strong>tem</strong></span> <span class='ocrx_word' id='word_1_521' title='bbox 671 4140 903 4195; x_wconf 91' lang='lat' dir='ltr'><strong>abeunte</strong></span> <span class='ocrx_word' id='word_1_522' title='bbox 949 4143 1001 4196; x_wconf 93' lang='lat' dir='ltr'><strong>in</strong></span> <span class='ocrx_word' id='word_1_523' title='bbox 1056 4146 1295 4199; x_wconf 91' lang='lat' dir='ltr'><strong>crastino</strong></span> <span class='ocrx_word' id='word_1_524' title='bbox 1341 4154 1679 4217; x_wconf 90' lang='lat' dir='ltr'><strong>compertum</strong></span> <span class='ocrx_word' id='word_1_525' title='bbox 1724 4156 1807 4204; x_wconf 91' lang='lat' dir='ltr'><strong>est</strong></span> <span class='ocrx_word' id='word_1_526' title='bbox 1854 4150 2110 4218; x_wconf 90' lang='lat' dir='ltr'><strong>quoniam</strong></span> 
     </span>
    </p>
   </div>
   <div class='ocr_carea' id='block_1_74' title="bbox 519 4230 2112 4309">
    <p class='ocr_par' dir='ltr' id='par_1_74' title="bbox 519 4230 2112 4309">
     <span class='ocr_line' id='line_1_74' title="bbox 519 4230 2112 4309; baseline 0.008 -26"><span class='ocrx_word' id='word_1_527' title='bbox 519 4230 720 4287; x_wconf 86' lang='lat' dir='ltr'><strong>fratres</strong></span> <span class='ocrx_word' id='word_1_528' title='bbox 777 4232 849 4287; x_wconf 88' lang='lat' dir='ltr'><strong>illi</strong></span> <span class='ocrx_word' id='word_1_529' title='bbox 900 4232 1080 4306; x_wconf 87' lang='lat' dir='ltr'><strong>fugam</strong></span> <span class='ocrx_word' id='word_1_530' title='bbox 1116 4237 1358 4308; x_wconf 89' lang='lat' dir='ltr'><strong>arripere</strong></span> <span class='ocrx_word' id='word_1_531' title='bbox 1405 4239 1801 4309; x_wconf 90' lang='lat' dir='ltr'><strong>disposuerant.</strong></span> <span class='ocrx_word' id='word_1_532' title='bbox 1843 4240 2112 4296; x_wconf 79' lang='lat' dir='ltr'><strong>Intellexi-</strong></span> 
     </span>
    </p>
   </div>
   <div class='ocr_carea' id='block_1_75' title="bbox 518 4326 2111 4398">
    <p class='ocr_par' dir='ltr' id='par_1_75' title="bbox 518 4326 2111 4398">
     <span class='ocr_line' id='line_1_75' title="bbox 518 4326 2111 4398; baseline 0.008 -21"><span class='ocrx_word' id='word_1_533' title='bbox 518 4339 639 4378; x_wconf 90' lang='lat' dir='ltr'><strong>mus</strong></span> <span class='ocrx_word' id='word_1_534' title='bbox 687 4332 816 4379; x_wconf 91' lang='lat' dir='ltr'><strong>tunc</strong></span> <span class='ocrx_word' id='word_1_535' title='bbox 854 4326 1108 4394; x_wconf 87' lang='lat' dir='ltr'><strong>quoniam</strong></span> <span class='ocrx_word' id='word_1_536' title='bbox 1155 4329 1223 4383; x_wconf 92' lang='lat' dir='ltr'><strong>ob</strong></span> <span class='ocrx_word' id='word_1_537' title='bbox 1268 4329 1409 4385; x_wconf 87' lang='lat' dir='ltr'><strong>hanc</strong></span> <span class='ocrx_word' id='word_1_538' title='bbox 1438 4346 1657 4385; x_wconf 89' lang='lat' dir='ltr'><strong>causam</strong></span> <span class='ocrx_word' id='word_1_539' title='bbox 1689 4346 1805 4398; x_wconf 90' lang='lat' dir='ltr'><strong>eos,</strong></span> <span class='ocrx_word' id='word_1_540' title='bbox 1836 4331 2111 4389; x_wconf 89' lang='lat' dir='ltr'><strong>revelante</strong></span> 
     </span>
    </p>
   </div>
   <div class='ocr_carea' id='block_1_76' title="bbox 515 4416 2111 4488">
    <p class='ocr_par' dir='ltr' id='par_1_76' title="bbox 515 4416 2111 4488">
     <span class='ocr_line' id='line_1_76' title="bbox 515 4416 2111 4488; baseline 0.004 -15"><span class='ocrx_word' id='word_1_541' title='bbox 515 4417 618 4473; x_wconf 87' lang='lat' dir='ltr'><strong>sibi</strong></span> <span class='ocrx_word' id='word_1_542' title='bbox 649 4425 837 4472; x_wconf 89' lang='lat' dir='ltr'><strong>sancto</strong></span> <span class='ocrx_word' id='word_1_543' title='bbox 877 4416 1106 4488; x_wconf 90' lang='lat' dir='ltr'><strong>Spiritu,</strong></span> <span class='ocrx_word' id='word_1_544' title='bbox 1153 4422 1476 4477; x_wconf 86' lang='lat' dir='ltr'><strong>venerabilis</strong></span> <span class='ocrx_word' id='word_1_545' title='bbox 1515 4423 1681 4478; x_wconf 90' lang='lat' dir='ltr'><strong>abbas</strong></span> <span class='ocrx_word' id='word_1_546' title='bbox 1725 4425 1960 4479; x_wconf 89' lang='lat' dir='ltr'><strong>osculari</strong></span> <span class='ocrx_word' id='word_1_547' title='bbox 1999 4434 2111 4479; x_wconf 85' lang='lat' dir='ltr'><strong>tar-</strong></span> 
     </span>
    </p>
   </div>
   <div class='ocr_carea' id='block_1_77' title="bbox 514 4507 2107 4586">
    <p class='ocr_par' dir='ltr' id='par_1_77' title="bbox 514 4507 2107 4586">
     <span class='ocr_line' id='line_1_77' title="bbox 514 4507 2107 4586; baseline 0.006 -24"><span class='ocrx_word' id='word_1_548' title='bbox 514 4507 699 4573; x_wconf 90' lang='lat' dir='ltr'><strong>dabat,</strong></span> <span class='ocrx_word' id='word_1_549' title='bbox 726 4523 953 4577; x_wconf 91' lang='lat' dir='ltr'><strong>quorum</strong></span> <span class='ocrx_word' id='word_1_550' title='bbox 992 4526 1308 4580; x_wconf 89' lang='lat' dir='ltr'><strong>perversam</strong></span> <span class='ocrx_word' id='word_1_551' title='bbox 1350 4511 1702 4580; x_wconf 85' lang='lat' dir='ltr'><strong>voluntatem,</strong></span> <span class='ocrx_word' id='word_1_552' title='bbox 1726 4516 1829 4570; x_wconf 90' lang='lat' dir='ltr'><strong>etsi</strong></span> <span class='ocrx_word' id='word_1_553' title='bbox 1861 4531 1967 4570; x_wconf 93' lang='lat' dir='ltr'><strong>non</strong></span> <span class='ocrx_word' id='word_1_554' title='bbox 2009 4532 2107 4586; x_wconf 87' lang='lat' dir='ltr'><strong>pa-</strong></span> 
     </span>
    </p>
   </div>
   <div class='ocr_carea' id='block_1_78' title="bbox 516 4600 2104 4666">
    <p class='ocr_par' dir='ltr' id='par_1_78' title="bbox 516 4600 2104 4666">
     <span class='ocr_line' id='line_1_78' title="bbox 516 4600 2104 4666; baseline 0.007 -15"><span class='ocrx_word' id='word_1_555' title='bbox 516 4606 694 4653; x_wconf 89' lang='lat' dir='ltr'><strong>tenter</strong></span> <span class='ocrx_word' id='word_1_556' title='bbox 719 4600 974 4666; x_wconf 90' lang='lat' dir='ltr'><strong>ostendit,</strong></span> <span class='ocrx_word' id='word_1_557' title='bbox 1003 4603 1247 4659; x_wconf 86' lang='lat' dir='ltr'><strong>turhatas</strong></span> <span class='ocrx_word' id='word_1_558' title='bbox 1272 4612 1451 4660; x_wconf 92' lang='lat' dir='ltr'><strong>tamen</strong></span> <span class='ocrx_word' id='word_1_559' title='bbox 1484 4606 1841 4662; x_wconf 88' lang='lat' dir='ltr'><strong>conscientias</strong></span> <span class='ocrx_word' id='word_1_560' title='bbox 1871 4607 2104 4663; x_wconf 83' lang='lat' dir='ltr'><strong>salubri-</strong></span> 
     </span>
    </p>
   </div>
   <div class='ocr_carea' id='block_1_79' title="bbox 514 4691 941 4761">
    <p class='ocr_par' dir='ltr' id='par_1_79' title="bbox 514 4691 941 4761">
     <span class='ocr_line' id='line_1_79' title="bbox 514 4691 941 4761; baseline 0.005 -16"><span class='ocrx_word' id='word_1_561' title='bbox 514 4700 601 4746; x_wconf 90' lang='lat' dir='ltr'><strong>ter</strong></span> <span class='ocrx_word' id='word_1_562' title='bbox 626 4691 941 4761; x_wconf 88' lang='lat' dir='ltr'><strong>increpavit.</strong></span> 
     </span>
    </p>
   </div>
   <div class='ocr_carea' id='block_1_80' title="bbox 584 4781 2105 4861">
    <p class='ocr_par' dir='ltr' id='par_1_80' title="bbox 584 4781 2105 4861">
     <span class='ocr_line' id='line_1_80' title="bbox 584 4781 2105 4861; baseline 0.007 -25"><span class='ocrx_word' id='word_1_563' title='bbox 584 4781 674 4837; x_wconf 73' lang='grc'><strong>45.</strong></span> <span class='ocrx_word' id='word_1_564' title='bbox 705 4782 862 4838; x_wconf 79' lang='lat' dir='ltr'><strong>Aliud</strong></span> <span class='ocrx_word' id='word_1_565' title='bbox 885 4785 1101 4840; x_wconf 91' lang='lat' dir='ltr'><strong>demum</strong></span> <span class='ocrx_word' id='word_1_566' title='bbox 1131 4786 1210 4842; x_wconf 90' lang='lat' dir='ltr'><strong>illi</strong></span> <span class='ocrx_word' id='word_1_567' title='bbox 1253 4790 1643 4845; x_wconf 91' lang='lat' dir='ltr'><strong>monasterium</strong></span> <span class='ocrx_word' id='word_1_568' title='bbox 1684 4790 2105 4861; x_wconf 88' lang='lat' dir='ltr'><strong>gloriosissimus</strong></span> 
     </span>
    </p>
   </div>
   <div class='ocr_carea' id='block_1_81' title="bbox 512 4872 2106 4950">
    <p class='ocr_par' dir='ltr' id='par_1_81' title="bbox 512 4872 2106 4950">
     <span class='ocr_line' id='line_1_81' title="bbox 512 4872 2106 4950; baseline 0.008 -23"><span class='ocrx_word' id='word_1_569' title='bbox 512 4889 609 4928; x_wconf 82' lang='lat' dir='ltr'><strong>rex</strong></span> <span class='ocrx_word' id='word_1_570' title='bbox 632 4872 797 4938; x_wconf 91' lang='lat' dir='ltr'><strong>dedit,</strong></span> <span class='ocrx_word' id='word_1_571' title='bbox 826 4875 914 4928; x_wconf 86' lang='lat' dir='ltr'><strong>ubi</strong></span> <span class='ocrx_word' id='word_1_572' title='bbox 939 4874 1021 4946; x_wconf 91' lang='lat' dir='ltr'><strong>(ut</strong></span> <span class='ocrx_word' id='word_1_573' title='bbox 1044 4877 1187 4950; x_wconf 91' lang='lat' dir='ltr'><strong>reor)</strong></span> <span class='ocrx_word' id='word_1_574' title='bbox 1209 4878 1403 4946; x_wconf 89' lang='lat' dir='ltr'><strong>viginti</strong></span> <span class='ocrx_word' id='word_1_575' title='bbox 1433 4883 1728 4937; x_wconf 92' lang='lat' dir='ltr'><strong>monachos</strong></span> <span class='ocrx_word' id='word_1_576' title='bbox 1752 4883 1921 4950; x_wconf 91' lang='lat' dir='ltr'><strong>misit,</strong></span> <span class='ocrx_word' id='word_1_577' title='bbox 1942 4883 2106 4938; x_wconf 89' lang='lat' dir='ltr'><strong>abba-</strong></span> 
     </span>
    </p>
   </div>
   <div class='ocr_carea' id='block_1_82' title="bbox 515 4967 2104 5037">
    <p class='ocr_par' dir='ltr' id='par_1_82' title="bbox 515 4967 2104 5037">
     <span class='ocr_line' id='line_1_82' title="bbox 515 4967 2104 5037; baseline 0.005 -14"><span class='ocrx_word' id='word_1_578' title='bbox 515 4975 730 5037; x_wconf 88' lang='lat' dir='ltr'><strong>temque</strong></span> <span class='ocrx_word' id='word_1_579' title='bbox 760 4967 864 5023; x_wconf 91' lang='lat' dir='ltr'><strong>illis</strong></span> <span class='ocrx_word' id='word_1_580' title='bbox 889 4971 1189 5024; x_wconf 90' lang='lat' dir='ltr'><strong>constituit.</strong></span> <span class='ocrx_word' id='word_1_581' title='bbox 1222 4970 1398 5026; x_wconf 91' lang='lat' dir='ltr'><strong>Situm</strong></span> <span class='ocrx_word' id='word_1_582' title='bbox 1435 4988 1565 5029; x_wconf 91' lang='lat' dir='ltr'><strong>vero</strong></span> <span class='ocrx_word' id='word_1_583' title='bbox 1598 4983 1683 5030; x_wconf 92' lang='lat' dir='ltr'><strong>est</strong></span> <span class='ocrx_word' id='word_1_584' title='bbox 1716 4976 2104 5031; x_wconf 91' lang='lat' dir='ltr'><strong>monasterium</strong></span> 
     </span>
    </p>
   </div>
   <div class='ocr_carea' id='block_1_83' title="bbox 515 5056 2099 5127">
    <p class='ocr_par' dir='ltr' id='par_1_83' title="bbox 515 5056 2099 5127">
     <span class='ocr_line' id='line_1_83' title="bbox 515 5056 2099 5127; baseline 0.008 -18"><span class='ocrx_word' id='word_1_585' title='bbox 515 5056 643 5111; x_wconf 92' lang='lat' dir='ltr'><strong>illud</strong></span> <span class='ocrx_word' id='word_1_586' title='bbox 672 5057 727 5111; x_wconf 92' lang='lat' dir='ltr'><strong>in</strong></span> <span class='ocrx_word' id='word_1_587' title='bbox 764 5058 1044 5114; x_wconf 86' lang='lat' dir='ltr'><strong>territorio</strong></span> <span class='ocrx_word' id='word_1_588' title='bbox 1077 5060 1415 5127; x_wconf 88' lang='lat' dir='ltr'><strong>Pictavense,</strong></span> <span class='ocrx_word' id='word_1_589' title='bbox 1459 5070 1514 5117; x_wconf 92' lang='lat' dir='ltr'><strong>et</strong></span> <span class='ocrx_word' id='word_1_590' title='bbox 1564 5063 1869 5119; x_wconf 89' lang='lat' dir='ltr'><strong>dedicatum</strong></span> <span class='ocrx_word' id='word_1_591' title='bbox 1900 5065 1955 5120; x_wconf 93' lang='lat' dir='ltr'><strong>in</strong></span> <span class='ocrx_word' id='word_1_592' title='bbox 1997 5066 2099 5121; x_wconf 80' lang='lat' dir='ltr'><strong>lio-</strong></span> 
     </span>
    </p>
   </div>
   <div class='ocr_carea' id='block_1_84' title="bbox 514 5145 2103 5223">
    <p class='ocr_par' dir='ltr' id='par_1_84' title="bbox 514 5145 2103 5223">
     <span class='ocr_line' id='line_1_84' title="bbox 514 5145 2103 5223; baseline 0.009 -24"><span class='ocrx_word' id='word_1_593' title='bbox 514 5162 646 5201; x_wconf 90' lang='lat' dir='ltr'><strong>nore</strong></span> <span class='ocrx_word' id='word_1_594' title='bbox 688 5145 864 5204; x_wconf 74' lang='lat' dir='ltr'><strong>sancti</strong></span> <span class='ocrx_word' id='word_1_595' title='bbox 891 5148 1073 5204; x_wconf 87' lang='lat' dir='ltr'><strong>Savini</strong></span> <span class='ocrx_word' id='word_1_596' title='bbox 1106 5151 1155 5217; x_wconf 76' lang='grc' dir='ltr'><strong>ι),</strong></span> <span class='ocrx_word' id='word_1_597' title='bbox 1198 5152 1253 5205; x_wconf 94' lang='lat' dir='ltr'><strong>in</strong></span> <span class='ocrx_word' id='word_1_598' title='bbox 1281 5167 1389 5221; x_wconf 91' lang='lat' dir='ltr'><strong>quo</strong></span> <span class='ocrx_word' id='word_1_599' title='bbox 1432 5154 1595 5223; x_wconf 90' lang='lat' dir='ltr'><strong>positi</strong></span> <span class='ocrx_word' id='word_1_600' title='bbox 1640 5153 1860 5223; x_wconf 79' lang='lat' dir='ltr'><strong>fratres,</strong></span> <span class='ocrx_word' id='word_1_601' title='bbox 1886 5157 2013 5211; x_wconf 89' lang='lat' dir='ltr'><strong>dum</strong></span> <span class='ocrx_word' id='word_1_602' title='bbox 2046 5157 2103 5213; x_wconf 91' lang='lat' dir='ltr'><strong>in</strong></span> 
     </span>
    </p>
   </div>
   <div class='ocr_carea' id='block_1_85' title="bbox 516 5239 2116 5316">
    <p class='ocr_par' dir='ltr' id='par_1_85' title="bbox 516 5239 2116 5316">
     <span class='ocr_line' id='line_1_85' title="bbox 516 5239 2116 5316; baseline 0.008 -25"><span class='ocrx_word' id='word_1_603' title='bbox 516 5239 621 5307; x_wconf 90' lang='lat' dir='ltr'><strong>piis</strong></span> <span class='ocrx_word' id='word_1_604' title='bbox 643 5241 835 5297; x_wconf 88' lang='lat' dir='ltr'><strong>studiis</strong></span> <span class='ocrx_word' id='word_1_605' title='bbox 859 5242 1084 5313; x_wconf 87' lang='lat' dir='ltr'><strong>vigilant</strong></span> <span class='ocrx_word' id='word_1_606' title='bbox 1111 5243 1508 5316; x_wconf 91' lang='lat' dir='ltr'><strong>desudantqne,</strong></span> <span class='ocrx_word' id='word_1_607' title='bbox 1535 5248 1690 5303; x_wconf 88' lang='lat' dir='ltr'><strong>turba</strong></span> <span class='ocrx_word' id='word_1_608' title='bbox 1710 5247 2116 5304; x_wconf 74' lang='lat' dir='ltr'><strong>monachorum’</strong></span> 
     </span>
    </p>
   </div>
   <div class='ocr_carea' id='block_1_86' title="bbox 516 5334 2105 5406">
    <p class='ocr_par' dir='ltr' id='par_1_86' title="bbox 516 5334 2105 5406">
     <span class='ocr_line' id='line_1_86' title="bbox 516 5334 2105 5406; baseline 0.006 -20"><span class='ocrx_word' id='word_1_609' title='bbox 516 5346 625 5386; x_wconf 92' lang='lat' dir='ltr'><strong>non</strong></span> <span class='ocrx_word' id='word_1_610' title='bbox 656 5347 818 5401; x_wconf 88' lang='lat' dir='ltr'><strong>parva</strong></span> <span class='ocrx_word' id='word_1_611' title='bbox 865 5336 944 5390; x_wconf 91' lang='lat' dir='ltr'><strong>eis</strong></span> <span class='ocrx_word' id='word_1_612' title='bbox 973 5334 1302 5406; x_wconf 88' lang='lat' dir='ltr'><strong>adjungitur.</strong></span> <span class='ocrx_word' id='word_1_613' title='bbox 1346 5337 1557 5394; x_wconf 84' lang='lat' dir='ltr'><strong>Rursus</strong></span> <span class='ocrx_word' id='word_1_614' title='bbox 1591 5340 1640 5393; x_wconf 90' lang='lat' dir='ltr'><strong>ei</strong></span> <span class='ocrx_word' id='word_1_615' title='bbox 1691 5340 1836 5394; x_wconf 90' lang='lat' dir='ltr'><strong>aliud</strong></span> <span class='ocrx_word' id='word_1_616' title='bbox 1875 5339 2105 5395; x_wconf 90' lang='lat' dir='ltr'><strong>contulit</strong></span> 
     </span>
    </p>
   </div>
   <div class='ocr_carea' id='block_1_87' title="bbox 515 5424 2101 5496">
    <p class='ocr_par' dir='ltr' id='par_1_87' title="bbox 515 5424 2101 5496">
     <span class='ocr_line' id='line_1_87' title="bbox 515 5424 2101 5496; baseline 0.008 -20"><span class='ocrx_word' id='word_1_617' title='bbox 515 5424 923 5492; x_wconf 86' lang='lat' dir='ltr'><strong>monasterium,</strong></span> <span class='ocrx_word' id='word_1_618' title='bbox 954 5427 1098 5496; x_wconf 90' lang='lat' dir='ltr'><strong>quod</strong></span> <span class='ocrx_word' id='word_1_619' title='bbox 1146 5438 1230 5484; x_wconf 88' lang='lat' dir='ltr'><strong>est</strong></span> <span class='ocrx_word' id='word_1_620' title='bbox 1257 5430 1313 5484; x_wconf 90' lang='lat' dir='ltr'><strong>in</strong></span> <span class='ocrx_word' id='word_1_621' title='bbox 1360 5430 1634 5487; x_wconf 87' lang='lat' dir='ltr'><strong>territorio</strong></span> <span class='ocrx_word' id='word_1_622' title='bbox 1673 5431 1993 5487; x_wconf 91' lang='lat' dir='ltr'><strong>Bituricensi</strong></span> <span class='ocrx_word' id='word_1_623' title='bbox 2025 5432 2101 5488; x_wconf 90' lang='lat' dir='ltr'><strong>si-</strong></span> 
     </span>
    </p>
   </div>
   <div class='ocr_carea' id='block_1_88' title="bbox 517 5514 2101 5593">
    <p class='ocr_par' dir='ltr' id='par_1_88' title="bbox 517 5514 2101 5593">
     <span class='ocr_line' id='line_1_88' title="bbox 517 5514 2101 5593; baseline 0.008 -26"><span class='ocrx_word' id='word_1_624' title='bbox 517 5522 656 5579; x_wconf 93' lang='lat' dir='ltr'><strong>tum,</strong></span> <span class='ocrx_word' id='word_1_625' title='bbox 708 5514 902 5587; x_wconf 90' lang='lat' dir='ltr'><strong>illoque</strong></span> <span class='ocrx_word' id='word_1_626' title='bbox 943 5520 1301 5592; x_wconf 74' lang='lat' dir='ltr'><strong>quadraginta</strong></span> <span class='ocrx_word' id='word_1_627' title='bbox 1350 5519 1519 5576; x_wconf 89' lang='lat' dir='ltr'><strong>ferme</strong></span> <span class='ocrx_word' id='word_1_628' title='bbox 1561 5521 1745 5593; x_wconf 88' lang='lat' dir='ltr'><strong>posuit</strong></span> <span class='ocrx_word' id='word_1_629' title='bbox 1782 5524 2101 5592; x_wconf 89' lang='lat' dir='ltr'><strong>monachos,</strong></span> 
     </span>
    </p>
   </div>
   <div class='ocr_carea' id='block_1_89' title="bbox 588 5648 2099 5730">
    <p class='ocr_par' dir='ltr' id='par_1_89' title="bbox 588 5648 2099 5730">
     <span class='ocr_line' id='line_1_89' title="bbox 588 5648 2099 5730; baseline 0.009 -27"><span class='ocrx_word' id='word_1_630' title='bbox 588 5662 610 5730; x_wconf 62' lang='grc' dir='ltr'><strong>ιξ</strong></span> <span class='ocrx_word' id='word_1_631' title='bbox 643 5649 779 5704; x_wconf 82' lang='lat' dir='ltr'><strong>Male</strong></span> <span class='ocrx_word' id='word_1_632' title='bbox 807 5652 857 5730; x_wconf 82' lang='lat' dir='ltr'><strong>in</strong></span> <span class='ocrx_word' id='word_1_633' title='bbox 881 5655 1039 5730; x_wconf 61' lang='lat' dir='ltr'><strong>editis</strong></span> <span class='ocrx_word' id='word_1_634' title='bbox 1061 5657 1288 5730; x_wconf 77' lang='lat' dir='ltr'><strong>rusculo.</strong></span> <span class='ocrx_word' id='word_1_635' title='bbox 1337 5648 1452 5712; x_wconf 78' lang='lat' dir='ltr'><strong>Dux</strong></span> <span class='ocrx_word' id='word_1_636' title='bbox 1486 5659 1628 5714; x_wconf 93' lang='lat' dir='ltr'><strong>enim</strong></span> <span class='ocrx_word' id='word_1_637' title='bbox 1661 5660 1775 5713; x_wconf 88' lang='lat' dir='ltr'><strong>sive</strong></span> <span class='ocrx_word' id='word_1_638' title='bbox 1803 5659 2099 5730; x_wconf 91' lang='lat' dir='ltr'><strong>duciculus,</strong></span> 
     </span>
    </p>
   </div>
   <div class='ocr_carea' id='block_1_90' title="bbox 520 5720 1645 5791">
    <p class='ocr_par' dir='ltr' id='par_1_90' title="bbox 520 5720 1645 5791">
     <span class='ocr_line' id='line_1_90' title="bbox 520 5720 1645 5791; baseline 0.01 -19"><span class='ocrx_word' id='word_1_639' title='bbox 520 5720 677 5791; x_wconf 73' lang='lat' dir='ltr'><strong>vulgo</strong></span> <span class='ocrx_word' id='word_1_640' title='bbox 704 5739 773 5776; x_wconf 84' lang='lat' dir='ltr'><strong>un</strong></span> <span class='ocrx_word' id='word_1_641' title='bbox 799 5724 988 5790; x_wconf 68' lang='grc' dir='ltr'><strong>ὀπήδει,</strong></span> <span class='ocrx_word' id='word_1_642' title='bbox 1024 5729 1353 5783; x_wconf 79' lang='lat' dir='ltr'><strong>serraculum</strong></span> <span class='ocrx_word' id='word_1_643' title='bbox 1387 5729 1514 5784; x_wconf 74' lang='lat' dir='ltr'><strong>(lolii</strong></span> <span class='ocrx_word' id='word_1_644' title='bbox 1544 5738 1645 5785; x_wconf 86' lang='lat' dir='ltr'><strong>est.</strong></span> 
     </span>
    </p>
   </div>
   <div class='ocr_carea' id='block_1_91' title="bbox 587 5791 1790 5859">
    <p class='ocr_par' dir='ltr' id='par_1_91' title="bbox 587 5791 1790 5859">
     <span class='ocr_line' id='line_1_91' title="bbox 587 5791 1790 5859; baseline 0.008 -12"><span class='ocrx_word' id='word_1_645' title='bbox 587 5792 615 5834; x_wconf 68' lang='grc' dir='ltr'><strong>ιι</strong></span> <span class='ocrx_word' id='word_1_646' title='bbox 643 5791 911 5852; x_wconf 83' lang='lat' dir='ltr'><strong>Hactenus</strong></span> <span class='ocrx_word' id='word_1_647' title='bbox 938 5813 1132 5853; x_wconf 89' lang='lat' dir='ltr'><strong>nomen</strong></span> <span class='ocrx_word' id='word_1_648' title='bbox 1164 5800 1359 5856; x_wconf 86' lang='lat' dir='ltr'><strong>retinet</strong></span> <span class='ocrx_word' id='word_1_649' title='bbox 1388 5802 1559 5859; x_wconf 87' lang='lat' dir='ltr'><strong>sancti</strong></span> <span class='ocrx_word' id='word_1_650' title='bbox 1589 5800 1790 5857; x_wconf 83' lang='lat' dir='ltr'><strong>Savini.</strong></span> 
     </span>
    </p>
   </div>
   <div class='ocr_carea' id='block_1_92' title="bbox 2216 3311 3807 3388">
    <p class='ocr_par' dir='ltr' id='par_1_92' title="bbox 2216 3311 3807 3388">
     <span class='ocr_line' id='line_1_92' title="bbox 2216 3311 3807 3388; baseline -0.005 -15"><span class='ocrx_word' id='word_1_651' title='bbox 2216 3318 2341 3383; x_wconf 90' lang='lat' dir='ltr'><strong>sibi,</strong></span> <span class='ocrx_word' id='word_1_652' title='bbox 2376 3318 2433 3374; x_wconf 90' lang='lat' dir='ltr'><strong>in</strong></span> <span class='ocrx_word' id='word_1_653' title='bbox 2469 3333 2579 3388; x_wconf 91' lang='lat' dir='ltr'><strong>quo</strong></span> <span class='ocrx_word' id='word_1_654' title='bbox 2623 3330 2748 3370; x_wconf 93' lang='lat' dir='ltr'><strong>cum</strong></span> <span class='ocrx_word' id='word_1_655' title='bbox 2790 3315 2977 3385; x_wconf 90' lang='lat' dir='ltr'><strong>paucis</strong></span> <span class='ocrx_word' id='word_1_656' title='bbox 3027 3314 3306 3384; x_wconf 86' lang='lat' dir='ltr'><strong>quiescere</strong></span> <span class='ocrx_word' id='word_1_657' title='bbox 3350 3321 3554 3383; x_wconf 53' lang='lat' dir='ltr'><strong>posset.</strong></span> <span class='ocrx_word' id='word_1_658' title='bbox 3609 3311 3807 3381; x_wconf 84' lang='lat' dir='ltr'><strong>Sicque</strong></span> 
     </span>
    </p>
   </div>
   <div class='ocr_carea' id='block_1_93' title="bbox 2213 3402 3807 3479">
    <p class='ocr_par' dir='ltr' id='par_1_93' title="bbox 2213 3402 3807 3479">
     <span class='ocr_line' id='line_1_93' title="bbox 2213 3402 3807 3479; baseline -0.004 -16"><span class='ocrx_word' id='word_1_659' title='bbox 2213 3407 2472 3479; x_wconf 68' lang='lat' dir='ltr'><strong>praefecto</strong></span> <span class='ocrx_word' id='word_1_660' title='bbox 2520 3407 2717 3462; x_wconf 90' lang='lat' dir='ltr'><strong>abbate</strong></span> <span class='ocrx_word' id='word_1_661' title='bbox 2759 3404 3019 3460; x_wconf 89' lang='lat' dir='ltr'><strong>fratribus</strong></span> <span class='ocrx_word' id='word_1_662' title='bbox 3064 3402 3252 3459; x_wconf 82' lang='lat' dir='ltr'><strong>Mauro</strong></span> <span class='ocrx_word' id='word_1_663' title='bbox 3298 3405 3651 3475; x_wconf 87' lang='lat' dir='ltr'><strong>degentibus,</strong></span> <span class='ocrx_word' id='word_1_664' title='bbox 3693 3405 3807 3474; x_wconf 87' lang='lat' dir='ltr'><strong>ipse</strong></span> 
     </span>
    </p>
   </div>
   <div class='ocr_carea' id='block_1_94' title="bbox 2214 3493 3803 3565">
    <p class='ocr_par' dir='ltr' id='par_1_94' title="bbox 2214 3493 3803 3565">
     <span class='ocr_line' id='line_1_94' title="bbox 2214 3493 3803 3565; baseline -0.004 -12"><span class='ocrx_word' id='word_1_665' title='bbox 2214 3514 2337 3554; x_wconf 91' lang='lat' dir='ltr'><strong>cum</strong></span> <span class='ocrx_word' id='word_1_666' title='bbox 2363 3495 2636 3553; x_wconf 89' lang='lat' dir='ltr'><strong>nonnullis</strong></span> <span class='ocrx_word' id='word_1_667' title='bbox 2661 3494 3006 3565; x_wconf 88' lang='lat' dir='ltr'><strong>imperatoris</strong></span> <span class='ocrx_word' id='word_1_668' title='bbox 3033 3493 3297 3549; x_wconf 88' lang='lat' dir='ltr'><strong>voluntati</strong></span> <span class='ocrx_word' id='word_1_669' title='bbox 3329 3498 3803 3564; x_wconf 77' lang='lat' dir='ltr'><strong>obtemperaturus</strong></span> 
     </span>
    </p>
   </div>
   <div class='ocr_carea' id='block_1_95' title="bbox 2214 3589 2461 3645">
    <p class='ocr_par' dir='ltr' id='par_1_95' title="bbox 2214 3589 2461 3645">
     <span class='ocr_line' id='line_1_95' title="bbox 2214 3589 2461 3645; baseline -0.008 0"><span class='ocrx_word' id='word_1_670' title='bbox 2214 3589 2461 3645; x_wconf 89' lang='lat' dir='ltr'><strong>accessit.</strong></span> 
     </span>
    </p>
   </div>
   <div class='ocr_carea' id='block_1_96' title="bbox 2283 3675 3805 3747">
    <p class='ocr_par' dir='ltr' id='par_1_96' title="bbox 2283 3675 3805 3747">
     <span class='ocr_line' id='line_1_96' title="bbox 2283 3675 3805 3747; baseline -0.005 -12"><span class='ocrx_word' id='word_1_671' title='bbox 2283 3682 2374 3740; x_wconf 77' lang='grc'><strong>48.</strong></span> <span class='ocrx_word' id='word_1_672' title='bbox 2408 3680 2577 3738; x_wconf 81' lang='lat' dir='ltr'><strong>Vallis</strong></span> <span class='ocrx_word' id='word_1_673' title='bbox 2615 3687 2796 3735; x_wconf 90' lang='lat' dir='ltr'><strong>autem</strong></span> <span class='ocrx_word' id='word_1_674' title='bbox 2842 3688 2960 3735; x_wconf 88' lang='lat' dir='ltr'><strong>erat</strong></span> <span class='ocrx_word' id='word_1_675' title='bbox 2994 3678 3192 3741; x_wconf 89' lang='lat' dir='ltr'><strong>vicina,</strong></span> <span class='ocrx_word' id='word_1_676' title='bbox 3246 3692 3365 3747; x_wconf 71' lang='lat' dir='ltr'><strong>qua:</strong></span> <span class='ocrx_word' id='word_1_677' title='bbox 3416 3692 3446 3731; x_wconf 92' lang='lat' dir='ltr'><strong>a</strong></span> <span class='ocrx_word' id='word_1_678' title='bbox 3492 3675 3717 3746; x_wconf 84' lang='lat' dir='ltr'><strong>palatio,</strong></span> <span class='ocrx_word' id='word_1_679' title='bbox 3750 3684 3805 3729; x_wconf 86' lang='lat' dir='ltr'><strong>ut</strong></span> 
     </span>
    </p>
   </div>
   <div class='ocr_carea' id='block_1_97' title="bbox 2213 3766 3803 3843">
    <p class='ocr_par' dir='ltr' id='par_1_97' title="bbox 2213 3766 3803 3843">
     <span class='ocr_line' id='line_1_97' title="bbox 2213 3766 3803 3843; baseline -0.007 -11"><span class='ocrx_word' id='word_1_680' title='bbox 2213 3791 2358 3842; x_wconf 91' lang='lat' dir='ltr'><strong>reor,</strong></span> <span class='ocrx_word' id='word_1_681' title='bbox 2391 3790 2485 3831; x_wconf 87' lang='lat' dir='ltr'><strong>sex</strong></span> <span class='ocrx_word' id='word_1_682' title='bbox 2514 3789 2621 3830; x_wconf 90' lang='lat' dir='ltr'><strong>non</strong></span> <span class='ocrx_word' id='word_1_683' title='bbox 2651 3771 2883 3843; x_wconf 90' lang='lat' dir='ltr'><strong>amplius</strong></span> <span class='ocrx_word' id='word_1_684' title='bbox 2910 3769 3152 3826; x_wconf 89' lang='lat' dir='ltr'><strong>millibus</strong></span> <span class='ocrx_word' id='word_1_685' title='bbox 3197 3768 3380 3833; x_wconf 88' lang='lat' dir='ltr'><strong>distat,</strong></span> <span class='ocrx_word' id='word_1_686' title='bbox 3415 3783 3535 3837; x_wconf 77' lang='lat' dir='ltr'><strong>quze</strong></span> <span class='ocrx_word' id='word_1_687' title='bbox 3576 3767 3679 3820; x_wconf 83' lang='lat' dir='ltr'><strong>viri</strong></span> <span class='ocrx_word' id='word_1_688' title='bbox 3712 3766 3803 3821; x_wconf 81' lang='lat' dir='ltr'><strong>Dei</strong></span> 
     </span>
    </p>
   </div>
   <div class='ocr_carea' id='block_1_98' title="bbox 2211 3860 3805 3939">
    <p class='ocr_par' dir='ltr' id='par_1_98' title="bbox 2211 3860 3805 3939">
     <span class='ocr_line' id='line_1_98' title="bbox 2211 3860 3805 3939; baseline -0.006 -16"><span class='ocrx_word' id='word_1_689' title='bbox 2211 3867 2414 3939; x_wconf 88' lang='lat' dir='ltr'><strong>placuit</strong></span> <span class='ocrx_word' id='word_1_690' title='bbox 2457 3866 2633 3923; x_wconf 90' lang='lat' dir='ltr'><strong>oculis</strong></span> <span class='ocrx_word' id='word_1_691' title='bbox 2669 3883 2683 3918; x_wconf 89' lang='lat'><strong>:</strong></span> <span class='ocrx_word' id='word_1_692' title='bbox 2717 3864 2901 3935; x_wconf 92' lang='lat' dir='ltr'><strong>ibique</strong></span> <span class='ocrx_word' id='word_1_693' title='bbox 2940 3862 3233 3934; x_wconf 89' lang='lat' dir='ltr'><strong>imperator</strong></span> <span class='ocrx_word' id='word_1_694' title='bbox 3274 3860 3441 3930; x_wconf 88' lang='lat' dir='ltr'><strong>jussit</strong></span> <span class='ocrx_word' id='word_1_695' title='bbox 3485 3869 3805 3915; x_wconf 79' lang='lat' dir='ltr'><strong>construere</strong></span> 
     </span>
    </p>
   </div>
   <div class='ocr_carea' id='block_1_99' title="bbox 2212 3952 3803 4030">
    <p class='ocr_par' dir='ltr' id='par_1_99' title="bbox 2212 3952 3803 4030">
     <span class='ocr_line' id='line_1_99' title="bbox 2212 3952 3803 4030; baseline -0.006 -15"><span class='ocrx_word' id='word_1_696' title='bbox 2212 3961 2352 4017; x_wconf 90' lang='lat' dir='ltr'><strong>miro</strong></span> <span class='ocrx_word' id='word_1_697' title='bbox 2398 3974 2562 4030; x_wconf 91' lang='lat' dir='ltr'><strong>opere</strong></span> <span class='ocrx_word' id='word_1_698' title='bbox 2606 3956 3017 4023; x_wconf 87' lang='lat' dir='ltr'><strong>monasterium,</strong></span> <span class='ocrx_word' id='word_1_699' title='bbox 3048 3955 3193 4025; x_wconf 90' lang='lat' dir='ltr'><strong>quod</strong></span> <span class='ocrx_word' id='word_1_700' title='bbox 3238 3961 3465 4008; x_wconf 87' lang='lat' dir='ltr'><strong>vocatur</strong></span> <span class='ocrx_word' id='word_1_701' title='bbox 3498 3952 3647 4012; x_wconf 47' lang='lat' dir='ltr'><strong>luela,</strong></span> <span class='ocrx_word' id='word_1_702' title='bbox 3689 3967 3803 4006; x_wconf 90' lang='lat' dir='ltr'><strong>mu-</strong></span> 
     </span>
    </p>
   </div>
   <div class='ocr_carea' id='block_1_100' title="bbox 2212 4044 3801 4118">
    <p class='ocr_par' dir='ltr' id='par_1_100' title="bbox 2212 4044 3801 4118">
     <span class='ocr_line' id='line_1_100' title="bbox 2212 4044 3801 4118; baseline -0.006 -11"><span class='ocrx_word' id='word_1_703' title='bbox 2212 4061 2366 4107; x_wconf 88' lang='lat' dir='ltr'><strong>tuato</strong></span> <span class='ocrx_word' id='word_1_704' title='bbox 2399 4051 2467 4107; x_wconf 89' lang='lat' dir='ltr'><strong>de</strong></span> <span class='ocrx_word' id='word_1_705' title='bbox 2494 4049 2668 4105; x_wconf 88' lang='lat' dir='ltr'><strong>rivulo</strong></span> <span class='ocrx_word' id='word_1_706' title='bbox 2713 4048 2957 4118; x_wconf 83' lang='lat' dir='ltr'><strong>ejusdem</strong></span> <span class='ocrx_word' id='word_1_707' title='bbox 2993 4046 3150 4104; x_wconf 89' lang='lat' dir='ltr'><strong>vallis</strong></span> <span class='ocrx_word' id='word_1_708' title='bbox 3194 4046 3433 4110; x_wconf 79' lang='lat' dir='ltr'><strong>nomine.</strong></span> <span class='ocrx_word' id='word_1_709' title='bbox 3486 4044 3543 4099; x_wconf 84' lang='lat' dir='ltr'><strong>In</strong></span> <span class='ocrx_word' id='word_1_710' title='bbox 3585 4044 3801 4099; x_wconf 78' lang='lat' dir='ltr'><strong>dedica-</strong></span> 
     </span>
    </p>
   </div>
   <div class='ocr_carea' id='block_1_101' title="bbox 2212 4135 3800 4208">
    <p class='ocr_par' dir='ltr' id='par_1_101' title="bbox 2212 4135 3800 4208">
     <span class='ocr_line' id='line_1_101' title="bbox 2212 4135 3800 4208; baseline -0.009 -7"><span class='ocrx_word' id='word_1_711' title='bbox 2212 4146 2358 4201; x_wconf 90' lang='lat' dir='ltr'><strong>tione</strong></span> <span class='ocrx_word' id='word_1_712' title='bbox 2404 4159 2535 4199; x_wconf 89' lang='lat' dir='ltr'><strong>vero</strong></span> <span class='ocrx_word' id='word_1_713' title='bbox 2577 4141 2819 4197; x_wconf 67' lang='lat' dir='ltr'><strong>ecclesia:</strong></span> <span class='ocrx_word' id='word_1_714' title='bbox 2881 4139 3053 4196; x_wconf 91' lang='lat' dir='ltr'><strong>adfuit</strong></span> <span class='ocrx_word' id='word_1_715' title='bbox 3097 4139 3413 4208; x_wconf 89' lang='lat' dir='ltr'><strong>imperator,</strong></span> <span class='ocrx_word' id='word_1_716' title='bbox 3460 4150 3693 4204; x_wconf 84' lang='lat' dir='ltr'><strong>eamque</strong></span> <span class='ocrx_word' id='word_1_717' title='bbox 3737 4135 3800 4187; x_wconf 88' lang='lat' dir='ltr'><strong>de</strong></span> 
     </span>
    </p>
   </div>
   <div class='ocr_carea' id='block_1_102' title="bbox 2211 4228 3798 4307">
    <p class='ocr_par' dir='ltr' id='par_1_102' title="bbox 2211 4228 3798 4307">
     <span class='ocr_line' id='line_1_102' title="bbox 2211 4228 3798 4307; baseline -0.01 -12"><span class='ocrx_word' id='word_1_718' title='bbox 2211 4239 2325 4295; x_wconf 91' lang='lat' dir='ltr'><strong>suis</strong></span> <span class='ocrx_word' id='word_1_719' title='bbox 2390 4236 2765 4307; x_wconf 90' lang='lat' dir='ltr'><strong>copiosissime</strong></span> <span class='ocrx_word' id='word_1_720' title='bbox 2810 4233 3003 4288; x_wconf 90' lang='lat' dir='ltr'><strong>ditavit</strong></span> <span class='ocrx_word' id='word_1_721' title='bbox 3073 4230 3218 4287; x_wconf 86' lang='lat' dir='ltr'><strong>fiscis</strong></span> <span class='ocrx_word' id='word_1_722' title='bbox 3286 4228 3798 4295; x_wconf 84' lang='lat' dir='ltr'><strong>immunitatemqne</strong></span> 
     </span>
    </p>
   </div>
   <div class='ocr_carea' id='block_1_103' title="bbox 2202 4317 3799 4402">
    <p class='ocr_par' dir='ltr' id='par_1_103' title="bbox 2202 4317 3799 4402">
     <span class='ocr_line' id='line_1_103' title="bbox 2202 4317 3799 4402; baseline -0.009 -16"><span class='ocrx_word' id='word_1_723' title='bbox 2202 4332 2389 4402; x_wconf 87' lang='lat' dir='ltr'><strong>jussit,</strong></span> <span class='ocrx_word' id='word_1_724' title='bbox 2421 4338 2584 4399; x_wconf 92' lang='lat' dir='ltr'><strong>atque</strong></span> <span class='ocrx_word' id='word_1_725' title='bbox 2612 4342 2709 4398; x_wconf 90' lang='lat' dir='ltr'><strong>per</strong></span> <span class='ocrx_word' id='word_1_726' title='bbox 2735 4326 3077 4395; x_wconf 91' lang='lat' dir='ltr'><strong>scripturam,</strong></span> <span class='ocrx_word' id='word_1_727' title='bbox 3110 4330 3170 4377; x_wconf 93' lang='lat' dir='ltr'><strong>ut</strong></span> <span class='ocrx_word' id='word_1_728' title='bbox 3195 4323 3415 4392; x_wconf 86' lang='lat' dir='ltr'><strong>triginta</strong></span> <span class='ocrx_word' id='word_1_729' title='bbox 3459 4320 3663 4374; x_wconf 85' lang='lat' dir='ltr'><strong>ibidem</strong></span> <span class='ocrx_word' id='word_1_730' title='bbox 3692 4317 3799 4372; x_wconf 86' lang='lat' dir='ltr'><strong>Deo</strong></span> 
     </span>
    </p>
   </div>
   <div class='ocr_carea' id='block_1_104' title="bbox 2210 4411 3798 4487">
    <p class='ocr_par' dir='ltr' id='par_1_104' title="bbox 2210 4411 3798 4487">
     <span class='ocr_line' id='line_1_104' title="bbox 2210 4411 3798 4487; baseline -0.008 -9"><span class='ocrx_word' id='word_1_731' title='bbox 2210 4422 2409 4478; x_wconf 91' lang='lat' dir='ltr'><strong>fratres</strong></span> <span class='ocrx_word' id='word_1_732' title='bbox 2453 4421 2670 4477; x_wconf 88' lang='lat' dir='ltr'><strong>Christo</strong></span> <span class='ocrx_word' id='word_1_733' title='bbox 2722 4418 3047 4474; x_wconf 89' lang='lat' dir='ltr'><strong>famulantes</strong></span> <span class='ocrx_word' id='word_1_734' title='bbox 3095 4415 3453 4487; x_wconf 89' lang='lat' dir='ltr'><strong>persisterent</strong></span> <span class='ocrx_word' id='word_1_735' title='bbox 3507 4411 3798 4476; x_wconf 80' lang='lat' dir='ltr'><strong>monachi,</strong></span> 
     </span>
    </p>
   </div>
   <div class='ocr_carea' id='block_1_105' title="bbox 2208 4504 3798 4581">
    <p class='ocr_par' dir='ltr' id='par_1_105' title="bbox 2208 4504 3798 4581">
     <span class='ocr_line' id='line_1_105' title="bbox 2208 4504 3798 4581; baseline -0.008 -10"><span class='ocrx_word' id='word_1_736' title='bbox 2208 4515 2418 4571; x_wconf 91' lang='lat' dir='ltr'><strong>statuit.</strong></span> <span class='ocrx_word' id='word_1_737' title='bbox 2447 4513 2563 4581; x_wconf 82' lang='lat' dir='ltr'><strong>Qua</strong></span> <span class='ocrx_word' id='word_1_738' title='bbox 2585 4513 2652 4569; x_wconf 88' lang='lat' dir='ltr'><strong>de</strong></span> <span class='ocrx_word' id='word_1_739' title='bbox 2678 4526 2740 4567; x_wconf 91' lang='lat' dir='ltr'><strong>re</strong></span> <span class='ocrx_word' id='word_1_740' title='bbox 2777 4518 2839 4565; x_wconf 93' lang='lat' dir='ltr'><strong>ut</strong></span> <span class='ocrx_word' id='word_1_741' title='bbox 2861 4524 3118 4567; x_wconf 90' lang='lat' dir='ltr'><strong>numerus</strong></span> <span class='ocrx_word' id='word_1_742' title='bbox 3147 4506 3483 4577; x_wconf 89' lang='lat' dir='ltr'><strong>impleretur,</strong></span> <span class='ocrx_word' id='word_1_743' title='bbox 3509 4504 3798 4561; x_wconf 86' lang='lat' dir='ltr'><strong>venerabi-</strong></span> 
     </span>
    </p>
   </div>
   <div class='ocr_carea' id='block_1_106' title="bbox 2207 4598 3801 4671">
    <p class='ocr_par' dir='ltr' id='par_1_106' title="bbox 2207 4598 3801 4671">
     <span class='ocr_line' id='line_1_106' title="bbox 2207 4598 3801 4671; baseline -0.008 -7"><span class='ocrx_word' id='word_1_744' title='bbox 2207 4610 2275 4665; x_wconf 92' lang='lat' dir='ltr'><strong>lis</strong></span> <span class='ocrx_word' id='word_1_745' title='bbox 2320 4608 2488 4664; x_wconf 89' lang='lat' dir='ltr'><strong>abbas</strong></span> <span class='ocrx_word' id='word_1_746' title='bbox 2542 4608 2608 4663; x_wconf 90' lang='lat' dir='ltr'><strong>de</strong></span> <span class='ocrx_word' id='word_1_747' title='bbox 2651 4607 2794 4662; x_wconf 92' lang='lat' dir='ltr'><strong>notis</strong></span> <span class='ocrx_word' id='word_1_748' title='bbox 2830 4602 3175 4661; x_wconf 89' lang='lat' dir='ltr'><strong>monasteriis</strong></span> <span class='ocrx_word' id='word_1_749' title='bbox 3222 4600 3391 4655; x_wconf 91' lang='lat' dir='ltr'><strong>lectos</strong></span> <span class='ocrx_word' id='word_1_750' title='bbox 3419 4598 3578 4671; x_wconf 88' lang='lat' dir='ltr'><strong>jubet</strong></span> <span class='ocrx_word' id='word_1_751' title='bbox 3613 4598 3801 4653; x_wconf 85' lang='lat' dir='ltr'><strong>venire</strong></span> 
     </span>
    </p>
   </div>
   <div class='ocr_carea' id='block_1_107' title="bbox 2204 4691 3799 4773">
    <p class='ocr_par' dir='ltr' id='par_1_107' title="bbox 2204 4691 3799 4773">
     <span class='ocr_line' id='line_1_107' title="bbox 2204 4691 3799 4773; baseline -0.007 -15"><span class='ocrx_word' id='word_1_752' title='bbox 2204 4704 2420 4767; x_wconf 88' lang='lat' dir='ltr'><strong>fratres,</strong></span> <span class='ocrx_word' id='word_1_753' title='bbox 2454 4717 2590 4773; x_wconf 91' lang='lat' dir='ltr'><strong>quos</strong></span> <span class='ocrx_word' id='word_1_754' title='bbox 2615 4716 2713 4758; x_wconf 92' lang='lat' dir='ltr'><strong>suo</strong></span> <span class='ocrx_word' id='word_1_755' title='bbox 2741 4700 3033 4756; x_wconf 88' lang='lat' dir='ltr'><strong>instrueret</strong></span> <span class='ocrx_word' id='word_1_756' title='bbox 3058 4694 3323 4766; x_wconf 89' lang='lat' dir='ltr'><strong>exemplo,</strong></span> <span class='ocrx_word' id='word_1_757' title='bbox 3363 4700 3659 4763; x_wconf 89' lang='lat' dir='ltr'><strong>essentque</strong></span> <span class='ocrx_word' id='word_1_758' title='bbox 3680 4691 3799 4748; x_wconf 82' lang='lat' dir='ltr'><strong>aliis</strong></span> 
     </span>
    </p>
   </div>
   <div class='ocr_carea' id='block_1_108' title="bbox 2206 4784 3796 4864">
    <p class='ocr_par' dir='ltr' id='par_1_108' title="bbox 2206 4784 3796 4864">
     <span class='ocr_line' id='line_1_108' title="bbox 2206 4784 3796 4864; baseline -0.009 -13"><span class='ocrx_word' id='word_1_759' title='bbox 2206 4797 2589 4853; x_wconf 89' lang='lat' dir='ltr'><strong>documentum</strong></span> <span class='ocrx_word' id='word_1_760' title='bbox 2616 4793 2821 4861; x_wconf 88' lang='lat' dir='ltr'><strong>salutis,</strong></span> <span class='ocrx_word' id='word_1_761' title='bbox 2846 4804 3125 4864; x_wconf 91' lang='lat' dir='ltr'><strong>quousque</strong></span> <span class='ocrx_word' id='word_1_762' title='bbox 3165 4787 3419 4845; x_wconf 88' lang='lat' dir='ltr'><strong>instinctu</strong></span> <span class='ocrx_word' id='word_1_763' title='bbox 3445 4784 3649 4841; x_wconf 73' lang='lat' dir='ltr'><strong>divina:</strong></span> <span class='ocrx_word' id='word_1_764' title='bbox 3669 4797 3796 4854; x_wconf 82' lang='lat' dir='ltr'><strong>gra-</strong></span> 
     </span>
    </p>
   </div>
   <div class='ocr_carea' id='block_1_109' title="bbox 2205 4876 3799 4960">
    <p class='ocr_par' dir='ltr' id='par_1_109' title="bbox 2205 4876 3799 4960">
     <span class='ocr_line' id='line_1_109' title="bbox 2205 4876 3799 4960; baseline -0.011 -13"><span class='ocrx_word' id='word_1_765' title='bbox 2205 4892 2294 4947; x_wconf 86' lang='lat' dir='ltr'><strong>tiae</strong></span> <span class='ocrx_word' id='word_1_766' title='bbox 2315 4891 2560 4946; x_wconf 62' lang='lat' dir='ltr'><strong>saeculari</strong></span> <span class='ocrx_word' id='word_1_767' title='bbox 2587 4903 2783 4960; x_wconf 91' lang='lat' dir='ltr'><strong>pompa</strong></span> <span class='ocrx_word' id='word_1_768' title='bbox 2805 4886 2994 4943; x_wconf 89' lang='lat' dir='ltr'><strong>relicta</strong></span> <span class='ocrx_word' id='word_1_769' title='bbox 3035 4892 3239 4940; x_wconf 64' lang='lat' dir='ltr'><strong>aeterno</strong></span> <span class='ocrx_word' id='word_1_770' title='bbox 3276 4879 3411 4952; x_wconf 79' lang='lat' dir='ltr'><strong>Regi</strong></span> <span class='ocrx_word' id='word_1_771' title='bbox 3435 4878 3676 4934; x_wconf 76' lang='lat' dir='ltr'><strong>militare</strong></span> <span class='ocrx_word' id='word_1_772' title='bbox 3706 4876 3799 4932; x_wconf 83' lang='lat' dir='ltr'><strong>de-</strong></span> 
     </span>
    </p>
   </div>
   <div class='ocr_carea' id='block_1_110' title="bbox 2207 4972 3799 5050">
    <p class='ocr_par' dir='ltr' id='par_1_110' title="bbox 2207 4972 3799 5050">
     <span class='ocr_line' id='line_1_110' title="bbox 2207 4972 3799 5050; baseline -0.008 -13"><span class='ocrx_word' id='word_1_773' title='bbox 2207 4983 2507 5039; x_wconf 88' lang='lat' dir='ltr'><strong>siderantes</strong></span> <span class='ocrx_word' id='word_1_774' title='bbox 2534 4997 2601 5038; x_wconf 85' lang='lat' dir='ltr'><strong>ex</strong></span> <span class='ocrx_word' id='word_1_775' title='bbox 2629 4981 2813 5035; x_wconf 89' lang='lat' dir='ltr'><strong>eadem</strong></span> <span class='ocrx_word' id='word_1_776' title='bbox 2833 4978 3110 5050; x_wconf 90' lang='lat' dir='ltr'><strong>provincia</strong></span> <span class='ocrx_word' id='word_1_777' title='bbox 3136 4977 3191 5031; x_wconf 94' lang='lat' dir='ltr'><strong>in</strong></span> <span class='ocrx_word' id='word_1_778' title='bbox 3216 4988 3407 5031; x_wconf 89' lang='lat' dir='ltr'><strong>eorum</strong></span> <span class='ocrx_word' id='word_1_779' title='bbox 3430 4972 3799 5041; x_wconf 80' lang='lat' dir='ltr'><strong>subrogaren-</strong></span> 
     </span>
    </p>
   </div>
   <div class='ocr_carea' id='block_1_111' title="bbox 2210 5074 2528 5130">
    <p class='ocr_par' dir='ltr' id='par_1_111' title="bbox 2210 5074 2528 5130">
     <span class='ocr_line' id='line_1_111' title="bbox 2210 5074 2528 5130; baseline -0.006 -1"><span class='ocrx_word' id='word_1_780' title='bbox 2210 5083 2299 5130; x_wconf 90' lang='lat' dir='ltr'><strong>tur</strong></span> <span class='ocrx_word' id='word_1_781' title='bbox 2322 5074 2528 5129; x_wconf 90' lang='lat' dir='ltr'><strong>ordine.</strong></span> 
     </span>
    </p>
   </div>
   <div class='ocr_carea' id='block_1_112' title="bbox 2278 5158 3798 5236">
    <p class='ocr_par' dir='ltr' id='par_1_112' title="bbox 2278 5158 3798 5236">
     <span class='ocr_line' id='line_1_112' title="bbox 2278 5158 3798 5236; baseline -0.007 -16"><span class='ocrx_word' id='word_1_782' title='bbox 2278 5166 2367 5222; x_wconf 74' lang='grc'><strong>49.</strong></span> <span class='ocrx_word' id='word_1_783' title='bbox 2399 5165 2577 5236; x_wconf 77' lang='grc' dir='ltr'><strong>Οωρίι</strong></span> <span class='ocrx_word' id='word_1_784' title='bbox 2595 5172 2774 5219; x_wconf 92' lang='lat' dir='ltr'><strong>autem</strong></span> <span class='ocrx_word' id='word_1_785' title='bbox 2802 5170 2926 5235; x_wconf 89' lang='lat' dir='ltr'><strong>post</strong></span> <span class='ocrx_word' id='word_1_786' title='bbox 2946 5164 3061 5219; x_wconf 67' lang='lat' dir='ltr'><strong>haec</strong></span> <span class='ocrx_word' id='word_1_787' title='bbox 3087 5161 3171 5217; x_wconf 89' lang='lat' dir='ltr'><strong>vir</strong></span> <span class='ocrx_word' id='word_1_788' title='bbox 3191 5160 3287 5215; x_wconf 92' lang='lat' dir='ltr'><strong>Dei</strong></span> <span class='ocrx_word' id='word_1_789' title='bbox 3318 5158 3588 5229; x_wconf 89' lang='lat' dir='ltr'><strong>palatinas</strong></span> <span class='ocrx_word' id='word_1_790' title='bbox 3615 5165 3798 5212; x_wconf 71' lang='lat' dir='ltr'><strong>terere</strong></span> 
     </span>
    </p>
   </div>
   <div class='ocr_carea' id='block_1_113' title="bbox 2206 5248 3795 5327">
    <p class='ocr_par' dir='ltr' id='par_1_113' title="bbox 2206 5248 3795 5327">
     <span class='ocr_line' id='line_1_113' title="bbox 2206 5248 3795 5327; baseline -0.008 -13"><span class='ocrx_word' id='word_1_791' title='bbox 2206 5259 2368 5325; x_wconf 89' lang='lat' dir='ltr'><strong>fores,</strong></span> <span class='ocrx_word' id='word_1_792' title='bbox 2420 5257 2656 5327; x_wconf 90' lang='lat' dir='ltr'><strong>olimque</strong></span> <span class='ocrx_word' id='word_1_793' title='bbox 2704 5255 2986 5312; x_wconf 90' lang='lat' dir='ltr'><strong>dimissum</strong></span> <span class='ocrx_word' id='word_1_794' title='bbox 3034 5254 3105 5309; x_wconf 91' lang='lat' dir='ltr'><strong>ob</strong></span> <span class='ocrx_word' id='word_1_795' title='bbox 3157 5251 3447 5307; x_wconf 90' lang='lat' dir='ltr'><strong>multorum</strong></span> <span class='ocrx_word' id='word_1_796' title='bbox 3496 5248 3795 5304; x_wconf 89' lang='lat' dir='ltr'><strong>utilitatem</strong></span> 
     </span>
    </p>
   </div>
   <div class='ocr_carea' id='block_1_114' title="bbox 2205 5342 3792 5417">
    <p class='ocr_par' dir='ltr' id='par_1_114' title="bbox 2205 5342 3792 5417">
     <span class='ocr_line' id='line_1_114' title="bbox 2205 5342 3792 5417; baseline -0.006 -12"><span class='ocrx_word' id='word_1_797' title='bbox 2205 5349 2350 5407; x_wconf 88' lang='lat' dir='ltr'><strong>ferre</strong></span> <span class='ocrx_word' id='word_1_798' title='bbox 2381 5349 2687 5406; x_wconf 92' lang='lat' dir='ltr'><strong>tumultum.</strong></span> <span class='ocrx_word' id='word_1_799' title='bbox 2715 5347 2916 5405; x_wconf 92' lang='lat' dir='ltr'><strong>Omnes</strong></span> <span class='ocrx_word' id='word_1_800' title='bbox 2944 5346 3207 5417; x_wconf 91' lang='lat' dir='ltr'><strong>siquidem</strong></span> <span class='ocrx_word' id='word_1_801' title='bbox 3238 5345 3330 5416; x_wconf 91' lang='lat' dir='ltr'><strong>qui</strong></span> <span class='ocrx_word' id='word_1_802' title='bbox 3356 5343 3585 5399; x_wconf 89' lang='lat' dir='ltr'><strong>aliorum</strong></span> <span class='ocrx_word' id='word_1_803' title='bbox 3616 5342 3792 5413; x_wconf 86' lang='lat' dir='ltr'><strong>pressi</strong></span> 
     </span>
    </p>
   </div>
   <div class='ocr_carea' id='block_1_115' title="bbox 2205 5434 3795 5514">
    <p class='ocr_par' dir='ltr' id='par_1_115' title="bbox 2205 5434 3795 5514">
     <span class='ocr_line' id='line_1_115' title="bbox 2205 5434 3795 5514; baseline -0.008 -14"><span class='ocrx_word' id='word_1_804' title='bbox 2205 5445 2559 5503; x_wconf 81' lang='lat' dir='ltr'><strong>incommodis</strong></span> <span class='ocrx_word' id='word_1_805' title='bbox 2594 5441 2899 5514; x_wconf 88' lang='lat' dir='ltr'><strong>imperialia</strong></span> <span class='ocrx_word' id='word_1_806' title='bbox 2944 5440 3197 5510; x_wconf 83' lang='lat' dir='ltr'><strong>petebant</strong></span> <span class='ocrx_word' id='word_1_807' title='bbox 3232 5435 3508 5507; x_wconf 77' lang='lat' dir='ltr'><strong>suffragia,</strong></span> <span class='ocrx_word' id='word_1_808' title='bbox 3549 5449 3677 5490; x_wconf 84' lang='lat' dir='ltr'><strong>cum</strong></span> <span class='ocrx_word' id='word_1_809' title='bbox 3725 5434 3795 5488; x_wconf 87' lang='lat' dir='ltr'><strong>ad</strong></span> 
     </span>
    </p>
   </div>
   <div class='ocr_carea' id='block_1_116' title="bbox 2202 5525 3789 5601">
    <p class='ocr_par' dir='ltr' id='par_1_116' title="bbox 2202 5525 3789 5601">
     <span class='ocr_line' id='line_1_116' title="bbox 2202 5525 3789 5601; baseline -0.009 -10"><span class='ocrx_word' id='word_1_810' title='bbox 2202 5534 2327 5591; x_wconf 85' lang='lat' dir='ltr'><strong>eum</strong></span> <span class='ocrx_word' id='word_1_811' title='bbox 2377 5536 2725 5601; x_wconf 91' lang='lat' dir='ltr'><strong>accederent,</strong></span> <span class='ocrx_word' id='word_1_812' title='bbox 2783 5531 3037 5588; x_wconf 90' lang='lat' dir='ltr'><strong>alacriter</strong></span> <span class='ocrx_word' id='word_1_813' title='bbox 3087 5534 3365 5598; x_wconf 89' lang='lat' dir='ltr'><strong>susceptos</strong></span> <span class='ocrx_word' id='word_1_814' title='bbox 3413 5525 3789 5591; x_wconf 89' lang='lat' dir='ltr'><strong>osculabatur,</strong></span> 
     </span>
    </p>
   </div>
   <div class='ocr_carea' id='block_1_117' title="bbox 2276 5659 3793 5731">
    <p class='ocr_par' dir='ltr' id='par_1_117' title="bbox 2276 5659 3793 5731">
     <span class='ocr_line' id='line_1_117' title="bbox 2276 5659 3793 5731; baseline -0.005 -8"><span class='ocrx_word' id='word_1_815' title='bbox 2276 5677 2297 5707; x_wconf 73' lang='grc' dir='ltr'><strong>ο</strong></span> <span class='ocrx_word' id='word_1_816' title='bbox 2338 5666 2596 5725; x_wconf 85' lang='lat' dir='ltr'><strong>Wlfarius</strong></span> <span class='ocrx_word' id='word_1_817' title='bbox 2651 5682 2831 5721; x_wconf 89' lang='lat' dir='ltr'><strong>comes</strong></span> <span class='ocrx_word' id='word_1_818' title='bbox 2876 5661 3308 5719; x_wconf 89' lang='lat' dir='ltr'><strong>Bellam-Cellam</strong></span> <span class='ocrx_word' id='word_1_819' title='bbox 3352 5661 3407 5714; x_wconf 89' lang='lat' dir='ltr'><strong>in</strong></span> <span class='ocrx_word' id='word_1_820' title='bbox 3451 5674 3597 5731; x_wconf 86' lang='lat' dir='ltr'><strong>pago</strong></span> <span class='ocrx_word' id='word_1_821' title='bbox 3636 5659 3793 5729; x_wconf 77' lang='lat' dir='ltr'><strong>Albi-</strong></span> 
     </span>
    </p>
   </div>
   <div class='ocr_carea' id='block_1_118' title="bbox 2203 5731 3531 5811">
    <p class='ocr_par' dir='ltr' id='par_1_118' title="bbox 2203 5731 3531 5811">
     <span class='ocr_line' id='line_1_118' title="bbox 2203 5731 3531 5811; baseline -0.007 -15"><span class='ocrx_word' id='word_1_822' title='bbox 2203 5739 2353 5811; x_wconf 89' lang='lat' dir='ltr'><strong>gensi</strong></span> <span class='ocrx_word' id='word_1_823' title='bbox 2383 5740 2450 5795; x_wconf 90' lang='lat' dir='ltr'><strong>ad</strong></span> <span class='ocrx_word' id='word_1_824' title='bbox 2472 5737 2689 5795; x_wconf 86' lang='lat' dir='ltr'><strong>fluvium</strong></span> <span class='ocrx_word' id='word_1_825' title='bbox 2729 5736 2958 5809; x_wconf 82' lang='lat' dir='ltr'><strong>Agotum</strong></span> <span class='ocrx_word' id='word_1_826' title='bbox 2991 5733 3284 5791; x_wconf 80' lang='lat' dir='ltr'><strong>aedificasse</strong></span> <span class='ocrx_word' id='word_1_827' title='bbox 3311 5731 3531 5789; x_wconf 89' lang='lat' dir='ltr'><strong>dicitur.</strong></span> 
     </span>
    </p>
   </div>
  </div>
