4004 6328
167 363 261 420 37-7

1691 368 1874 427 VITA.
1910 424 1914 427 Α

3311 364 3419 428 378

163 493 450 551 eorumque
488 474 854 549 querimonias
893 478 949 534 in
978 478 1248 536 schedulis
1280 477 1578 553 imm-essas
1607 492 1736 538 tem-
1761 485 1815 544 Α
1837 481 1940 536 bus
1964 480 2317 537 adventantes
2338 478 2601 552 [monachi
2638 494 2771 547 non,
2813 487 2873 535 ut
2917 478 2993 535 ita
3020 477 3274 548 dixerim,
3297 493 3422 552 per-

164 588 290 645 pore
324 562 648 643 opportuno‘
676 569 937 626 offerebat
992 571 1326 640 imperatori.
1381 572 1462 628 Ex
1516 573 1712 645 quibus

161 670 401 719 assuetus
447 661 733 733 aliquoties
786 663 1164 719 serenissimus
1216 665 1509 736 imperator
1542 683 1739 738 mapuq

162 752 264 809 lam
284 751 629 821 manicasque
654 750 769 821 ejus
789 752 1012 822 palpans
1037 755 1359 824 reperiebat,
1388 765 1736 827 repertasque

160 844 383 916 legebat,
416 852 579 913 atque
621 851 683 897 ut
720 844 903 900 utilius
953 854 1181 901 noverat
1224 848 1579 915 decernebat;
1611 864 1734 918 pro-

159 946 273 1007 pter
300 934 627 990 oblivionem
651 935 851 1005 quippe
882 936 1078 993 talibus
1118 939 1175 992 in
1202 937 1334 994 locis
1358 955 1452 995 eas
1480 940 1623 996 ferre
1650 956 1733 997 so-

159 1028 281 1083 litus
300 1034 434 1082 erat.
465 1027 722 1082 Libenter
745 1029 944 1083 etenim
968 1029 1337 1098 hujuscemodi
1366 1033 1735 1103 querimonias

158 1120 404 1174 audiebat
446 1118 758 1188 imperator,
792 1128 847 1173 et
881 1120 951 1174 ob
986 1121 1037 1175 id
1067 1137 1229 1191 quam
1278 1124 1511 1179 maxime
1547 1124 1733 1180 scdulo

158 1209 301 1264 illum
330 1210 384 1263 in
415 1208 618 1279 palatio
667 1208 783 1262 fore
813 1207 1047 1277 iubebat.
1104 1211 1315 1267 Etenim
1358 1214 1449 1283 qui
1495 1228 1618 1269 eum
1664 1232 1731 1272 ex

157 1300 300 1371 regni
335 1298 725 1364 moderamine,
770 1314 839 1354 ex
880 1299 1224 1368 dispositione
1248 1302 1648 1372 provinciarum
1677 1311 1732 1360 et

156 1406 222 1448 ex
270 1391 379 1447 suis
418 1389 760 1445 consulerent
806 1391 1125 1448 utilitatibus
1151 1433 1167 1459 ,
1217 1403 1371 1448 erant
1415 1396 1724 1464 perplures;
1762 1426 1767 1431 ι

155 1480 323 1537 nullus
341 1496 565 1553 prorsus
584 1479 901 1537 amictorum
924 1482 1156 1538 miseriis
1182 1484 1258 1538 ita
1279 1485 1672 1555 compatiebatu
1682 1503 1743 1554 r,‘

150 1574 428 1644 nullusque
480 1574 867 1630 monachorum
929 1576 1166 1647 inopiam
1218 1577 1293 1633 ita
1339 1578 1453 1649 regi
1501 1587 1561 1633 ut
1614 1580 1730 1649 ipse

148 1667 430 1737 pandebat.
472 1666 605 1721 Erat
650 1667 848 1738 quippe
903 1669 1227 1725 miserorum
1271 1672 1585 1756 advocatus,
1632 1673 1730 1728 sed

149 1760 531 1814 monachorum
556 1768 746 1831 pater;
796 1776 1093 1833 pauperum
1136 1764 1464 1831 consolator,
1493 1765 1590 1820 sed
1619 1781 1730 1820 mo-

1834 575 2147 643 strepentia,
2189 582 2251 628 ut
2287 573 2678 641 imbuerentur,
2713 573 3017 645 indigerent
3056 574 3261 629 verba:
3293 576 3422 645 quia

1833 664 1890 719 in
1930 664 2266 735 singulorum
2295 664 2558 731 moribus,
2609 666 2665 720 in
2710 664 2922 720 incessu
2966 664 3262 735 habituque
3308 663 3423 722 for-

1836 768 1981 809 mam
2008 754 2452 824 disciplinamque
2477 755 2781 826 regularem
2803 757 3002 827 pictam
3031 764 3336 814 cernerent.

1902 843 1992 898 51.
2018 842 2242 914 Propter
2272 845 2630 915 plurimorum
2679 861 2891 916 quoque
2937 844 3289 903 indiscretum
3316 846 3421 903 fer-

1832 949 2019 989 vorem
2065 942 2118 989 et
2156 937 2513 1004 quorumdam
2562 938 2803 1007 ineptum
2840 944 3103 1008 teporem,
3134 940 3423 1010 minusque

1832 1012 2110 1095 capacium
2161 1041 2381 1081 sensum
2424 1026 2738 1094 obtunsum,
2788 1029 3071 1084 constituit
3108 1030 3421 1099 terminum,

1831 1115 2181 1186 ordinemque
2212 1117 2240 1157 b
2272 1117 2667 1172 observandum
2708 1119 2919 1173 cunctis
2959 1119 3181 1174 tradidit
3229 1138 3245 1173 :
3299 1119 3422 1176 illos

1832 1208 2117 1262 retrahens
2162 1221 2230 1260 ne
2274 1206 2543 1276 superflua
2578 1215 2842 1277 peterent,
2894 1208 2994 1263 hos
3044 1208 3320 1279 imperans
3363 1218 3424 1264 ut

1832 1305 2105 1367 torporem
2138 1306 2476 1364 excuterem,
2527 1299 2662 1354 alios
2698 1299 3052 1355 nihilominus
3099 1299 3421 1367 admonens,

1830 1398 1890 1444 ut
1929 1390 2121 1445 saltem
2150 1391 2263 1445 visa
2295 1390 2518 1460 implere
2569 1399 2904 1461 expeterent.
2965 1392 3208 1462 Denique
3249 1395 3422 1451 multa

1830 1482 2033 1553 Regula
2070 1484 2291 1554 implere
2325 1482 2482 1552 jubet
2510 1503 2524 1538 :
2557 1486 2653 1540 sed
2689 1486 2958 1555 permulta
2989 1495 3117 1542 sunt
3151 1504 3270 1558 qua:
3289 1503 3422 1544 usus

1829 1590 2046 1645 exp-ere
2103 1577 2450 1646 quotidianus
2493 1578 2731 1647 expetit,
2776 1579 2891 1649 ipsa
2944 1590 3124 1636 tamen
3177 1580 3418 1636 reticet:

1829 1679 1896 1718 ex
1925 1666 2119 1735 quibus
2148 1666 2399 1720 omnibus
2443 1666 2662 1722 habitus
2703 1669 2953 1723 monachi
2997 1670 3161 1724 veluti
3191 1669 3420 1742 gemmis

1829 1765 2078 1823 ornatur,
2110 1766 2165 1812 et
2198 1758 2315 1812 sine
2358 1757 2553 1827 quibus
2582 1758 2874 1814 dissolutus
2908 1774 2971 1816 ac
2999 1760 3177 1815 ﬂuxus
3214 1761 3424 1816 income

143 1850 439 1904 nachorum
483 1850 753 1916 eruditor;
799 1851 1058 1907 divitibus
1108 1853 1364 1921 pabulum
1422 1855 1548 1909 vita;
1601 1871 1734 1925 pm-
1759 1847 1807 1907 B
1835 1847 2149 1916 positusque
2180 1862 2299 1901 esse
2339 1847 2618 1917 probatur.
2652 1845 2921 1902 Nonnulla
2959 1858 3143 1905 autem
3181 1849 3427 1920 praecipit

141 1939 324 2005 bebat,
339 1942 433 1995 sed
452 1942 840 1996 monachorum
855 1942 1129 1997 mentibus
1147 1943 1362 2015 Regulae
1386 1945 1731 2015 disciplinam

138 2034 480 2103 inculcabat;
535 2037 771 2091 omnium
827 2037 957 2091 licet
1005 2036 1329 2093 utilitatibus
1386 2039 1729 2107 consuleret,

134 2130 531 2186 monachorum
582 2139 765 2185 tamen
813 2129 1232 2186 necessitatibus
1273 2132 1462 2187 sedulo
1493 2132 1729 2189 interve-

129 2219 326 2277 niebat
337 2261 350 2274 .

217 2310 304 2364 50.
359 2310 607 2367 Praefecit
653 2328 776 2368 eum
822 2328 1036 2384 quoque
1082 2313 1379 2384 imperator
1420 2317 1629 2371 cunctis
1673 2317 1729 2371 in

128 2414 312 2472 regno
344 2419 442 2457 suo
470 2405 768 2459 coenobiis:
799 2413 858 2459 ut
903 2405 1043 2460 sicut
1069 2405 1413 2475 Aquitaniam
1449 2407 1730 2463 Gothiam-

131 2508 248 2563 que
274 2509 460 2548 norma
490 2494 679 2549 salutis
724 2496 1073 2562 instruxerat,
1117 2497 1194 2551 ita
1235 2498 1401 2553 etiam
1440 2498 1728 2557 Franciam

74 2626 77 2627 ν
131 2583 416 2641 salutifero
461 2587 728 2641 imbueret
770 2589 1037 2659 exemplo.
1089 2588 1254 2644 Multa
1290 2590 1521 2662 denique
1548 2608 1730 2647 mona-

130 2675 304 2732 steria
326 2684 481 2730 erant
509 2692 629 2746 quze
677 2678 950 2748 quondam
1003 2680 1325 2750 regulariter
1380 2679 1599 2737 fuerant
1644 2683 1727 2737 in-

128 2761 351 2828 stituta;
378 2761 488 2829 sed
533 2762 793 2832 paulatim
847 2772 1159 2836 tepescente
1207 2767 1407 2837 rigore,
1460 2768 1726 2839 regularis

128 2866 275 2923 pene
302 2852 605 2923 deperierat
630 2855 785 2910 ordo.
818 2855 889 2912 Ut
928 2865 1130 2924 autem,
1171 2858 1312 2914 sicut
1345 2874 1453 2914 una
1478 2860 1724 2916 omnium

129 2951 255 2998 erat
278 2943 562 3012 professio,
586 2945 744 3001 fieret
760 2962 975 3017 quoque
998 2948 1243 3004 omnium
1265 2950 1720 3006 monasteriorum

130 3036 365 3094 salubris
388 3056 495 3094 una
525 3042 881 3108 consuetudo,
907 3042 1133 3112 jubente
1165 3044 1491 3114 imperatore
1534 3060 1726 3116 aggre-

129 3131 273 3199 gatis
304 3132 676 3188 cmnobiorum
702 3146 727 3175 α
751 3134 1005 3192 Patribus
1032 3152 1138 3191 una
1163 3153 1287 3193 cum
1315 3138 1724 3210 quampluribus

129 3221 412 3276 monachis
438 3223 722 3293 perplures
763 3225 965 3281 resedit
1006 3227 1140 3283 dies.
1179 3202 1440 3284 Omnibus
1480 3202 1614 3302 ergo
1644 3229 1722 3285 si-
1750 3202 1794 3264 δ

130 3311 247 3367 mul
275 3313 463 3382 positis
491 3314 750 3385 Regulam
797 3317 866 3372 ab
909 3318 1118 3389 integro
1160 3318 1478 3386 discutiens,
1513 3321 1723 3377 cunctis

128 3405 359 3460 obscura
384 3406 705 3473 dilucidans,
743 3407 903 3464 dubia
946 3408 1234 3478 patefecit,
1268 3412 1479 3482 priscos
1506 3426 1724 3467 errores

126 3496 377 3563 abstulit,
413 3498 575 3555 utiles
611 3500 1032 3558 consuetudines
1071 3501 1407 3575 affectusque
1434 3504 1724 3560 confirma-

124 3587 232 3643 vit.
261 3586 470 3643 Jndicia
504 3590 667 3661 igitur
706 3590 925 3661 Regulae
972 3603 1274 3666 cunctaque
1315 3596 1474 3651 dubia
1508 3597 1577 3651 ad
1598 3612 1726 3667 pro-

126 3678 338 3734 ficuum
364 3678 587 3735 deducta
615 3681 886 3750 effectum,
915 3699 1053 3754 quas
1078 3686 1260 3741 minus
1297 3686 1506 3757 Regula
1536 3688 1724 3759 pandit

122 3772 572 3839 consuetudines,
615 3776 1034 3833 assentientibus
1075 3779 1286 3835 cunctis
1330 3780 1558 3850 protulit
1600 3798 1616 3837 :
1658 3781 1725 3837 de

123 3863 329 3935 quibus
351 3866 514 3922 etiam
541 3870 896 3940 capitularem
921 3871 1231 3929 institutum
1258 3875 1573 3945 imperatori
1595 3875 1723 3933 con'-

124 3958 456 4015 firmandum
480 3963 730 4033 praebuit,
759 3972 820 4020 ut
848 3966 1102 4022 omnibus
1130 3968 1184 4022 in
1210 3983 1378 4041 regno
1406 3984 1507 4025 suo
1533 3971 1735 4051 positis

123 4050 474 4106 monasteriis
527 4052 818 4110 observare
862 4057 1182 4128 praeciperet
1214 4077 1226 4112 :
1258 4060 1326 4115 ad
1365 4075 1526 4130 quem
1554 4061 1723 4116 lecto-

124 4147 244 4194 rem
269 4139 412 4196 scire
442 4143 749 4213 cupientem
787 4146 1089 4219 dirigimus.
1117 4150 1214 4206 Cui
1258 4151 1506 4221 protinus
1553 4153 1721 4224 impe-

122 4237 281 4286 rator
308 4246 590 4287 assensum
624 4236 874 4304 praabuit,
920 4237 1363 4310 inspectoresque
1389 4255 1486 4309 per
1512 4241 1720 4310 singula

118 4320 702 4392 posuitmonasteria,
737 4328 829 4396 qui
860 4335 1040 4383 utrum
1072 4343 1136 4384 ea
1166 4346 1286 4400 quae
1324 4331 1474 4402 jussa
1509 4330 1721 4388 fuerant

118 4414 205 4469 sic
234 4412 665 4470 observarentur
693 4417 1042 4488 inspicerent,
1072 4422 1273 4493 quique
1301 4424 1464 4478 etiam
1489 4421 1721 4479 formam

117 4503 399 4560 salubrem
431 4506 807 4576 ignorantibus
854 4512 1148 4568 traderent.
1199 4512 1502 4569 Perfectum
1534 4514 1718 4584 itaque

113 4605 589 4668 propagatumque
632 4608 715 4655 est
765 4616 900 4671 opus
949 4603 1129 4659 divina
1158 4606 1458 4676 opitulante
1504 4607 1718 4662 miseri-

112 4687 333 4753 cordia,
368 4698 424 4744 et
447 4704 551 4744 una
581 4692 792 4747 cunctis
822 4694 1150 4762 generaliter
1191 4698 1369 4767 posita
1397 4698 1719 4753 observatur

112 4778 354 4849 Regula,
380 4791 681 4854 cunctaque
724 4788 1053 4843 monasteria
1084 4788 1158 4843 ita
1187 4789 1255 4843 ad
1285 4788 1514 4843 formam
1536 4789 1720 4843 unita-

114 4872 185 4927 tis
233 4872 458 4929 redacta
490 4885 638 4943 sunt,
679 4894 744 4933 ac
787 4879 834 4933 si
878 4880 946 4934 ab
985 4897 1092 4936 uno
1126 4881 1385 4952 magistro
1421 4889 1477 4937 et
1517 4881 1573 4936 in
1608 4895 1716 4937 uno

110 4962 497 5021 imbuerentur
545 4968 686 5026 loco.
726 4970 1022 5028 Uniformis
1065 4989 1320 5029 mensura
1370 4976 1424 5030 in
1468 4984 1619 5046 potu,
1660 4976 1717 5031 in

106 5057 258 5122 cibo,
312 5057 370 5112 in
422 5060 640 5130 vigiliis,
673 5063 728 5117 in
770 5064 1229 5120 modulationibus
1269 5068 1477 5123 cunctis
1528 5069 1714 5123 obser-

107 5150 293 5205 vanda
323 5160 408 5206 est
431 5154 650 5210 tradita.
678 5155 747 5210 Et
767 5156 1022 5227 quoniam
1051 5155 1154 5210 alia
1178 5172 1276 5227 per
1300 5159 1630 5213 monasteria
1655 5166 1716 5215 ut

103 5240 507 5299 observaretur
531 5246 769 5303 instituit
804 5248 1031 5317 Regula,
1060 5264 1186 5304 suos
1214 5250 1267 5303 in
1303 5249 1430 5305 Inda
1459 5252 1714 5323 degentes

101 5330 182 5384 ita
225 5333 386 5386 omni
415 5334 716 5391 intentione
743 5337 1015 5401 instruxit,
1047 5343 1106 5391 ut
1130 5352 1197 5391 ex
1223 5336 1451 5393 diversis
1474 5339 1709 5410 regioni-

176 5454 202 5521 ξι
234 5441 529 5521 factum
566 5464 707 5505 anno
736 5450 858 5513 8l7,
902 5450 955 5504 in
996 5448 1200 5521 synodo
1223 5448 1669 5521 Aquisgranensi.

179 5512 209 5551 δ
235 5513 383 5571 Hinc
408 5518 666 5589 colligunt
689 5512 932 5575 nonnulli
965 5512 1311 5576 Benedictum
1343 5512 1487 5576 hinc
1527 5531 1711 5578 aucto-

98 5597 225 5637 rem
273 5600 401 5660 esse
447 5587 609 5643 libelli
660 5592 749 5660 qui
779 5593 1089 5646 inscribitur
1127 5590 1272 5645 Ordo
1303 5594 1709 5648 conversationis

96 5657 451 5732 ειρρηαξιίρᾳε,
494 5662 560 5713 ab
595 5657 858 5716 llaefteno
901 5664 1075 5717 editus
1110 5672 1164 5715 et
1191 5662 1490 5719 illustratus
1520 5665 1573 5718 in
1600 5664 1709 5720 fine

94 5721 576 5794 Disquisitionum
607 5733 1045 5787 monasticarum.

173 5804 200 5838 ο
258 5794 324 5852 ld
382 5802 714 5872 campanulze
765 5819 863 5859 seu
923 5804 1287 5882 tintinnabuli‘
1316 5820 1515 5881 genus,
1564 5807 1708 5878 quod

1834 1954 1954 2007 quae
1982 1948 2076 1993 aut
2105 1947 2326 2008 propter
2355 1940 2698 1994 concordiam
2728 1940 2970 2007 unitatis,
3000 1950 3094 1995 aut
3116 1949 3268 1997 certe
3293 1955 3424 2013 pro-

1832 2036 1953 2098 ptcr
1979 2030 2379 2085 observantiam
2406 2031 2727 2096 honestatis,
2759 2047 2853 2086 seu
2879 2042 3101 2102 propter
3119 2032 3427 2089 considera-

1835 2122 2036 2177 tionem
2063 2121 2372 2192 fragilitatis
2413 2122 2787 2178 admittuntur.
2821 2122 3166 2195 Quapropter
3198 2123 3301 2194 piae
3340 2137 3427 2179 re-

1834 2213 2178 2287 cordationis
2222 2213 2548 2269 venerabilis
2597 2214 2765 2269 abbas
2809 2229 3036 2284 quaeque
3087 2215 3425 2271 observanda

1833 2304 2120 2373 comperit,
2164 2305 2369 2374 absque
2420 2305 2526 2360 ulla
2573 2306 2917 2361 cunctatione
2947 2306 3031 2361 vel
3059 2308 3427 2364 excusationis
3530 2384 3534 2393 ῃ

1831 2393 1956 2450 fuco
1986 2394 2212 2466 implere
2238 2395 2479 2450 decrevit
2512 2415 2525 2449 :
2557 2411 2621 2451 ea
2657 2411 2787 2452 vero
2824 2412 2945 2466 quae
2981 2405 3147 2453 certis
3175 2412 3274 2467 pro
3297 2413 3427 2454 cau-

1830 2486 1906 2540 sis
1945 2494 2040 2540 aut
2082 2486 2404 2541 dimittenda
2450 2487 2720 2557 cognovit,
2775 2496 2870 2541 aut
2921 2489 3300 2543 commutanda
3343 2489 3427 2543 in-

1827 2577 2044 2648 spexit,
2101 2577 2491 2644 nihilominus,
2549 2587 2712 2648 prout
2766 2580 2969 2635 rectius
3021 2586 3078 2635 et
3127 2580 3424 2636 secundum

1826 2683 1986 2739 posse
2011 2668 2224 2737 locique
2245 2669 2569 2738 positionem
2598 2668 2858 2724 dirimere
2882 2669 3075 2739 quivit,
3106 2670 3217 2724 suis
3239 2669 3425 2725 obser-

1826 2761 2005 2815 vanda
2042 2760 2323 2831 discipulis
2351 2759 2617 2816 tradidit:
2658 2762 2707 2816 si
2745 2776 2851 2831 qua
2895 2774 3092 2833 nempe
3125 2762 3302 2817 minus
3340 2760 3422 2816 lu-

1827 2851 1946 2907 cide
1978 2852 2173 2924 pagina
2202 2852 2421 2924 Regula:
2449 2852 2659 2923 pandit,
2690 2860 2786 2907 aut
2822 2853 3044 2908 omnino
3076 2852 3223 2919 silet,
3253 2852 3423 2909 ratio-

1826 2942 2084 2999 nabiliter
2115 2950 2345 3012 apteque
2370 2942 2789 3013 instituitatque
2819 2943 3106 3015 supplevit,
3138 2944 3204 3001 de
3224 2944 3422 3015 quibus

1825 3049 1929 3104 ope
1958 3034 2139 3089 divina
2168 3034 2321 3106 jutus
2351 3050 2525 3104 pauca
2562 3035 2735 3089 relatu
2772 3035 3159 3107 perstringam.

1900 3122 1986 3177 52.
2015 3123 2272 3180 Primitus
2300 3125 2567 3195 siquidem
2590 3140 2753 3196 qnam
2783 3126 2996 3198 signum
3024 3128 3175 3184 boris
3197 3136 3421 3184 noctur-

1826 3217 1911 3273 nis
1938 3217 2200 3289 pulsetur,
2237 3219 2294 3273 in
2334 3218 2568 3274 fratrum
2602 3219 2923 3276 dormitorio
2965 3220 3218 3291 squillam
3248 3232 3271 3261 ο
3301 3229 3423 3277 tan-

1826 3325 1951 3379 gere
1974 3308 2154 3379 jussit,
2179 3318 2241 3365 ut
2259 3311 2411 3381 prius
2435 3312 2827 3367 monachorum
2850 3312 3198 3383 congregatio
3222 3311 3402 3368 oratio

1824 3401 1985 3456 nibus
2013 3400 2135 3456 fulti
2159 3402 2378 3472 propria
2407 3401 2711 3458 residerent
2739 3418 2836 3473 per
2870 3402 3010 3470 loca,
3044 3411 3177 3459 tunc
3200 3402 3421 3459 demum

1823 3491 2067 3549 ecclesia:
2097 3493 2253 3548 ostiis
2281 3492 2569 3563 patefactis
2616 3493 2920 3564 hospitibus
2961 3501 3176 3564 pateret
3205 3495 3419 3565 ingres-

1824 3596 1935 3636 sus.
1970 3580 2264 3651 Surgentes
2298 3597 2427 3637 vero
2453 3582 2663 3638 concite
2692 3582 2847 3653 juxta
2876 3582 3020 3651 quod
3050 3581 3256 3653 Regula
3282 3597 3419 3651 prte-

1824 3672 1974 3742 cipit,
2027 3671 2226 3728 fratres
2272 3675 2429 3743 aquis
2471 3688 2531 3728 se
2583 3673 2936 3728 sanctificatis
2982 3671 3331 3743 perfundant,
3361 3681 3419 3729 et

1824 3771 2019 3819 cuncta
2069 3764 2263 3819 altaria
2309 3764 2588 3820 humiliter
2615 3773 2816 3821 etcum
2859 3765 3165 3820 reverentia
3198 3780 3419 3837 percur-

1823 3864 1977 3923 rant;
2011 3856 2093 3912 sic
2122 3856 2339 3912 demum
2372 3857 2441 3912 ad
2469 3857 2688 3929 propria
2726 3856 2845 3913 loca
2890 3857 3154 3914 accedant
3198 3859 3420 3929 sintque
3463 3924 3475 3933 _

1820 3950 2020 4020 parati,
2062 3958 2124 4005 ut
2168 3965 2291 4005 cum
2337 3950 2557 4005 tertium
2594 3950 2892 4019 pulsaverit
2935 3950 3170 4020 signum,
3213 3950 3420 4022 absque

1821 4057 1973 4097 mora
2023 4049 2306 4113 surgentes
2361 4042 2606 4099 attonitis
2653 4043 2876 4099 auribus
2919 4044 3264 4100 sacerdotem
3321 4060 3417 4100 ex-

1820 4141 2084 4203 spectent,
2133 4133 2227 4202 qui
2269 4131 2505 4188 ollicium
2555 4133 2847 4204 incipiendi
2884 4135 3109 4191 sortitus
3149 4144 3252 4193 est.
3302 4134 3413 4192 Nec

1821 4225 2073 4294 cuiquam
2100 4224 2262 4279 liceat
2287 4240 2384 4295 per
2423 4225 2527 4279 hoc
2556 4225 2791 4295 spatium
2829 4240 2927 4296 per
2970 4224 3194 4296 angulos
3238 4225 3414 4283 eccle—

1821 4319 1915 4373 sise
1963 4319 2179 4382 sistere,
2230 4332 2422 4372 eorum
2469 4317 2676 4372 scilicet
2722 4317 2918 4387 quibus
2957 4317 3165 4389 ingredi
3204 4318 3414 4388 justum

1820 4416 1932 4475 est;
1968 4408 2062 4463 sed
2086 4408 2141 4461 in
2170 4408 2338 4461 choro
2367 4408 2616 4462 sedentes
2665 4408 2941 4461 institutos
2979 4413 3190 4461 secrete
3230 4407 3414 4461 conci-

1821 4507 1954 4554 nant
1982 4498 2240 4570 psalmos.
2272 4497 2517 4553 Psalmos
2562 4506 2745 4552 autem
2787 4505 3011 4551 cantare
3033 4495 3217 4567 jussit,
3253 4496 3412 4576 quin-

1822 4608 1927 4664 que
1952 4592 1980 4632 ἀ
2007 4606 2107 4664 pro
2132 4590 2384 4645 omnibus
2425 4588 2672 4644 fidelibus
2714 4588 2770 4642 in
2817 4596 2931 4645 toto
2966 4597 3239 4644 terrarum
3278 4587 3412 4645 orbe

1819 4688 1976 4754 vivis,
2013 4686 2250 4756 quinque
2294 4683 2458 4739 etiam
2492 4698 2591 4754 pro
2631 4684 2885 4739 omnibus
2928 4683 3179 4740 fidelibus
3222 4683 3414 4741 defun-

1820 4780 1952 4846 ctis;
1981 4793 2081 4848 pro
2120 4777 2199 4831 eis
2239 4790 2454 4846 quoque
2482 4775 2575 4845 qui
2610 4790 2784 4847 nuper
2822 4774 3063 4832 defuncti
3094 4785 3241 4843 sunt,
3280 4777 3409 4846 quia

1822 4872 1891 4925 ad
1920 4870 2167 4925 notitiam
2201 4867 2535 4938 singulorum
2562 4882 2671 4922 non
2696 4867 2880 4923 statim
2929 4883 3093 4925 causa
3138 4857 3423 4939 pervenit;

1820 4975 1876 5021 ut
1901 4965 2109 5035 jugiter
2141 4971 2466 5019 canerentur
2493 4964 2729 5019 instituit
2756 4964 3106 5020 nihilominus
3143 4964 3403 5035 quinque.

1815 5060 2070 5118 Decursis
2106 5077 2237 5118 vero
2266 5062 2486 5134 psalmis
2531 5063 2769 5134 quinque
2813 5076 3018 5135 pronus
3060 5059 3294 5116 orationi
3327 5059 3407 5115 in-

1814 5156 2058 5224 cumbat,
2084 5172 2179 5213 eos
2206 5172 2307 5227 pro
2344 5158 2539 5229 quibus
2572 5158 2770 5214 cecinit
2820 5157 2932 5211 Deo
2975 5153 3402 5211 commendans:

1814 5258 1871 5306 et
1895 5257 2024 5306 tunc
2064 5250 2279 5306 demum
2332 5266 2431 5322 pro
2480 5251 2602 5307 aliis
2642 5257 2929 5323 rogaturus
2957 5247 3172 5302 initium
3199 5255 3401 5302 sumat.

1814 5340 1927 5397 Nec
1947 5341 2313 5415 pigritandum
2335 5349 2418 5396 est
2439 5344 2546 5413 pio,
2573 5342 2739 5396 certis
2766 5339 3062 5423 deﬁxisque
3088 5336 3402 5407 psalmodiis

1815 5451 2153 5508 Lanfrancus
2197 5453 2408 5524 signum
2453 5451 3014 5524 minimumjocat_in
3049 5448 3400 5524 Decretorum

1817 5540 1936 5595 cap.
1974 5525 2021 5590 1,
2062 5524 2193 5579 etin
2229 5520 2523 5580 secretario
2552 5521 3018 5595 locat_Durandus
3045 5520 3100 5575 in
3142 5521 3398 5588 triclinio,

1814 5592 1909 5651 lib'.
1940 5611 1955 5648 ι
1986 5595 2050 5649 de
2081 5596 2275 5650 divinis
2306 5595 2526 5659 Olliciis,
2551 5611 2670 5663 cap.
2699 5592 2754 5646 li.
3406 5638 3412 5645 .

1883 5665 1910 5705 ἀ
1941 5666 2004 5720 ili
2052 5675 2179 5720 sunt
2222 5667 2414 5736 psalmi
2461 5665 2763 5735 gradualcs,
2797 5679 2933 5734 quos
2960 5663 3398 5733 Quadragesima‘.

1814 5745 2056 5807 tempore
2081 5735 2304 5807 singulis
2334 5735 2483 5792 feriis
2512 5736 2721 5805 quartis
2760 5737 2922 5793 etiam
2946 5753 3094 5796 nunc
3127 5744 3252 5791 ante
3280 5747 3397 5791 mat-

1816 5806 2046 5865 tutinum
2077 5806 2308 5863 ofﬁcium
2337 5806 2768 5877 frequentamus.
