4004 6328
558 276 664 335 379

1578 268 1634 323 S.
1671 266 2034 324 BENEDICTI
2071 264 2363 323 ABBATIS
2400 262 2809 321 ANIANENSIS

557 396 761 446 interno
785 383 918 456 Regi
946 384 1191 439 demerso
1218 381 1270 436 in
1302 386 1499 436 terram
1518 384 1757 450 corpore
1791 379 2128 449 supplicare:
2159 382 2211 443 Α
2237 378 2526 433 multorum
2566 376 2928 456 Eonsuetudo.
2995 373 3274 446 Siquidem
3322 376 3593 434 nonnullis
3646 364 3820 450 usqpe

556 496 679 535 cum
713 466 1024 549 potentibus
1070 475 1143 529 ad
1186 473 1396 543 singula
1448 456 1627 526 verba.
1661 486 1771 525 non
1820 478 2130 525 revereatur

557 571 681 641 quis
724 567 996 623 inﬂectere
1028 572 1216 634 caput;
1275 562 1615 629 maximeque
1651 561 1780 629 quia
1828 560 1931 613 hoc
1971 561 2131 615 modo

554 659 730 731 gratia
767 664 1089 728 provocetur
1129 653 1328 715 divina,
1361 659 1419 705 et
1439 649 1869 719 compunctionis
1908 649 2134 703 suscite-

557 759 649 805 tur
673 750 869 805 fervor.
899 748 1164 816 Tempore
1184 742 1449 813 siquidem
1476 742 1685 799 uastatis
1706 749 1833 809 post
1856 739 2132 808 erpletum

557 839 940 895 Matutinarum
966 833 1218 899 eliciam,
1260 846 1386 886 mox
1411 828 1595 902 egredi
1621 830 1691 889 ab
1728 827 1960 885 ecclesia
2006 842 2134 897 pro-

554 944 679 1006 pter
719 932 1131 990 somnolentiam
1163 928 1347 998 jussit,
1388 939 1614 995 seseque
1664 923 1965 979 calceantes
1992 920 2132 1001 ’lotis

554 1024 801 1082 faciebas
843 1025 1018 1080 denuo
1069 1019 1141 1077 ad
1180 1018 1465 1074 ecclesiam
1519 1016 1728 1071 concite
1776 1013 2022 1077 redeant,
2078 1019 2134 1066 et

550 1114 706 1185 juxta
769 1112 1051 1185 praefatum
1098 1109 1342 1165 ordinem
1400 1106 1593 1161 altaria
1647 1120 1770 1161 cum
1826 1101 2132 1160 reverentia

555 1208 905 1269 circumeant,
940 1204 1249 1273 sanctisque
1284 1216 1342 1256 se
1378 1202 1531 1270 aquis
1573 1197 1901 1270 perfundant
1931 1214 1944 1250 :
1972 1203 2029 1251 et
2054 1196 2134 1251 sic

553 1297 810 1366 deinceps
835 1296 901 1350 ad
938 1295 1057 1349 loca
1097 1292 1199 1349 sibi
1240 1292 1534 1346 constituta
1572 1289 1847 1353 accedant,
1879 1288 2135 1343 diurnum

553 1387 816 1457 expleturi
844 1387 1073 1442 honeste
1106 1382 1381 1439 cilicium:
1407 1396 1527 1452 quas
1550 1379 1722 1438 oﬂioia
1747 1378 1904 1448 juxta
1934 1377 2137 1431 Roma-

551 1493 681 1533 num
709 1490 736 1519 ι
767 1477 976 1547 psalmo
1014 1490 1181 1530 cxvm
1221 1472 1614 1542 persolventur,
1666 1471 1882 1539 sintque
1930 1467 2132 1541 parati,

555 1575 616 1620 ut
656 1565 873 1637 pulsata
896 1565 1051 1636 signo
1087 1564 1235 1617 horae
1262 1562 1467 1631 prince,
1516 1575 1643 1615 mox
1691 1559 1761 1613 ad
1798 1559 2024 1613 chorum
2049 1571 2136 1615 oc-

555 1665 797 1715 currant.
824 1654 1052 1726 Signum
1079 1661 1263 1708 autem
1294 1652 1369 1705 ita
1382 1649 1607 1729 prolixe
1626 1658 1847 1718 tangere
1869 1647 2051 1717 jussit,
2075 1654 2137 1701 ut

2232 469 2297 522 ad
2321 468 2459 522 talos
2482 446 2702 522 ειιᾶιιιω
2726 464 3051 536 pendebant.
3095 466 3268 533 Quam
3308 468 3377 522 ob
3424 482 3543 523 rem
3584 469 3683 523 vir
3724 446 3821 527 δεῖ

2231 557 2553 613 uniformem
2575 546 2787 613 cunctis
2809 560 3094 614 tenendum
3132 561 3410 615 monachis
3436 560 3677 615 instituit
3702 578 3819 617 mo-

2233 650 2382 716 dum,
2418 659 2478 704 ut
2518 666 2623 704 non
2673 652 2900 721 amplius
2948 666 2979 705 a
3026 652 3235 707 duobus
3287 654 3483 708 cubitis
3526 656 3826 725 excederet

2232 753 2501 801 mensura,
2532 739 2620 794 vel
2644 756 2815 809 usque
2840 741 2905 793 ad
2927 755 3099 811 genua
3119 741 3426 812 pertingere
3446 755 3658 811 posset.
3678 743 3826 817 _Con-

2232 830 2398 885 cessit
2442 837 2608 885 eum
2655 831 2998 887 necessitatis
3036 848 3220 897 causa,
3260 841 3478 903 propter
3518 848 3694 902 quam
3728 834 3826 888 Rc-

2233 919 2355 989 gula
2376 917 2548 988 jubet,
2583 920 2718 975 duas
2752 921 2959 977 scilicet
2982 923 3277 978 stamineas
3318 923 3367 989 d,
3418 932 3471 979 ct
3511 924 3823 989 femoralia,

2232 1011 2487 1079 pelliceas
2514 1027 2731 1083 quoque
2751 1020 2805 1067 et
2833 1023 3137 1084 tegumenta
3166 1031 3373 1081 eorum,
3407 1031 3611 1088 cappas
3655 1018 3820 1081 duas;

2234 1112 2290 1158 et
2314 1120 2645 1175 quaecunque
2670 1108 2976 1161 necessaria
3009 1107 3304 1179 prospexit,
3343 1117 3401 1163 ut
3444 1098 3678 1165 omnem
3720 1127 3825 1164 am-

2232 1204 2450 1265 putaret
2476 1199 2775 1253 occasionis
2801 1198 3101 1270 ambagem,
3131 1202 3320 1255 tribuit
3342 1209 3395 1256 et
3424 1204 3734 1257 concessit.

2304 1286 2392 1340 55.
2424 1287 2670 1343 Ostendit
2715 1304 2926 1358 quoque
2972 1305 3071 1358 per
3122 1291 3444 1361 scripturam
3490 1292 3819 1363 imperatori

2234 1377 2498 1432 rationem
2522 1379 2586 1433 de
2606 1380 2689 1433 his
2704 1395 2824 1448 quae
2838 1379 2992 1448 jubet
3016 1382 3235 1452 Regula,
3275 1384 3369 1438 sed
3390 1385 3559 1439 certis
3588 1398 3669 1440 ex
3700 1388 3823 1440 cad-

2235 1468 2311 1524 sis
2363 1468 2571 1524 intacta
2605 1478 2920 1536 remanent;
2961 1479 3016 1525 et
3067 1472 3133 1527 de
3183 1474 3268 1528 his
3300 1489 3421 1543 qum
3459 1474 3553 1530 illa
3592 1492 3825 1546 prorsus

2234 1558 2473 1623 reticuit,
2522 1560 2615 1614 sed
2647 1559 2855 1614 utiliter
2900 1561 3230 1631 supplentur.
3264 1562 3435 1619 Omne
3480 1566 3694 1636 quippe
3733 1568 3822 1622 de-

2236 1647 2494 1703 siderium
2533 1664 2687 1703 suum
2714 1650 2767 1703 in
2811 1652 3244 1707 observationem
3278 1653 3499 1724 Regula:
3527 1667 3822 1712 converte-

551 1763 745 1805 omnes
772 1747 864 1802 illo
890 1756 1115 1801 sonante
1138 1753 1446 1810 occurrant,
1487 1742 1577 1800 illo
1604 1752 1851 1799 cessante
1880 1742 2133 1798 sacerdos
2159 1747 2208 1808 Β
2237 1747 2345 1803 rat,
2368 1755 2632 1808 suumque
2659 1740 2763 1794 hoc
2784 1742 3119 1809 permaxime
3139 1750 3257 1797 erat
3274 1743 3510 1798 studium
3540 1784 3556 1808 ,
3590 1754 3652 1799 et
3686 1746 3825 1799 nihil

551 1839 777 1907 incipiat
820 1839 1030 1893 horam.
1078 1836 1301 1907 Expleta
1343 1835 1523 1891 Prima
1560 1836 1619 1890 in
1652 1851 1814 1890 unum
1859 1835 2134 1905 aggregati

553 1928 767 1983 solvant
808 1926 1102 1997 capitulum
1134 1944 1146 1981 :
1178 1941 1285 1996 quo
1331 1926 1563 1996 explete,
1608 1940 1730 1979 cum
1772 1924 2009 1990 silentio,
2041 1930 2136 1978 aut

553 2019 795 2090 psalmos
814 2019 842 2059 δ
866 2019 1196 2081 decantandi)
1218 2025 1413 2073 creant
1433 2018 1499 2073 ad
1520 2030 1654 2087 opus
1675 2016 1779 2071 sibi
1808 2015 2129 2085 injunctum.

552 2109 611 2165 lu
640 2109 968 2165 monasterio
997 2123 1212 2179 quoque
1242 2116 1579 2165 remanentes
1603 2124 1711 2163 non
1743 2106 1945 2164 fabulis
1970 2123 2135 2163 occu-

549 2206 748 2269 pentur
776 2198 984 2263 otiosis,
1028 2198 1125 2253 sed
1154 2196 1269 2253 bini
1287 2202 1345 2253 et
1370 2196 1520 2263 .bini,
1559 2205 1653 2252 aut
1680 2206 1829 2253 certe
1852 2197 2050 2267 singuli
2076 2198 2133 2251 in

550 2291 801 2361 coquina,
827 2290 884 2345 in
904 2290 1153 2360 pistrino,
1178 2289 1239 2345 in
1258 2289 1478 2346 cellaria
1496 2289 1735 2359 psalmos
1759 2297 1975 2344 canant.
2003 2288 2133 2345 Post

547 2382 959 2452 completorium
1007 2396 1136 2437 vero
1179 2381 1417 2436 instituit
1442 2389 1503 2435 ut
1542 2396 1653 2435 non
1680 2396 1783 2450 pro
1823 2379 1973 2434 libita
2008 2380 2133 2450 quis

549 2472 829 2528 voluntate
854 2481 951 2527 aut
977 2473 1304 2542 egrediatur.
1351 2480 1447 2531 aut
1482 2481 1725 2528 moretur
1758 2473 1815 2526 in
1858 2473 2126 2539 oratorio;

552 2560 648 2619 scd
691 2560 886 2617 hiemis
932 2567 1179 2631 tempore
1220 2561 1423 2625 decem
1449 2561 1605 2630 prius
1643 2568 1841 2615 canant
1870 2562 2126 2632 psalmos,

552 2663 741 2710 estate
786 2670 918 2715 noro
952 2655 1189 2725 quinque
1219 2673 1232 2709 :
1266 2656 1456 2725 sicque
1497 2654 1711 2726 pulsato
1743 2659 1896 2726 signo
1939 2671 2133 2711 omnes

551 2748 760 2818 pariter
798 2747 955 2819 juxta
991 2748 1289 2818 praefatum.
1314 2746 1532 2803 modum
1582 2748 1775 2804 altaria
1809 2758 2004 2805 cuncta
2030 2750 2133 2804 cir-

551 2847 826 2905 cumeant,
855 2846 910 2894 et
938 2836 1019 2895 sic
1053 2840 1122 2894 ad
1147 2839 1284 2895 lata
1310 2856 1406 2896 sua
1437 2840 1634 2911 singuli
1665 2842 1943 2910 pausaturi
1976 2856 2132 2895 acce-

550 2927 702 2985 dant.
728 2928 791 2984 in
807 2929 892 2989 his
913 2929 1083 2995 tribus
1103 2944 1201 3001 per
1226 2932 1367 2993 diem
1391 2931 1603 2987 vicibus
1623 2932 1911 2989 circumire
1934 2939 2129 2988 cuncta

548 3022 807 3093 praecepit
827 3021 1048 3090 altaria,
1074 3031 1132 3078 et
1154 3024 1222 3087 ad
1248 3024 1480 3092 primum
1503 3039 1569 3078 ex
1596 3024 1677 3080 eis
1701 3024 2001 3080 orationem
2025 3025 2131 3079 Do-

2236 1828 2530 1884 intellcctui
2554 1829 2670 1898 ejus
2693 1834 2998 1887 excederet.
3032 1832 3204 1899 Quam
3227 1834 3299 1888 ob
3321 1849 3539 1889 causam
3562 1851 3714 1905 quos
3740 1853 3823 1907 pc-

2233 1920 2370 1975 ritos
2419 1936 2544 1976 esse
2583 1932 2947 1992 compererat,
2992 1931 3197 1979 attente
3246 1926 3628 1981 sciscitabatur
3677 1929 3823 1985 circa

2234 2010 2503 2081 longeque
2538 2013 2762 2081 positos,
2801 2028 2895 2068 eos
2919 2014 3083 2069 etiam
3113 2015 3206 2083 qui
3236 2016 3357 2071 istis
3384 2016 3437 2069 in
3466 2019 3731 2087 partibus
3758 2020 3823 2074 ad

2232 2110 2472 2161 montem
2494 2102 2755 2158 Casiumn
2784 2105 3133 2169 accederent,
3163 2104 3331 2160 veluti
3357 2106 3449 2174 qui
3485 2122 3595 2162 non
3618 2110 3813 2163 audita

2233 2195 2569 2251 solummodo
2602 2236 2617 2261 ,
2653 2198 2747 2251 sed
2773 2198 2889 2252 visa
2936 2200 3295 2269 perciperent.
3347 2198 3427 2256 0b
3475 2217 3644 2271 quam
3689 2206 3820 2259 dile-

2233 2284 2469 2343 ctionem
2497 2285 2862 2358 intelligentia
2900 2302 3026 2343 cum
3061 2288 3314 2357 quislibet
3348 2290 3399 2345 ei
3448 2291 3657 2362 aliquid
3698 2297 3819 2350 novi

2231 2378 2517 2448 panderet,
2552 2394 2680 2434 mox
2731 2380 3004 2436 humiliter
3051 2382 3356 2452 suscipiens
3389 2399 3600 2440 summa
3654 2404 3821 2443 reve~

2230 2471 2410 2529 rentia
2434 2472 2634 2539 aiebat,
2670 2474 2900 2528 necdum
2924 2488 2984 2541 se
3016 2488 3177 2543 posse
3204 2467 3448 2532 occultos
3496 2492 3701 2534 sensus
3723 2481 3824 2537 Re-

2232 2561 2371 2633 gula:
2398 2578 2597 2619 nosse:
2627 2571 2685 2619 et
2727 2580 2853 2619 cum
2892 2565 3104 2620 cunctis
3149 2571 3266 2621 nnn‘
3307 2567 3483 2622 dicam
3517 2568 3814 2636 tironibus,

2234 2654 2329 2710 sed
2351 2656 2482 2724 ipsis
2515 2656 2850 2724 sapientibus
2897 2657 3010 2727 ipse
3035 2672 3157 2713 eam
3183 2657 3557 2727 elucidaverit,
3590 2676 3737 2716 nova
3763 2672 3815 2717 et

2233 2743 2475 2800 inaudita
2499 2760 2558 2800 se
2582 2760 2693 2799 non
2727 2753 2934 2801 tantum
2957 2764 2987 2801 a
3009 2748 3218 2817 peritis,
3249 2764 3441 2804 verum
3453 2750 3620 2805 etiam
3644 2769 3679 2806 a
3695 2752 3823 2807 sim-

2233 2837 2551 2908 plicioribus
2569 2841 2812 2909 reperire
2840 2840 3132 2897 fatebatur.
3154 2841 3305 2897 Fecit
3331 2841 3567 2914 denique
3608 2843 3817 2899 librum

2234 2943 2305 2984 ex
2334 2929 2560 3001 Regulis
2596 2933 2931 2987 diversorum
2965 2932 3187 2988 Patrum
3229 2945 3254 2974 ο
3282 2936 3569 2990 collectum
3599 2977 3614 3001 ,
3648 2936 3728 2990 ita
3765 2946 3821 2991 ut

2232 3022 2384 3092 prior
2437 3024 2581 3080 beati
2612 3026 2884 3082 Benedicti
2936 3024 3141 3096 Regula
3183 3028 3393 3084 cunctis
3420 3034 3599 3093 esset,
3655 3043 3817 3097 quem

552 3113 808 3169 minicam
843 3115 1026 3171 dicant
1081 3123 1138 3173 et
1186 3116 1519 3187 symbolum,
1574 3117 1784 3172 caeteris
1828 3116 2130 3172 orationem
2160 3108 2205 3173 C
2235 3115 2383 3170 omni
2410 3124 2650 3186 tempore
2678 3117 2745 3170 ad
2771 3116 3049 3171 collectam
3072 3117 3391 3171 matutinum
3418 3117 3602 3188 legere
3631 3116 3818 3184 jussit.

551 3203 912 3273 Dominicam,
958 3205 1044 3261 vel
1088 3223 1185 3262 sua
1230 3204 1593 3262 conﬁteantur
1648 3206 1861 3262 delicta.
1914 3207 2134 3262 Diurnis

553 3304 738 3352 autem
777 3296 1087 3359 orationum
1121 3298 1271 3353 boris
1317 3298 1386 3352 ad
1433 3313 1590 3353 suum
1634 3299 1863 3369 quisque
1915 3301 2136 3355 accedat

549 3395 802 3444 araturus
823 3387 1003 3447 locum
1026 3406 1041 3442 :
1067 3387 1113 3443 si
1134 3389 1675 3459 autempeculiariter
1694 3390 1795 3449 sibi
1819 3388 1937 3443 vult
1952 3404 2131 3456 orare,

551 3479 961 3551 quibuscunque
1009 3487 1170 3535 vacat
1211 3481 1393 3547 horis,
1449 3480 1674 3537 licenter
1719 3490 1967 3554 peragat.
2027 3482 2137 3537 Has

549 3569 717 3642 igitur
745 3580 858 3635 tres
903 3570 1028 3626 ideo
1068 3572 1352 3629 constituit
1373 3573 1634 3628 orationis
1670 3574 1839 3639 vices,
1868 3584 1927 3629 ut
1957 3575 2011 3629 hi
2043 3574 2136 3644 qui

550 3669 775 3733 tmpore
802 3662 1136 3734 pigrescunt,
1159 3672 1214 3717 et
1236 3677 1397 3719 orare
1434 3662 1728 3726 fastidient,
1760 3664 1949 3719 saltem
1982 3679 2135 3719 com-

550 3753 691 3824 pulsi
720 3760 883 3824 agaut
913 3770 1034 3825 qua
1061 3752 1293 3811 libenter
1322 3755 1545 3821 nolunt;
1580 3764 1635 3810 et
1667 3756 1994 3811 constitutas
2028 3772 2134 3811 non

550 3852 884 3914 praesumant
918 3845 1223 3915 relinquere
1277 3849 1442 3909 horas
1486 3864 1500 3903 :
1550 3849 1607 3902 hi
1654 3864 1788 3905 vero
1833 3850 1923 3919 qui
1967 3850 2135 3905 nimio

557 3935 960 3989 succenduutur
1009 3950 1212 4002 amore,
1256 3952 1329 3992 ne
1379 3945 1564 3992 extera
1616 3938 1908 3994 indiscrete
1953 3948 2139 4009 petant

551 4024 922 4101 retrahuntur.
954 4024 1044 4081 Sic
1081 4028 1225 4081 enim
1261 4025 1507 4081 accidere
1534 4028 1671 4081 solet
1708 4036 1769 4082 ut
1794 4030 1975 4083 nimiis
2001 4031 2140 4100 vigi-

554 4114 641 4171 liis
688 4121 990 4171 atterantnr
1033 4117 1194 4173 unius
1241 4118 1423 4173 nectis
1448 4130 1471 4159 ο
1504 4119 1887 4175 indiscretione
1928 4139 1941 4175 :
1988 4123 2137 4179 boris

555 4216 743 4263 autem
759 4209 957 4278 quibus
975 4209 1172 4273 divinis
1198 4210 1517 4279 psalmodiis
1537 4225 1659 4268 esse
1688 4214 1956 4269 intentum
1979 4231 2138 4287 opor-

556 4308 656 4367 mt,
683 4308 1091 4371 prmoecupatus
1114 4316 1304 4367 somno
1338 4317 1451 4357 neu
1494 4303 1664 4359 valeat
1701 4304 1941 4361 divinum
1964 4307 2136 4362 exsol.

556 4407 687 4448 vere
721 4407 967 4448 censum.
1005 4392 1069 4448 In
1105 4393 1297 4449 habitu
1339 4408 1552 4465 quoque
1598 4395 1903 4467 dissimiles
1933 4396 2136 4454 fecerat

625 4538 652 4566 ιι
679 4525 821 4597 Ergo
849 4523 962 4597 jam
986 4533 1097 4579 tum
1127 4525 1385 4585 Romanae
1413 4526 1668 4593 Ecclesia:
1708 4544 1824 4585 mos
1851 4529 2129 4586 obtinebat

554 4603 617 4650 ut
640 4596 875 4665 psalmus
901 4597 1226 4651 centesimus
1250 4606 1472 4653 octavus
1499 4600 1757 4665 decimus,
1783 4602 1862 4654 uti
1888 4610 1942 4655 et
1967 4617 2128 4665 nunc,

558 4666 785 4739 iuberis
806 4666 1013 4739 diurnis
1034 4667 1369 4739 psallereutr.
1398 4670 1572 4724 Aliter
1595 4670 1848 4724 diurnum
1869 4670 2132 4739 psallendi

558 4735 1098 4861 ᾙὲυοιὲῃξὶίῗῗὼιιὶι
1140 4747 1359 4811 sanctus
1403 4739 1564 4807 Pater
1604 4735 1926 4797 Benedictus
1953 4742 2008 4798 in
2034 4742 2135 4798 R0!

598 4822 696 4861 illi!)
722 4822 841 4861 can.
870 4822 893 4858 ‘l
914 4822 955 4858 Ι.

560 4822 1059 4952 μὲὲὸξὲρῷίῷοξ
1099 4877 1240 4952 inter
1288 4877 1640 4952 laborandum
1680 4879 1967 4952 decantari
1995 4897 2133 4952 prte-

558 4948 801 5005 sori‘bunt
827 4946 1129 5002 Adalardus
1156 4950 1322 5005 abbas
1350 4949 1405 5003 in
1434 4952 1655 5006 statutis
1679 4952 1814 5015 suis,
1838 4960 1894 5005 et
1917 4946 2132 5009 Cluniae

558 5018 934 5139 ggnzﬁlsmaﬂgd
963 5016 1293 5139 Ρᾱὲᾞεξῒ,
1324 5019 1381 5079 in
1416 5020 1878 5079 Consuetudiuum
1913 5022 2135 5079 Clunia-

626 5108 654 5139 ll
909 5128 921 5139 .
988 5127 1004 5139 .
1071 5125 1083 5139 ι
1145 5129 1156 5139 .
1182 5125 1195 5139 ι
1256 5129 1270 5139 .

558 5088 797 5145 censium
830 5088 921 5159 lib.
963 5103 1004 5153 1,
1039 5105 1156 5159 cap.
1182 5089 1270 5144 30.

632 5169 656 5198 ι
683 5158 938 5234 Eamdem
963 5158 1227 5234 ratipuem
1257 5162 1499 5234 suggerit
1540 5161 1832 5220 Cassianus
1859 5163 1914 5219 in
1933 5162 2125 5221 Collat.

563 5244 627 5295 ιι,
658 5244 812 5298 capp.
846 5228 915 5287 16
939 5238 995 5286 et
1023 5228 1109 5285 17.
1325 5228 1384 5234 ’⁷

563 5368 575 5381 ⁸
625 5296 799 5381 ξιιιιιιι
827 5314 955 5381 ergo
981 5309 1109 5363 tunc
1144 5300 1363 5371 vigebat
1398 5318 1530 5363 usus
1578 5304 2129 5381 sta_minearuin,_seu

560 5368 908 5441 interularuni
930 5368 1245 5433 lanearuin’,
1274 5387 1408 5441 quas
1434 5383 1610 5427 tamen
1654 5368 1943 5430 llotbertus
1974 5368 2123 5428 Moli-

561 5438 793 5512 s_mcns_is
819 5440 986 5512 abbas
1013 5438 1324 5510 repudiasse
1350 5443 1519 5497 fertur
1547 5445 1685 5512 apud
1723 5444 2038 5499 Orilericum
2070 5447 2125 5499 in

563 5507 703 5569 Hist.
730 5506 823 5562 lib.
853 5524 909 5562 ν.
948 5506 1109 5565 Certe
1139 5521 1357 5567 sanctus
1391 5514 1552 5567 Pater
1582 5506 1723 5567 Bene
1746 5517 1901 5569 'ictus
1924 5516 1988 5570 de
2016 5525 2127 5572 sta—

560 5579 753 5635 mineis
781 5594 875 5635 seu
904 5581 1230 5650 quibuslibet
1260 5584 1506 5640 interulis
1544 5583 1681 5638 silet.
1714 5583 1780 5638 Et
1809 5594 1984 5638 tamen
2013 5595 2129 5639 sta-

560 5652 771 5708 mineas
789 5651 927 5708 duas
949 5655 1232 5711 monachis
1266 5656 1531 5710 concedit.
1578 5654 1908 5711 Fructuosus
1934 5655 1988 5709 in
2017 5656 2127 5709 Re-

561 5721 1636 5800 mmmtmsmmma.
1671 5741 1782 5787 non
1809 5725 1968 5787 lineis
1993 5765 2011 5800 ,
2036 5726 2133 5786 sed

2149 4490 2205 4549 D

2236 3204 2316 3260 Ex
2341 3221 2448 3275 quo
2476 3222 2665 3262 rursus
2688 3207 3074 3262 utostenderet
3098 3208 3448 3263 contentiosis
3468 3208 3611 3263 nulla
3627 3206 3818 3264 frivola

2236 3314 2501 3371 cassaque
2518 3315 2549 3355 a
2578 3302 2736 3356 beato
2763 3302 3056 3357 Benedicto
3083 3301 3225 3357 edita
3252 3301 3370 3356 fore
3393 3342 3409 3366 ,
3443 3299 3537 3355 sed
3564 3315 3726 3356 suam
3750 3318 3815 3357 ex

2238 3392 2467 3446 aliorum
2513 3391 2707 3449 fultam
2732 3408 2852 3447 esse
2888 3392 3179 3462 Regulam;
3233 3391 3396 3445 alium
3426 3391 3670 3447 collectis
3702 3392 3810 3447 Bc.

2238 3486 2486 3556 gularum
2541 3486 2825 3543 sententiis
2861 3486 3160 3554 composuit
3206 3485 3400 3540 librum
3427 3524 3442 3549 ,
3471 3484 3557 3539 cui
3609 3499 3810 3540 nomen

2235 3575 2538 3632 Concordia
2576 3576 2595 3616 τ
2625 3576 2949 3646 chularum
2974 3576 3141 3640 dedit,
3175 3576 3247 3631 ita
3275 3576 3533 3629 duntaxat
3563 3582 3622 3628 ut
3667 3573 3812 3630 βεδε

2234 3667 2516 3723 Benedicti
2560 3667 2894 3738 praecederet
2926 3666 3189 3725 sententia
3219 3707 3233 3730 ,
3271 3666 3319 3720 ei
3349 3681 3479 3721 vero
3511 3665 3810 3720 rationabi-

2234 3758 2361 3814 liter
2399 3758 2783 3814 convenientes
2824 3758 3183 3827 jungerentur
3207 3756 3479 3825 deinceps.
3510 3754 3692 3810 Alium
3735 3758 3812 3810 ni-

2235 3850 2531 3905 hilominus
2556 3865 2624 3905 ex
2652 3857 2969 3906 sanctorum
2996 3848 3279 3903 ductumin
3308 3846 3563 3911 homiliis,
3600 3862 3726 3916 quas
3759 3846 3810 3901 in

2233 3941 2667 3999 exhortationem
2687 3941 3077 3996 monachorum
3101 3948 3227 3994 sunt
3250 3937 3500 4009 prolata,
3528 3934 3811 4008 conjunxit

2234 4031 2456 4097 librum,
2488 4046 2720 4101 eumque
2764 4032 2909 4088 omni
2940 4039 3183 4100 tempore
3215 4031 3272 4086 in
3319 4030 3647 4101 vespertinis
3692 4031 3802 4087 eel-

2234 4122 2393 4181 lectis
2422 4125 2601 4195 legere
2614 4126 2794 4196 jussit.

2305 4214 2396 4270 54.
2424 4216 2664 4271 Cernens
2718 4229 2933 4285 quoque
2966 4212 3258 4279 nonnullos
3305 4212 3432 4275 tutis
3464 4212 3677 4267 nisilms
3718 4227 3809 4268 an-

2234 4306 2420 4363 helare
2462 4308 2514 4361 in
2538 4307 2866 4375 acquirenda
2914 4305 3304 4360 monachorum
3334 4302 3605 4368 emnohia,
3635 4317 3809 4373 eaque

2235 4412 2347 4455 non
2398 4403 2609 4452 tantum
2662 4407 2724 4451 ut
2750 4394 3006 4465 precibus
3048 4393 3366 4458 obtineant,
3410 4407 3602 4447 vemm
3646 4391 3809 4446 etiam

2228 4528 2399 4582 laneis
2421 4527 2759 4589 vestimentis
2787 4528 2844 4582 in
2874 4526 3203 4587 monasterio
3228 4542 3325 4582 usa
3348 4535 3453 4595 est,
3482 4534 3624 4595 teste
3669 4527 3809 4583 Beda

2231 4596 2288 4669 in
2316 4599 2565 4653 Historia:
2588 4599 2681 4653 lib.
2709 4614 2786 4661 iv.
2808 4615 2927 4669 cap.
2957 4599 3041 4653 l9.
3071 4598 3312 4667 Denique
3332 4594 3629 4667 Ansegisus
3644 4599 3810 4652 abbas

2231 4668 2661 4727 Fontanellensis
2707 4668 2933 4740 drappos
2958 4669 3104 4740 albos
3134 4685 3227 4731 xx,
3250 4669 3315 4721 de
3344 4669 3535 4740 quibus
3577 4670 3811 4722 camisia

2230 4755 2306 4794 xx
2333 4740 2449 4812 ﬁeri
2474 4748 2704 4812 possent,
2728 4739 3242 4812 Fontanellensibus
3256 4739 3575 4812 assignavit.

2307 4822 2331 4850 ο
2355 4808 2577 4881 Nempe,
2607 4810 2895 4881 utquidem
2916 4810 3188 4875 existimo,
3205 4808 3456 4865 (Iudicem
3480 4808 3809 4881 Regttlarum

2232 4879 2513 4943 omnium,
2545 4879 2761 4949 qualem
2803 4882 3059 4935 exhibent
3088 4895 3217 4934 mss.
3248 4882 3488 4945 codices,
3515 4879 3808 4933 COrbcieii-

2233 4952 2308 5007 sis
2339 4952 2662 5007 veterrimus
2687 4950 2912 5020 aliique;
2944 4951 3182 5021 qualem,
3224 4950 3463 5019 inquam,
3501 4949 3809 5021 Holstenius

2232 5022 2499 5092 edendum
2538 5021 2772 5090 reliquit,
2803 5020 3112 5091 editumque
3145 5022 3289 5092 typis
3320 5021 3580 5089 Romanis
3620 5030 3678 5081 et
3704 5020 3807 5079 Pa.

2230 5090 2546 5159 risiensibus
2576 5092 2853 5145 habemus.
2885 5092 2960 5147 Eo
2992 5090 3045 5146 in
3074 5090 3257 5154 cod‘iCe
3287 5092 3529 5161 Regulae,
3552 5106 3810 5161 unaque?

2271 5177 2336 5215 uc
2365 5171 2486 5227 post
2512 5161 2693 5227 aliam,
2736 5162 2959 5227 integrae
2990 5161 3316 5227 referuntur,
3349 5160 3469 5216 cum
3498 5163 3549 5215 in
3572 5160 3810 5216 Concor-

2271 5233 2320 5303 in
2353 5231 2681 5303 Regularum
2705 5231 2930 5301 singulis
2959 5231 3174 5303 [legulae
3203 5232 3374 5287 sancti
3409 5232 3691 5303 Benedicti
3719 5247 3810 5287 ca-

2229 5302 2414 5373 pitulis
2444 5302 2668 5373 singula
2716 5302 2943 5359 aliarum
2993 5302 3297 5374 regularum
3351 5302 3585 5372 capitula
3639 5303 3811 5359 instar

2231 5374 2742 5428 commentariorum
2772 5381 3041 5442 aptentur.

2306 5443 2325 5483 ί
2359 5444 2510 5497 Hunc
2535 5444 2730 5497 librum
2752 5440 2940 5507 edidit,
2965 5442 3214 5507 notisque
3240 5442 3471 5496 eruditis
3505 5440 3805 5505 illustravit

2231 5514 2519 5569 Menardus
2543 5522 2726 5567 noster
2756 5553 2770 5578 ,
2798 5514 2888 5583 qui
2927 5513 3088 5566 etiam
3116 5511 3391 5583 Benedicti
3420 5511 3810 5583 Collectioncm

2232 5601 2297 5639 ex
2324 5584 2561 5639 homiliis
2585 5583 2804 5637 Patrum
2824 5582 2890 5637 in
2931 5583 3116 5655 codice
3155 5582 3487 5639 Floriacensi
3516 5582 3731 5655 legisse
3754 5596 3813 5636 se

2234 5663 2466 5729 testatur
2494 5673 2506 5707 :
2539 5670 2721 5729 quem_
2741 5663 2923 5712 tamen
2949 5654 3191 5712 codicem
3212 5668 3312 5729 ego
3337 5654 3702 5728 perquisitum
3727 5666 3814 5709 re-

2230 5726 2415 5802 perire
2436 5741 2546 5785 non
2573 5725 2745 5799 potui.
