4004 6328
235 281 336 341 381

1743 289 1922 351 VH‘A.

232 401 512 459 decertare
537 402 872 469 muneribus,
901 402 1123 474 suisque
1145 403 1333 461 usibus
1378 403 1647 475 stipendia
1676 420 1794 463 mo-
1818 409 1875 485 ᾼ
1897 411 2163 469 audiebat.
2205 410 2337 481 Quis
2359 427 2597 483 unquam
2636 414 2815 472 solum
2849 415 2956 475 nisi
2984 415 3204 483 deum
3224 420 3473 489 reperit?

228 494 529 547 uacborum
566 493 815 563 expendi,
842 508 902 547 ac
923 509 1019 563 per
1049 495 1151 549 hoc
1171 494 1363 549 diruta“
1383 494 1659 561 nonnulla,
1692 496 1797 553 alia

228 599 359 641 vero
400 583 601 653 fugatis
642 585 918 643 monachis
943 600 972 639 a
1002 585 1351 641 saecularibus
1378 586 1610 641 obtineri
1641 586 1799 651 elori-

227 675 341 741 cis;
371 674 502 729 adiit
520 675 623 729 hac
650 676 715 735 de
737 691 903 733 causa
932 677 1233 746 piissimum
1266 679 1646 748 imperatorem
1674 694 1798 748 pre-

226 770 488 838 cibusque
512 767 693 840 pulsat
718 778 777 823 ut
826 769 893 825 ab
942 767 1310 837 hujuscemodi
1366 772 1798 833 contentionibus

226 859 474 919 clericos,
522 859 814 914 monachos
840 874 970 913 vero
1018 861 1086 915 ab
1112 861 1215 916 hoc
1258 862 1509 917 redderet
1556 863 1796 932 periculo

115 1000 131 1010 .
222 960 491 1007 extorres.
507 950 804 1007 Assensum
823 952 1024 1020 prabet
1038 952 1457 1021 gloriosissimus
1480 955 1793 1024 imperator,

222 1044 555 1103 monasteria
584 1044 640 1099 in
666 1043 850 1113 Regna
876 1060 973 1101 suo
1002 1053 1199 1101 cuneta
1225 1055 1546 1115 praenotata,
1588 1047 1641 1100 in
1673 1047 1795 1115 qui-

220 1136 326 1195 bus
351 1151 416 1191 ex
438 1136 524 1190 bis
551 1133 844 1205 Regulares
861 1134 1096 1195 Abbates
1119 1151 1241 1193 esse
1283 1145 1485 1207 queant
1514 1137 1788 1199 decernit:

219 1245 289 1285 ac
341 1244 439 1298 per
488 1229 811 1297 scripturam
856 1236 918 1295 ut
973 1229 1294 1295 inconcussa
1342 1230 1490 1291 omni
1543 1237 1795 1291 maneant

220 1328 485 1389 tempore,
515 1317 731 1379 ﬁrmare
749 1320 1027 1389 praecepit,
1059 1335 1262 1389 suoque
1288 1321 1487 1377 annulo
1512 1321 1746 1391 signavit
1775 1341 1787 1376 :

217 1408 407 1479 sicque
438 1408 726 1475 multorum
772 1409 1116 1478 cupiditatem
1142 1452 1156 1477 ,
1182 1412 1569 1473 umnacborum
1615 1413 1787 1467 nihil-

1899 504 2021 572 quis
2060 506 2127 560 ad
2158 521 2281 567 cum
2321 507 2499 564 subito
2530 507 2835 578 ingrediens
2888 509 3060 567 siccas
3109 509 3224 579 ejus
3270 513 3471 581 reperit

1896 594 2101 662 genas?
2122 602 2177 649 et
2195 611 2300 650 non
2317 612 2537 666 prorsus
2561 605 2654 654 aut
2672 598 2819 661 humi
2832 608 3183 668 prostratum,
3212 610 3304 659 aut
3332 600 3470 659 caele

1896 684 2097 743 erectis
2122 685 2368 743 manibus
2413 695 2668 754 stantem,
2699 695 2790 745 aut
2817 702 2886 751 ne
2914 691 3055 751 sacri
3079 690 3471 753 voluminisni-

1897 774 2020 835 uiiis
2047 776 2486 841 bumectarentur
2502 777 2713 843 fletibus
2740 780 2967 851 paginas,
2991 783 3184 852 pugnis
3205 783 3469 852 recipiem-

1896 871 2004 923 tein
2033 864 2299 935 lacrymas
2328 867 2579 947 invenit?
2607 868 2797 924 Carnis
2826 870 3151 935 deficiebant
3174 872 3341 937 vites.
3370 871 3466 933 sed

1897 956 2062 1013 animi
2116 955 2401 1013 adamante
2441 958 2627 1021 durior
2655 960 2979 1029 persistebat
3022 961 3267 1026 intentio,
3319 961 3468 1033 rigor

1897 1046 2062 1111 semel
2101 1055 2312 1117 coeptus
2344 1064 2483 1119 pene
2529 1051 2646 1118 ipse
2690 1054 3007 1122 perdurans.
3040 1053 3297 1113 Carnium
3326 1070 3463 1124 quas

1895 1137 2195 1206 drupedum
2214 1153 2338 1199 esus
2361 1156 2467 1195 non
2488 1143 2727 1211 suscepit
2758 1158 2786 1199 a
2815 1142 2900 1199 die
2925 1144 3291 1201 conversionis
3317 1159 3462 1200 suae:

1878 1227 2101 1294 balneis
2123 1229 2289 1287 etiam
2314 1230 2369 1291 in
2393 1230 2583 1287 ultimo
2622 1246 2719 1289 suo
2751 1240 2990 1302 tempore
3015 1233 3362 1304 languoribus
3384 1242 3466 1291 ate-

1895 1319 2054 1379 tritus
2082 1320 2173 1374 vix
2204 1324 2443 1389 unquam
2483 1320 2723 1383 indulsit.
2764 1323 3153 1384 Vestimentum
3178 1333 3299 1395 post
3329 1341 3464 1395 Quae

1895 1409 2145 1480 draginta
2181 1410 2267 1467 vel
2290 1425 2355 1467 eo
2385 1412 2614 1481 amplius
2641 1413 2757 1469 dies
2792 1422 3001 1473 mutare
3026 1416 3215 1473 solitus
3234 1424 3336 1481 est.
3366 1415 3466 1473 Le-

215 1499 433 1555 omiuus
459 1514 709 1568 pavorem
748 1501 989 1554 extersit.
1032 1501 1201 1555 Erant
1230 1502 1396 1556 etiam
1439 1503 1687 1571 quaedam
1722 1518 1791 1559 ex
1878 1514 2018 1569 gere
2065 1502 2331 1571 siquidem
2380 1518 2566 1562 coram
2594 1518 2653 1561 se
2682 1511 2990 1571 sanctorum
3038 1505 3259 1564 Patrum
3284 1506 3462 1563 Yitam

214 1590 300 1647 eis
332 1605 554 1645 munera
585 1602 611 1630 α
654 1590 1008 1659 militiamque
1052 1599 1371 1647 exercentes
1405 1610 1418 1644 :
1465 1597 1791 1662 quapropter
1892 1592 2177 1661 obitusque
2198 1592 2424 1661 jubebat
2458 1612 2470 1648 :
2499 1610 2604 1664 qua
2624 1595 2856 1654 lectione
2874 1605 3225 1666 recuperatus
3250 1598 3463 1659 animus

217 1684 294 1747 ad
344 1691 550 1745 tantam
600 1685 926 1745 devenerant
960 1695 1332 1756 paupertatem
1365 1727 1381 1752 ,
1430 1695 1491 1741 ut
1533 1686 1789 1741 alimenta
1876 1686 2091 1743 fortior
2130 1688 2475 1759 perdurabat.
2523 1688 2568 1745 Ο
2607 1690 2749 1746 bone
2775 1688 2905 1746 Iesu
2928 1730 2945 1756 ,
2978 1691 3177 1759 quibus
3217 1692 3463 1762 suspiriis

214 1776 645 1845 vestimentaque
673 1775 926 1833 deessent
955 1777 1254 1833 monachis.
1288 1777 1415 1843 Quae
1442 1777 1793 1832 considerans
1818 1763 1867 1835 Β
1894 1776 2214 1848 ﬂetibusque
2251 1779 2504 1848 perfusus
2546 1781 2813 1837 aestuabat
2857 1780 3071 1837 animus
3101 1782 3323 1851 cupiens
3354 1781 3465 1841 dis,

211 1877 535 1940 suggerente
558 1866 781 1938 praefato
807 1867 924 1921 viro
974 1867 1255 1936 piissimus
1294 1882 1411 1931 rex,
1445 1867 1600 1936 juxta
1627 1882 1788 1935 posse

210 1960 421 2015 servire
440 1958 719 2028 praecepit,
752 1958 826 2011 ita
853 1965 913 2015 ut
942 1957 1079 2015 nihil
1103 1958 1215 2012 Deo
1243 1956 1626 2012 famulantibus
1647 1960 1795 2017 dees-

208 2056 318 2115 set,
346 2065 411 2105 ac
430 2064 525 2119 per
547 2050 650 2104 hoc
670 2048 878 2103 alacres
897 2063 994 2118 pro
1015 2064 1080 2102 eo
1100 2047 1320 2117 ejusque
1338 2048 1511 2119 prole,
1527 2050 1795 2119 totiusque

206 2141 371 2211 regni
417 2148 557 2199 statu
601 2139 905 2209 piissimum
950 2146 1311 2207 precarentur
1360 2138 1668 2193 Dominum.
1698 2138 1792 2193 llis

209 2244 351 2286 vero
371 2229 713 2284 monasteriis
737 2245 855 2301 quae
899 2227 999 2282 sub
1031 2228 1415 2289 canonicorum
1440 2227 1631 2285 relicta
1660 2236 1790 2283 sunt

202 2328 501 2393 potestate,
528 2305 809 2379 constituit
848 2319 926 2373 eis
956 2318 1277 2389 segregatim
1304 2317 1446 2373 unde
1491 2318 1672 2375 vivere
1707 2334 1791 2375 re-

205 2408 470 2483 gulariter
486 2408 716 2477 possint,
743 2417 935 2465 caetera
962 2408 1143 2463 abbati
1173 2408 1465 2465 concessit.

281 2498 368 2555 55.
404 2498 531 2566 Quae
554 2506 733 2554 autem
748 2515 882 2557 cum
908 2499 977 2552 ad
1009 2499 1259 2568 generale
1285 2499 1543 2569 placitum
1566 2499 1789 2571 jubente

208 2588 539 2658 imperatore
552 2598 817 2661 pergeret,
844 2588 975 2645 nutu
998 2590 1091 2645 Dei
1121 2590 1432 2653 acciderint,
1486 2606 1595 2645 non
1617 2590 1784 2644 silen-

208 2684 340 2739 dum
366 2692 511 2753 puto.
542 2683 656 2737 Ibat
682 2697 873 2752 nempe
903 2682 1218 2753 aegritudine
1265 2682 1534 2757 nimisque
1579 2681 1780 2736 calori—

209 2777 316 2832 bus
343 2775 541 2847 fessus,
567 2774 733 2847 jussis
759 2777 1135 2845 obtemperans
1161 2774 1343 2844 regiis,
1371 2774 1464 2829 sed
1506 2773 1788 2829 charitatis

207 2868 378 2923 armis
407 2867 656 2935 stipatus,
684 2865 974 2925 multorum
1003 2866 1219 2936 explere
1236 2865 1523 2923 utilitatem
1542 2874 1783 2936 paratus.

209 2957 322 3015 Sed
376 2958 424 3012 is
450 2959 542 3028 qui
563 2958 666 3027 piis
706 2973 918 3027 semper
941 2957 1152 3012 invidet
1198 2958 1407 3011 actibus
1436 2958 1705 3022 inimicus,
1730 2964 1788 3019 ut

204 3053 422 3127 piorum
461 3053 844 3109 detrimentum
892 3049 1058 3105 ferret
1087 3050 1285 3114 saluti,
1318 3050 1461 3105 hunc
1507 3065 1538 3103 a
1567 3050 1785 3103 tramite

1896 1872 2051 1936 solvi,
2099 1880 2154 1927 et
2183 1889 2306 1928 esse
2330 1874 2698 1933 cumeristo
2724 1875 2737 1927 !
2774 1888 2882 1929 non
2911 1878 3095 1928 tamen
3144 1873 3193 1930 si
3216 1888 3465 1937 necessa-r

1895 1962 2012 2018 rius
2039 1961 2309 2018 fratribus
2327 1963 2491 2028 foret,
2520 1964 2761 2019 laborem
2792 1964 2932 2019 ferre
2962 1978 3247 2019 recusans.

1967 2053 2054 2107 57.
2103 2052 2468 2109 lnvalescente
2511 2062 2691 2109 autem
2725 2054 3043 2123 aegritudine
3078 2053 3460 2123 imperatorem

1895 2144 2241 2199 familiariter
2260 2144 2523 2200 allocutus
2551 2145 2608 2202 in
2647 2143 2981 2201 monasterio,
3023 2142 3326 2207 deducitur.
3350 2140 3463 2199 irae

1894 2239 2173 2307 tribusque
2197 2237 2525 2293 valefaeiens
2555 2278 2571 2303 ,
2603 2245 2713 2292 tota
2748 2247 2909 2291 nocte
2941 2234 3276 2295 orationibus
3320 2230 3465 2303 psalt-

1893 2328 2197 2397 mediisque
2222 2337 2567 2397 pernoctans,
2609 2327 2778 2396 ipsius
2823 2326 2928 2387 diei
2958 2324 3203 2394 regulare
3228 2322 3462 2381 cilicium

1889 2419 2118 2490 peregit.
2141 2419 2211 2473 At
2238 2433 2364 2474 cum
2384 2418 2606 2472 alterius
2639 2417 2746 2473 diei
2767 2415 3012 2485 regulare
3048 2413 3316 2481 expleam
3342 2409 3459 2473 οων

1890 2511 2032 2565 cium
2056 2551 2070 2574 ,
2103 2518 2159 2564 et
2199 2524 2415 2564 cursum
2439 2507 2746 2579 persolvere
2793 2505 2975 2571 vellet,
3014 2511 3235 2577 ventum
3278 2509 3364 2561 est
3388 2500 3459 2563 ad

1888 2600 2186 2667 clausulam
2219 2616 2233 2654 :
2268 2594 2459 2655 Justus
2490 2614 2542 2653 es
2578 2637 2597 2662 ,
2642 2596 2900 2658 Domine;
2929 2609 3090 2664 quem
3132 2590 3458 2655 versiculum

1890 2692 2185 2747 decantans
2214 2689 2325 2744 ait:
2374 2687 2612 2750 Defieio;
2642 2695 2698 2742 et
2739 2684 2934 2755 adjecit
2963 2701 2976 2736 :
3006 2680 3122 2745 Fac,
3170 2697 3288 2747 cum
3313 2694 3461 2748 semp

1889 2790 1999 2843 tua,
2048 2781 2289 2851 Domine,
2331 2778 2615 2837 secundum
2650 2764 3061 2837 misericordiam
3099 2782 3245 2837 tuam
3281 2768 3455 2843 (Paul,

1888 2871 2076 2943 cxvui)
2111 2888 2125 2937 ;
2158 2874 2344 2940 sicQue
2362 2870 2505 2927 inter
2532 2870 2697 2927 verba
2742 2867 3004 2929 orationis
3033 2864 3324 2929 virtutibus
3361 2862 3459 2919 de,

1888 2969 2131 3016 ceratum
2159 2960 2337 3021 emisit
2383 2959 2633 3037 spiritum
2658 2959 2709 3010 h.
2738 2956 2946 3021 Adsunt
2974 2963 3154 3021 autem
3186 2953 3305 3025 ejus
3331 2967 3455 3023 om:

1894 3053 2055 3109 nibus
2077 3051 2279 3111 divitiis
2304 3050 2574 3107 dulciores
2602 3048 2841 3118 epistolae
2864 3088 2880 3113 ,
2932 3061 3069 3129 quas
3100 3044 3273 3116 ρνὶᾶίβ
3297 3056 3458 3115 (illiilli

208 3152 390 3213 empto
418 3142 509 3197 tali
533 3151 651 3198 arte
680 3142 955 3198 retardare
997 3141 1216 3196 molitur
1241 3160 1252 3194 :
1286 3157 1455 3210 equos
1492 3142 1779 3212 siquidem,
1810 3133 1856 3207 C
1888 3143 2144 3213 migraret
2167 3156 2204 3208 a
2230 3140 2445 3207 sreculo,
2486 3139 2746 3201 fratribus
2769 3138 2981 3195 Aniauo
3016 3134 3209 3209 positis
3232 3130 3455 3209 proprio

204 3235 403 3306 quibus
425 3234 539 3304 ipse
590 3233 861 3289 vehendus
907 3240 1054 3301 erat,
1077 3248 1175 3302 per
1204 3240 1353 3287 vasta
1398 3232 1653 3289 silvarum
1685 3233 1784 3301 de,-

206 3326 434 3381 turbans
479 3324 789 3383 custodibus
834 3321 947 3381 fere
991 3323 1191 3393 ignota.
1228 3321 1335 3378 Sed
1364 3325 1446 3378 vir
1495 3324 1592 3380 Dei
1634 3324 1780 3387 nullo

205 3416 395 3473 dolore
437 3416 503 3470 de
542 3415 755 3471 amissis
795 3414 950 3485 equis
1002 3414 1279 3484 perculsus
1308 3455 1323 3481 ,
1379 3414 1557 3473 alacer
1605 3415 1780 3487 regias

200 3524 376 3583 prope
413 3516 731 3581 pervenerat
772 3507 936 3565 fores.
976 3508 1220 3578 Expletis
1252 3509 1522 3579 siquidem
1566 3526 1779 3579 monas-

204 3603 475 3661 teriorum
501 3604 989 3672 monachorumque
1014 3641 1032 3668 ,
1078 3602 1145 3657 de
1179 3603 1373 3671 quibus
1397 3602 1471 3656 illi
1510 3603 1698 3672 ingens
1725 3610 1781 3661 et

192 3693 353 3766 iugis
376 3694 568 3767 piaque
591 3702 707 3750 erat
751 3693 1055 3760 sollicitudo
1078 3734 1092 3759 ,
1118 3693 1439 3749 utilitatibus
1464 3733 1480 3759 ,
1516 3708 1777 3761 numerus

199 3802 468 3858 equorum
488 3787 801 3851 imminutus
818 3801 850 3840 a
864 3801 990 3857 rege
1008 3784 1228 3840 fulcitur
1252 3784 1327 3856 [id
1348 3793 1421 3839 est
1450 3783 1773 3861 suppletur].

198 3879 316 3937 Sed
342 3887 398 3933 et
422 3886 545 3948 post
587 3879 743 3939 unius
768 3877 968 3939 mensis
996 3877 1228 3946 spatium
1267 3876 1452 3931 amissi
1500 3878 1774 3937 reducun-

202 3980 298 4026 tur
323 3972 447 4040 equi
475 3987 491 4036 ;
516 3970 701 4041 sicque
717 3969 976 4037 divinitus
997 3978 1176 4024 actum
1202 3977 1285 4024 est
1309 3976 1367 4024 ut
1389 3968 1515 4041 quia
1535 3969 1601 4029 de
1615 3969 1775 4033 amis-

196 4063 281 4123 sis
319 4077 424 4121 non
455 4060 644 4127 doluit,
684 4060 1012 4131 duplicatum
1046 4061 1341 4130 susciperet
1365 4059 1595 4114 lucrum.

277 4152 367 4207 56.
437 4153 612 4222 Coepit
671 4160 795 4221 post
845 4152 960 4205 haec
1009 4149 1236 4205 diversis
1298 4150 1569 4218 variisque
1616 4148 1774 4203 atteri

196 4247 633 4319 argritudinibus,
676 4253 730 4298 et
765 4243 960 4299 multos
993 4259 1089 4313 per
1134 4257 1302 4298 annos
1341 4242 1612 4297 continuis
1638 4243 1771 4311 vigi-

198 4339 318 4402 liis,
368 4337 599 4391 assiduis
625 4336 895 4405 lacrymis,
927 4332 1309 4402 acerrimisth
1351 4332 1572 4402 jejuniis
1613 4341 1775 4401 atque

195 4429 478 4489 laboribus
504 4428 1049 4496 meditationibusque
1088 4428 1331 4482 attritum
1379 4426 1762 4496 corpusculum

195 4535 345 4575 novo
387 4518 667 4573 certamini
718 4530 1069 4587 praeparare:
1110 4526 1169 4569 ut
1214 4516 1306 4584 qui
1346 4517 1582 4573 subactis
1624 4516 1771 4571 vitiis

193 4611 463 4665 virtutum
490 4608 798 4663 obtinuerat
837 4622 1037 4672 arcem,
1070 4605 1323 4660 nobiliter
1364 4606 1771 4661 infirmitatibus

195 4700 474 4772 patientiae
522 4699 690 4754 armis
744 4698 1019 4752 accinctus
1073 4698 1393 4763 decertans,
1447 4697 1774 4766 geminatam

193 4806 234 4846 a
287 4804 413 4857 rege
454 4804 551 4844 suo
594 4786 864 4856 superatis
894 4786 1135 4840 hostibus
1169 4787 1445 4841 victricem
1472 4788 1774 4856 perciperet

192 4879 458 4952 palmam.
521 4877 639 4946 Quo
677 4878 821 4935 enim
885 4876 1117 4933 validius
1185 4877 1499 4947 pulsabatur
1550 4878 1772 4947 aegritu-

200 4969 339 5026 dine
371 5009 386 5036 ,
441 4968 795 5025 eointentius
844 4967 1017 5037 magis
1066 4967 1344 5039 magisque
1378 4976 1470 5022 aut
1515 4968 1778 5022 orationi-

180 5065 305 5129 bus
331 5062 418 5118 vel
456 5062 777 5118 lectionibus
825 5061 1169 5133 persistebat.
1201 5059 1388 5117 Nullus
1434 5063 1667 5117 otiosum
1698 5078 1780 5118 re-

194 5156 367 5227 perit,
388 5154 566 5213 nullus
586 5155 804 5211 omnino
822 5153 877 5217 in
898 5167 1059 5223 opere
1081 5152 1172 5208 Dei
1188 5152 1420 5221 pigrum,
1437 5152 1616 5211 nullus
1627 5152 1781 5209 vanis

195 5248 520 5317 frivolisque
568 5246 767 5303 fabulis
826 5254 1148 5317 occupatum
1194 5244 1418 5300 invenit.
1468 5243 1577 5299 Aut
1634 5248 1780 5301 enim

194 5340 322 5412 ipse
351 5355 450 5412 per
475 5355 536 5397 se
564 5339 781 5395 lectioni
819 5338 1079 5405 instabat,
1130 5344 1223 5391 aut
1246 5336 1510 5410 legentem
1542 5337 1782 5394 studiose

274 5511 300 5540 ι
330 5495 462 5565 Quae
486 5497 553 5552 ad
577 5511 819 5560 munera,
835 5510 954 5565 quae
980 5495 1050 5550 ad
1063 5492 1304 5565 militiam
1321 5491 1448 5547 olim
1464 5493 1783 5565 tenebantur
1808 5473 1817 5478 ⁴

198 5563 553 5631 monasteria,
588 5563 936 5624 recensentur
979 5565 1117 5637 apud
1144 5564 1435 5637 Chrcsuium
1460 5563 1517 5637 in
1545 5573 1688 5637 tonio
1712 5564 1776 5631 ll,

195 5638 457 5696 Historiae
494 5630 825 5695 Francorum
851 5679 867 5708 ,
897 5648 953 5695 et
978 5630 1121 5708 apud
1161 5634 1315 5691 alios.
1353 5634 1413 5689 ln
1438 5635 1597 5692 editis
1621 5630 1779 5692 aliter

194 5710 296 5779 hic
322 5725 514 5771 versus
538 5708 756 5787 legitur.

1884 3232 2109 3289 dictavit
2134 3246 2247 3297 ore,
2274 3231 2329 3285 in
2358 3232 2554 3300 quibus
2584 3237 2817 3293 testatur
2838 3228 3032 3297 faciem
3048 3240 3200 3293 suam
3226 3222 3455 3295 amplius

1878 3339 1987 3381 non
2038 3324 2268 3379 visuros.
2314 3322 2498 3391 Aiunt,
2538 3322 2709 3404 etiamt
2740 3321 2957 3393 quidam
3010 3318 3264 3393 quoniam
3325 3316 3460 3386 hora

1879 3430 1984 3485 qua
2023 3415 2277 3487 migravit
2319 3415 2384 3468 ad
2413 3413 2709 3479 Christum,
2736 3413 2988 3485 episcopo
3037 3409 3232 3466 Stabili
3276 3406 3459 3479 Magap

1876 3506 2086 3561 lonensi
2135 3507 2312 3561 obitus
2349 3504 2465 3574 ejus
2492 3504 2760 3559 revelatus
2808 3515 2922 3568 est;
2963 3518 2994 3556 a
3045 3514 3233 3555 somno
3288 3496 3457 3571 siqui:

1878 3595 1999 3651 deni
2034 3610 2262 3667 surgens
2291 3611 2419 3653 mox
2461 3595 2575 3649 suis
2611 3593 2754 3664 quod
2810 3591 3082 3651 acciderat
3126 3586 3326 3643 retulit.
3352 3585 3457 3649 Ob-

1878 3684 2014 3745 itum
2049 3693 2231 3739 autem
2270 3682 2385 3752 ejus
2431 3683 2500 3739 ob
2528 3683 2578 3738 id
2623 3683 2823 3743 cursim
2854 3680 3164 3752 attigimus,
3194 3676 3455 3757 quoniam

1879 3776 2075 3832 fratres
2135 3776 2228 3846 qui
2274 3791 2337 3830 eo
2374 3784 2615 3845 tempore
2666 3780 2961 3847 praesentes
3001 3768 3309 3839 adfuerunt,
3366 3765 3445 3821 la-

1880 3869 1984 3925 tius
2021 3868 2337 3938 explicaturi
2377 3875 2523 3933 sunt,
2553 3867 2699 3940 quod
2742 3872 2973 3941 sequens
2999 3864 3334 3921 demonstrat
3357 3874 3454 3931 pa-

1877 3962 2023 4039 gina.
2932 3958 2935 3961 “

1930 4050 2016 4106 58.
2031 4050 2352 4105 Benedictus
2366 4050 2528 4125 igitur
2542 4048 2706 4103 abbas
2720 4048 2773 4102 in
2790 4047 3067 4123 provincia
3083 4044 3293 4101 Gothiae
3304 4060 3458 4102 exor-

1876 4151 1963 4199 tus
1990 4143 2087 4197 sub
2114 4142 2339 4211 Pippino
2365 4155 2491 4210 rege
2510 4139 2867 4203 Francorum,
2898 4145 2953 4193 et
2976 4145 3098 4206 post
3124 4137 3240 4207 ejus
3261 4137 3450 4192 deces-

1877 4250 1997 4291 sum
2027 4234 2127 4287 sub
2154 4231 2346 4287 CJI'OIO
2375 4230 2484 4285 lilio
2520 4228 2637 4297 ejus
2665 4230 2731 4284 ab
2754 4227 2992 4282 infantiae
3023 4235 3261 4297 tempore
3282 4238 3456 4295 usque

1878 4326 1932 4379 in
1964 4324 2378 4379 adolescentiam
2428 4321 2697 4376 militavit.
2747 4322 2873 4375 Post
2899 4322 3014 4374 haec
3044 4320 3230 4371 autem
3260 4317 3454 4373 relicto

1876 4417 2075 4488 palatio
2109 4416 2161 4481 in
2202 4414 2526 4477 monasterio
2557 4412 2743 4467 Sancti
2789 4408 3021 4481 Sequani
3075 4425 3128 4463 Ill
3164 4407 3446 4481 provincia

1878 4507 2306 4579 Burgundiorum
2370 4503 2613 4557 habitum
2678 4501 2792 4554 veri
2853 4498 3104 4553 monachi
3171 4497 3448 4567 suscepit:

1878 4599 2058 4667 ibique
2086 4595 2291 4650 duobus
2316 4608 2379 4649 ac
2400 4592 2563 4648 semis
2590 4591 2747 4645 annis
2765 4589 2966 4662 [supra,
2996 4606 3141 4644 num.
3170 4589 3262 4654 10,
3295 4590 3455 4660 quin-

1879 4690 2101 4762 quennii
2127 4698 2181 4746 et
2218 4697 2342 4743 octo
2363 4685 2628 4741 mensium
2659 4684 2832 4754 spatio
2858 4700 2872 4746 ;
2902 4700 2973 4736 an
3008 4681 3288 4754 biennii?]
3320 4696 3453 4737 con-

1879 4782 2102 4843 sistens,
2160 4778 2273 4833 Deo
2294 4777 2497 4847 jugiter
2523 4774 2793 4829 militavit.
2826 4772 2933 4829 Sed
2960 4773 3086 4844 quia
3133 4773 3208 4827 ibi
3244 4771 3453 4841 regula-

1879 4885 1994 4929 rem
2024 4883 2178 4925 usum
2204 4867 2425 4925 minime
2459 4864 2677 4934 reperit,
2730 4864 2788 4919 in
2823 4863 3033 4921 Gothiae
3086 4862 3331 4933 partibus
3354 4861 3456 4919 mi-

1880 4959 2075 5031 gravit,
2101 4957 2282 5027 ibique
2310 4970 2471 5025 super
2500 4953 2722 5014 ﬂuvium
2762 4953 3033 5008 Anianum
3052 4965 3213 5018 manu
3234 4950 3452 5020 propria

1881 5049 2068 5106 cellam
2097 5050 2351 5120 primitus
2370 5051 2710 5120 postmodum
2732 5063 2863 5105 vero
2885 5063 3007 5102 cum
3037 5045 3168 5117 ipsis
3192 5044 3449 5115 fratribus

1879 5144 1971 5215 qui
1991 5143 2063 5199 ob
2088 5157 2328 5207 amorem
2358 5140 2561 5199 Christi
2589 5142 2690 5201 sub
2732 5142 2849 5211 ejus
2879 5139 3141 5210 regimine
3165 5145 3447 5205 renuunt.
3534 5204 3537 5213 ,

1882 5235 2271 5291 monasterium
2299 5250 2365 5289 ex
2394 5248 2534 5289 novo
2564 5248 2725 5302 opere
2755 5230 3076 5295 construxit,
3125 5229 3179 5284 in
3208 5244 3317 5299 quo
3344 5244 3449 5284 non

1881 5327 2040 5399 longo
2072 5337 2195 5398 post
2214 5334 2456 5403 tempore
2491 5331 2762 5380 trecentos
2802 5322 2904 5378 sub
2927 5336 3027 5377 suo
3050 5319 3311 5399 regimine
3338 5336 3454 5391 uto-

1952 5486 2256 5556 bSepultus
2301 5483 2358 5539 in
2408 5480 2734 5556 monasterio
2784 5479 3017 5556 ludensi,
3050 5479 3141 5543 ubi
3192 5478 3452 5556 hactenus

1882 5546 2183 5634 illlam-dep
2229 5556 2561 5634 sarcophago
2609 5552 2868 5634 quiescit,
2913 5546 3216 5634 coliturque
3245 5551 3331 5634 dit}

1879 5615 2456 5761 Fcig'iltll‘Viilgupl‘a-in
2477 5615 2943 5695 observationibus
2961 5615 3203 5699 praeviis,
3226 5616 3284 5678 et
3307 5615 3450 5677 inira

1878 5717 1936 5758 ω
2008 5715 2075 5761 ue
2152 5716 2171 5756 ι
2247 5735 2262 5753 .
