4022 6334
517 307 625 373 383

1550 305 1609 362 S.
1647 303 2007 361 BENEDICTI
2045 289 2337 358 ABBATIS
2370 295 2780 355 ANIANENSIS

3679 285 3781 351 εει

520 432 730 491 nachos
753 428 962 486 habuit.
1017 426 1392 497 Defunctoque
1421 422 1616 481 Carolo
1647 425 1974 493 imperatore
1997 421 2104 475 Lu-
2129 423 2184 482 Α
2207 426 2360 474 sexta
2396 425 2577 471 autem
2605 413 2741 468 feria
2770 418 2930 467 nocte
2965 409 3114 466 misit
3139 407 3435 481 imperator
3469 408 3789 468 Tanculfum

522 521 743 578 dovicus
770 519 912 574 ﬁlius
941 517 1060 588 ejus
1083 517 1370 590 imperium
1396 516 1718 586 suscipiens,
1750 515 2105 570 Benedictum

521 612 886 668 venerabilem
917 612 1096 666 virum
1127 626 1231 664 una
1271 625 1395 664 cum
1427 608 1541 664 suis
1570 607 1895 677 quibusdam
1944 605 2106 660 disci-

523 701 714 772 cipulis
769 702 823 756 in
873 701 1158 756 Franciam
1209 700 1396 754 venire
1442 699 1603 763 fecit,
1651 713 1716 752 ac
1762 696 2015 766 primitus
2051 693 2107 748 in

521 807 659 864 pago
681 791 976 848 Alsacense
999 791 1389 846 monasterium
1413 791 1463 845 ei
1488 789 1731 844 Maurum
1753 788 1898 843 dedit
1921 801 1936 840 :
1960 793 2108 856 post-

522 882 745 936 modum
775 895 905 936 vero
934 896 1034 950 pro
1064 879 1181 948 ejus
1217 894 1402 934 amore
1433 877 1589 947 juxta
1631 877 1803 946 Aquis
1848 875 2108 946 palatium

523 986 686 1042 super
708 970 929 1025 ﬂuvium
959 971 1145 1024 Iudam
1171 986 1242 1024 ex
1288 985 1428 1025 novo
1450 985 1613 1040 Opere
1637 968 1687 1023 ei
1719 968 2109 1022 monasterium

522 1056 829 1112 aedificavit.
868 1056 969 1112 Hic
1005 1064 1088 1112 est
1109 1056 1440 1111 Benedictus
1465 1095 1480 1121 ,
1507 1071 1607 1125 per
1650 1069 1813 1125 quem
1849 1053 2110 1108 Dominus

521 1143 774 1202 Christus
805 1146 860 1200 in
898 1145 1047 1201 omni
1088 1161 1254 1217 regno
1279 1145 1613 1200 Francorum
1644 1143 1906 1216 Regulam
1932 1143 2109 1197 sancti

524 1233 801 1293 Benedicti
855 1237 1198 1292 restauravit.
1276 1236 1376 1292 Hic
1443 1237 1630 1292 habuit
1682 1237 1782 1291 sub
1847 1235 2112 1306 regimine

523 1344 622 1385 suo
652 1329 983 1384 monasteria
1035 1327 1340 1395 duodecim,
1379 1327 1432 1383 id
1467 1336 1551 1383 est
1585 1327 1875 1392 Anianum,
1932 1325 2112 1381 Gello—

530 1434 679 1485 nem,
709 1418 1156 1484 Casam-Novam,
1188 1417 1752 1472 Insulam-Barbaram
1779 1457 1792 1481 ,
1818 1415 2108 1479 Menatem,

525 1506 784 1564 Sanctum
832 1507 1114 1574 Savinum,
1161 1507 1418 1563 Sanctum
1470 1507 1863 1572 Maximinum,
1891 1506 2113 1560 Massia-

523 1614 678 1665 cum,
735 1598 1146 1654 Cormariacum
1183 1637 1198 1664 ,
1229 1597 1672 1653 Cellam—Novam
1723 1597 1776 1651 in
1821 1596 2112 1662 Tolosano,

522 1688 1190 1745 Monasterium-Maurum
1232 1690 1286 1743 in
1317 1688 1537 1754 Alsatz,
1591 1687 1780 1742 ludam
1835 1703 1902 1742 ex
1949 1685 2109 1755 jussu

2207 507 2586 571 camerarium,
2614 503 2812 572 jubens
2837 511 2897 557 ut
2923 518 3049 558 eum
3077 503 3131 557 in
3171 502 3287 572 ipsa
3319 510 3478 558 nocte
3506 503 3575 558 ad
3605 518 3792 559 mona-

2209 600 2437 655 sterium
2485 597 2748 652 ferremus
2798 609 2813 648 :
2860 609 3022 663 quem
3070 593 3314 648 levantes
3359 601 3486 647 ante
3529 592 3792 662 gallorum

2209 697 2427 745 cantum
2459 703 2564 741 una
2599 701 2721 740 cum
2753 684 3030 739 Helisacar
3077 693 3132 740 et
3159 683 3273 739 suis
3301 697 3366 738 ac
3392 684 3598 739 nostris
3621 684 3792 739 homi—

2210 781 2388 844 nibus,
2424 781 2600 848 prima
2624 778 2759 832 hora
2785 777 2892 833 diei
2933 777 2999 832 ad
3029 777 3420 833 monasterium
3450 777 3792 832 deduximus.

2208 868 2454 940 Cumque
2516 878 2660 926 esset
2714 870 2875 924 tertia
2919 869 3024 924 diei
3057 869 3215 932 hora,
3245 884 3435 925 omnes
3465 885 3496 924 a
3534 884 3592 924 se
3651 868 3798 924 exire

2209 963 2562 1034 praecepit,'et
2581 977 2750 1033 usque
2772 963 2841 1018 ad
2858 971 3069 1019 sextam
3098 964 3286 1018 horam
3305 963 3452 1018 solus
3475 964 3795 1034 permansit.

2209 1051 2342 1108 Post
2367 1053 2484 1108 hsce
2515 1053 2793 1124 ingressus
2827 1068 2990 1122 supra
3027 1054 3201 1108 dictus
3231 1053 3400 1108 abbas
3441 1067 3566 1107 cum
3588 1067 3798 1122 praepo-

2212 1145 2319 1199 sito
2344 1152 2534 1199 nostro
2555 1186 2568 1208 ,
2595 1145 2939 1213 percunctati
2977 1153 3104 1199 sunt
3136 1143 3406 1214 quomodo
3432 1151 3644 1213 ageret.
3675 1141 3800 1209 Qui-

2210 1234 2312 1289 bus
2359 1235 2474 1303 ipse
2508 1235 2827 1305 respondit,
2865 1249 3140 1304 nunquam
3189 1249 3246 1288 se
3277 1239 3388 1287 tam
3415 1234 3557 1287 bene
3601 1231 3800 1296 fuisse;

2215 1326 2569 1396 adjunxitque
2600 1343 2613 1379 :
2649 1325 2831 1395 Usque
2868 1327 3030 1381 modo
3078 1326 3221 1380 inter
3264 1326 3463 1381 choros
3487 1333 3802 1380 sanctorum

2213 1432 2396 1472 coram
2419 1417 2649 1472 Domino
2675 1418 2846 1472 astiti.
2875 1417 2935 1472 In
2962 1418 3202 1472 crastina
3242 1426 3425 1472 autem
3457 1415 3726 1472 fratribus
3743 1415 3807 1470 ad

2214 1523 2274 1562 se
2295 1509 2504 1563 vocatis
2538 1508 2617 1562 eis
2638 1508 2843 1562 monita
2874 1508 3065 1562 salutis
3090 1508 3256 1574 dedit,
3286 1516 3342 1562 et
3368 1515 3496 1563 tunc
3524 1507 3808 1578 professus

2213 1611 2299 1656 est
2342 1603 2467 1672 quia
2503 1602 2860 1672 quadraginta
2908 1609 3034 1656 octo
3082 1600 3211 1654 anni
3253 1609 3436 1656 essent
3458 1615 3525 1655 ex
3553 1616 3668 1670 quo
3696 1615 3810 1656 mo—

2215 1695 2421 1748 nachus
2440 1693 2636 1759 fuerat,
2679 1694 2950 1764 inquibus
2971 1694 3128 1748 annis
3148 1693 3294 1748 nullo
3317 1693 3404 1748 die
3423 1701 3584 1748 antea
3606 1707 3809 1762 panem

523 1781 870 1853 imperatoris
890 1782 959 1838 ob
979 1781 1122 1836 illius
1149 1797 1214 1836 ac
1235 1781 1622 1850 discipulorum
1648 1778 1766 1848 ejus
1793 1794 1952 1833 usum
1981 1777 2112 1832 aedi-
2137 1783 2186 1842 B
2214 1785 2451 1839 comedit
2489 1825 2504 1848 ,
2532 1784 2706 1840 donec
2738 1799 2922 1839 coram
2967 1785 3076 1838 Deo
3115 1784 3390 1854 lacrymas
3444 1782 3722 1839 funderet.
3754 1783 3808 1838 In

523 1871 844 1938 ﬁcatam,-'et
868 1873 934 1926 de
956 1871 1104 1926 ﬁscis
1132 1872 1404 1944 regalibus
1443 1871 1688 1926 ditatam.
1733 1871 1790 1924 ln
1831 1870 1916 1924 his
1935 1869 2113 1923 omni-

527 1963 630 2018 bus
679 1977 746 2017 ex
773 1961 1022 2018 doctrina
1074 1977 1170 2018 sua
1199 1963 1495 2017 monachos
1535 1970 1591 2016 et
1645 1968 1888 2015 rectores
1943 1959 2109 2014 misit.

529 2055 728 2110 Curam
759 2063 939 2112 autem
980 2056 1271 2110 maximam
1302 2055 1489 2110 habuit
1517 2054 1584 2108 de
1615 2053 1766 2108 omni
1808 2053 1999 2108 ordine
2027 2067 2114 2106 ec-

529 2145 838 2202 clesiastico
868 2186 884 2213 ,
942 2146 1194 2202 videlicet
1244 2146 1634 2202 monachorum
1663 2185 1677 2210 ,
1725 2143 2114 2199 canonicorum

529 2244 694 2307 atque
719 2237 1002 2303 laicorum,
1029 2237 1266 2292 maxime
1294 2245 1476 2292 autem
1505 2235 1916 2290 monachorum.
1941 2233 2115 2303 Impe-

531 2337 682 2384 rator
709 2338 891 2386 autem
936 2345 1097 2386 omne
1120 2327 1237 2396 ejus
1261 2327 1546 2384 consilium
1571 2328 1801 2382 libenter
1830 2326 2034 2380 audivit
2063 2334 2117 2380 et

528 2419 678 2487 fecit,
712 2423 857 2477 unde
915 2429 971 2476 et
1019 2437 1050 2474 a
1085 2420 1410 2489 quibusdam
1458 2418 1754 2474 Monachus
1798 2418 2070 2472 vocitatur
2099 2457 2114 2483 ,

527 2511 783 2567 videlicet
823 2512 968 2582 quod
1008 2511 1306 2566 monachos
1331 2509 1502 2565 sancti
1535 2509 1638 2563 viri
1663 2523 1763 2579 pro
1787 2507 1902 2577 ejus
1930 2523 2118 2564 amore

530 2617 749 2674 semper
777 2618 906 2658 suos
933 2603 1183 2673 pr0prios
1206 2600 1517 2671 appellavit,
1548 2609 1603 2656 et
1638 2608 1764 2671 post
1785 2601 1901 2672 ejus
1933 2601 2118 2657 deces-

531 2711 652 2752 sum
695 2695 962 2750 hactenus
997 2694 1249 2749 abbatem
1277 2709 1335 2748 se
1387 2693 1702 2748 monasterii
1748 2691 1890 2746 illius
1939 2692 2118 2762 palam

532 2801 655 2842 esse
691 2785 997 2857 proﬁtetur.
1031 2784 1265 2841 Sanctus
1288 2783 1452 2856 igitur
1492 2785 1576 2839 vir
1609 2799 1782 2853 usque
1809 2784 1876 2838 ad
1909 2784 2119 2839 obitum

527 2891 684 2932 suum
741 2878 796 2932 in
825 2877 1028 2947 palatio
1078 2878 1222 2948 regis
1249 2893 1350 2948 pro
1378 2884 1671 2948 augmento
1697 2875 1938 2932 ﬁdelium
1965 2917 1980 2942 ,
2010 2892 2118 2931 non

532 2984 633 3040 pro
663 2973 896 3026 terrenis
925 2973 1086 3027 rebus
1113 2971 1502 3042 perseveravit,
1537 2971 1664 3040 quia
1687 2967 1838 3038 iuxta
1868 2978 1985 3026 erat
2009 2984 2119 3024 mo-

532 3063 833 3118 nasterium
865 3063 920 3117 in
946 3078 1054 3133 quo
1079 3063 1327 3134 degebat.
1353 3062 1493 3116 Ante
1515 3070 1766 3132 quartum
1787 3077 1918 3116 vero
1942 3061 2122 3116 exitus

2220 1880 2335 1948 ipsa
2365 1880 2452 1934 die
2483 1880 2702 1934 brevem
2725 1878 3145 1934 admonitionem
3197 1877 3512 1948 imperatori
3562 1877 3734 1942 misit,
3760 1885 3813 1931 et

2219 1956 2354 2024 alias
2384 1985 2482 2040 per
2501 1969 2714 2024 diversa
2745 1969 3072 2024 monasteria
3107 1969 3327 2023 direxit.
3362 1967 3538 2022 Isdem
3569 1981 3706 2022 vero
3727 1981 3816 2023 ve-

2223 2060 2482 2115 nerabilis
2509 2060 2590 2114 vir
2611 2076 2771 2115 omne
2791 2058 3025 2114 oﬁicium
3047 2075 3202 2114 suum
3225 2058 3556 2128 dequinque
3579 2057 3743 2113 annis
3763 2063 3818 2110 et

2221 2151 2430 2206 duobus
2458 2151 2735 2206 mensibus
2787 2159 2912 2204 ante
2936 2151 3140 2206 obitum
3198 2165 3356 2204 suum
3379 2189 3395 2215 ,
3445 2148 3588 2204 sicut
3618 2149 3678 2202 in
3702 2146 3818 2216 ejus

2222 2243 2418 2298 tabulis
2445 2253 2566 2314 post
2607 2243 2725 2313 ejus
2751 2243 3035 2298 decessum
3055 2243 3380 2313 reperimus,
3407 2249 3463 2296 et
3489 2241 3604 2312 ipse
3629 2242 3816 2295 vivens

2222 2335 2545 2404 quibusdam
2576 2335 2752 2401 dixit,
2775 2344 3048 2390 cantatum
3094 2333 3114 2406 [
3142 2334 3196 2388 id
3231 2343 3306 2388 est
3351 2334 3642 2388 recitatum
3673 2331 3695 2404 Ῑ
3725 2347 3820 2402 per

2223 2429 2574 2497 semetipsum
2605 2428 2780 2498 liquit.
2811 2427 2958 2484 Obiit
2985 2437 3164 2481 autem
3199 2424 3668 2496 septuagenarius,
3713 2431 3819 2478 ter-

2222 2520 2300 2575 tio
2330 2521 2452 2576 ldus
2480 2521 2784 2586 Februarii,
2813 2537 2956 2576 anno
2989 2522 3056 2576 ab
3079 2520 3452 2576 incarnatione
3484 2517 3705 2573 Domini
3731 2531 3821 2572 oc-

2223 2613 2608 2683 tingentesimo
2665 2615 2932 2684 vigesimo
2979 2613 3154 2683 primo
3187 2654 3202 2679 ,
3259 2611 3554 2667 indictione
3605 2611 3820 2666 decima

2223 2713 2437 2775 quarta,
2452 2712 2809 2760 concurrente
2831 2705 2881 2771 l,
2898 2712 3084 2774 cpacta
3107 2704 3316 2759 decima
3331 2710 3550 2773 quarta,
3564 2717 3714 2756 anno
3729 2715 3823 2754 no-

2223 2811 2294 2850 no
2309 2797 2520 2866 imperii
2534 2796 2790 2852 Ludovici
2812 2797 3041 2867 piissimi
3065 2795 3422 2867 imperatoris.
3444 2795 3574 2850 Post
3597 2792 3822 2848 tertium

2223 2902 2356 2942 vero
2407 2888 2550 2942 diem
2611 2888 2917 2958 sepulcrum
2957 2885 3074 2956 ejus
3119 2887 3432 2957 aperuimus
3461 2925 3474 2950 ,
3517 2893 3576 2939 et
3603 2899 3737 2939 eum
3764 2883 3820 2937 in

2223 2995 2320 3036 vas
2344 2979 2654 3051 lapideum,
2685 2981 2830 3050 quod
2874 2981 3172 3051 imperator
3218 2987 3529 3050 paraverat,
3580 2976 3820 3032 mutavi-

2227 3089 2348 3128 mus
2377 3088 2392 3126 :
2425 3073 2885 3143 discooperientes
2925 3082 3107 3128 autem
3166 3072 3360 3128 faciem
3387 3069 3522 3139 ejus,
3581 3069 3822 3125 vidimus

535 3155 620 3211 sui
649 3156 794 3210 diem
839 3156 1017 3211 adhuc
1045 3171 1210 3210 sanus
1241 3155 1423 3210 omnia
1461 3155 1794 3224 imperatori,
1819 3168 1939 3224 (Ιυπ
1962 3153 2013 3208 ei
2042 3169 2124 3208 SO-
2151 3150 2195 3214 C
2232 3166 2288 3219 in
2315 3164 2494 3220 fronte
2521 3175 2578 3222 et
2624 3167 2769 3222 circa
2796 3165 2982 3221 oculos
3013 3181 3077 3221 ac
3100 3165 3243 3220 labia
3270 3163 3390 3234 ejus
3417 3172 3632 3218 tantum
3656 3161 3823 3218 rubo-

531 3245 664 3302 litus
690 3255 813 3301 erat
864 3246 1046 3302 dicere
1081 3287 1096 3312 ,
1148 3245 1432 3316 replicavit
1464 3263 1477 3298 :
1505 3254 1559 3300 et
1597 3246 1648 3300 in
1685 3246 1802 3316 ipsa
1838 3245 1926 3300 die
1970 3243 2120 3300 febre

531 3348 834 3411 correptus,
884 3341 952 3396 ad
978 3341 1317 3396 mansionem
1350 3356 1504 3396 suam
1529 3355 1703 3411 usque
1730 3339 1997 3410 pervenit.
2028 3338 2122 3392 Al-

531 3443 648 3488 tera
673 3447 802 3488 vero
847 3432 934 3488 die
966 3433 1252 3488 audientes
1277 3433 1382 3488 hoc
1407 3448 1599 3489 omnes
1643 3440 1923 3504 magnates
1952 3431 2122 3502 impe-

527 3525 748 3592 ratoris,
772 3524 840 3579 ad
869 3540 992 3580 eum
1042 3525 1371 3582 visitandum
1395 3533 1680 3582 venerunt.
1716 3524 1891 3580 Tanta
1941 3534 2122 3580 autem

531 3616 604 3671 ibi
629 3616 730 3671 fuit
770 3616 1059 3673 multitudo
1095 3617 1494 3688 episcoporum,
1539 3618 1795 3673 abbatum
1833 3633 1898 3672 ac
1937 3632 2126 3672 mona-

530 3709 778 3773 chorum,
807 3717 868 3764 ut
893 3710 1052 3766 nobis
1072 3711 1164 3780 qui
1187 3725 1313 3766 eum
1336 3711 1410 3766 ibi
1447 3710 1907 3775 custodiebamus,
1937 3710 2028 3764 vix
2057 3709 2126 3764 ad

529 3816 654 3856 eum
678 3805 938 3859 accedere
967 3803 1196 3860 facultas
1249 3815 1415 3861 esset.
1445 3805 1724 3862 Helisacar
1753 3814 1934 3861 autem
1959 3807 2127 3861 abbas

530 3894 742 3961 primus
769 3895 836 3949 ad
864 3911 989 3950 eum
1032 3897 1212 3963 venit,
1249 3906 1457 3954 etcum
1503 3914 1569 3954 eo
1605 3899 1874 3967 usquead
1919 3898 2127 3952 obitum

531 3986 925 4051 perseveravit.
983 3985 1182 4052 Quinta
1226 3987 1493 4056 siquidem
1542 3987 1678 4043 feria
1722 3988 2030 4056 aegrotavit,
2074 3988 2130 4042 in

2228 3271 2366 3320 rem,
2392 3264 2654 3326 quantum
2678 3271 2781 3312 nec
2803 3256 2958 3310 vivus
2985 3255 3272 3310 habuerat.
3299 3253 3396 3308 His
3449 3253 3524 3308 ita
3552 3251 3823 3322 exceptis,

2229 3355 2286 3402 et
2315 3346 2390 3400 ita
2413 3362 2474 3402 se
2501 3340 2845 3411 habentibus,
2879 3362 2976 3400 nos
3003 3345 3189 3400 famuli
3217 3360 3283 3400 ex
3311 3343 3648 3400 monasterio
3669 3343 3820 3406 Inda,

2229 3439 2484 3497 videlicet
2513 3441 2818 3505 Deidonus,
2870 3437 3215 3510 Levigildus,
3263 3436 3528 3492 Bertadus
3577 3445 3634 3491 et
3671 3433 3828 3488 Desi-

2232 3533 2433 3599 derius,
2473 3531 2571 3586 tibi
2593 3531 2796 3586 Ardoni
2819 3531 3082 3601 magistro
3112 3537 3299 3585 nostro
3343 3527 3574 3582 salutem
3626 3526 3682 3580 in
3719 3524 3828 3580 Do-

2235 3623 2388 3679 mino
2429 3632 2698 3694 optamus,
2737 3622 3078 3692 petimusque
3107 3619 3359 3676 charitati
3385 3627 3508 3682 tuae,
3542 3627 3604 3672 ut
3630 3631 3829 3674 secun-

2235 3716 2362 3772 dum
2394 3730 2427 3769 a
2466 3714 2578 3770 Deo
2627 3715 2806 3769 datam
2851 3711 2946 3766 tibi
2997 3710 3320 3783 sapientiam
3376 3710 3444 3765 de
3483 3708 3607 3764 Vita
3644 3705 3830 3762 Patris

2233 3807 2408 3864 nostri
2438 3804 2717 3862 Benedicti
2747 3802 2989 3859 libellum
3033 3818 3344 3874 componas,
3391 3809 3448 3856 et
3492 3815 3620 3855 eum
3669 3797 3831 3853 nobis

2237 3899 2460 3969 dirigas.
2496 3897 2745 3952 Salutant
2792 3911 2890 3952 vos
2925 3909 3116 3950 omnes
3161 3893 3358 3949 fratres
3405 3891 3600 3956 nostri,
3641 3896 3700 3942 et
3731 3901 3832 3942 vos

2243 3987 2476 4042 salutate
2496 4002 2686 4042 omnes
2715 3986 2915 4041 fratres
2939 3995 3178 4041 nostros.
3202 3984 3397 4039 Amen.

1547 4225 2263 4339 APPENDIX
2345 4226 2822 4345 PRIMA.

575 4460 667 4522 DE
707 4463 984 4526 SYNODO
1023 4464 1630 4538 AQUISGRANENSI,
1674 4469 1908 4540 DEQUE
1957 4471 2426 4529 MONASTERIIS
2464 4469 2749 4527 ΑΝιΑΝᾹΞ
2791 4468 3195 4541 SUBJECTIS,
3232 4469 3375 4528 AUT
3412 4467 3549 4528 PER
3585 4469 3803 4528 BENE-

1291 4565 1306 4576 ’
1841 4563 2104 4620 DICTUM
2144 4563 2539 4622 ORDINATIS.

2003 4695 2232 4759 (labill.,
2257 4697 2406 4762 ibid.)

617 4872 667 4925 ί.
694 4868 835 4943 Quid
860 4868 916 4922 in
955 4883 1071 4943 rem
1093 4869 1526 4943 ecclesiasticam
1562 4873 1878 4943 praestiterit
1902 4873 2132 4932 Benedi-
2158 4882 2211 4942 D
2238 4879 2352 4934 suis
2403 4891 2661 4933 revocare
2714 4877 2890 4933 modis
2937 4879 3190 4935 omnibus
3238 4881 3502 4936 tentabat.
3561 4879 3845 4940 Nimirum

541 4951 680 5006 ctus,
728 4941 988 5016 hactenus
1022 4939 1256 5016 vidimus
1297 4957 1366 5016 ex
1418 4939 1588 5013 ipsius
1637 4943 1792 5016 _Vita,
1842 4946 1898 5000 in
1941 4963 2047 5016 qua
2077 4956 2132 5002 et

541 5023 730 5088 contra
757 5010 1094 5088 Felicianam
1114 5013 1390 5088 haeresim,
1416 5010 1530 5088 tum
1553 5017 1607 5088 iu
1638 5014 1906 5088 legatione
1936 5010 2131 5088 Hispa-

540 5083 682 5153 nica,
716 5090 828 5136 tum
851 5081 902 5136 in
926 5082 1132 5153 synodo
1155 5081 1465 5153 Urgelitana
1502 5081 1794 5150 laborasse,
1819 5098 1875 5143 et
1898 5081 2132 5144 concilio

541 5152 874 5235 Anrelat‘ensi,
898 5152 1042 5223 qUod
1065 5152 1543 5235 adﬁrestituendam
1566 5157 2134 5235 EcclesiaeGallicana:

544 5223 881 5292 disciplinam
931 5238 1073 5277 anno
1121 5224 1226 5280 815
1271 5227 1602 5283 celebratum
1653 5239 1770 5292 est,
1822 5230 2136 5285 interfuisse

543 5301 880 5370 memoratur
898 5310 1048 5370 num.
1077 5293 1166 5349 5i.
1192 5294 1344 5370 Nunc
1371 5299 1498 5368 quid
1525 5316 1623 5370 pro
1645 5301 1920 5370 republica
1946 5316 2136 5354 mona-

546 5363 702 5440 stica,
732 5364 967 5440 maxime
993 5366 1068 5440 in_
1080 5365 1285 5438 synodo
1313 5363 1735 5440 Aq'uisgranens'i
1753 5412 1767 5431 ,
1808 5371 2013 5440 egerit,
2042 5386 2139 5425 ex-

545 5434 888 5504 pendendum
908 5434 1164 5511 est._Cuni
1190 5453 1303 5511 rem
1328 5434 1732 5494 Béuedictiuam
1757 5434 1869 5495 fere
1891 5457 1958 5495 ex
1982 5457 2137 5511 :equo

547 5518 870 5585 promovere
905 5507 1197 5585 studerent
1215 5508 1529 5585 Ludovicus
1576 5511 1852 5585 Augustus
1881 5521 1934 5566 et
1954 5507 2137 5585 Bene-

548 5574 725 5656 dictus
753 5582 958 5656 noster,
992 5591 1142 5656 anno
1169 5579 1272 5632 817
1306 5581 1600 5656 imperator
1639 5574 1965 5656 Kquisgrani
2009 5598 2134 5638 con-

548 5646 920 5713 venirejussit
951 5646 1636 5722 abbatesgquamplurimos
1679 5646 1898 5722 Regulae
1936 5666 2137 5708 nostrae

551 5725 866 5780 servantes,
899 5716 966 5794 ad
1009 5716 1410 5794 resarciéndam
1455 5723 1595 5777 sacri
1634 5716 1865 5778 instituti
1896 5724 2137 5794 discipli-

553 5799 706 5854 nam,
736 5799 899 5861 quam
921 5784 1247 5846 Benedictus
1267 5793 1506 5862 scriptis,
1531 5794 1751 5851 monitis
1771 5784 2140 5870 exemplisque

2245 4968 2263 4999 ι
2299 4948 2633 5021 monasteria
2655 4949 3062 5021 monachorum,
3101 4950 3156 5005 in
3183 4952 3382 5021 quibus
3401 4952 3529 5006 olim
3559 4953 3705 5007 beati
3734 4953 3848 5011 Be-

2239 5019 2438 5074 nedicti
2465 5018 2672 5094 Regula
2701 5019 3167 5094 conservabatur,
3200 5018 3320 5076 tum
3352 5022 3676 5094 negligentia
3703 5024 3849 5078 sub-

2242 5099 2462 5159 repente
2503 5089 2785 5144 remissius
2824 5107 2888 5146 ac
2923 5091 3243 5146 dissolutins
3273 5089 3704 5159 custodiebatur,
3746 5095 3846 5150 vel

2241 5160 2650 5242 certenpeliitus
2695 5162 2896 5242 abolita
2936 5163 3356 5242 negligebatur,
3385 5165 3602 5242 iAaiunt
3640 5163 3848 5242 Patres

2242 5230 2458 5286 concilii
2487 5231 2818 5302 Turonensis
2847 5230 3028 5298 tertii,
3054 5230 3264 5290 canone
3287 5234 3378 5289 25.
3411 5233 3584 5302 Quam
3611 5235 3681 5289 ob
3717 5251 3847 5292 rem

2241 5303 2392 5357 varia
2414 5310 2528 5356 tum
2555 5319 2585 5356 a
2617 5301 2812 5377 Carolo
2835 5305 3188 5377 Magno,_tum
3217 5322 3244 5359 a
3274 5305 3547 5362 Ludovico
3577 5307 3696 5377 ejus
3722 5304 3848 5363 ﬁlio

2244 5383 2538 5448 convocata
2571 5375 2822 5448 concilia,
2866 5384 2942 5448 ut
2960 5375 3254 5448 collabanti
3291 5375 3850 5448 reipubliae'noslra:

2243 5458 2402 5518 opem
2432 5443 2840 5518 fcrrent._Anno
2885 5447 2988 5500 8-17
3032 5443 3722 5518 Aquisgrani'congregata
3752 5457 3851 5504 est

2240 5515 2595 5590 plurimorum
2627 5516 2882 5590 abbatum
2911 5515 3163 5590 synodus,
3208 5515 3292 5572 cui
3343 5515 3557 5590 praefuit
3604 5515 3850 5590 Benedi-

2241 5594 2381 5660 ctus.
2412 5585 2629 5640 Sancita
2656 5586 2756 5660 hac
2785 5588 2850 5641 dc
2869 5585 3197 5660 Are‘capitula
3221 5585 3562 5660 septuaginta
3587 5589 3726 5660 duo;
3758 5599 3848 5646 tot

2241 5657 2385 5710 enim
2405 5667 2728 5711 enumerant
2741 5659 2850 5713 Leo
2867 5658 3090 5713 Marsica
3099 5675 3200 5714 nus
3221 5657 3552 5716 iuChronici
3575 5659 3850 5716 Casinien-

2245 5728 2320 5782 sis
2351 5727 2686 5802 lil_i.‘_i,‘cap._
2704 5729 2788 5802 [(3,
2811 5729 3340 5802 novzegeditionis,'et
3369 5731 3846 5802 Chronographus

2243 5797 2476 5854 coenobii
2507 5798 2691 5856 Sancti
2713 5798 2983 5859 Vincentii
3013 5800 3083 5857 ad
3113 5801 3460 5874 Vulturnum,
3500 5797 3842 5878 litum-quo
