4004 6328
604 342 712 402 398

1599 345 1655 400 S.
1689 342 2048 403 BENEDICTI
2088 338 2380 397 ABBATIS
2418 336 2827 394 AMANENSIS

3765 335 3853 413 595

578 449 732 515 'inde
769 457 1058 521 honorati,
1108 458 1199 527 qui
1247 464 1425 512 tamen
1465 456 1781 525 plerumque
1822 454 1890 508 ad
1929 452 2182 523 profanos
2207 456 2259 516 Α
2283 461 2338 507 et
2382 461 2693 506 sanctorum
2734 448 2956 504 Patrum
3002 449 3254 521 dogmata
3304 448 3490 515 sedulo
3533 448 3854 522 revolveret,

604 546 897 618 scriptorcs
922 548 1258 616 spectabant.
1300 545 1494 601 Notum
1517 546 1713 615 quippe
1734 553 1817 599 est
1839 545 1956 598 illos
1979 544 2180 600 solum-

605 640 765 697 modo
817 639 959 692 inter
1005 637 1327 693 eruditiores
1376 646 1684 690 numeratos
1734 634 1922 699 fuisse,
1975 636 2066 705 qui
2126 636 2179 688 in

606 728 947 783 ethnicorum
977 726 1195 796 scriptis
1220 726 1572 797 explanandis
1594 741 1815 795 operam
1843 725 2059 787 dabant,
2097 732 2182 778 at-

606 837 711 891 que
734 821 788 875 in
815 820 1142 876 exornandis
1169 818 1370 874 Graecis
1399 818 1758 889 Romanisque
1792 817 1984 871 ritibus
2014 817 2179 870 vitam

608 930 761 969 suam
808 927 1125 968 consumere
1167 913 1467 967 voluerunt.
1516 910 1681 965 Pauci
1725 910 1989 978 siquidem
2036 908 2180 962 circa

607 1004 1041 1061 Christianorum
1071 1002 1314 1056 instituta
1346 1001 1692 1065 laborabant,
1724 998 1811 1053 vel
1842 1007 2022 1052 vetera
2058 1010 2184 1050 san-

606 1100 817 1147 ctorum
849 1091 1067 1145 Patrum
1096 1090 1294 1158 scripta
1324 1088 1660 1149 evolvebant,
1694 1093 1788 1139 aut
1815 1099 2002 1139 eorum
2039 1090 2182 1145 aeta,

610 1200 764 1241 sacra
793 1192 848 1238 et
874 1182 1127 1253 salutaria
1162 1180 1364 1235 monita
1384 1180 1448 1234 de
1469 1177 1704 1232 tenebris
1725 1175 1779 1230 in
1800 1175 1974 1229 lucem
1993 1186 2183 1228 eruere

611 1272 789 1328 conati
815 1279 958 1325 sunt.

682 1455 749 1508 Et
771 1454 1018 1523 quamvis
1040 1452 1281 1508 nonnulli
1305 1466 1367 1505 cx
1397 1450 1502 1504 illis
1522 1448 1781 1503 restituta!
1807 1447 1886 1501 rei
1909 1444 2186 1500 litterariae

609 1544 801 1614 primis
823 1544 1122 1599 cultoribus
1154 1540 1392 1612 aggressi
1426 1540 1534 1594 sint
1559 1538 1801 1608 quaedam
1829 1535 2184 1590 celebriorum

608 1642 923 1689 sanctorum
951 1632 1173 1686 Patrum
1200 1645 1382 1698 opera,
1419 1644 1540 1683 cum
1577 1627 1895 1698 quibusdam
1926 1625 2185 1694 qualiter-

611 1738 823 1793 cunque
873 1721 1162 1776 elaboratis
1214 1722 1756 1775 commentationibus
1810 1720 1865 1774 iu
1914 1720 2184 1790 publicum

2281 541 2480 612 agnitis
2505 539 2926 593 Protestantium
2950 540 3250 604 erroribus,
3281 539 3349 594 ad
3381 540 3647 612 gremium
3685 543 3857 599 ortho-

2282 634 2434 690 doxae
2459 641 2514 688 et
2538 632 2816 687 catholicae
2841 631 3094 687 Ecclesia
3134 633 3390 688 Romana:
3425 650 3736 689 conversus
3764 646 3856 703 est,

2281 724 2419 793 apud
2441 721 2587 777 viros
2616 723 2800 797 doctos
2833 738 3081 792 magnam
3108 722 3290 777 solida:
3320 725 3644 779 eruditionis
3669 722 3856 781 famam

2280 815 2519 884 adeptus.
2578 813 2821 867 Tandem
2867 813 3096 868 Romam
3141 824 3364 869 vocatus
3404 814 3761 873 bibliothecae
3797 818 3860 872 in-

2281 903 2652 957 structissima?
2710 902 3018 958 Barberinze
3066 903 3360 973 praeﬁcitur
3391 944 3408 971 ,
3461 914 3627 975 atque
3692 908 3859 962 cardi-

2282 995 2389 1053 nali
2420 995 2716 1051 Barberino
2753 1011 2783 1050 a
2820 997 3045 1051 secretis
3085 997 3276 1062 stetit,
3305 1013 3335 1052 a
3363 1013 3577 1053 summo
3612 999 3862 1069 pontiﬁce

2284 1086 2501 1143 Urbano
2523 1087 2634 1142 Vill
2654 1088 2945 1143 canonicus
2966 1088 3204 1144 basilica:
3226 1088 3498 1145 Vaticanze
3519 1091 3857 1146 constitutus.

2386 1194 2390 1199 '
3048 1179 3108 1233 Υ.

2354 1268 2491 1322 Dum
2534 1268 2700 1339 igitur
2734 1268 3066 1323 clarissimus
3094 1268 3404 1324 Holstenius
3428 1270 3744 1341 omnigenae
3770 1270 3860 1325 vir-

2286 1359 2413 1415 tutis
2450 1370 2507 1414 et
2541 1361 2799 1415 doctrinae
2836 1361 3016 1415 radios
3049 1362 3248 1431 ubique
3283 1371 3586 1432 spargeret,
3626 1380 3859 1420 summus

2283 1448 2523 1517 pontifex
2552 1447 2826 1503 Romanus
2849 1448 3193 1519 Innocentius
3220 1452 3267 1505 Χ
3295 1461 3640 1522 perspectam
3669 1454 3861 1511 habeas

2286 1540 2524 1609 ejusdem
2562 1541 2889 1609 singularem
2927 1542 2979 1596 in
3010 1543 3262 1598 eruendis
3299 1545 3645 1613 antiquitatis
3686 1562 3860 1601 monu-

2284 1631 2482 1686 mentis
2499 1630 2750 1699 peritiam
2769 1672 2783 1695 ,
2807 1639 2968 1701 atque
2990 1631 3041 1685 in
3066 1634 3368 1687 scrutandis
3387 1642 3633 1689 veterum
3659 1647 3863 1691 sancto-

2287 1737 2405 1775 rum
2428 1721 2810 1791 manuscriptis
2830 1722 3143 1790 praeclaram
3162 1725 3434 1790 notitiam,
3457 1726 3611 1781 illum
3634 1728 3862 1783 celeber-

610 1792 875 1884 proferre,
900 1811 1345 1879 quemadmodum
1373 1809 1622 1878 praastitit
1648 1809 2031 1864 celeberrimus
2058 1809 2190 1862 Era-
2215 1792 2263 1851 Β
2290 1811 2440 1865 rimae
2487 1811 2820 1866 bibliotheca:
2866 1811 3140 1867 Vaticana:
3192 1814 3509 1883 primarium
3555 1818 3862 1887 praefectum

603 1914 763 1963 smus
787 1938 802 1964 ,
833 1907 1049 1953 sanctos
1077 1897 1326 1953 Ecclesia:
1347 1897 1593 1951 doctores
1613 1896 1967 1965 Augustinum
1991 1905 2044 1952 et
2066 1896 2191 1950 Hic-

613 2005 900 2060 ronymum
925 1990 1186 2044 exhibens
1213 1988 1330 2044 orbi
1364 1988 1573 2043 erudito
1597 2004 1611 2052 ;
1640 1997 1878 2042 attamen
1908 1996 1963 2041 et
1983 1988 2081 2042 has
2103 1987 2185 2041 lu-

615 2082 961 2138 cubrationes
995 2081 1146 2135 valde
1176 2081 1362 2151 inopes
1384 2091 1678 2149 agnoscunt
1708 2080 1949 2135 hodierni
1972 2080 2073 2134 viri
2103 2080 2193 2134 do-

613 2174 720 2239 cti,
751 2183 810 2228 ut
841 2183 965 2242 pote
996 2172 1293 2241 potioribus
1331 2172 1653 2242 adjumentis
1693 2171 1997 2227 destitutas.
2040 2171 2188 2226 Non-

596 2267 742 2322 dum
770 2268 911 2321 enim
954 2267 1246 2334 scriptores
1288 2265 1386 2330 illi,
1426 2265 1560 2319 alias
1597 2264 1957 2328 celeberrimi,
1999 2263 2189 2318 intima

598 2357 1062 2414 bibliothecarum
1098 2367 1152 2412 et
1183 2358 1529 2411 archivorum
1573 2356 1773 2410 scrinia
1817 2357 2187 2425 inspexerant,

617 2469 718 2507 nec.
758 2453 1001 2522 piissima
1041 2452 1337 2520 primorum
1375 2449 1802 2504 Christianorum
1834 2457 1953 2504 acta
1982 2450 2189 2514 rimari,

617 2540 702 2591 vel
731 2541 941 2594 sincera
970 2556 998 2593 a
1027 2540 1225 2608 spuriis
1252 2539 1559 2593 discernere
1594 2540 1981 2609 cogitaverant,
2014 2548 2192 2609 postc-

621 2630 696 2683 ris
716 2630 853 2683 hanc
874 2630 1143 2700 egregiam
1167 2629 1298 2683 artis
1318 2628 1523 2683 critica:
1543 2640 1780 2697 spartam
1808 2629 2187 2698 relinquentes.

694 2810 978 2878 Postquam
1009 2818 1188 2863 autem
1226 2809 1444 2865 ineunle
1482 2808 1680 2864 saeculo
1716 2825 1823 2863 xvu
1862 2808 2044 2879 plures
2088 2807 2191 2863 viri

618 2905 833 2969 eruditi,
866 2912 919 2957 et
951 2905 1021 2957 ob
1052 2905 1101 2958 id
1128 2914 1326 2958 aeterna
1351 2905 1611 2959 memoria
1642 2905 1808 2975 digni,
1840 2904 2190 2959 bibliothecas

590 2998 898 3065 hucusque
949 2995 1218 3065 neglectas
1264 2996 1557 3065 paucisque
1605 2996 1821 3064 pervias
1862 2995 2189 3065 perscrutari

588 3142 591 3145 .
619 3093 914 3157 cmperant,
947 3096 1070 3139 tunc
1097 3085 1248 3154 plura
1282 3086 1619 3155 antiquitatis
1652 3084 1973 3141 Christiana:
2003 3100 2189 3138 monu-

623 3182 820 3236 menta,
847 3188 964 3241 quae
993 3174 1153 3228 nimis
1174 3174 1262 3227 diu
1285 3174 1503 3243 pulvere
1532 3175 1705 3228 obsim
1733 3173 1987 3238 latebant,
2012 3175 2065 3227 in
2086 3189 2187 3242 pu-

619 3264 817 3318 blicam
863 3263 1034 3317 lucem
1073 3264 1407 3331 prodierunt,
1449 3272 1611 3333 atque
1646 3263 1870 3317 historia
1903 3273 2010 3317 tam
2037 3277 2190 3317 sacra

620 3370 781 3423 quam
814 3353 1034 3423 profana
1064 3353 1286 3407 mirilice
1318 3355 1526 3408 exculta
1554 3362 1658 3418 est,
1695 3353 1921 3407 sinceris
1947 3362 2191 3407 veterum

620 3451 946 3520 scriptorum
977 3449 1112 3505 actis
1142 3451 1209 3504 ab
1234 3450 1381 3504 omni
1408 3448 1592 3503 fraude
1623 3449 1890 3502 discretis.
1929 3446 2068 3501 Nulli
2097 3448 2195 3515 igi-

619 3548 709 3593 tur
746 3540 986 3609 igu‘otum
1026 3546 1130 3601 est,
1173 3553 1202 3591 a
1244 3538 1439 3592 talibus
1473 3536 1940 3592 excellentissimis
1970 3536 2196 3607 ingeniis

619 3630 1066 3701 prmstantissima
1111 3628 1472 3683 emolumenta
1518 3627 1829 3699 reipublicm
1877 3626 2195 3683 Christiana:

575 3780 581 3784 ἓ
620 3722 781 3774 simul
814 3729 867 3775 ct
899 3720 1176 3776 litterariae
1203 3720 1526 3785 acerevisse,
1561 3735 1682 3774 cum
1713 3734 1811 3789 per
1844 3718 2198 3773 laudabilissi-

624 3826 771 3865 mum
800 3811 903 3864 hoc
941 3811 1176 3864 studium
1200 3810 1529 3864 abditissima
1555 3811 1829 3878 religionis
1858 3818 2055 3865 nostra:
2082 3824 2198 3879 my-

623 3902 787 3955 steria
811 3901 1009 3954 clarius
1032 3908 1330 3970 patescant,
1356 3901 1596 3970 prirnzevi
1628 3902 2058 3956 Christianorum
2085 3917 2199 3954 mo-

625 4011 733 4060 res,
781 3997 936 4059 ritus,
974 4005 1026 4051 et
1064 3997 1358 4052 laudabiles
1390 3997 1725 4051 caeremoniae
1758 3997 2085 4066 aperiantur,
2116 4003 2200 4051 at-

628 4101 732 4154 que
757 4086 874 4140 orbi
901 4087 1112 4140 erudito
1138 4085 1205 4139 ad
1234 4086 1551 4140 imitandum
1581 4095 1966 4155 proponantur.

1368 4175 1437 4230 IV

699 4268 841 4321 inter
867 4268 967 4322 hos
988 4264 1222 4339 purioris
1240 4266 1497 4323 doctrina:
1517 4265 1753 4323 cultores
1769 4280 1880 4335 pne
1899 4265 2122 4336 reliquis
2143 4282 2196 4323 in

625 4366 743 4410 arte
782 4355 972 4409 critica
1016 4354 1257 4424 apprime
1303 4354 1529 4433 versatis
1570 4354 1791 4408 eminuit
1834 4354 1985 4409 Dom.
2027 4354 2199 4410 Lucas

624 4445 954 4509 llolstenius,
998 4445 1081 4498 vir
1127 4446 1196 4499 ad
1242 4445 1425 4500 abdita
1473 4445 1811 4516 antiquitatis
1854 4454 2196 4501 monumenta
2222 4469 2277 4528 Ι)

626 4536 942 4589 illustranda
967 4543 1144 4595 natus,
1172 4543 1227 4588 et
1256 4535 1309 4588 in
1338 4543 1566 4605 utroque
1596 4535 1900 4606 reipublicae
1924 4536 2199 4590 litterariae

624 4623 744 4677 foro
761 4623 962 4692 optime
984 4631 1245 4677 versatus.
1272 4623 1439 4679 Natus
1461 4624 1548 4679 ille
1569 4634 1652 4680 est
1677 4625 1970 4695 Hamburgi
1996 4625 2049 4678 in
2069 4626 2200 4680 Ger-

627 4711 808 4765 mania
839 4725 979 4764 anno
1010 4711 1167 4775 1596,
1200 4714 1290 4766 ubi
1316 4714 1415 4767 sub
1443 4715 1769 4769 doctissimis
1796 4715 2071 4783 magistris
2088 4715 2202 4769 exi—

627 4804 737 4857 mio
770 4817 893 4857 cum
936 4801 1112 4857 fructu
1155 4805 1329 4859 studia
1369 4806 1688 4860 humaniora
1729 4806 1973 4869 absolvit,
2021 4806 2201 4875 lingua

601 4890 892 4946 .llebraica
938 4900 993 4945 et
1017 4889 1205 4946 Graeca
1233 4893 1297 4946 de
1325 4908 1475 4947 more
1506 4894 1762 4955 imbutus,
1803 4901 1858 4947 ut
1886 4909 1953 4948 ex
1982 4895 2202 4964 ephebis

625 4984 712 5036 vix
739 4997 989 5052 egressus
1008 4983 1220 5053 egregia
1244 4984 1564 5038 nobiliorum
1587 4985 1887 5039 studiorum
1907 4985 2198 5054 specimiua

625 5072 873 5135 ediderit,
903 5081 1063 5140 prout
1085 5072 1307 5126 erudita:
1332 5071 1569 5139 ejusdem
1601 5081 1740 5126 notae
1774 5073 1827 5126 in
1862 5074 2039 5128 varios
2065 5084 2200 5129 vete-

626 5176 715 5215 res
742 5162 1000 5232 proi'anos
1029 5162 1320 5230 scriptores
1352 5170 1635 5216 testantur.
1674 5162 1743 5216 At
1773 5161 2204 5229 relictisjuveni-

626 5250 769 5306 libus
796 5254 983 5315 musis,
1016 5258 1077 5305 ut
1101 5251 1380 5306 altioribus
1405 5251 1597 5306 studiis
1628 5252 1868 5305 animum
1906 5252 2197 5316 excoleret,

629 5339 815 5395 relicta
847 5341 1045 5411 patria,
1086 5341 1316 5410 primum
1354 5338 1597 5409 Lugduni
1632 5338 1953 5394 Batavorum
1988 5339 2199 5394 arcanis

631 5428 911 5485 medicinae
943 5428 1154 5484 artibus
1177 5427 1357 5497 aliquo
1385 5436 1625 5498 tempore
1650 5442 1869 5497 operam
1897 5428 2059 5483 dedit.
2099 5429 2199 5485 Vc-

588 5566 591 5571 μ
631 5538 749 5579 rum
774 5525 967 5580 animae
1000 5524 1319 5579 medicinam
1347 5523 1539 5577 anxius
1575 5523 1850 5592 inquirere
1886 5524 2105 5593 cupiens
2146 5525 2196 5581 it:

631 5615 829 5672 Gallias
850 5616 1103 5681 secessit,
1127 5615 1216 5669 ubi
1242 5614 1466 5668 Lutetiae
1490 5615 1819 5671 Parisiorum
1841 5615 2032 5669 studiis
2053 5614 2202 5667 theo-

632 5703 820 5773 logieis
846 5704 1062 5765 assidue
1093 5704 1349 5759 incubuit.
1398 5705 1529 5758 Dum
1567 5720 1840 5760 sacrarum
1876 5702 2198 5758 Litterarum

2289 1901 2576 1956 ordinavit.
2609 1901 2759 1967 Quod
2783 1902 2947 1955 etiam
2972 1917 3239 1956 summum
3276 1903 3508 1959 cilicium
3541 1905 3645 1976 Ipsi
3680 1909 3865 1963 conﬁr-

2290 1991 2459 2045 mavit
2479 1991 2784 2046 Alexander
2813 1992 2901 2046 Vll
2937 2007 3095 2061 papa,
3144 2000 3200 2047 et
3244 1994 3356 2064 ipse
3398 1996 3692 2052 doctorum
3735 2000 3865 2052 viro-

2291 2095 2411 2133 rum
2452 2080 2697 2148 phmnix,
2732 2081 3074 2150 puriorisque
3106 2082 3366 2139 doctrina:
3405 2086 3585 2141 cultor
3615 2089 3863 2153 eximios,

2291 2172 2381 2242 qui
2409 2172 2562 2241 proin
2597 2171 2927 2227 Holstenium
2959 2184 3201 2230 nostrum
3230 2177 3410 2233 debito
3437 2178 3647 2235 honore
3684 2195 3865 2235 cumu-

2292 2263 2403 2317 lare
2428 2256 2617 2318 voluit.
2655 2264 2791 2320 Nam
2822 2281 2963 2321 anno
2992 2266 3126 2320 1655
3167 2269 3315 2323 illum
3355 2271 3423 2324 ad
3461 2271 3864 2329 serenissimam

2290 2359 2618 2412 Christinam
2659 2357 2952 2413 Succorum
2974 2397 2990 2425 ,
3034 2358 3332 2415 Gothorum
3359 2402 3374 2426 ,
3411 2371 3468 2417 et
3507 2362 3864 2419 Vandalornn

2292 2449 2531 2518 reginam
2563 2448 2711 2502 misit
2739 2448 2995 2519 legatum,
3039 2458 3099 2503 ut
3139 2451 3206 2504 ab
3239 2452 3426 2506 eadem
3465 2453 3752 2522 publicam
3784 2471 3863 2509 ea-

2292 2544 2503 2599 tholicaa
2557 2544 2681 2599 ﬁdei
2724 2544 3116 2615 professionem
3162 2545 3460 2615 susciperet
3490 2562 3503 2596 :
3533 2560 3707 2619 quam
3746 2548 3862 2619 piis-

2291 2636 2428 2690 sima
2458 2636 2642 2705 regina
2671 2635 2865 2690 festivo
2888 2634 3083 2706 gaudio
3118 2637 3186 2690 ad
3224 2651 3415 2690 manus
3448 2636 3569 2706 ejus
3593 2638 3787 2692 emisit
3818 2640 3866 2692 in

2291 2725 2504 2794 publico
2546 2724 2803 2779 nobilium
2844 2725 3087 2778 virorum
3128 2740 3383 2779 consessu
3422 2728 3568 2796 apud
3599 2726 3866 2800 (Enipeu.

2293 2823 2408 2868 tum
2433 2813 2533 2869 sub
2561 2813 2786 2869 solemni
2811 2827 2980 2868 sacrae
3003 2813 3182 2869 missa:
3205 2814 3489 2869 sacrificio.

3054 2903 3135 2959 Vl.

2360 2991 2431 3046 At
2459 3005 2705 3047 reversus
2732 2992 2957 3047 Romam
2980 2992 3289 3049 Holstenius
3306 3009 3432 3049 cum
3457 2994 3865 3067 religiosissima

2292 3080 2476 3151 regina
2497 3081 2608 3151 jam
2638 3081 2691 3135 in
2722 3083 2986 3151 gremium
3017 3082 3269 3138 Ecclesiae
3297 3084 3579 3139 catholicae
3612 3087 3864 3141 solemni.

2294 3180 2376 3226 ter
2402 3180 2637 3242 recepta,
2675 3190 2797 3228 cum
2822 3173 2875 3227 in
2906 3175 3309 3245 perscrutandis
3349 3175 3700 3245 antiquitatis
3728 3178 3869 3232 Chri-

2293 3261 2484 3315 stiana:
2515 3264 2902 3327 monumentis,
2939 3272 2993 3318 et
3026 3273 3270 3320 veterum
3301 3275 3615 3320 sanctorum
3650 3267 3865 3322 Patrum

2291 3350 2510 3420 scriptis
2529 3352 2840 3421 colligendis
2865 3354 3103 3408 sedulam
3126 3370 3347 3425 operam
3376 3358 3737 3427 impenderet.
3762 3359 3865 3429 jam

2292 3441 2466 3497 doctis
2504 3442 2777 3499 laboribus
2817 3446 3023 3501 fractus
3060 3447 3128 3501 ad
3167 3457 3381 3503 acterna:
3423 3452 3626 3520 quietis
3680 3454 3862 3523 gaudia

2293 3544 2514 3589 vocatus
2552 3542 2635 3589 est
2672 3551 2726 3590 tv
2767 3534 2946 3591 Nonas
2985 3535 3264 3593 Februarii
3309 3554 3456 3595 anno
3503 3541 3675 3606 1661,
3724 3545 3866 3612 ωρω

2293 3624 2508 3692 quidem
2551 3632 2724 3679 morte
2761 3626 3061 3694 respublica
3105 3627 3366 3683 litteraria
3401 3628 3680 3697 iacturam
3717 3647 3862 3702 passa

2294 3723 2378 3768 est
2402 3715 2822 3783 irreparabilem.
2871 3714 3012 3771 Ante
3051 3728 3280 3773 mortem
3317 3720 3375 3775 in
3408 3722 3640 3777 ecclesia
3674 3724 3737 3778 Β.
3762 3724 3863 3779 ι.

2294 3804 2389 3858 rize
2417 3803 2484 3859 de
2506 3803 2699 3858 Anima
2729 3804 2962 3860 nationis
2987 3805 3322 3864 Germanica:
3353 3811 3643 3880 sepultura:
3666 3814 3771 3869 sibi
3791 3815 3864 3868 lc-

2295 3909 2419 3948 cum
2451 3894 2632 3965 elegit,
2660 3896 2750 3950 ubi
2777 3896 3031 3964 piissimae
3061 3898 3256 3954 anima:
3286 3900 3451 3968 justis
3481 3903 3780 3972 persolutis
3803 3904 3863 3959 ad

2294 3983 2715 4053 perpetuandam
2754 3985 2887 4039 tanti
2917 3986 3021 4041 viri
3062 3990 3378 4045 memoriam
3407 3992 3861 4050 eminentissimus

2295 4073 2584 4128 cardinalis
2637 4074 2964 4131 Barberi‘nus
3005 4076 3138 4147 erigi
3182 4081 3394 4134 curavit
3450 4083 3749 4152 superbum
3799 4097 3859 4136 ex

2296 4182 2566 4220 marmore
2598 4167 2864 4223 tumulum
2892 4183 3017 4224 cum
3049 4170 3242 4241 insigni
3273 4171 3377 4227 hoc
3405 4173 3708 4244 epitaphio,
3730 4174 3862 4246 quod

2296 4256 2666 4349 memorabilia
2693 4258 2818 4312 vitae
2845 4267 2967 4314 acta
2991 4259 3384 4331 contplectitur.

2942 4341 3005 4415 1);
3044 4359 3107 4416 0.
3152 4361 3220 4416 Μ.

2514 4464 2663 4505 ιυεε
2704 4466 3000 4507 ιιοιετεηιο
3039 4468 3227 4508 εΑκοιει
3263 4470 3654 4522 HAIBURGENSI,

2508 4534 2596 4580 QUI
2637 4534 2835 4574 CLARUS
2861 4537 2913 4576 ΙΝ
2942 4537 3167 4587 ωιωιε,
3206 4539 3362 4579 ΒΟΜΕ
3402 4542 3632 4581 οιλκιοιι

2294 4603 2531 4644 GENTIUI
2546 4604 2745 4644 OINIUII
2759 4606 3098 4654 IE'I‘ATUIQUE
3113 4608 3392 4649 HISTORIAS
3404 4612 3471 4650 ET
3484 4612 3758 4653 εοειεδιι
3778 4612 3863 4653 ιβ

2805 4675 2979 4714 MENTI:
3029 4677 3265 4717 COSIPLEX
3275 4680 3354 4727 US,

2593 4743 2830 4785 DIVERSIS
2863 4746 3174 4787 BEGIONIBUS
3211 4750 3564 4798 PBRAGRATIS,

2399 4813 2646 4853 DIVEBSOS
2661 4814 2837 4854 EARUM
2860 4816 3009 4855 FINES
3028 4816 3096 4856 ΕΤ
3123 4818 3323 4858 NOMINA
3351 4820 3514 4859 Ριιοιιε
3543 4822 3767 4867 TENUIT.

2296 4884 2487 4922 VARUS
2508 4883 2709 4930 QUOQUE
2738 4886 2959 4924 LINGUAS
2986 4888 3209 4926 ΡΒᾹΞΤΕΒ
3240 4889 3464 4928 CILECAX
3503 4891 3861 4941 ιΑτικΑιριῐ,

2371 4953 2585 5000 ρυλιιυω
2623 4952 2998 4995 δεκιρτοιιωυε
3036 4957 3308 4997 Ριυιιηιωι
3348 4959 3498 4998 LUCIS
3532 4962 3798 5011 Αττιῖιιτ,

2600 5022 2869 5071 ΑΝΊἹρῐῖΑΙί
2894 5027 3270 5065 PIIILGSOPIIIAH
3297 5024 3524 5068 CAl-LUI'I‘
3558 5033 3572 5066 ε

2399 5093 2463 5130 ΑΒ
2491 5092 2696 5133 URBANO
2719 5094 2794 5133 V'll
2823 5095 3154 5135 CANONICATU
3183 5097 3431 5137 BASIL|C£
3459 5099 3769 5149 VATICASS,

2303 5163 2366 5200 ΑΒ
2401 5162 2720 5202 INNOCENTIO
2748 5166 2783 5202 Χ
2813 5164 3172 5204 ΡΒᾸΞΡΕΕΤΒΒΑ
3202 5168 3565 5207 Βιθιιοτιιεε.ε
3604 5170 3865 5215 οιιπιτιις.

2441 5231 2508 5270 ΑΒ
2542 5232 2851 5271 ΑιεχΑΝυιιο
2883 5233 2961 5271 νιι
2994 5233 3283 5275 SAPIENTEB
3311 5237 3444 5276 UNUS
3467 5239 3731 5289 ELECTUS,

2371 5299 2441 5340 UT
2472 5299 2814 5341 OCCURBERET
2856 5300 3129 5343 SUECORUM
3167 5307 3558 5355 οοτιιοιιωιρυε
3591 5310 3802 5350 REGI“

2869 5372 3300 5424 INCOMPARABIIJ,

2514 5440 2627 5487 QCE
2658 5441 2824 5480 MIRA!
2848 5442 2900 5481 IN
2927 5444 3103 5484 TANTO
3124 5446 3247 5485 νιιιο
3265 5447 3425 5485 SUMII
3453 5448 3659 5487 INGENII

2408 5509 2699 5558 ευωιιεουε
2737 5510 3012 5551 κοοεετιίε
3048 5515 3475 5554 εοκιυδοτιοκειι
3518 5517 3779 5558 ειτενειιτ

2845 5583 2913 5620 ΕΤ
2955 5584 3157 5623 PR£DIC
3168 5585 3286 5625 ινιτ
3313 5588 3325 5623 ἒ

2306 5650 2445 5690 “1'5
2497 5650 2720 5699 DENIQUB
2760 5652 3156 5693 ιιλυολτιεεικιε
3195 5656 3264 5694 ΕΤ
3303 5656 3626 5697 11.Ι.υ8τ1(1[”1
3668 5659 3869 5700 0mm

2826 5720 2989 5762 CURSU
3017 5723 3352 5763 lNTERRl’PTO
3516 5724 3521 5726 ἡ
3594 5724 3597 5727 ’
