4004 6328
202 384 293 440 597

404 502 407 507 ’
446 513 659 554 εκηιῐυε
685 513 893 553 parum:
926 513 1206 553 cantus”:
1248 512 1486 559 Annon,

387 582 588 623 PROI’UG
598 585 869 631 NATthUE
903 584 1144 623 RELIGIUN
1154 585 1195 621 IS
1224 583 1253 621 C
1264 581 1534 620 \‘I‘ROIJCE

262 653 395 695 onttr
421 655 559 693 anno
591 655 800 694 armis
831 655 939 693 sua:
970 654 1093 701 va,
1118 653 1169 693 tv
1195 652 1361 692 noxas
1385 636 1674 690 FEBRUARII

765 726 901 763 ANNO
952 724 1165 763 IDCLXI.

200 792 498 834 mucrscus
528 793 854 832 nummatus
876 794 1032 833 cant).
1066 779 1121 830 S.
1154 777 1220 829 R.
1256 776 1317 829 E.
1348 789 1742 829 VICE-CANCELL.

500 864 686 902 unus
711 864 779 901 ex
805 864 924 902 ASSE
950 862 1108 901 AMICO
1137 862 1335 901 OP’HIIO
1363 845 1423 898 Ι).

904 956 1011 1011 Vll.

262 1046 394 1122 Inter
433 1045 875 1118 prmstantissima
912 1055 1089 1099 autem
1128 1044 1284 1114 hujus
1324 1043 1608 1099 clarissimi
1644 1043 1747 1097 viri

195 1155 367 1210 Opera,
406 1146 462 1191 et
502 1138 811 1192 doctissima
854 1145 1092 1189 veterum
1132 1141 1476 1188 monumenta
1524 1135 1591 1188 ab
1630 1133 1747 1202 ipso

196 1230 425 1292 collecta,
456 1227 599 1282 haud
633 1227 876 1279 ultimum
909 1226 1084 1279 locum
1119 1210 1357 1278 meretur
1380 1239 1621 1292 prwseus
1653 1223 1749 1277 Co-

191 1319 284 1373 dex
307 1317 619 1389 Regularum
648 1318 1073 1380 monasticarum,
1098 1332 1253 1385 quem
1280 1317 1513 1370 tenebris
1535 1325 1747 1369 erutum

192 1408 293 1464 luci
341 1408 562 1479 publica:
609 1408 835 1477 parabat
884 1405 1314 1477 locupletandum
1367 1406 1747 1462 eruditissimis

188 1499 730 1554 auimadversionibus
762 1497 921 1551 simul
960 1513 1023 1551 ac
1057 1496 1526 1552 dissertationibus
1562 1497 1628 1551 ad
1660 1495 1746 1551 hi-

189 1590 398 1644 storiam
434 1589 785 1642 monasticam
808 1587 1175 1641 illustrandam
1208 1603 1463 1657 perquam
1492 1602 1746 1641 necessa-

188 1680 279 1734 riis
302 1719 315 1743 ,
359 1679 459 1732 nisi
505 1679 806 1759 immatura
834 1687 1006 1751 morte
1042 1686 1346 1746 praeventus
1388 1675 1594 1730 fuisset.
1632 1677 1748 1730 Etsi

186 1772 318 1825 enim
342 1773 476 1825 hanc
494 1757 1083 1849 veterumRegular‘um
1107 1757 1475 1823 collectionem
1506 1784 1611 1822 nou
1639 1768 1750 1822 col-

186 1861 363 1931 legerit
401 1861 741 1921 Holstenius,
772 1869 935 1935 prout
968 1861 1082 1931 ipse
1121 1859 1336 1922 fatetur,
1383 1859 1476 1912 sed
1503 1860 1746 1913 eamdem

185 1954 253 2008 ab
285 1952 501 2022 antiquo
541 1952 728 2005 codice
756 1942 1071 2028 .quonie‘nsi
1110 1949 1435 2017 descriptam
1473 1964 1502 2001 a
1538 1963 1747 2001 surnmo

181 2043 428 2115 pontifice
457 2043 762 2096 Alexandro
788 2040 983 2117 Vllqa‘d
1010 2040 1389 2108 corrigendum
1428 2036 1748 2106 susceperit,

182 2104 410 2187 attamen
442 2141 496 2186 et
520 2130 662 2184 illaut
691 2145 814 2183 cum
848 2104 974 2181 aliis,
1002 2128 1234 2195 antiquis
1274 2125 1547 2205 codicibus
1586 2125 1748 2179 colla-

123 2262 134 2271 .
183 2231 293 2277 tam
318 2221 553 2277 correxit
571 2261 585 2281 ,
613 2226 669 2274 et
696 2218 1019 2273 doctissimis
1047 2218 1187 2270 uotis
1218 2218 1342 2269 hinc
1367 2215 1487 2269 inde
1514 2214 1750 2269 illustra-

180 2314 295 2374 vit,
326 2310 628 2365 testimonia
662 2317 902 2364 veterum
933 2309 1253 2376 scriptorum
1285 2308 1503 2362 cuilibet
1534 2307 1750 2378 Regulce

177 2401 480 2476 praefigens.

366 2536 375 2543 .
899 2488 1025 2543 Vlll.

245 2582 458 2638 Primus
506 2590 684 2635 autem
721 2581 813 2649 qui
851 2579 1081 2648 Regulas
1118 2580 1440 2634 monasticas
1478 2578 1531 2633 in
1579 2595 1746 2633 unttm

180 2675 414 2731 codicem
446 2673 657 2744 collegit
682 2682 737 2727 et
767 2673 990 2743 redegit,
1020 2681 1137 2727 erat
1166 2684 1385 2728 sanctus
1425 2673 1747 2728 Benedictus

180 2765 341 2820 abbas
370 2764 711 2825 Aniaueusis,
752 2764 904 2833 cujus
941 2763 1072 2816 Acta
1107 2764 1313 2831 primus
1345 2764 1513 2817 edidit
1547 2764 1627 2816 vir
1656 2764 1749 2816 do-

179 2857 448 2912 ctissimus
484 2853 634 2925 llugo
678 2854 960 2907 Menardus
996 2852 1427 2923 congregationis
1472 2852 1528 2906 S.
1579 2852 1749 2906 Mauri

179 2945 469 2999 monachus
500 2943 894 3005 Beuedictinus,
918 2958 1036 3011 qua:
1064 2954 1252 3011 postea
1279 2943 1626 2996 eruditissimi
1657 2944 1750 2996 ha-

177 3034 449 3106 giographi
473 3032 760 3086 Bolluntlus
783 3042 836 3086 et
855 3032 1223 3087 llenschenius
1241 3035 1304 3087 de
1327 3049 1463 3087 novo
1485 3033 1746 3088 illustrata

176 3123 244 3177 ad
270 3122 410 3176 diem
445 3121 507 3173 12
532 3120 805 3175 Februarii
838 3122 978 3175 inter
1002 3121 1226 3176 aliorum
1261 3132 1568 3179 sanctormn
1598 3125 1746 3180 Vitas

1160 379 1389 437 CODEX
1428 378 1881 434 REGULARUM.
1918 408 1991 419 —
2027 377 2413 434 PREFATIO.

1772 495 1823 553 Α
1850 492 1903 547 iu
1942 507 2108 546 unum
2133 492 2380 548 volumen
2409 491 2638 565 collegit,
2680 508 2746 549 ex
2781 489 2976 564 quibus
3013 495 3273 565 insignem
3309 503 3424 552 tra-

3316 380 3422 436 398

1848 592 2052 635 ctatum
2074 583 2392 651 composuit,
2424 600 2581 652 quem
2613 582 2957 637 Concordiam
2993 583 3309 655 Regulamm
3328 601 3421 643 re-

1844 678 1930 723 cte
1959 670 2277 725 nominavit.
2313 672 2430 737 Quo
2457 672 2672 741 quidem
2697 681 2926 726 tractatu
2957 674 3231 743 p‘issimus
3250 676 3419 732 abbas

1845 759 2109 814 unitatem
2150 770 2205 814 et
2248 763 2688 816 conformitatetu
2729 772 2901 817 status
2940 764 3219 819 monastici
3265 779 3421 820 mou-

1846 858 2019 903 strare
2047 849 2242 915 voluit;
2280 852 2526 919 quamvis
2556 853 2712 922 primi
2743 852 3076 907 institutores
3100 853 3419 923 scripserint

1846 940 2087 995 diversas
2122 941 2330 996 vivendi
2369 959 2606 1008 normas,
2645 959 2781 1012 quas
2818 951 2995 997 tamen
3028 944 3170 999 inter
3196 960 3255 999 se
3284 962 3415 1000 cono

1847 1032 2071 1085 cordate
2120 1031 2387 1100 probavit,
2433 1049 2502 1086 ex
2545 1033 2795 1087 onmibus
2835 1042 3119 1088 coarctans
3155 1034 3209 1088 iu
3250 1051 3417 1091 unum

1846 1124 2157 1186 sententias,
2186 1139 2304 1193 quat
2327 1140 2447 1179 eum
2470 1126 2795 1196 pratscriptis
2824 1124 3037 1195 Regula:
3056 1125 3418 1187 Benedictiua:

1847 1212 2135 1265 convenire
2168 1212 2462 1266 nascuntur
2487 1214 2788 1283 prteceptis,
2821 1214 3027 1285 singula
3060 1215 3287 1270 aliarum
3314 1217 3418 1272 Re-

1846 1300 2087 1370 gularum
2114 1301 2290 1369 capita
2325 1302 2565 1371 ejusdem
2598 1304 2901 1373 argumenti
2935 1304 3157 1376 singulis
3184 1306 3413 1362 Benedi-

1848 1391 2005 1444 ctinze
2028 1391 2243 1461 Regulae
2264 1393 2515 1461 capitulis
2538 1394 2855 1463 subjiciens:
2886 1393 3006 1450 Jam
3029 1397 3225 1451 dudum
3255 1399 3419 1470 igitur

1847 1488 2065 1534 sanctus
2094 1482 2261 1535 abbas
2287 1482 2606 1537 Anianeusis
2633 1483 2688 1536 in
2719 1499 2882 1537 unum
2908 1500 3104 1557 corpus
3130 1487 3423 1559 collegerat

1846 1571 2173 1627 celebriores
2199 1572 2429 1643 Regulus
2458 1574 2783 1629 monasticas
2800 1613 2814 1638 ,
2841 1588 2908 1628 ex
2932 1576 3127 1645 quibus
3155 1578 3292 1634 hanc
3323 1579 3422 1632 Re-

1847 1664 2089 1734 gularum
2118 1662 2518 1720 Consensionem
2548 1667 2885 1721 monstravit.

2608 1759 2676 1813 X.

1775 1833 1822 1891 Β
1919 1847 2172 1917 Quisquis
2198 1849 2340 1904 enim
2362 1850 2535 1920 prima
2562 1850 2651 1905 illa
2677 1849 2942 1921 religiosae
2965 1849 3089 1904 vita:
3115 1848 3309 1904 szecula
3339 1848 3422 1903 vel

1850 1938 2025 1992 obiter
2055 1941 2377 2005 consideret,
2414 1944 2632 1995 omnino
2664 1943 2980 2012 perspiciet,
3015 1940 3420 1997 sanctissimum

1849 2029 2238 2084 monachorum
2292 2029 2716 2086 Occidentalium
2776 2033 3141 2102 patriarcbam
3194 2030 3425 2086 Benedi-

1849 2126 1995 2171 ctum
2030 2119 2403 2188 Cassinensem
2442 2136 2548 2175 non
2591 2122 2884 2176 instituisse
2929 2137 3123 2177 novum
3164 2122 3424 2177 monasti-

1846 2221 1971 2261 cum
2002 2216 2225 2271 statum,
2250 2209 2345 2263 sed
2370 2210 2702 2264 solununodo
2720 2224 2817 2278 per
2846 2224 2999 2264 suam
3025 2208 3281 2280 Regulam
3306 2210 3421 2262 dis-

1848 2298 2076 2350 cretione
2103 2299 2442 2368 praecipuam,
2497 2315 2732 2352 sermone
2755 2298 3077 2352 luculentam
3105 2298 3417 2369 perfecisse,

1846 2396 2009 2457 prout
2049 2388 2294 2442 eamdem
2337 2389 2680 2442 commendat
2717 2396 2938 2442 sanctus
2975 2388 3267 2459 Gregorius
3311 2387 3423 2441 Ma-

1846 2490 2005 2545 gnus,
2032 2475 2236 2544 Dialog.
2268 2475 2361 2528 lib.
2392 2491 2453 2529 ll.
2493 2476 2625 2529 Nam
2655 2475 2724 2529 ab
2750 2476 2972 2529 exordio
2993 2475 3281 2529 introducti
3313 2490 3422 2529 mo-

1846 2564 2039 2619 nastici
2081 2564 2288 2619 ordinis
2333 2573 2480 2618 tanta
2527 2565 2740 2635 vigebat
2779 2564 2974 2628 unitas,
3022 2569 3169 2616 tanta
3209 2576 3420 2619 morum

1844 2656 2214 2721 confortuitas,
2242 2665 2301 2710 ut
2330 2657 2528 2726 ubique
2549 2672 2689 2711 unus
2704 2656 2948 2724 idemque
2964 2652 3230 2709 exstiterit
3250 2660 3425 2708 status

1845 2750 2192 2813 mouasticus,
2222 2748 2503 2819 facilisque
2532 2748 2693 2802 fuerit
2726 2763 2792 2802 ex
2828 2764 2936 2801 uno
2964 2746 3031 2801 ad
3065 2745 3208 2801 aliud
3239 2759 3426 2801 mona-

1845 2841 2071 2894 sterium
2109 2840 2388 2904 transitus,
2428 2838 2707 2893 monachis
2740 2840 2984 2892 eamdem
3014 2835 3225 2893 vivendi
3254 2836 3419 2891 ratio-

1847 2946 1971 2985 nem
2008 2930 2359 2999 eamdemque
2405 2930 2756 2983 monachatus
2800 2928 3190 2998 professionem
3234 2927 3423 2983 obser-

1845 3024 2116 3086 van'ibus,
2141 3038 2245 3077 non
2264 3024 2511 3077 obstante
2531 3022 2864 3076 diversarum
2889 3019 3213 3090 Regularum
3234 3020 3425 3074 obser-
3478 3026 3482 3030 ‘

1845 3115 2085 3179 vatione,
2109 3130 2228 3184 qua:
2250 3114 2462 3184 qttident
2485 3111 2779 3167 uniformes
2796 3113 3176 3176 censebantur,
3198 3108 3421 3164 nullam-

177 3205 613 3267 collocaverunt.
643 3210 876 3265 Sanctus
910 3214 1106 3281 quippe
1135 3212 1456 3270 Benedictus
1479 3216 1747 3270 Anianen—

1849 3222 1954 3277 que
1997 3206 2322 3262 inducebant
2360 3206 2606 3260 ordinum
2643 3203 3029 3259 diversitatem.

178 3306 253 3358 sis
279 3301 441 3356 abbas
467 3301 754 3355 multorum
789 3302 1156 3356 emnobiorum
1187 3312 1342 3372 pater
1381 3315 1433 3358 ct
1474 3314 1678 3370 auctor,
1715 3322 1745 3361 a

176 3394 504 3450 monasterio
530 3408 626 3461 per
656 3393 828 3462 ipsum
856 3393 907 3446 in
941 3400 1165 3462 paterno
1200 3392 1313 3447 solo
1352 3397 1489 3463 apud
1527 3397 1748 3450 Anianre

173 3483 410 3538 ﬂuminis
434 3483 602 3551 ripam
627 3490 809 3536 erecto
841 3491 1252 3549 cognomentum
1282 3483 1385 3537 hoc
1413 3485 1745 3549 Aninncnsis,

172 3576 400 3629 sortitus
439 3584 521 3628 est
553 3573 682 3643 :qui
734 3571 1066 3626 nobilissima
1108 3574 1362 3626 comitum
1408 3574 1749 3645 Magalouen-

176 3665 321 3716 sium
351 3663 515 3730 stirpe
543 3671 692 3715 ortus
712 3701 727 3725 ,
750 3676 812 3715 ex
842 3661 1016 3714 aulico
1046 3662 1278 3729 gratioso
1307 3671 1360 3715 ct
1389 3660 1513 3716 forti
1547 3664 1745 3729 milite,

173 3750 358 3804 factus
402 3759 482 3804 est
522 3751 813 3804 monachus
863 3751 1175 3803 monasterii
1217 3753 1385 3804 sancti
1430 3751 1662 3820 Sequani
1692 3753 1746 3808 in

169 3843 397 3899 dimcesi
426 3842 743 3910 Liugoncnsi
766 3883 778 3903 ,
809 3841 953 3895 circa
980 3858 1177 3894 annum
1207 3842 1338 3900 774,
1374 3857 1436 3896 ac
1465 3854 1583 3911 post
1612 3859 1747 3913 qua-

152 3935 489 3989 ‘drienuium
539 3935 592 3986 in
639 3942 860 4002 paterna
907 3933 1245 4000 possessione
1288 3933 1592 3988 Anianeuse
1648 3936 1749 3990 huc

167 4025 484 4080 emnobium
523 4022 576 4077 in
610 4022 897 4091 Aquitania
946 4023 1226 4088 condidit,
1279 4032 1592 4094 aretamque
1637 4025 1747 4080 Re-

167 4117 313 4187 gul;e
351 4115 709 4169 Bcaedictina:
748 4112 1081 4181 disciplinam
1120 4114 1445 4168 observavit.
1487 4114 1621 4169 Hinc
1648 4116 1744 4170 Ca-

162 4206 289 4261 rolo
319 4205 510 4274 Magno
545 4203 854 4273 imperatori
891 4204 943 4256 iu
981 4204 1170 4272 primis
1205 4203 1432 4267 chartis,
1468 4220 1530 4257 ac
1559 4187 1749 4259 deinde

162 4299 417 4368 ejusdem
451 4298 694 4367 piissimo
732 4295 864 4348 Filio
896 4294 1167 4349 Ludovico
1196 4293 1496 4363 Aquitania:
1529 4296 1658 4365 regi,
1696 4303 1750 4351 et

160 4398 293 4459 post
338 4399 566 4441 mortem
606 4386 774 4455 patris
814 4385 1121 4455 imperatori
1155 4380 1412 4454 perquam
1447 4386 1746 4450 familiaris,

162 4478 407 4548 plurima
451 4477 774 4529 monasteria
809 4489 904 4544 per
937 4475 1279 4543 Aquitaniam
1322 4484 1377 4528 et
1416 4476 1747 4544 provinciam

163 4567 579 4623 Narbonensem
617 4567 907 4629 exstruxit,
944 4580 1008 4619 ac
1040 4566 1378 4620 sanctissime
1412 4566 1770 4637 gubernavit;

162 4657 283 4714 Sed
330 4659 545 4711 tandem
606 4657 674 4710 ab
721 4660 908 4708 eodem
964 4655 1285 4723 imperatore
1335 4653 1603 4709 Ludovico
1656 4655 1749 4709 Pio

162 4750 574 4819 Aquisgranum
592 4754 830 4808 vocatus,
856 4746 996 4800 Iudae
1013 4748 1315 4801 cteuobium
1336 4746 1587 4814 instituit,
1611 4748 1753 4803 unde

161 4848 229 4894 et
264 4837 512 4892 Indensis
541 4838 699 4890 abbas
729 4852 868 4905 saepe
894 4836 1221 4916 appellatur,
1249 4839 1348 4891 sub
1377 4836 1527 4906 cujus
1560 4837 1750 4908 praesi-

162 4928 286 4993 dio,
319 4943 460 4981 anno
487 4928 621 4992 818,
653 4926 973 4996 Aquisgrani
998 4926 1210 4980 habitus
1235 4936 1317 4980 est
1344 4936 1641 4981 conventus
1666 4926 1754 4981 ab-
1796 4970 1807 4980 η.

161 5018 367 5073 butum
398 5016 639 5072 Francia:
669 5031 791 5071 cum
821 5016 931 5070 suis
959 5016 1232 5070 monachis
1256 5032 1352 5085 pro
1378 5016 1754 5072 reformatione
1798 5022 1799 5025 “

159 5109 652 5170 monasteriorum,
685 5115 840 5176 prout
860 5105 969 5159 Leo
988 5105 1248 5160 Ostiensis
1275 5107 1326 5159 in
1348 5106 1616 5161 Chronico
1631 5107 1757 5163 Cas-

162 5198 387 5254 sinensi
415 5198 591 5268 capite
616 5197 678 5250 l8
704 5196 909 5249 notavit
927 5234 941 5259 ,
969 5203 1130 5264 atque
1154 5195 1207 5247 in
1234 5195 1543 5263 praefatione
1573 5198 1640 5250 ad
1666 5211 1757 5250 ea-

158 5288 353 5359 pitula
375 5289 449 5343 ibi
474 5288 683 5343 sancita
708 5286 925 5341 disertis
949 5286 1125 5340 verbis
1150 5289 1435 5356 reperitur.

933 5375 1019 5429 IX.

241 5464 341 5521 Ad
375 5463 777 5521 reformandum
816 5466 977 5536 igitur
1017 5473 1214 5519 statum
1250 5468 1602 5522 monasticam
1629 5483 1758 5522 con-

158 5558 411 5613 stitutus
458 5565 677 5612 sanctus
723 5556 1040 5612 Benedictus
1077 5557 1401 5615 Anianeusis
1443 5575 1473 5612 a
1518 5560 1759 5628 piissimo

160 5652 515 5719 imperatore
542 5648 813 5703 Ludovico
839 5650 1125 5720 primarius
1150 5665 1350 5719 prmscs
1374 5665 1561 5705 omnes
1587 5650 1762 5721 Regu-

160 5739 262 5794 ιρις
289 5739 622 5795 monasticas
642 5749 768 5795 ante
803 5741 1081 5795 exordium
1116 5741 1293 5795 smeuli
1336 5757 1389 5796 ις
1431 5742 1766 5811 conscriptas

1915 3403 2029 3460 Hoc
2070 3419 2135 3459 ex
2189 3402 2356 3459 variis
2405 3411 2712 3458 sanctorum
2752 3401 2975 3456 Patrum
3017 3400 3168 3455 Actis
3198 3400 3419 3456 omnino

1846 3502 2080 3559 constat,
2111 3503 2269 3564 atque
2305 3492 2504 3548 clarius
2542 3479 2748 3562 patebit
2767 3507 2834 3545 ex
2856 3491 3052 3546 Leonis
3075 3491 3254 3546 Allatii
3282 3507 3421 3561 pne-

1848 3583 2047 3637 fatione
2076 3584 2142 3636 ad
2176 3589 2491 3651 praesentem
2529 3580 2851 3648 Regularum
2883 3578 3292 3648 Codieemmox
3325 3579 3421 3634 ad-

1847 3673 2088 3728 ducenda
2109 3712 2124 3736 ,
2154 3672 2245 3725 ubi
2270 3672 2356 3725 vir
2382 3669 2726 3724 doctissimus
2754 3670 2957 3723 exertis
2990 3668 3172 3725 verbis
3197 3678 3422 3726 conten-

1845 3759 1948 3825 dit,
1979 3760 2279 3814 nullatenus
2308 3760 2399 3813 tali
2439 3760 2632 3813 unitati
2658 3760 2874 3814 obstare
2907 3759 3158 3814 ordinum
3197 3760 3422 3816 diversi~

1848 3860 2033 3906 tatem.
2072 3870 2089 3902 ι
2118 3852 2327 3905 Etenim
2356 3851 2477 3915 illre,
2512 3852 2703 3921 inquit,
2742 3867 2773 3906 a
2808 3852 3053 3923 singulis,
3093 3861 3152 3908 ut
3178 3868 3421 3925 pratsens

1846 3959 1976 3998 usus
2001 3943 2276 4012 poscebat,
2303 3942 2556 3997 Patribus
2585 3942 2798 4011 scriptae
2830 3941 3059 3996 aliorum
3098 3942 3297 3997 similia
3323 3958 3423 3997 cu-

1847 4033 2109 4103 pientium
2142 4032 2331 4087 studiis
2356 4033 2636 4102 descripta:
2664 4033 2716 4085 in
2741 4047 3024 4086 commune
3048 4033 3421 4103 proponeban-

1846 4131 1935 4174 tur
1967 4138 1979 4173 :
2010 4129 2069 4173 ut
2112 4136 2178 4175 ex
2228 4121 2312 4176 his
2362 4122 2559 4191 quique
2605 4136 2703 4191 pro
2749 4121 2988 4175 locorum
3036 4130 3092 4175 et
3138 4123 3421 4178 nationum

1847 4211 2144 4265 differentia
2193 4215 2359 4266 vitam
2413 4211 2688 4277 uniformi,
2723 4212 2899 4282 quoad
2936 4212 3227 4283 praecipua,
3262 4215 3425 4269 disci:

1846 4303 1993 4371 plina
2036 4311 2420 4373 temperarent.
2469 4303 2733 4357 Primaria
2774 4318 2903 4358 sane
2947 4312 3001 4358 et
3044 4305 3197 4373 quasi
3242 4304 3428 4359 funda-

1849 4393 2098 4446 meu‘.alis
2129 4394 2514 4445 monachorum
2542 4391 2745 4462 Regula
2768 4392 3111 4460 Evangelium
3134 4398 3283 4456 erat;
3310 4392 3420 4455 illa,

1852 4481 2066 4550 inquam
2088 4521 2102 4547 ,
2129 4481 2330 4535 Christi
2350 4481 2571 4534 consilia
2593 4521 2607 4545 ,
2633 4496 2753 4550 qum
2778 4488 3017 4534 castrare
3040 4482 3274 4550 seipsum
3299 4496 3425 4550 pro~

1852 4581 1972 4642 pter
1997 4586 2216 4641 regnum
2241 4569 2527 4634 cmlorum;
2557 4585 2677 4638 quze
2703 4570 2972 4638 abnegarc
3002 4585 3081 4635 se,
3115 4577 3170 4624 et
3203 4585 3423 4626 crucem

1852 4663 2067 4727 tollere;
2109 4677 2228 4731 qua:
2267 4668 2477 4731 patrem
2519 4666 2572 4714 et
2618 4668 2866 4725 matrem,
2897 4674 3141 4737 uxorem,
3176 4669 3229 4716 et
3266 4677 3426 4733 agros

1847 4763 2068 4822 propter
2111 4750 2389 4806 Christum
2435 4748 2771 4818 relinquere;
2822 4762 2941 4819 quae
2978 4751 3213 4804 vendere
3254 4752 3425 4821 patri-

1836 4844 2053 4908 monia,
2088 4850 2144 4896 et
2176 4841 2305 4896 dare
2335 4840 2680 4910 pauperibus,
2723 4841 2909 4910 sicque
2947 4843 3118 4897 nudos
3151 4843 3425 4898 Christum

1851 4932 2001 4999 sequi
2035 4930 2351 4985 suadebant.
2393 4929 2609 5000 Regulae
2642 4931 2990 5001 particulares
3020 4932 3154 4988 nihil
3179 4932 3280 4987 nisi
3309 4933 3427 5003 ejus

1853 5021 2041 5090 prima:
2068 5019 2283 5089 Regulae
2314 5018 2699 5087 applicationes
2733 5029 2827 5074 aut
2861 5021 3250 5075 declarationes
3289 5020 3427 5074 locis

1854 5118 1907 5165 et
1929 5111 2171 5179 personis
2192 5110 2503 5179 plerumque
2531 5118 2728 5179 aptata:
2760 5112 3114 5167 habebantur.
3146 5131 3164 5162 ι
3209 5109 3346 5166 Hine
3370 5111 3427 5165 in

1856 5219 1962 5257 uno
1990 5203 2282 5272 eodemque
2310 5204 2636 5258 monasterio
2666 5205 2844 5273 plures
2871 5204 3156 5275 aliquando
3184 5213 3427 5274 receptas

1856 5292 2087 5363 Regulus
2115 5292 2430 5360 reperimus,
2461 5302 2621 5362 prout
2640 5291 2933 5361 Gregorius
2953 5290 3301 5358 Turonensis,
3330 5294 3423 5348 lib.

1856 5399 1913 5448 x,
1950 5399 2068 5453 cap.
2110 5383 2197 5445 18,
2225 5386 2291 5436 de
2317 5384 2596 5437 Attanensi
2631 5382 2771 5452 apud
2809 5383 3121 5439 Lcmovicas
3154 5395 3426 5441 monastco

1858 5472 1941 5525 rio
1988 5479 2239 5536 testatur,
2286 5472 2339 5525 in
2385 5487 2492 5541 qun
2547 5487 2693 5526 «non
2740 5472 2901 5527 modo
2936 5472 3198 5541 Cassiani,
3241 5490 3428 5533 verum

1858 5563 2023 5616 etiam
2056 5561 2239 5616 Basilii
2277 5571 2331 5617 et
2373 5564 2697 5631 reliquorum
2737 5562 3013 5629 abbatum,
3042 5565 3131 5634 qui
3159 5574 3429 5622 monaste-

1859 5651 2049 5706 rialem
2083 5655 2249 5706 vitam
2292 5653 2663 5715 instituerunt,
2700 5652 3108 5721 celebrabantur
3141 5656 3373 5727 Regulae.
3406 5677 3424 5706 ι

1866 5742 2031 5799 Multa
2069 5744 2195 5799 talia
2236 5744 2395 5814 hujus
2440 5744 2518 5799 rei
2564 5745 2807 5814 exempla
2847 5746 3064 5802 adducit
3099 5747 3431 5803 clarissimus
