4004 6328
573 364 678 421 οεει

1567 352 1621 407 s.
1663 348 2018 406 BENEDiCTl
2058 312 2348 401 annuis
2385 341 2784 398 ANIANENSlS

3714 345 3821 402 400

576 475 913 532 Mabillouius
939 474 990 528 in
1016 472 1128 528 suis
1157 467 1562 541 prmfatiouibus
1582 465 1649 520 ad
1670 466 1801 519 Acta
1826 463 2145 519 Sanctorum
2174 461 2222 520 Α
2248 467 2302 512 et
2341 458 2516 513 vicino
2550 459 2776 521 venerit,
2828 459 3052 514 haberet
3097 459 3307 514 abbatis
3343 460 3424 515 sui
3470 474 3824 527 consensum,

575 571 704 626 0rd.
740 567 799 623 S.
828 564 1128 627 Benedicti,
1156 571 1212 617 ct
1238 562 1505 632 praecipue
1537 560 1589 614 in
1619 555 1930 627 praefatione
1965 555 2031 609 ad
2066 563 2152 607 to-

576 676 725 717 mum
762 659 782 713 l
821 655 1108 711 Annalium
1145 648 1638 714 Benedictinorum,
1676 648 1770 702 ubi
1810 664 1877 702 cx
1910 644 2153 716 professo

577 754 690 823 agit
730 752 795 805 de
830 750 931 803 hac
971 754 1146 801 status
1179 742 1463 798 monastici
1497 741 1727 804 unitate,
1763 754 1867 793 non
1905 739 2153 793 obstante

580 854 661 901 tot
690 840 1015 911 [tegularum
1041 836 1300 890 varietate
1320 875 1334 899 ,
1364 848 1483 903 qum
1503 832 1697 900 saepius
1721 831 1774 884 in
1801 845 1909 884 uno
1939 829 2155 883 eodem-

581 948 687 1002 que
730 930 849 985 loco
899 925 1358 987 observabautur,
1402 923 1565 978 etiam
1605 930 1727 992 post
1763 919 2154 989 promulgatam

582 1020 844 1092 Regulam
876 1015 1298 1073 Benedictinam.
1342 1013 1434 1068 Sic
1461 1021 1680 1067 sanctus
1702 1009 2026 1065 Philibertus
2053 1007 2157 1063 Ge-

589 1109 918 1166 mctticensis
942 1106 1171 1161 cmnobii
1201 1104 1448 1159 conditor
1468 1114 1521 1157 et
1544 1102 1711 1158 abbas
1737 1120 1755 1152 ι
1779 1100 1950 1155 sancti
1974 1099 2156 1155 Basilii

584 1201 927 1263 Chrismata,
975 1198 1191 1252 Macarii
1241 1196 1531 1265 Regulam,
1579 1193 1853 1248 Benedicti
1906 1186 2155 1255 Decreta,

588 1288 901 1343 Columbam
942 1287 1191 1343 lnstituta
1234 1285 1571 1341 sanctissima
1597 1323 1611 1350 ,
1666 1282 1879 1338 assidua
1930 1281 2159 1336 lectione

589 1380 961 1450 frequentassc
988 1378 1205 1451 legitur.
1229 1397 1248 1430 ι

1325 1466 1436 1520 Xll.

661 1557 815 1615 Unde
852 1558 1197 1629 perspicuum
1232 1566 1316 1612 est
1342 1556 1665 1628 [tegularum
1708 1555 2160 1626 multiplicitatem

589 1648 896 1704 nullatenus
938 1649 1209 1703 induxisse
1247 1649 1497 1703 ordinum
1535 1647 1955 1703 monasticorum
1987 1646 2164 1701 diver-

588 1743 830 1807 sitatem,
855 1742 1067 1812 qualem
1095 1756 1236 1795 nunc
1261 1741 1538 1807 videmus;
1571 1741 1788 1810 quando
1819 1740 2017 1795 diversi
2044 1754 2161 1793 mo-

580 1836 891 1890 nachorum
937 1835 1155 1890 ordines
1208 1844 1358 1889 certo
1409 1836 1725 1890 charactere
1774 1835 2158 1899 discriminati,

591 1932 648 1977 et
674 1924 841 1978 certis
873 1939 936 1978 ac
978 1924 1170 1993 cuique
1204 1925 1435 1994 propriis
1475 1924 1701 1993 legibus,
1732 1923 2029 1994 ofliciisque
2055 1924 2164 1980 Deo

586 2012 869 2067 militant:
902 2028 1003 2067 nec
1033 2012 1204 2067 facilis
1236 2014 1303 2068 ab
1334 2028 1439 2066 uno
1467 2013 1533 2066 ad
1562 2012 1724 2065 alium
1755 2014 2000 2067 ordinem
2031 2028 2163 2067 con-

595 2106 808 2160 ceditur
845 2106 1124 2168 transitus,
1156 2106 1358 2173 absque
1384 2120 1561 2159 annua
1597 2103 1915 2174 probatione
1943 2111 1997 2157 et
2027 2118 2165 2157 nova

601 2196 815 2249 novitcr
844 2195 1075 2263 suscepti
1103 2194 1308 2248 ordinis
1345 2194 1572 2247 solemni
1607 2194 1960 2263 professione.
1990 2193 2168 2247 Adeo-

598 2302 704 2355 que
732 2286 920 2355 primis
952 2286 1057 2339 illis
1078 2284 1289 2339 sarculis
1312 2284 1559 2338 monachi
1597 2285 1695 2338 sub
1722 2300 1825 2336 una
1853 2282 2166 2352 particulari

595 2377 799 2448 Regula
829 2377 1061 2440 educati,
1090 2375 1157 2428 de
1192 2390 1300 2429 uno
1322 2376 1388 2428 ad
1416 2368 1560 2430 aliud
1592 2377 1978 2429 monasterium
2004 2377 2167 2430 etiam

576 2468 702 2522 alia
748 2467 1045 2522 monastica
1082 2466 1283 2537 Regula
1322 2467 1677 2536 gtibtruatum
1735 2466 1893 2521 facile
1936 2468 2169 2521 transire

578 2564 919 2626 qmtuerunt,
972 2556 1113 2610 nulla
1165 2558 1362 2611 emissa
1411 2572 1548 2611 nova
1596 2556 1952 2625 professione,
1994 2572 2170 2626 neque

599 2647 831 2703 admissa
881 2663 1059 2702 annua
1114 2648 1450 2718 probatione.
1508 2645 1676 2714 llujus
1726 2648 1954 2702 unitatis
2004 2648 2170 2703 etiam

590 2740 740 2809 apud
792 2740 1086 2795 monachos
1149 2739 1481 2794 diversarum
1548 2737 1874 2810 Regularum
1938 2739 2171 2794 cultores

584 2829 816 2883 evidens
845 2837 1219 2898 argumentum
1262 2828 1419 2883 nobis
1458 2829 1766 2898 suppeditat
1797 2829 1910 2898 ipse
1953 2837 2171 2885 sanctus

597 2919 921 2973 Benedictus
966 2920 1354 2973 monachorum
1391 2917 1816 2974 Occidentalium
1864 2919 2172 2990 patriarcha

596 3009 654 3063 in
682 3008 902 3076 Regula:
929 3023 1039 3062 sua:
1068 3008 1243 3077 capite
1271 3008 1359 3073 6|,
1386 3009 1477 3063 ubi
1509 3009 1587 3063 sic
1607 3009 1886 3079 prtecipit:
1920 3028 1938 3059 ι
1969 3008 2027 3064 Si
2050 3010 2173 3080 quis

599 3098 899 3154 monachus
945 3098 1263 3167 peregrinus
1323 3112 1354 3151 e
1401 3096 1709 3167 longinquis
1762 3098 2054 3167 provinciis
2113 3099 2167 3152 in

601 3186 989 3242 monasterium
1029 3188 1433 3256 supervenerit,
1473 3187 1518 3241 si
1559 3203 1657 3256 pro
1694 3188 1904 3257 hospite
1939 3188 2168 3242 voluerit

602 3278 849 3333 habitare
885 3275 939 3329 in
973 3278 1321 3341 monasterio,
1366 3284 1421 3331 et
1447 3284 1734 3332 contentus
1757 3277 1917 3334 fuerit
1946 3294 2171 3333 consue-

601 3369 788 3423 tudine
826 3366 949 3433 loci,
990 3367 1315 3435 suscipiatur
1365 3375 1566 3436 quanto
1605 3375 1844 3438 tempore
1894 3370 2059 3438 cupit.
2111 3369 2169 3425 Si

600 3472 732 3513 vero
758 3462 945 3526 postea
971 3454 1201 3509 voluerit
1236 3454 1584 3510 stabilitatem
1621 3472 1771 3510 suam
1802 3457 2034 3523 firmare,
2063 3475 2170 3513 non

597 3556 858 3605 tenuatur
898 3547 1027 3602 talis
1065 3546 1334 3613 voluntas,
1367 3553 1421 3600 et
1449 3546 1495 3600 si
1522 3548 1730 3619 quidem
1769 3550 1847 3602 vir
1875 3548 2015 3621 frugi
2047 3551 2168 3615 erit,

597 3657 704 3697 non
741 3640 940 3706 solum,
974 3638 1019 3694 si
1060 3638 1294 3709 petierit,
1338 3638 1664 3708 suscipiatur
1704 3640 1756 3693 in
1802 3640 2172 3709 congregatio-

596 3747 759 3797 nem,
818 3744 1005 3785 verum
1058 3729 1223 3785 etiam
1269 3730 1581 3796 suadeatur,
1634 3738 1693 3784 ut
1748 3739 1884 3811 stet;
1945 3740 2005 3784 ut
2055 3732 2172 3801 ejus

597 3820 844 3889 exemplo
883 3819 975 3874 alii
1011 3819 1347 3885 erudiantur,
1394 3827 1449 3874 et
1480 3820 1604 3889 quia
1653 3819 1706 3873 in
1746 3822 1891 3873 omni
1935 3819 2050 3875 loco
2081 3822 2171 3876 uni

597 3909 826 3964 Domino
855 3908 1093 3963 servitur
1120 3919 1177 3964 et
1203 3910 1292 3964 uni
1322 3910 1433 3982 regi
1458 3910 1735 3965 militatur.
1772 3930 1790 3962 ι

1323 3999 1457 4056 ΧΙΙΙ.

680 4089 739 4143 In
785 4087 1126 4157 susceptione
1177 4087 1342 4156 igitur
1387 4087 1656 4158 peregrini
1708 4089 1960 4145 monachi
2009 4091 2169 4147 etiam

600 4180 702 4234 sub
737 4178 912 4235 aliena
946 4176 1150 4248 Regula
1196 4174 1429 4242 educati,
1468 4183 1688 4233 sanctus
1713 4176 2036 4237 Benedictus
2063 4198 2171 4237 non

594 4269 849 4340 exigebat
889 4283 1126 4324 annuam
1166 4265 1559 4337 probationem,
1602 4268 1687 4323 vel
1727 4284 1921 4327 novam
1954 4271 2171 4342 Regulae

601 4376 713 4417 sua:
738 4358 1150 4430 professionem,
1180 4358 1275 4414 sed
1308 4365 1514 4414 tantum
1535 4361 1845 4431 requirebat
1868 4363 2170 4420 stabilitatis

579 4453 992 4525 promissionem
1043 4450 1114 4506 ob
1172 4458 1416 4506 mutuum
1469 4451 1659 4508 initum
1719 4454 1861 4511 inter
1910 4466 2168 4529 utrosque

599 4552 956 4599 contractum.
1004 4540 1175 4610 Hujus
1202 4542 1579 4612 promittenda:
1616 4545 1926 4622 stabilitatis
1965 4547 2170 4602 formu-

578 4634 702 4688 .lam
732 4649 799 4688 ex
822 4632 1131 4687 Hildemaro
1160 4633 1380 4701 antiquo
1403 4632 1615 4704 Regula:
1638 4634 1996 4691 Benedictinae
2020 4654 2168 4693 com-

598 4728 952 4786 mendatorc,
1003 4723 1223 4777 adducit
1273 4722 1521 4779 laudatus
1571 4724 1910 4781 liiahillonius
1970 4727 2163 4783 Amal.

584 4814 797 4869 .Bened.
831 4822 972 4868 .tom.
1008 4813 1054 4878 l,
1104 4814 1196 4868 lib.
1226 4830 1345 4881 vui,
1395 4831 1519 4886 pag.
1543 4814 1667 4879 2l5,
1703 4832 1822 4886 qua:
1858 4817 1979 4873 talis
2014 4828 2164 4875 erat:

602 4923 623 4956 ι
658 4905 770 4976 Ego
810 4902 874 4957 Ν.
906 4904 1129 4959 veniens
1174 4905 1241 4959 de
1283 4905 1590 4975 longinquis
1631 4907 1922 4975 provinciis
1967 4909 2020 4963 in
2065 4909 2169 4965 hoc

597 4993 1007 5058 monasterium,
1037 4993 1165 5063 quia
1192 4993 1394 5063 placuit
1417 4993 1547 5047 mihi
1570 4995 1909 5050 conversatio
1935 4995 2166 5054 fratrum

580 5084 753 5140 istius
790 5084 924 5148 loci,
960 5091 1015 5137 et
1061 5082 1171 5138 illis
1215 5083 1413 5152 placuit
1457 5098 1578 5137 mea
1623 5072 2009 5141 conversatio:
2043 5089 2166 5143 ideo

598 5174 950 5229 stabilitatem
1011 5188 1188 5227 meam
1245 5173 1300 5226 in
1349 5172 1452 5225 hoc
1500 5174 1829 5228 monasterio
1882 5190 1981 5244 per
2027 5177 2166 5233 hanc

597 5264 920 5333 scripturam
969 5279 1132 5318 manu
1180 5276 1297 5316 mea
1375 5263 1630 5333 scriptam
1694 5275 1957 5336 perpetuo
2030 5284 2164 5323 con-

598 5353 775 5408 ﬂrmo.
809 5373 829 5406 s
868 5353 1124 5423 Adeoque
1162 5368 1266 5407 non
1305 5352 1467 5407 aliam
1508 5356 1771 5412 rationem
1812 5366 1868 5411 et
1903 5372 2164 5413 czercmo-

598 5448 719 5504 nias
761 5448 829 5503 ad
866 5447 1263 5518 suscipiendum
1299 5449 1642 5517 peregrinum
1684 5452 2007 5508 monachum
2047 5453 2163 5507 exi-

597 5539 755 5611 gebat
795 5546 1016 5595 sanctus
1037 5537 1377 5602 Benedictus,
1411 5537 1536 5592 licet
1571 5548 1626 5592 et
1649 5538 1904 5608 Regulam
1933 5541 2167 5609 peculia-

596 5647 709 5687 rem
749 5630 864 5699 jam
902 5629 1226 5696 condiderit,
1276 5629 1342 5684 ad
1396 5630 1500 5685 hoc
1544 5639 1720 5684 tamen
1766 5634 2073 5697 attendens,
2106 5641 2164 5688 ut

597 5724 893 5780 monachus
943 5722 1027 5776 ille
1075 5722 1410 5794 peregrinus,
1461 5721 1506 5777 si
1549 5737 1611 5776 ex
1663 5726 1990 5779 monasterio
2036 5737 2163 5784 noto

2250 563 2312 602 ac
2348 548 2556 602 litteras
2603 550 3092 613 commendatitias,
3130 565 3198 604 ne
3238 550 3373 605 alias
3414 550 3530 605 huic
3572 553 3828 608 monachi

2251 640 2506 694 admissio
2541 641 2850 695 scandalum
2886 641 2969 696 vel
3005 640 3386 697 offendiculum
3423 642 3568 698 inter
3598 643 3693 698 illa
3726 645 3830 699 duo

2251 731 2577 785 monasteria
2602 740 2907 801 generaret.

2967 821 3102 879 XlV.

2323 908 2438 963 Non
2463 926 2591 979 ergo
2611 911 2926 966 distinctum
2950 913 3194 967 ordinem
3222 916 3582 970 monasticum
3608 927 3834 972 sanctus

2254 998 2573 1055 Benedictus
2610 1001 2863 1067 instituit,
2903 1017 3001 1058 nec
3047 1005 3447 1073 przcscribendo
3489 1008 3832 1062 stabilitatem

2255 1101 2302 1145 et
2324 1108 2525 1145 morum
2548 1093 2927 1148 conversionem
2952 1094 3190 1165 (Regulre
3207 1094 3573 1151 Benedictinm
3598 1112 3729 1167 cap.
3751 1098 3833 1167 58)

2257 1181 2456 1250 aliquid
2481 1182 2768 1237 essemiale
2796 1183 3090 1249 innovavit,
3121 1184 3215 1239 sed
3243 1185 3414 1239 solum
3445 1201 3509 1240 ex
3544 1186 3674 1240 aliis
3703 1203 3835 1261 prm-

2257 1271 2571 1325 cedentihus
2601 1272 2988 1326 monachorum
3017 1271 3236 1343 Begulis
3266 1282 3320 1328 et
3344 1274 3838 1330 Constitutionibus

2259 1368 2459 1415 statum
2509 1363 2866 1417 monasticum
2911 1364 3142 1418 reddidit
3182 1365 3659 1433 praestantiorem,
3706 1384 3840 1439 prmo

2260 1451 2543 1505 scribendo
2576 1450 2829 1521 Regulam
2870 1453 3181 1507 discretione
3214 1454 3560 1524 praecipuam,
3601 1472 3842 1512 sermone

2255 1539 2599 1611 luculentam.
2632 1541 2754 1595 Pari
2789 1544 2950 1598 modo
2977 1543 3386 1599 discurrendum
3421 1554 3505 1600 est
3529 1546 3691 1601 circa
3722 1548 3843 1619 rigi-

2262 1632 2385 1688 dam
2428 1632 2712 1688 Scotorum
2765 1636 3149 1690 mouachorum
3195 1636 3560 1707 disciplinam,
3589 1654 3722 1708 qua:
3768 1652 3843 1695 tae

2265 1738 2388 1776 men
2429 1722 2658 1777 mirifice
2686 1732 2977 1797 propagata
3006 1730 3085 1777 est
3125 1726 3439 1799 non‘solum
3475 1726 3530 1780 in
3558 1725 3843 1783 Britannia

2265 1824 2319 1870 et
2349 1814 2626 1878 llibcrnia,
2654 1829 2842 1870 verum
2880 1817 3043 1871 ctia’m
3077 1819 3217 1886 apud
3239 1798 3421 1872 Gallos
3448 1827 3505 1873 et
3532 1819 3707 1875 italos
3752 1838 3846 1892 per

2264 1913 2509 1961 sanctum
2536 1904 2925 1961 Columbanum
2967 1896 3189 1977 cirquue
3229 1909 3430 1974 socios,
3459 1909 3683 1965 etiamsi
3723 1927 3850 1966 non—

2264 1995 2408 2049 nulla
2438 1995 2505 2050 ab
2532 1997 2764 2050 aliorum
2796 1998 3241 2053 monasteriorum
3270 1998 3465 2054 ritibus
3487 2000 3849 2056 abhorrentia

2265 2084 2735 2155 complecteretur.
2776 2085 2973 2142 Notum
3002 2088 3198 2158 quippe
3236 2097 3323 2144 est
3366 2089 3467 2145 hos
3495 2088 3708 2144 Scotos
3739 2107 3849 2146 mo-

2252 2175 2469 2242 nachos
2516 2191 2583 2230 ex
2627 2191 2815 2231 errore
2866 2177 3059 2232 calculi
3104 2179 3263 2233 aliter
3314 2179 3514 2234 festum
3559 2180 3849 2237 Paschalis

2266 2265 2612 2330 celebrasse,
2683 2282 2845 2337 quam
2903 2269 2993 2323 alii
3048 2268 3384 2335 Christiani,
3440 2271 3557 2341 ipsa
3609 2288 3850 2345 namque

2267 2365 2460 2425 quarta
2504 2359 2710 2412 decima
2760 2360 2915 2424 luna,
2965 2359 3009 2415 si
3055 2361 3107 2416 in
3155 2361 3488 2418 Dominicam
3541 2364 3846 2433 incidisset,

2267 2448 2482 2505 Pascha
2524 2450 2879 2505 celebrantes.
2922 2450 3055 2505 Dein
3099 2466 3285 2506 eorum
3318 2439 3538 2508 tonsura
3579 2454 3849 2512 clericalis

2268 2539 2427 2610 longe
2472 2541 2750 2596 dissimilis
2786 2550 2905 2596 erat
2960 2558 2989 2595 a
3036 2542 3280 2597 Romana
3328 2551 3384 2598 et
3430 2542 3623 2600 Graeca
3669 2563 3691 2605 :
3733 2564 3848 2603 rasa

2268 2630 2473 2686 scilicet
2522 2632 2780 2687 anteriori
2827 2633 3020 2703 capitis
3062 2643 3215 2704 parte
3263 2635 3331 2689 ab
3362 2650 3492 2691 aure
3526 2638 3596 2691 ad
3634 2654 3846 2703 aurem.

2268 2720 2555 2789 posteriori
2594 2721 2826 2776 intonsa.
2852 2720 3053 2777 Verum
3087 2723 3173 2779 bis
3212 2724 3438 2795 aliisque
3464 2726 3710 2784 diversis
3739 2732 3852 2786 riti-

2268 2812 2370 2865 bus
2413 2825 2521 2864 non
2561 2811 2902 2867 obstantibus
2941 2828 3207 2884 nusquam
3252 2814 3479 2886 legimus
3517 2816 3621 2873 hos
3655 2818 3851 2876 Scotos

2269 2902 2566 2957 monachos
2606 2904 2950 2960 constituisse
2996 2905 3269 2961 diversum
3314 2898 3383 2961 ab
3416 2907 3538 2963 aliis
3584 2914 3849 2968 monasti-

2270 3006 2393 3046 cum
2416 2993 2663 3048 ordinem

3003 3086 3119 3143 XV.
3336 3112 3343 3117 ’
3639 3151 3645 3155 η

2339 3173 2474 3228 Nam
2505 3175 2549 3230 si
2580 3175 2812 3231 ordinent
2838 3179 3183 3233 monasticam
3220 3179 3273 3234 in
3302 3183 3633 3238 monasterio
3666 3184 3851 3241 Culm-

2269 3264 2417 3319 sensi
2462 3265 2659 3319 smculo
2697 3281 2731 3320 v
2767 3268 3023 3322 usitatum
3071 3270 3441 3340 inspiciamus,
3492 3288 3658 3344 quem
3712 3278 3848 3334 inter

2269 3354 2428 3423 hujus
2452 3354 2667 3411 Codicis
2704 3357 3068 3413 additamenta
3113 3360 3523 3427 collocavimus,
3560 3373 3696 3420 tunc
3725 3382 3844 3437 per-

2270 3447 2591 3516 spiciemus,
2652 3450 2898 3504 eamdem
2964 3450 3304 3522 disciplinam
3355 3454 3423 3509 ab
3475 3454 3847 3515 Orientalibus

2270 3552 2424 3605 teque
2452 3553 2515 3592 ac
2542 3536 2976 3595 Occidentalibus
3002 3543 3277 3597 monachis
3310 3545 3589 3611 usitatam,
3620 3549 3668 3603 si
3702 3553 3847 3608 exci-

2272 3629 2388 3698 pias
2426 3627 2738 3698 frequentes
2776 3630 2829 3684 in
2864 3646 3060 3701 aquam
3101 3633 3475 3691 immersioncs
3505 3637 3693 3695 Scotis
3737 3659 3847 3697 mo-

2272 3718 2460 3773 nachis
2496 3719 2817 3789 peculiares.
2856 3721 2923 3775 Et
2962 3723 3208 3792 quamvis
3237 3735 3457 3781 sanctus
3479 3726 3845 3787 Columbanus

2249 3811 2493 3875 natione
2536 3812 2765 3878 Scotus,
2807 3823 2860 3869 et
2894 3825 3239 3884 paternarum
3284 3819 3634 3877 traditionem
3682 3825 3843 3880 etiam

2272 3902 2605 3956 exoticarum
2659 3905 2957 3960 acerrimus
2993 3906 3228 3974 vindex,
3265 3924 3387 3964 cum
3430 3917 3610 3967 turma
3654 3928 3847 3970 mona-

2273 3992 2520 4056 chorum,
2553 4008 2696 4048 anuo
2725 3993 2829 4049 590
2866 3994 2920 4048 in
2948 3994 3151 4051 Gallias
3187 4005 3497 4067 secesserit,
3529 4011 3697 4073 atque
3730 4007 3847 4060 κάξ-

2274 4080 2447 4134 licatis
2461 4081 2705 4150 pluribus
2730 4085 3074 4141 monasteriis
3102 4086 3358 4158 Regulam
3382 4091 3715 4159 peculiarem
3740 4098 3844 4151 suis

2274 4172 2553 4227 monachis
2590 4176 3011 4246 przescripsorit;
3055 4186 3293 4233 attamen
3339 4196 3449 4235 non
3494 4198 3701 4240 novum
3739 4203 3845 4241 mo-

2273 4265 2539 4321 nasticum
2567 4268 2810 4322 ordinem
2840 4267 3089 4333 instituit,
3118 4271 3211 4325 sed
3240 4271 3308 4325 ad
3336 4271 3695 4331 imitationem
3722 4293 3843 4332 sana

2273 4356 2346 4411 cti
2375 4355 2671 4421 Benedicti,
2707 4373 2773 4411 ex
2802 4357 2923 4413 aliis
2957 4360 3260 4430 peregrinis
3299 4365 3645 4419 monasteriis
3681 4367 3841 4421 adve-

2276 4447 2487 4502 nientes
2533 4446 2827 4503 monachos
2871 4448 3041 4513 libere
3090 4459 3145 4505 et
3186 4452 3391 4522 absque
3436 4453 3621 4523 aliquo
3651 4470 3845 4513 ann“;

2273 4535 2605 4606 probationis
2640 4537 2908 4607 exemplo,
2951 4538 3004 4592 in
3039 4555 3191 4594 suam
3227 4542 3706 4613 congregationem
3733 4563 3845 4603 sus-

2269 4624 2432 4693 cepit.
2482 4624 2573 4679 Sic
2622 4624 2801 4681 Attala
2854 4630 3150 4685 monachus
3186 4629 3504 4699 Lirinensis,
3555 4647 3841 4708 postquam

2244 4715 2454 4788 .plures
2491 4732 2658 4773 annos
2695 4718 2805 4773 illic
2829 4720 2995 4774 vitam
3026 4723 3381 4779 monasticam
3405 4726 3608 4796 egisset
3632 4732 3842 4801 regula-

2270 4807 2343 4860 ris
2385 4806 2673 4880 disciplina:
2713 4809 2887 4864 studio
2940 4811 3007 4865 ad
3056 4820 3303 4867 sanctum
3347 4814 3751 4874 Columbanum
3791 4835 3844 4874 se

2270 4899 2503 4969 recepit;
2535 4914 2695 4971 quem
2720 4914 2844 4955 mox
2865 4901 2948 4958 vir
2968 4910 3189 4958 sanctus
3212 4920 3310 4958 suo
3332 4906 3625 4961 ministerio
3637 4909 3841 4977 iunxit,

2271 5008 2335 5045 ac
2380 4992 2569 5049 divinis
2615 4994 2826 5049 monitis
2868 4995 3076 5052 erudire
3118 4998 3354 5052 tentavit.
3421 4998 3585 5052 Aliud
3629 5014 3845 5071 quoque

2269 5084 2574 5151 exemplum
2608 5085 2826 5142 adducit
2861 5102 3002 5156 saepe
3028 5087 3277 5145 laudatus
3306 5088 3665 5155 Mabillonius,
3695 5108 3843 5149 assc-

2240 5191 2399 5231 rcns
2458 5177 2764 5234 Eustasium
2806 5179 3195 5238 Luxoviensem
3241 5182 3515 5248 abbatem,
3569 5194 3628 5239 et
3669 5186 3842 5242 sancti

2268 5266 2585 5323 Columbani
2636 5283 3006 5325 successorem
3052 5286 3118 5328 ex
3160 5270 3469 5342 Agaunensi
3510 5277 3846 5332 monasterio

2268 5356 2558 5412 abduxisse
2595 5372 2776 5413 secum
2812 5358 2871 5412 Β.
2894 5359 3144 5417 Amatam
3186 5361 3342 5417 istius
3375 5363 3613 5419 coanohii
3653 5381 3845 5422 mona-

2267 5448 2449 5513 chum,
2486 5456 2541 5504 et
2578 5449 2632 5504 in
2664 5465 2883 5506 suorum
2916 5450 3143 5509 fratrum
3178 5455 3493 5512 societatem
3529 5456 3845 5517 immediate

2267 5539 2567 5595 admisisse.

2980 5633 3116 5688 XVI.

2341 5726 2469 5792 Qum
2503 5738 2633 5780 sane
2665 5724 2846 5780 omnia
2882 5725 3013 5781 satis
3043 5741 3311 5797 superque
3353 5725 3632 5785 declarant
3664 5731 3842 5786 unita-
