4004 6328
197 305 279 361 ut
1164 313 1393 369 CODEX
1432 284 1743 372 Redemit

1844 317 1887 374 Ι.
1926 349 1997 367 ρ-
2032 319 2424 378 ΡΒᾸΞΡΑΤΙΟ.

3313 326 3427 383 ωε,

198 430 291 475 tem
315 427 364 475 et
390 419 820 478 conformitatem
851 433 1023 480 status
1048 427 1327 481 monastici
1356 443 1463 482 non
1490 429 1742 483 obstante
1768 434 1821 493 Α
1842 432 2227 501 prophetarum
2248 436 2563 492 anachoresi
2585 439 2687 495 dici
2714 450 2911 511 potest,
2935 459 3210 514 nunquam
3232 456 3419 499 exem-

193 514 515 571 diversarum
541 515 866 587 Regularum
914 519 1297 584 observantia,
1344 536 1464 591 quae
1509 521 1641 575 locis
1689 530 1744 574 et

192 605 420 675 personis
452 606 714 678 adaptata:
758 616 1014 678 tanquam
1040 608 1241 665 diversi
1269 610 1392 666 vitm
1434 609 1744 664 monasticae

191 695 551 750 commentarii
587 697 918 753 considerari
963 699 1189 766 debent,
1229 709 1289 755 ut
1327 711 1453 771 pote
1489 716 1596 755 non
1638 700 1741 754 nisi

190 786 528 855 particulares
558 787 724 857 ipsius
760 790 999 845 mandati
1033 792 1331 863 evangelici
1361 793 1763 863 applicationes,

191 885 241 931 et
275 875 681 933 declarationes.
725 879 791 934 Et
826 880 1045 950 quidem
1086 882 1185 951 ipsi
1225 884 1361 946 scoti
1393 884 1642 939 monachi
1676 885 1746 939 ad

189 968 605 1023 observationem
647 970 897 1026 catholici
927 971 1208 1028 Paschalis
1245 974 1489 1046 perducti
1529 984 1585 1030 et
1616 991 1745 1030 exo-

189 1060 338 1115 ticam
364 1076 515 1115 suam
546 1068 826 1117 tonsuram
854 1061 1182 1132 rejicientes,
1215 1065 1433 1120 tandem
1459 1067 1601 1122 hanc
1630 1083 1746 1123 mo-

190 1151 394 1207 nasticae
432 1150 557 1207 vitae
596 1152 859 1207 unitatem
902 1153 1102 1224 ubique
1140 1154 1587 1223 manifestabant,
1634 1173 1742 1214 non

187 1242 422 1298 obstante
460 1243 633 1314 rigida
670 1260 859 1301 eorum
896 1245 1201 1318 disciplina.
1234 1247 1393 1314 Nam,
1422 1259 1546 1319 post
1584 1265 1746 1322 syno-

186 1334 303 1390 dum
328 1331 775 1390 Matisconensem
803 1352 945 1391 anno
966 1336 1071 1391 525
1103 1338 1452 1406 celebratam,
1481 1340 1534 1394 in
1562 1342 1743 1397 omnia

185 1423 344 1482 sancti
380 1423 698 1480 Columbam
744 1428 1070 1482 monasteria
1114 1427 1257 1483 facili
1313 1430 1529 1500 negotio
1575 1431 1744 1486 intro-

185 1514 332 1570 ducta
361 1522 449 1569 est
471 1514 675 1587 Regula
706 1518 877 1573 sancti
904 1517 1211 1585 Benedicti;
1243 1530 1409 1590 atque
1438 1530 1574 1577 teste
1607 1523 1739 1577 Ven.

182 1604 328 1670 Beia,
348 1605 502 1687 .llist.
527 1606 694 1663 Eccli.
724 1607 818 1664 lib.
840 1624 891 1676 v,
925 1617 981 1665 et
1007 1610 1061 1664 in
1076 1611 1198 1666 Vita
1235 1612 1407 1668 sancti
1437 1611 1739 1681 Cuthberti,

180 1706 295 1766 post
326 1696 636 1754 conﬂictum
665 1698 993 1756 Pharensem
1025 1701 1167 1757 inter
1196 1701 1585 1758 Columbanum
1619 1704 1744 1759 Sco-

1842 518 1928 588 pla
1966 521 2055 575 illa
2080 524 2312 592 probare
2337 536 2562 595 possunt
2593 530 2889 599 perfectum
2919 539 2975 587 et
2997 531 3266 589 sincerum
3301 549 3409 588 mo-

1843 612 2216 679 nachismum,
2261 616 2358 670 sed
2403 617 2473 672 ad
2518 633 2786 675 summum
2829 630 3038 676 tantum
3083 622 3309 693 ﬁguram
3358 632 3414 677 et

1844 699 2135 771 imaginem
2173 704 2351 772 potius
2392 709 2717 765 exhibebant
2758 713 3137 783 quam‘ipsam
3183 712 3416 768 formam

1843 797 1898 844 et
1935 792 2260 859 essentiam;
2301 795 2398 861 ita,
2436 806 2497 853 ut
2532 799 2585 853 in
2616 801 2798 855 Veteri
2826 800 3197 869 Testamento,
3243 813 3417 859 status

1843 884 2127 939 monastici
2172 888 2418 955 quaedam
2463 891 2616 959 quasi
2653 893 2914 961 pneludia
2951 904 3008 949 et
3034 896 3296 965 praesagia
3336 912 3420 951 re-

1843 973 2021 1044 perire
2040 974 2129 1041 sit,
2155 991 2430 1047 nunquam
2456 987 2637 1037 tamen
2664 997 2790 1037 vera
2817 992 2873 1039 et
2897 985 3210 1041 authentica
3235 1001 3419 1041 exem-

1843 1064 1949 1135 pla.
1982 1065 2128 1122 idem
2156 1076 2275 1124 esto
2296 1068 2564 1139 judicium
2592 1071 2660 1128 de
2686 1073 2904 1130 Essenis
2928 1076 3094 1130 vitam
3125 1077 3415 1147 quamdam

1843 1169 2183 1211 communem
2221 1156 2278 1211 in
2306 1174 2487 1214 rerum
2516 1161 2818 1218 divinarum
2847 1166 3299 1236 contemplatione
3327 1168 3421 1223 du-

1842 1247 2109 1312 centibus,
2138 1264 2370 1319 quorum
2405 1268 2585 1309 mores
2610 1253 2764 1311 Philo
2789 1256 3005 1313 Judmus
3038 1258 3178 1315 libro
3202 1262 3420 1330 proprio
3448 1310 3449 1313 η

1844 1336 2118 1393 describit.
2152 1339 2361 1395 Eruditi
2401 1343 2547 1399 enim
2578 1359 2768 1401 omnes
2798 1347 2902 1402 hoc
2925 1358 3110 1404 nostro
3140 1366 3261 1405 arvo
3293 1366 3422 1404 eon-

1843 1427 2100 1493 sentiunt,
2138 1426 2394 1486 Hebrzeos
2435 1432 2570 1488 istos
2597 1434 2705 1488 vita
2739 1443 2794 1490 et
2828 1437 3071 1493 moribus
3098 1454 3260 1508 quam
3295 1439 3433 1494 lon-.

1842 1519 2061 1589 gissime
2102 1521 2443 1594 discrepasse
2485 1541 2513 1578 a
2556 1542 2685 1581 vero
2726 1530 3114 1587 monachorum
3151 1531 3418 1595 instituto,

1842 1611 2055 1666 etiamsi
2092 1628 2213 1667 cum
2241 1623 2431 1669 sancto
2458 1615 2786 1688 Hieronymo
2813 1619 3161 1675 admittamus
3187 1620 3421 1676 Essenos

1843 1701 1980 1757 istos
2004 1701 2309 1779 Christiana
2347 1706 2606 1778 religione
2633 1706 2803 1763 fuisse
2833 1709 3085 1765 imbutos.
3125 1710 3241 1766 Non
3272 1712 3420 1766 enim

180 1796 305 1854 tum,
351 1801 407 1846 et
455 1789 762 1847 Wilfridum
822 1793 1055 1864 Anglum
1115 1795 1358 1861 initum,-
1394 1796 1447 1850 in
1492 1797 1742 1852 omnibus
1768 1777 1816 1837 Β
1842 1808 2031 1851 omnes
2055 1777 2216 1866 primi
2237 1777 2530 1853 Christiani
2549 1799 2710 1854 etiam
2734 1799 3084 1872 Jerosolymis
3113 1803 3423 1859 habitantes

179 1875 651 1936 Norththumbrani
694 1883 845 1953 regni
886 1883 1148 1938 coenobiis
1186 1899 1284 1953 per
1322 1883 1516 1939 Scotos
1557 1901 1744 1939 mona-

177 1970 301 2027 chos
327 1974 546 2050 erectis,
577 1974 784 2047 Regula
805 1975 1154 2031 Benedictina
1179 1992 1301 2031 cum
1327 1978 1497 2047 rigida
1529 1979 1745 2035 Scotica

173 2061 448 2134 disciplina
471 2063 671 2132 ﬂoruit,
699 2064 874 2120 donec
902 2065 1019 2120 haec
1045 2066 1265 2121 omnino
1293 2067 1531 2124 obsoleta
1567 2078 1624 2124 et
1656 2069 1747 2124 illa

172 2152 285 2208 sola
330 2155 530 2226 ubique
575 2154 892 2226 prmvaluit;
958 2156 1268 2211 immediate
1322 2158 1465 2212 enim
1526 2169 1747 2217 sanctus

168 2238 307 2296 Buta
335 2242 600 2299 Melrosia:
642 2244 697 2298 in
736 2244 995 2301 hodierna
1044 2244 1227 2300 Scotia
1280 2247 1469 2314 abbas,
1512 2251 1746 2307 etenobii

163 2333 627 2392 Lindisfarnensis
656 2338 1102 2408 gubernationem
1132 2339 1393 2408 suscepit,
1425 2341 1512 2396 cui
1541 2351 1597 2397 et
1623 2358 1763 2399 suc-7

163 2424 334 2480 cessit
365 2434 589 2503 sanctus
610 2425 938 2482 Cuthbertus
967 2426 1209 2495 ejusdem
1245 2430 1409 2484 etiam
1446 2430 1574 2486 olim
1608 2448 1747 2501 prae-

164 2514 391 2586 positus.
433 2514 628 2570 Postea
665 2523 846 2572 autem
879 2516 1050 2583 Scoti,
1087 2525 1142 2575 et
1168 2518 1328 2585 Picti,
1361 2536 1457 2591 per
1495 2532 1743 2579 sanctum

167 2603 528 2672 Ceolfredum,
563 2615 620 2662 et
654 2616 902 2662 sanetum
937 2607 1265 2680 Eggbertum
1292 2610 1492 2683 Anglos
1520 2613 1744 2670 Benedi-

164 2700 340 2756 ctinos
398 2700 467 2756 ad
514 2710 723 2757 rectum
774 2702 1082 2758 celebrandi
1128 2703 1409 2762 Paschalis
1474 2708 1744 2764 tramitem

162 2796 429 2870 perducti,
479 2797 625 2853 circa
678 2813 881 2853 annum
916 2798 1019 2853 718
1045 2798 1307 2871 Regulam
1335 2800 1743 2857 Benedictinam

164 2885 401 2957 amplexi
447 2893 593 2955 sunt,
635 2887 782 2943 nulla
823 2889 929 2944 alia
973 2889 1367 2947 interveniente
1396 2893 1519 2948 vita:
1558 2909 1747 2949 mona-

165 2978 320 3033 sticae
346 2978 668 3046 mutatione,
696 2978 799 3036 nisi
830 2982 974 3050 quod
1004 2980 1209 3051 rejecta
1243 2999 1339 3038 sua
1366 2983 1594 3040 deformi
1628 2997 1747 3041 ton-

161 3085 293 3122 sura
320 3067 530 3124 Scotica
568 3070 911 3139 susceperint
950 3080 1224 3127 tonsuram
1264 3074 1578 3129 coronalem.
1618 3075 1753 3132 Ηωο

161 3157 346 3213 omnia
372 3157 545 3214 fusius
581 3166 885 3214 tractantur
908 3160 965 3214 in
996 3160 1289 3216 Monastico
1318 3161 1544 3230 Scotico,
1570 3165 1659 3221 ubi
1686 3166 1740 3220 in

160 3248 405 3321 ejusdem
434 3249 694 3321 propyleo
720 3251 1049 3307 exhibentur
1073 3252 1375 3323 peculiares
1399 3255 1742 3315 dissertatio-

160 3356 266 3397 nes
298 3341 443 3397 circa
481 3356 666 3398 mores
703 3348 759 3397 et
795 3341 1130 3413 disciplinam
1158 3352 1404 3399 veterum
1452 3349 1739 3409 monachae

159 3446 287 3490 rum
316 3431 637 3500 Scotorum,
677 3433 769 3504 qui
810 3432 939 3488 olim
983 3434 1433 3504 nuncupabantnr
1461 3435 1636 3493 Kildei
1689 3445 1746 3494 et

158 3524 393 3591 Kiledei,
423 3527 493 3583 ab
523 3526 656 3597 ipsis
681 3526 854 3593 cellis,
884 3541 1019 3596 quas
1047 3526 1445 3595 inhabitabant,
1480 3545 1586 3584 non
1613 3545 1743 3586 vero

156 3633 196 3673 a
224 3616 400 3684 cultu,
436 3633 597 3689 quem
636 3619 837 3675 ibidem
856 3619 1204 3687 exercebant,
1248 3620 1743 3677 denominationem

156 3714 465 3764 sumentes.

182 3859 189 3864 _
516 3802 520 3808 ’
873 3797 1032 3854 XVII.
1454 3858 1457 3861 λ
1512 3848 1517 3853 .

229 3891 487 3949 Stahilita
513 3890 682 3963 igitur
702 3890 985 3951 monastici
1011 3896 1187 3946 status
1214 3890 1422 3946 unitate
1442 3898 1498 3948 et
1522 3892 1741 3959 unione,

153 3998 324 4055 quam
354 3981 685 4054 Regularum
718 3979 1091 4050 multiplicitas
1129 3995 1237 4035 non
1278 3982 1450 4052 magis
1475 3983 1740 4049 variabat,

151 4088 325 4147 quam
350 4072 514 4126 variae
536 4087 677 4128 nunc
700 4070 1184 4127 commentationes
1208 4070 1263 4126 in
1284 4070 1542 4142 Regulam
1570 4073 1744 4128 sancti

151 4161 462 4227 Benedicti,
508 4176 578 4217 ex
622 4162 819 4233 quibus
862 4167 1065 4216 exortae
1105 4170 1231 4216 sunt
1282 4162 1743 4219 totBenedietinae

152 4253 383 4326 Regula:
421 4253 764 4324 propagines,
809 4252 997 4322 quales
1032 4262 1176 4317 sunt,
1215 4251 1604 4320 Cluniacensis,
1642 4254 1744 4310 Ca-

150 4343 533 4409 maldulensis,
564 4341 960 4406 Cisterciensis,
1001 4349 1056 4396 et
1085 4342 1266 4412 plures
1306 4343 1424 4398 aliae
1453 4346 1734 4400 monacho-

1845 1884 1914 1940 ad
1961 1886 2186 1941 consilia
2231 1889 2538 1959 evangelica
2589 1891 2962 1961 amplectenda
3008 1894 3437 1964 obligahantur;

1845 1990 1972 2031 nam
2001 1977 2244 2048 plerique
2271 1988 2427 2035 erant
2465 1979 2759 2053 coniugati,
2790 1999 2888 2038 nec
2918 2000 3116 2039 uxores
3148 1984 3423 2041 dimittere
3502 1982 3507 1987 ’

1843 2066 2116 2134 volebant,
2157 2078 2318 2140 prout
2352 2071 2418 2125 de
2448 2070 2739 2128 Nicodemo
2773 2082 2829 2128 et
2852 2074 3146 2130 Gamaliele
3185 2083 3418 2140 constat,

1845 2155 2182 2228 liberumque
2230 2168 2349 2215 erat
2392 2161 2587 2231 cuique
2636 2160 2830 2217 fundos
2879 2179 3007 2219 suos
3054 2165 3291 2221 retinere
3337 2167 3425 2221 vel

1844 2250 2138 2316 dimittere,
2189 2252 2455 2321 siquidem
2506 2262 2729 2310 sanctus
2757 2253 2962 2334 Petrus.
2998 2256 3135 2311 dixit
3162 2257 3419 2312 Ananiae:

1846 2338 2038 2396 Nonne
2068 2358 2284 2397 manens
2311 2344 2406 2397 tibi
2444 2344 2707 2407 manebat,
2737 2354 2785 2399 et
2814 2346 3186 2400 venumdatam
3214 2357 3327 2401 erat
3366 2348 3434 2404 in.
3500 2356 3508 2368 ‘

1842 2441 1937 2488 tua
1955 2441 2208 2504 potestate
2231 2434 2369 2505 (Act.
2395 2449 2450 2500 v,
2471 2434 2550 2508 4).
2580 2435 2877 2490 Fatendum
2911 2444 3089 2491 tamen
3117 2446 3217 2501 est,
3242 2438 3433 2507 plures

1842 2521 2302 2595 Jerosolymorum
2346 2525 2705 2589 Christianos,
2746 2528 3006 2582 miracula
3054 2528 3124 2582 ab
3165 2531 3425 2600 apostolis

1842 2625 2055 2686 patrata
2085 2618 2513 2683 considerantes,
2540 2620 2606 2673 ad
2635 2618 3021 2689 perfectionem
3058 2621 3424 2691 evangelicum

1842 2707 2189 2763 obtinendam
2236 2709 2417 2764 omnia
2470 2724 2571 2779 pro
2611 2709 2832 2764 Christo
2884 2710 3204 2781 reliquisse,
3256 2712 3426 2768 vitam

1844 2813 2183 2854 communem
2225 2800 2503 2854 ducentes.
2546 2798 2679 2853 Nam
2724 2809 2944 2854 sanctus
2971 2799 3146 2856 Lucas
3191 2801 3246 2855 in
3270 2799 3426 2859 Actis

1845 2889 2213 2962 apostolorum
2247 2889 2325 2945 sic
2353 2889 2418 2944 de
2449 2889 2770 2959 quibusdam
2803 2890 2993 2960 primis
3030 2889 3135 2944 illis
3177 2889 3425 2946 fidelibus

1845 2978 2134 3051 loquitur:
2190 2979 2547 3036 Multitudinis
2590 2991 2765 3036 autem
2816 2981 3134 3036 credentium
3182 2992 3295 3036 erat
3333 2999 3426 3037 cor

1846 3088 2010 3127 unum
2039 3081 2088 3127 et
2115 3072 2293 3126 anima
2321 3089 2427 3127 una
2450 3090 2469 3128 :
2500 3091 2592 3129 nec
2620 3074 2892 3146 quisquam
2924 3090 3123 3151 eorum,
3153 3092 3270 3145 qua:
3305 3093 3424 3154 pos—

1802 3169 1814 3188 ‘
1846 3164 2067 3230 sidebat,
2121 3163 2322 3235 aliquid
2367 3181 2520 3219 suum
2559 3165 2788 3228 dicebat,
2843 3164 2933 3220 sed
2969 3175 3117 3220 erant
3154 3167 3219 3221 iis
3249 3167 3425 3223 omnia

1846 3257 2141 3311 conmtunia
2166 3255 2307 3328 (Act.
2338 3272 2402 3323 ιι,
2431 3256 2533 3324 45;
2576 3273 2650 3323 tv,
2678 3257 2789 3329 5‘2).

2560 3347 2701 3402 XIX.

1845 3465 1848 3469 -
1914 3437 2166 3509 Adeoque
2188 3454 2255 3493 ex
2288 3438 2372 3493 his
2400 3438 2591 3508 primis
2614 3437 3426 3510 .lerosolymitanisChristianis

1830 3536 2015 3590 status
2049 3527 2382 3582 monasticus
2416 3527 2649 3597 sumpsit
2684 3526 2985 3591 exordium,
3013 3526 3169 3596 cujus
3203 3528 3423 3595 quidem

1842 3618 2100 3688 primaria
2148 3626 2205 3672 et
2240 3617 2512 3686 praecipua
2554 3616 2816 3685 principia
2864 3624 3266 3686 cognoscuntur
3309 3617 3423 3687 ipsa

1844 3709 2123 3780 Evangelii
2167 3708 2412 3772 consilia,
2464 3709 2658 3778 quibus
2701 3708 2951 3777 equidem
3000 3707 3282 3762 hortamur
3330 3727 3429 3764 nos

1843 3811 2075 3856 castrare
2117 3808 2327 3871 propter
2382 3815 2598 3870 regnum
2644 3796 2889 3853 ca'lorttm
2916 3838 2931 3863 ,
2974 3814 3180 3852 crucem
3219 3798 3421 3868 tollere,

1841 3902 2067 3963 patrem,
2097 3901 2337 3957 matrem,
2368 3907 2603 3954 uxorem,
2634 3901 2680 3946 et
2707 3908 2861 3961 agros
2899 3890 3186 3962 relinquere
3214 3902 3425 3962 propter

1843 3984 2141 4048 Christum,
2184 3992 2232 4038 et
2272 3999 2365 4054 per
2400 3982 2631 4037 omnium
2686 3997 2858 4035 rerum
2901 3980 3287 4052 temporalium,
3315 3987 3421 4038 ima

1841 4073 2068 4146 propria:
2103 4072 2384 4129 voluntatis
2422 4072 2847 4143 abnegationem,
2872 4069 3069 4125 Citriin
3099 4071 3310 4143 vestigia
3342 4090 3423 4127 se-

1841 4165 1951 4236 qui.
1993 4163 2104 4221 Nec
2140 4165 2320 4219 minus
2357 4172 2564 4229 certum
2597 4170 2681 4217 est
2722 4162 2858 4218 alios
2909 4162 3250 4225 Christianos
3278 4163 3421 4219 hanc

1842 4255 2207 4324 evangelieam
2241 4254 2456 4309 vivendi
2499 4252 2729 4308 formam
2763 4254 3037 4323 amplexos
3076 4254 3269 4320 fuisse;
3314 4255 3424 4311 Me-

1844 4345 2150 4417 taphrastes
2186 4346 2330 4399 enim
2368 4344 2521 4398 initio
2548 4344 2684 4399 Vitae
2716 4345 2890 4398 sancti
2913 4344 3067 4398 Pauli
3104 4345 3264 4412 primi
3301 4362 3422 4401 ere-

150 4451 281 4490 rum
308 4433 783 4508 eongregationes,
809 4450 927 4503 qua;
955 4449 1052 4504 pro
1075 4436 1202 4490 vita:
1231 4443 1286 4490 et
1309 4451 1521 4490 morum
1551 4453 1742 4493 norma
1767 4471 1821 4532 D
1846 4438 1991 4493 mitae
2021 4436 2189 4493 refert
2234 4436 2424 4506 primis
2481 4435 2687 4490 duobus
2736 4434 2991 4489 Ecclesia:
3017 4435 3227 4489 saeculis
3256 4435 3424 4505 pluri-

146 4527 424 4598 primaria
463 4527 802 4583 constituunt
837 4525 1093 4595 Regulam
1132 4526 1307 4581 sancti
1340 4527 1642 4593 Benedicti,
1688 4536 1745 4584 et

143 4632 256 4690 per
297 4633 400 4674 sua
440 4617 735 4689 peculiaria
771 4625 978 4672 statuta
1014 4618 1352 4673 solummodo
1376 4618 1521 4674 inter
1552 4635 1611 4676 se
1640 4621 1744 4675 dif-

143 4710 309 4765 ferre
336 4709 609 4775 videntur,
633 4709 811 4779 quoad
838 4708 1098 4780 majorem
1128 4710 1211 4764 vel
1241 4709 1503 4767 minorem
1534 4713 1742 4785 regula-

144 4803 235 4858 ris
265 4802 570 4873 discipliuae
606 4803 1032 4858 observantiam.

224 4891 393 4949 Nunc
420 4901 602 4949 autem
632 4892 699 4948 ad
726 4901 902 4948 status
930 4895 1214 4950 monastiei
1248 4895 1629 4965 antiquitatem
1664 4884 1771 4952 in?

140 4985 471 5058 dagandam
496 4986 894 5056 progredimur,
922 5001 1045 5041 cum
1082 4987 1325 5042 nonnulli
1364 4988 1745 5059 antiquitatum

137 5076 659 5133 ecclesiasticarum
705 5090 1003 5146 mangones
1049 5073 1208 5143 hujus
1249 5084 1424 5131 status
1461 5080 1744 5134 exordium

135 5166 301 5237 apud
335 5166 632 5222 Nasarazos
667 5173 722 5221 et
746 5165 1062 5220 Rechabitas
1107 5166 1162 5219 in
1190 5166 1370 5220 Veteri
1399 5166 1746 5224 Testamento

135 5256 475 5327 requirunt,
497 5256 583 5311 vel
606 5255 849 5325 ejusdem
873 5254 1136 5324 originem
1160 5269 1226 5310 ex
1252 5255 1570 5312 anachoresi
1615 5258 1746 5314 Eliae

133 5355 199 5401 et
225 5345 425 5402 Elisati
450 5347 836 5420 prophetarum
863 5345 1152 5409 deducunt,
1188 5346 1437 5416 quamvis
1471 5357 1598 5402 ante
1640 5356 1747 5403 ter-

130 5438 292 5493 tium
325 5453 452 5493 erat
482 5438 804 5494 Christianae
831 5437 1086 5493 saeculum
1112 5454 1378 5508 nusquam
1418 5441 1748 5508 reperiamus

129 5542 355 5582 verum
381 5535 436 5582 et
460 5527 759 5597 perfectum
793 5535 968 5583 status
1001 5528 1286 5584 monastici
1322 5529 1646 5600 exemplum.

626 5686 631 5689 δ
872 5618 1055 5674 xvut.

216 5709 377 5766 Nam
424 5708 686 5785 quidquid
736 5711 800 5767 de
844 5710 1135 5776 Nazamtis,
1188 5719 1239 5766 et
1280 5710 1619 5780 Rechabitis,
1664 5713 1747 5768 vel

1848 4544 1966 4584 mos
2014 4526 2291 4582 exstitisse
2341 4526 2466 4580 vita:
2519 4524 2834 4580 monasticae
2880 4522 3255 4594 professores;
3302 4527 3422 4582 Vita

1850 4633 2066 4689 quoque
2094 4624 2295 4672 sanctae
2320 4614 2577 4670 Endoxize
2615 4614 2898 4685 martyris,
2936 4630 3056 4685 qua:
3091 4618 3424 4691 temporibus

1851 4706 2072 4777 Trajani
2099 4704 2446 4776 imperatoris
2472 4702 2671 4769 ﬂoruit,
2699 4705 3147 4767 monasteriorum
3169 4707 3283 4775 jant
3310 4717 3423 4762 tum

1849 4801 2218 4856 institutorum
2260 4797 2524 4855 meminit.
2566 4798 2702 4853 Cum
2732 4812 2860 4855 vero
2894 4798 3268 4855 ecclesiastica
3308 4800 3425 4871 illo-

1847 4907 1968 4946 rum
2015 4890 2337 4945 saeculorum
2383 4897 2731 4963 ntonumenta
2776 4887 3096 4960 plerumque
3140 4890 3420 4960 perierint,

1845 4984 2042 5057 partim
2074 4982 2391 5038 Diocletiani
2420 4982 2764 5052 imperatoris
2791 4982 2956 5052 impio
2985 4983 3239 5038 mandato
3265 4981 3421 5039 llam-

1845 5075 1951 5130 mis
1993 5083 2312 5142 consumpta
2329 5113 2353 5139 ,η
2369 5073 2569 5143 partim
2600 5072 2808 5143 injuriis
2850 5081 3150 5142 temporum
3188 5074 3421 5143 perdita,

1846 5167 1991 5221 haud
2028 5174 2155 5220 ante
2190 5180 2379 5235 pacem
2422 5165 2677 5221 Ecclesiae
2721 5180 2817 5236 per
2859 5164 3270 5219 Constantinum
3313 5164 3425 5221 Ma-

1846 5273 2011 5329 gnum
2052 5259 2437 5329 imperatorem
2479 5258 2746 5314 redditam
2784 5257 3091 5312 authentica
3129 5265 3183 5312 et
3213 5257 3425 5315 indubi-

1846 5356 1960 5403 tata
2002 5348 2127 5403 vitae
2168 5348 2479 5403 monastica:
2520 5346 2818 5418 primordia
2857 5353 3006 5401 certo
3044 5348 3258 5404 ostendi
3298 5364 3424 5421 pos-

1848 5447 1995 5504 sunt,
2048 5454 2169 5508 qua:
2212 5445 2401 5495 sancto
2433 5437 2603 5492 Paulo
2635 5438 2811 5507 primo
2855 5437 3093 5492 eremitze
3134 5447 3189 5494 et
3235 5450 3428 5498 sancto

1851 5529 2085 5584 Antonio
2114 5529 2294 5586 abbati
2324 5530 2518 5585 merito
2549 5528 2879 5583 referuntur.

2586 5618 2702 5673 XX.

1919 5714 1975 5770 In
2000 5714 2100 5771 hoc
2126 5715 2287 5785 igitur
2301 5711 2617 5784 Regularum
2644 5711 3047 5767 monasrirarunt
3066 5712 3276 5780 Codice,
3297 5712 3423 5784 jure
