4004 6328
566 229 667 300 m

1549 202 1605 297 ς.
1645 242 2000 299 BENEDICTI
2042 244 2329 309 ABBATLS
2358 244 2799 315 AMANENSIS

3694 255 3794 315 408

569 347 713 427 avita
759 346 1045 421 pnifessio,
1078 348 1423 427 ipsarumque
1461 352 1746 411 alumnitas
1772 351 2008 419 jucunda
2045 368 2131 407 re-
2160 365 2208 418 Α
2236 361 2441 415 miuum
2492 362 2757 427 tendant,
2811 360 3068 424 nimirum
3109 360 3178 421 ad
3233 360 3524 425 excolenda
3577 367 3792 423 consilia

566 417 789 484 gionnm
806 417 963 489 ante
984 417 1167 473 oculos
1192 417 1528 488 pingebatur,
1554 435 1712 489 quam
1734 417 1899 489 grata:
1922 431 1977 476 et
2004 437 2133 477 con-

668 487 1047 558 misolitudinls
1086 490 1274 558 spatils
1299 487 1646 545 tenderentur
1674 509 1687 545 :
1720 487 1793 547 ita
1822 500 1882 545 ut
1912 507 2014 545 non
2047 509 2135 547 so-
2226 543 2232 551 .

588 573 677 628 um
704 555 974 628 delectare
1003 555 1323 614 monachum
1353 568 1572 628 possent
1616 571 1825 615 secreta
1856 561 2130 627 silvarum,

564 626 659 679 sed
685 626 849 697 etiam
878 642 1072 697 magna
1103 629 1277 682 victus
1296 626 1534 697 prmltere
1560 630 1895 697 compendia.
1927 651 1946 681 ι
1980 626 2135 686 Βθηίέ

564 711 672 764 que
700 695 1013 770 dictioipsa
1041 695 1312 770 et‘stylus;
1342 713 1502 770 quam
1534 715 1639 752 non
1668 695 1901 770 Scythiae
1937 699 2134 770 barba-

566 772 700 820 riem
743 765 1003 830 redoleat,
1029 765 1208 836 palam
1230 775 1332 829 est,
1361 765 1494 828 'Oua
1519 770 1686 833 etiam
1730 765 1942 824 ratione
1968 769 2132 823 refel-

564 837 770 916 luntur,
814 835 907 917 qui
954 835 1337 917 atlienieitsem
1365 836 1701 917 .Cassianum
1744 847 1965 917 putant:
2004 839 2133 894 Inde

562 906 710 977 enim
734 905 915 975 potius
951 905 1181 960 Atticam
1204 905 1487 965 Gtmcismi
1515 905 1898 977 proprietatem
1935 909 2133 963 ducere

564 974 850 1046 mittiisset,
882 990 1187 1045 quamcum
1218 991 1377 1044 quem
1415 974 1636 1046 praefert
1666 977 1865 1045 ubique
1896 977 2132 1032 latinita-

560 1047 634 1099 tis
664 1043 956 1116 Gallicana:
981 1043 1267 1116 genuinum
1314 1043 1533 1101 succum
1572 1061 1637 1100 ac
1670 1043 1929 1114 leporem,
1957 1048 2134 1116 qualis

560 1116 617 1168 in
663 1114 955 1180 Eucherio,
992 1114 1050 1171 in
1078 1114 1361 1175 Vincentio
1406 1116 1695 1176 Lirinensi,
1729 1116 1781 1169 in
1814 1114 2037 1181 Fausto,
2076 1119 2132 1171 in

561 1183 683 1255 aliis
707 1183 823 1255 ejus
849 1193 1052 1241 tractus
1089 1184 1442 1255 scriptoribus
1471 1185 1689 1255 passim,
1717 1184 1910 1252 ﬂoret;
1942 1187 2036 1242 sed
2063 1185 2132 1242 de

558 1253 648 1312 his
672 1253 825 1324 plura
852 1255 1063 1310 dicendi
1094 1253 1245 1309 locus
1281 1256 1367 1310 hic
1407 1253 1511 1309 non
1536 1262 1637 1310 est.
1667 1254 1748 1309 Ad
1787 1255 2132 1311 uniformita-

490 1328 495 1339 ‘
558 1324 941 1396 tcmginstituti
973 1324 1255 1396 monastici
1288 1334 1641 1396 revertamur,
1675 1325 1934 1380 adversus
1967 1341 2131 1396 quam

472 1432 481 1439 .
559 1393 693 1448 nihil
743 1396 1044 1469 praescribit
1085 1393 1414 1469 Regulat'nm
1459 1393 2130 1469 hoc_Codice_rela_t_:irum

557 1464 818 1519 nurnerus
862 1474 919 1520 et
968 1465 1269 1535 diversitas.
1315 1465 1530 1535 Etenim
1575 1464 1678 1521 illac
1713 1481 1742 1518 a
1784 1466 2029 1535 singulis,
2073 1473 2133 1519 ut

555 1548 797 1617 p.r:e.s_ens
824 1550 956 1617 usus
999 1534 1580 1617 poscebat,mPatribus
1618 1534 2129 1617 Δεςινίηῑιιξ,ίειΙῑίιιΊιηι

556 1603 755 1658 similia
784 1603 1113 1673 cupientium
1164 1604 1357 1659 studiis
1398 1605 1700 1674 descriptae,
1739 1603 1805 1659 in
1845 1620 2131 1659 commune

556 1676 1019 1745 proponebantur,
1052 1683 1112 1728 ut
1133 1689 1198 1729 ex
1232 1674 1319 1729 his
1339 1675 1537 1745 quique
1558 1691 1656 1743 pro
1691 1676 1930 1738 locorum
1957 1683 2011 1727 et
2035 1690 2130 1728 na-

556 1745 764 1799 tionum
788 1744 1113 1809 dill'erentia,
1142 1745 1308 1798 vitam
1331 1744 1604 1808 uniformi,
1630 1745 1806 1813 quoad
1832 1745 2121 1813 praecipua,

556 1812 848 1886 disciplina
864 1822 1250 1886 temperarent.
1278 1814 1540 1886 Primaria
1574 1812 1723 1886 sane,
1748 1812 1978 1886 etquasi
2000 1812 2127 1866 l‘ua-

557 1882 882 1956 damentalis
910 1882 1295 1956 monachorum
1321 1884 1543 1956 Regula
1589 1882 1935 1955 Evangelium
1950 1892 2083 1956 erat
2108 1900 2121 1937 :

555 1951 670 2017 illa,
700 1953 940 2023 inquam,
960 1952 1163 2025 Christi
1185 1951 1450 2021 consilia:
1473 1971 1593 2025 qua:
1617 1951 1859 2009 castrare
1885 1955 2125 2023 seipsum

554 2034 1027 2096 propterregnnm
1057 2024 1347 2092 caelorum;
1381 2024 1503 2096 quae
1528 2025 1798 2095 abnegare
1826 2040 1902 2087 se,
1927 2032 1982 2077 et
2001 2037 2127 2077 cru-

555 2108 676 2147 cem
729 2092 957 2161 tollere;
1013 2109 1133 2165 qua:
1181 2092 1415 2165 patrem,
1458 2104 1512 2150 et
1563 2092 1817 2157 matrem,
1878 2108 2121 2165 uxorem,

556 2176 719 2235 agros
751 2174 972 2235 propter
1016 2163 1287 2221 Christum
1343 2166 1681 2235 relinquere;
1724 2163 2129 2235 quevendere

554 2231 904 2301 patrimonia,
932 2243 987 2290 et
1011 2234 1139 2307 dare
1167 2231 1516 2307 pauperibus,
1548 2231 1938 2307 sicquenudos
1966 2231 2125 2307 Chi-il-

524 2311 701 2374 .stum
740 2311 894 2374 sequi
943 2302 1291 2368 suadeba'ntf
1319 2303 1938 2374 Regulaeﬁparticularcs
1992 2302 2126 2374 nihil

555 2373 663 2431 ιιιεί
703 2372 1033 2447 ειιιέρνίῐῃεθ
1078 2390 1143 2447 ac
1190 2372 1510 2447 universalis
1544 2372 1763 2447 Reguhc
1809 2372 2126 2447 applicatio—

557 2457 676 2506 nes,
705 2452 801 2501 aut
844 2443 1234 2507 declarationes
1274 2443 1407 2497 locis
1432 2451 1485 2496 et
1515 2443 1763 2512 personis
1808 2443 2125 2512 plerumque

555 2520 752 2579 aptata:
780 2512 1130 2579 habebantur.
1161 2512 1314 2579 Quod
1338 2512 1471 2567 adeo
1496 2527 1682 2565 verum
1705 2520 1809 2577 est,
1839 2519 1899 2565 ut
1920 2527 1988 2565 ne
2012 2512 2126 2580 ipse

553 2581 775 2656 quidem
808 2590 1039 2656 sanctus
1073 2582 1416 2656 Benedictus,
1461 2581 1551 2651 Qui
1578 2581 1901 2656 antiquum,
1963 2596 2125 2656 quem

555 2652 761 2720 reperit
808 2651 860 2709 in
892 2651 1150 2717 Ecclesia,
1191 2652 1546 2707 monasticum
1581 2651 1825 2721 ordinem
1863 2651 2121 2721 suscepit,

554 2720 844 2793 excoluit,_
852 2721 1120 2793 dilatavit,
1167 2721 1424 2793 Regulam
1465 2720 1825 2793 universalem
1854 2721 1966 2776 suis
1999 2720 2119 2793 pubi-

556 2806 664 2865 que
701 2790 950 2865 omnibus
981 2790 1431 2865 promulga'verit;
1484 2792 1577 2865 sed
1612 2791 1936 2861 peculiarem
1981 2790 2122 2865 dun-

554 2858 711 2920 taxat
753 2858 1060 2923 Cassinensi
1108 2858 1373 2931 cmuobio,
1424 2863 1511 2917 cui
1551 2858 1802 2931 pricerat,
1834 2876 1952 2930 qua:
1998 2860 2123 2917 inde

555 2931 770 3014 privata
815 2931 1093 3014 diligentia
1115 2930 1407 3014 descripta,
1437 2940 1493 2988 et
1520 2930 1764 3013 imitandi
1800 2931 1990 3014 studio
2018 2947 2121 2999 pu-
2194 2952 2202 2963 ·

552 2999 960 3084 hlicata,__adeb
988 3018 1095 3058 non
1143 2999 1636 3084 quasiabrogasse
1662 3002 1871 3084 priores
1897 3010 2122 3084 caeteras

551 3078 637 3125 est
675 3071 898 3136 credita,
932 3081 992 3128 ut
1041 3071 1261 3129 sanctus
1298 3071 1621 3129 Benedictus
1649 3071 1988 3136 Auianensis,
2016 3071 2117 3125 hu-

544 3141 658 3212 jus,
688 3156 850 3212 quam
889 3142 1098 3208 damus,
1143 3143 1488 3200 Collectionis
1540 3143 1942 3212 auctor,ideu_t_
1978 3141 2122 3195 aliud

553 3209 1146 3286 qus'ejucuhraverit,
1167 3229 1338 3286 nuper
1364 3229 1394 3267 a
1425 3214 1549 3286 viro
1562 3211 1874 3286 doctissimo
1899 3209 2123 3286 llugone

550 3278 829 3354 hiénardo,
862 3281 967 3354 inci
998 3278 1371 3354 publicaz'cum
1404 3282 1629 3354 eruditis
1654 3278 2124 3354 observationibus

550 3350 760 3421 datum,
792 3351 877 3421 cui
905 3348 1212 3407 Concordia:
1249 3348 1568 3421 Regulam":
1605 3366 1798 3406 nomen
1825 3350 1972 3416 fecit,
2004 3366 2125 3420 quae

550 3370 760 3416 uatum,
792 3370 877 3409 cui
905 3370 1212 3407 concordia:
1249 3370 1326 3407 ne
1362 3370 1568 3406 tuarum
1605 3370 1798 3406 nomen
1825 3370 1972 3416 lCCIl,
2004 3370 2125 3420 quae

546 3415 886 3493 singulorum
907 3422 1268 3490 Renedictinae
1305 3370 1522 3493 lgegulae
1547 3421 1783 3493 capitum
1813 3421 2125 3493 consensio—

547 3489 673 3548 nem
713 3507 836 3547 cum
882 3493 1094 3548 czeteris
1129 3489 1543 3547 omnibns'aliis
1584 3491 1802 3548 Reaulis
1835 3489 1986 3545 clare
2034 3492 2123 3544 de-

547 3508 673 3548 nem
713 3508 836 3547 cum
882 3508 1094 3548 czeterts
1129 3508 1380 3547 omnibus
1425 3508 1543 3546 ams
1584 3508 1660 3545 ne
1701 3508 1802 3545 uns
1835 3508 1986 3545 Clare
2034 3508 2123 3544 oe-

545 3568 838 3617 monstrat.
882 3562 1009 3630 Haec
1035 3563 1299 3634 disputari
1334 3563 1578 3634 pluribus
1600 3508 1898 3634 degebant;
1932 3576 2124 3634 verum

545 3641 728 3689 metus
767 3640 905 3700 erat,
952 3648 1020 3689 ne
1063 3630 1555 3689 in'conteiitionem
1597 3646 1684 3700 res
1722 3632 1898 3685 abiret
1926 3630 1995 3691 ab
2023 3632 2125 3685 hoc

549 3702 698 3781 aditu
723 3699 996 3781 tranquilli
1019 3704 1336 3781 paciﬁcique
1364 3702 1546 3781 operis
1565 3699 1798 3781 alienam
1819 3719 1831 3754 :
1850 3707 2143 3781 certormnn'

548 3772 748 3853 quippe
775 3770 1076 3853 hominum,
1111 3770 1540 3853 quos‘ahun'dare
1565 3773 1617 3825 in
1644 3786 1742 3853 suo
1768 3770 2125 3853 sensunl'acile

548 3841 798 3904 sinimus,
824 3842 1024 3909 obnixa
1054 3843 1107 3896 in
1129 3841 1463 3897 contrarium
1486 3848 1802 3910 armataque
1826 3841 2003 3895 studia
2028 3856 2127 3894 no-

550 3925 824 3976 veramns,
852 3926 976 3980 cum
1016 3912 1210 3994 quibus
1232 3912 1397 3976 rixari
1427 3926 1569 3973 nunc
1595 3910 1812 3989 quidem
1854 3910 2121 3965 nolumus.

1279 4044 1415 4103 XXI.

625 4173 869 4229 Diximus
895 4188 1058 4244 supra
1090 4172 1325 4239 Leonem
1367 4174 1621 4231 Allatium
1649 4193 1713 4232 ex
1753 4176 1969 4232 schedis
2000 4175 2128 4231 Ποι-

550 4265 811 4320 stenianis
835 4265 1142 4337 posthumis
1173 4266 1311 4325 hanc
1346 4266 1791 4331 Dissertationem
1821 4267 2123 4325 Prommia-

548 4357 657 4413 lem
693 4370 985 4422 exarasse;
1025 4357 1104 4412 sic
1142 4357 1287 4419 enim
1323 4358 1503 4425 prodit
1526 4357 1861 4414 clarissimus
1887 4358 2127 4413 Mabillo-

550 4447 674 4503 nius
700 4447 754 4502 in
781 4447 1096 4518 praefatione
1118 4448 1185 4503 ad
1214 4456 1343 4502 tom.
1373 4448 1394 4502 l
1419 4447 1613 4503 Annal.
1635 4448 1933 4511 Benedict.,
1952 4465 2007 4504 η.
2036 4449 2120 4515 19,

546 4540 637 4594 ubi
675 4540 741 4594 ad
788 4540 1193 4597 monstrandam
1245 4540 1475 4607 instituti
1516 4542 1802 4606 monastici
1840 4542 2122 4606 unitatem,

547 4631 650 4689 sub
676 4632 900 4688 nomine
944 4632 1129 4690 Allatii
1152 4633 1373 4697 adducit
1403 4634 1669 4704 prolixum
1711 4643 1916 4691 textum
1953 4650 2018 4688 ex
2048 4634 2125 4687 al-

545 4721 659 4776 lato
681 4720 859 4792 capite
880 4721 915 4775 5
948 4721 1232 4777 Dissertat.
1252 4721 1561 4778 Prommial.
1597 4724 1957 4792 desumptum.
1989 4722 2123 4777 Cum

549 4811 715 4882 igitur
747 4819 826 4866 tot
855 4812 957 4866 viri
984 4827 1177 4882 graves
1209 4821 1264 4867 et
1288 4812 1508 4878 eruditi,
1543 4812 1684 4867 inter
1710 4811 1835 4866 vitie
1877 4812 2130 4866 monasti-

548 4916 627 4955 cae
670 4901 874 4971 primos
916 4902 1152 4957 cultores
1197 4901 1502 4972 plenarium
1545 4917 1871 4957 consensum
1920 4915 2130 4971 repere-

532 4976 682 5056 (rint,
708 4999 871 5062 atque
905 4990 1077 5061 ipsius
1102 4990 1333 5045 instituti
1364 4990 1525 5055 ratio,
1553 4998 1612 5043 ut
1651 4998 1775 5059 pote
1806 4990 1860 5043 in
1887 4989 2129 5043 consiliis

549 5082 876 5155 evangelicis
900 5083 1145 5147 fundata,
1168 5084 1273 5138 hoc
1300 5083 1474 5152 ipsum
1508 5082 1837 5147 manifestet,
1867 5083 1994 5138 hinc
2020 5099 2126 5138 non

551 5173 800 5228 obstante
818 5173 1149 5243 Regularum
1166 5173 1497 5239 diversitate,
1516 5173 1639 5228 talis
1659 5173 1951 5227 concordia
1976 5173 2027 5227 in
2048 5173 2130 5226 di-

550 5265 789 5335 rigendis
812 5266 1098 5323 monachis
1127 5265 1327 5319 mansit
1362 5267 1705 5329 inconcussa,
1748 5265 1921 5320 donec
1950 5272 2130 5333 poste-

550 5355 786 5411 rioribus
841 5357 1054 5413 seculis
1109 5354 1343 5412 Ordines
1397 5356 1768 5411 Mendicantes
1822 5356 2131 5411 insurrexe-

552 5455 701 5512 runt,
745 5447 837 5519 qui
885 5447 1248 5503 monasticum
1298 5453 1497 5501 statum
1544 5454 1654 5499 tam
1692 5447 1839 5501 circa
1885 5446 2128 5501 habitum

554 5556 718 5610 quam
742 5542 886 5598 circa
914 5541 1038 5597 vita:
1073 5554 1292 5595 cursum
1326 5537 1722 5607 quodammodo
1759 5548 2126 5603 mutaverunt,

548 5634 797 5689 uuamvis
837 5646 1025 5689 omnes
1053 5629 1284 5686 Ordines
1311 5625 1566 5696 Religiosi
1612 5627 1681 5691 ad
1725 5628 1973 5684 eumdem
2017 5637 2122 5681 ter-

2232 450 2559 521 evangelica,
2926 520 3069 573 ἩΊ

2247 619 2252 622 ·
2301 609 2584 675 Existimat
2609 610 2823 679 quidem
2851 610 2936 663 vir
2957 610 3301 667 doctissimus
3325 611 3629 667 Ludovicus
3654 614 3793 668 Tho-

2231 698 2523 763 massinus,
2568 700 2801 756 Oratorii
2844 702 3104 757 Gallit-ani
3151 704 3456 773 presbyter,
3500 705 3569 759 de
3616 706 3793 761 Veteri

2232 790 2373 843 Disc.
2414 798 2552 859 part.
2582 808 2622 856 ι,
2655 791 2747 845 lib.
2791 808 2872 857 ut,
2906 808 3041 868 cap.
3080 792 3169 855 Si,
3202 792 3587 859 Cluniacensrs
3615 812 3794 851 mona-

2229 881 2361 934 chos
2390 882 2591 951 primos
2614 880 2799 949 fuisse,
2824 885 2914 953 qui
2946 884 2998 938 in
3040 884 3284 939 ordinem
3329 887 3691 941 monasticum
3725 888 3796 941 in-

2230 970 2500 1032 duxerunt
2526 972 2885 1029 diversitatem
2920 970 2989 1027 ab
3031 973 3283 1029 omnibus
3325 975 3448 1030 aliis
3486 976 3794 1031 distinctum

2230 1076 2425 1130 corpus
2464 1061 2766 1128 conﬂando,
2807 1072 2863 1117 et
2913 1064 3172 1134 singulari
3218 1064 3437 1134 Regulae
3483 1080 3608 1120 sese
3659 1067 3797 1119 addi-

2230 1152 2422 1216 cemlo,
2454 1169 2577 1207 cum
2608 1160 2735 1207 ante
2772 1153 3024 1207 szeculum
3059 1154 3325 1208 decimum
3358 1154 3457 1208 sub
3485 1171 3597 1208 uno
3644 1169 3796 1224 gene-

2228 1242 2328 1295 rali
2357 1244 2741 1301 monachorum
2764 1244 2974 1307 ordine,
2997 1252 3191 1298 cuncta
3221 1245 3553 1299 monasteria
3582 1244 3662 1298 ita
3680 1261 3797 1300 con-

2229 1333 2416 1387 stituta
2453 1333 2673 1400 fuerint,
2708 1342 2767 1387 ut
2792 1349 2945 1388 suam
2975 1334 3238 1405 Regulam
3282 1335 3665 1405 amplectendo
3700 1352 3797 1390 non

2228 1425 2577 1480 excluderent
2632 1425 2787 1491 alias,
2838 1426 2931 1480 sed
2978 1427 3221 1481 diversas
3266 1427 3501 1496 Regulas
3551 1428 3797 1481 admitte-

2230 1523 2370 1568 rent.
2404 1515 2604 1569 Vernm
2647 1529 2780 1584 pace
2803 1514 3155 1570 eruditissimi
3185 1516 3310 1581 viri,
3351 1532 3452 1574 nec
3481 1514 3797 1572 Cluniacen-

2230 1620 2339 1667 ses,
2360 1603 2444 1658 vel
2471 1612 2654 1672 postea
2682 1603 3139 1670 Camaldulenses,
3165 1604 3583 1671 Cistcrcienses,
3613 1607 3800 1675 aliique

2155 1710 2202 1769 Β
2230 1694 2413 1764 plures
2443 1694 2806 1749 Bcuedictinze
2847 1695 3144 1765 disciplinae
3172 1694 3560 1750 reformatorcs
3599 1705 3797 1749 tantam

2226 1785 2281 1839 in
2337 1785 2580 1839 ordinem
2626 1786 2983 1848 monasticum
3040 1785 3365 1849 induxerunt
3419 1785 3796 1850 differentiam,

2225 1881 2435 1942 utpote
2498 1889 2596 1944 pro
2653 1875 2913 1943 primaria
2969 1876 3090 1931 vita:
3150 1891 3339 1931 norma
3401 1876 3797 1931 constituentes

2227 1963 2399 2017 sancti
2441 1962 2720 2018 Benedicti
2760 1963 3019 2034 Regulam
3051 1963 3241 2028 solam,
3278 1979 3310 2018 a
3339 1965 3631 2019 monachis
3660 1964 3801 2019 Occi-

2227 2057 2532 2112 dentalibus
2596 2059 2981 2122 observatam,
3038 2057 3194 2127 longe
3248 2065 3373 2111 ante
3434 2056 3803 2113 Cluniacensis

2227 2154 2662 2225 congregationis
2707 2153 3011 2217 exordium,
3041 2154 3283 2223 adeoque
3309 2167 3499 2209 omnes
3543 2150 3659 2206 ilim
3688 2168 3803 2207 con-

2228 2247 2569 2316 gregationes
2590 2245 2658 2299 ab
2681 2245 2869 2299 eodem
2892 2245 3038 2299 fonte
3058 2253 3400 2307 emanantes,
3416 2244 3562 2298 haud
3589 2245 3803 2298 aliunde

2227 2353 2379 2391 suam
2410 2337 2781 2391 diversitatem
2810 2338 3121 2400 hauserunt,
3156 2353 3316 2407 quam
3346 2337 3541 2391 laxiori
3566 2337 3666 2391 vel
3684 2338 3801 2391 stri-

2226 2426 2384 2481 ctiori
2415 2426 2633 2497 Regulre
2670 2426 3031 2481 Benedictinte
3056 2427 3419 2488 observantia,
3458 2428 3529 2482 ad
3555 2442 3727 2498 quam
3754 2429 3800 2481 in

2227 2534 2325 2574 suo
2366 2518 2543 2590 rigore
2588 2520 3015 2574 conservandam
3052 2519 3341 2590 peculiaris
3363 2518 3640 2589 cujusque
3683 2535 3802 2574 con-

2226 2608 2557 2678 gregationis
2587 2608 3015 2672 constitutiones,
3046 2608 3274 2663 diversis
3300 2608 3549 2677 personis
3577 2618 3644 2663 et
3682 2609 3802 2663 locis

2224 2699 2542 2769 excogitata:
2568 2706 2710 2761 sunt,
2736 2714 2962 2767 quarum
2986 2698 3140 2767 proin
3163 2699 3449 2768 przccipnm
3469 2699 3622 2753 inter
3650 2698 3805 2768 hujus

2224 2790 2440 2851 Codicis
2457 2790 2838 2846 Additamenta
2873 2791 3213 2845 exhibentur.

2918 2903 3103 2958 XXIII.
3678 2956 3684 2965 .

2297 2994 2375 3048 Ex
2402 2993 2600 3063 quibus
2626 2994 2878 3048 omnibus
2903 2994 3125 3049 omnino
3161 2995 3415 3062 patescit,
3443 2996 3658 3050 Statum
3699 3012 3804 3051 mo-

2147 3055 2192 3118 C
2226 3087 2495 3141 nasticum
2527 3087 2594 3140 ah
2621 3086 2843 3142 exordio
2869 3084 3215 3150 uniformem,
3245 3086 3515 3156 simulque
3537 3104 3673 3142 cum
3698 3089 3801 3158 ipsa

2223 3177 2527 3232 Christiana
2588 3177 2843 3247 religione
2884 3178 3176 3247 sumpsisse
3223 3177 3529 3247 originem,
3580 3188 3649 3232 et
3689 3194 3803 3233 cttm

2224 3271 2414 3337 eadem
2459 3285 2559 3339 per
2602 3269 2787 3328 orbem
2831 3268 2989 3324 simul
3040 3276 3390 3338 propagatam
3429 3266 3630 3325 fuisse.
3679 3269 3804 3325 Cum

2224 3372 2405 3417 autem
2435 3362 2679 3417 hodierni
2725 3359 2977 3416 Canonici
3028 3360 3333 3430 Regulares,
3366 3362 3458 3431 qui
3504 3363 3613 3416 sub
3661 3379 3804 3418 com-

2223 3453 2370 3508 muni
2416 3453 2618 3524 Regula
2646 3454 2818 3508 sancti
2846 3452 3127 3522 Augustini
3158 3451 3270 3506 Deo
3308 3451 3544 3507 militare
3567 3454 3803 3523 glorian-

2229 3553 2337 3611 tur,
2389 3545 2555 3617 etiam
2617 3560 2647 3598 a
2696 3544 2888 3616 primis
2933 3543 3256 3602 Christianis
3299 3541 3808 3613 Hierosolymitanis

2226 3650 2382 3689 suum
2423 3635 2706 3689 exordium
2759 3642 3022 3703 repetant,
3074 3633 3154 3688 sic
3207 3633 3275 3688 de
3323 3648 3512 3688 eorum
3555 3633 3808 3689 instituto

2224 3741 2395 3795 pauca
2442 3739 2743 3793 proponere
2786 3723 2956 3787 lubet,
2994 3723 3097 3777 etsi
3139 3724 3195 3777 in
3226 3721 3422 3779 Codice
3466 3723 3807 3792 Regularum

2226 3815 2578 3869 llolste:.iano
2608 3815 2812 3869 nullum
2850 3830 2961 3869 sua:
2991 3815 3215 3884 originis
3252 3824 3675 3872 monumentum
3708 3830 3811 3869 me—

2225 3909 2455 3975 ruerint,
2504 3908 2603 3962 etsi
2641 3890 2883 3972 constet,
2923 3906 3021 3961 hos
3061 3906 3208 3965 viros
3237 3905 3521 3975 religiosos
3566 3905 3645 3957 ad
3680 3904 3814 3960 obti-

2227 3990 2457 4055 nendam
2488 3998 2850 4068 evangelicam
2883 3994 3290 4066 perfectionem,
3322 4010 3524 4058 mores,
3554 4004 3611 4048 et
3647 3996 3813 4050 actio-

2227 4104 2325 4144 nes
2365 4104 2494 4143 suas
2539 4101 2752 4158 semper
2780 4085 3164 4155 composuisse,
3197 4085 3470 4154 vitamque
3495 4099 3640 4138 vere
3688 4099 3813 4154 apo-

2228 4178 2473 4237 stolicam
2502 4178 2675 4232 tribus
2721 4177 3048 4241 solemnibus
3080 4176 3220 4230 votis
3247 4174 3520 4231 sullultam
3549 4173 3810 4237 duxisse;

2228 4278 2314 4325 ast
2358 4270 2574 4335 eosdem
2617 4284 2648 4322 a
2701 4268 2887 4338 primis
2932 4265 3254 4321 Christianis
3300 4265 3817 4337 llierosolymitanis

2229 4358 2540 4429 evangelica
2574 4344 2798 4410 consilia
2839 4356 3103 4426 amplexis
3137 4363 3359 4411 exortes
3404 4371 3546 4421 esse,
3574 4372 3651 4412 ac
3697 4373 3817 4427 per.

2227 4458 2388 4522 petua
2417 4443 2556 4504 serie
2584 4457 2930 4520 propagatos,
2953 4449 3172 4503 omnino
3198 4464 3392 4505 vanum
3420 4456 3502 4502 est
3531 4463 3816 4513 asserere,

2227 4543 2333 4597 nisi
2363 4542 2677 4612 inquaittum
2713 4556 2835 4607 cum
2866 4539 3146 4597 monachis
3180 4538 3525 4598 conveniunt.

2676 4625 2699 4643 ⁸
2924 4632 3110 4686 XXIV.

2302 4725 2470 4778 Nvmo
2508 4724 2652 4776 enim
2696 4721 2780 4774 vel
2829 4721 3018 4774 leviter
3053 4721 3105 4783 in
3155 4720 3380 4774 historia
3436 4719 3819 4775 ecclesiastica

2229 4823 2477 4867 versatus
2514 4813 2743 4881 ignorat,
2761 4824 2958 4877 nomen
2993 4807 3377 4873 Canonicorum
3406 4809 3602 4879 primis
3630 4811 3820 4866 Eccle-

2231 4902 2325 4980 sia:
2361 4902 2569 4957 saeculis
2602 4892 2902 4957 inauditum
2931 4897 3115 4965 fuisse,
3156 4914 3332 4969 neque
3378 4909 3504 4966 ante
3552 4905 3823 4959 sarculum

2231 5003 2437 5046 sextum
2492 4992 2623 5047 illud
2675 4991 2919 5046 auditum
2963 5001 3049 5046 est
3095 4994 3235 5062 apud
3282 4992 3672 5050 Occidentales
3725 5012 3824 5049 au-

2231 5093 2429 5145 ctores,
2463 5092 2623 5153 prout
2656 5083 3051 5139 Canonicorum
3083 5086 3409 5155 regularium
3438 5098 3825 5157 propugnator

2230 5176 2461 5230 eximius
2504 5175 2768 5230 Eusebius
2832 5176 3042 5241 Amort,
3092 5178 3147 5232 in
3188 5194 3286 5234 suo
3339 5178 3596 5237 laudabili
3646 5196 3825 5251 opere

2229 5264 2296 5318 de
2354 5263 2524 5319 Veteri
2557 5275 2605 5319 et
2637 5282 2768 5320 nova
2800 5266 3091 5336 Disciplina
3108 5269 3365 5321 canonica
3401 5277 3542 5337 part.
3564 5284 3579 5323 ι
3603 5284 3745 5341 pag.
3764 5272 3824 5334 Ξ,

2228 5356 2487 5426 agnoscit.
2533 5356 2644 5410 lmo
2693 5366 2818 5410 ante
2844 5357 3098 5411 saeculum
3121 5365 3372 5412 octavum
3405 5373 3503 5435 per
3522 5362 3827 5415 canonicos

2227 5445 2561 5500 solummodo
2609 5446 3043 5514 intelligebantur
3088 5447 3269 5502 clerici
3307 5448 3418 5513 illi,
3443 5449 3537 5518 qui
3577 5452 3829 5521 ascripti

2228 5545 2383 5592 erant
2418 5538 2714 5592 matricula:
2761 5537 2989 5606 alicujus
3017 5540 3278 5607 ecclesiae,
3313 5550 3569 5612 tanquam
3601 5543 3828 5612 beneﬁ-

2226 5626 2377 5680 ciarii
2400 5626 2513 5681 sive
2533 5628 2905 5699 pra'bendarii,
2937 5630 3133 5698 quibus
3157 5647 3323 5685 canon
3348 5633 3464 5688 sive
3500 5633 3827 5689 dimensus
