4004 6328
205 333 314 390 εσυ

1196 330 1427 391 CODEX
1464 330 1923 387 REGULARUM.
1953 362 2034 410 _—-
2068 329 2454 387 PREFA'I‘IO’.

3345 286 3451 386 ne

205 449 648 521 dispensabatur.
682 440 687 447 ’
720 440 847 503 Nec
869 439 1000 502 sane
1060 440 1240 518 magni
1295 447 1457 502 refert
1531 446 1769 516 obiicere
1795 451 1846 510 Α
1871 458 2032 517 prout
2086 446 2359 502 Possidius
2419 445 2477 499 in
2521 442 2691 514 ipsius
2728 441 2865 497 Vita
2896 442 3175 499 insinuare
3213 435 3449 502 videtur.

205 540 608 598 matricularlos
654 552 747 593 seu
772 534 1080 594 ‘matricuiac
1110 538 1456 593 ecclesiarum
1488 537 1775 606 inscriptos

205 630 468 701 quosdam
496 624 787 690 exstitisse,
825 628 915 697 qui
946 644 1051 682 non
1080 637 1236 682 erant
1273 627 1548 691 canonici;
1588 626 1775 695 quales

205 723 589 778 existimantur
613 719 787 773 vidua:
805 726 860 772 et
884 734 1144 788 pauperes
1158 718 1400 790 catalogo
1424 718 1775 773 ecclesiarum
1804 720 1809 727 '

205 814 336 869 olim
367 811 633 881 inscripti,
664 822 720 864 et
763 826 831 865 ex
861 809 1217 865 oblationibus
1242 807 1479 862 ﬁdelium
1523 816 1704 862 certas
1723 816 1779 861 et

205 903 593 959 determinatas
640 900 1009 970 eleemosynas
1057 896 1252 967 singuli
1305 896 1649 965 accipientes,
1698 895 1777 949 uti

205 1011 309 1051 nec
343 1001 564 1049 sanctus
610 990 888 1046 Cornelius
931 1004 1067 1060 papa
1112 989 1180 1042 ad
1225 986 1452 1043 Fabium
1489 987 1781 1042 Antioche-

204 1099 336 1139 num
380 1081 623 1137 scribens
648 1080 793 1134 circa
841 1093 1040 1132 annum
1074 1076 1179 1132 254
1225 1092 1415 1137 omnes
1460 1077 1778 1132 clericorum

206 1177 407 1248 gradus
444 1172 603 1229 simul
645 1186 712 1227 ac
743 1172 934 1226 viduas
991 1180 1047 1225 et
1084 1186 1347 1241 pauperes
1371 1171 1626 1226 Ecclesiae
1668 1171 1780 1225 Ro-

205 1277 385 1317 mana:
422 1262 668 1332 catalogo
715 1260 1002 1330 inscriptos
1050 1276 1360 1326 recensens,
1414 1260 1578 1316 ullam
1622 1277 1780 1314 cano-

205 1355 445 1408 nicorunt
499 1353 820 1407 mentionem
868 1351 1020 1407 facit.
1062 1350 1195 1406 Cum
1236 1354 1383 1406 enim
1438 1352 1628 1421 primis
1673 1351 1781 1407 illis

203 1443 462 1499 Ecclesia:
502 1443 711 1513 saeculis
762 1443 940 1498 cuncti
1005 1443 1106 1496 viri
1144 1442 1523 1507 ecclesiastici,
1576 1442 1684 1496 imo
1725 1450 1781 1496 et

200 1549 469 1605 pauperes
494 1534 773 1602 utriusque
799 1548 959 1587 sexus
980 1532 1033 1586 in
1062 1532 1395 1586 matriculam
1422 1532 1777 1587 ecclesiarum

202 1625 389 1691 relati,
420 1640 487 1679 ex
510 1624 869 1679 oblationibus
899 1623 1134 1677 ﬁdelium
1157 1623 1483 1692 quotidianis
1519 1623 1776 1687 viverent,

205 1729 386 1784 neque
413 1715 661 1784 proprios
700 1713 892 1767 fundos
926 1713 1281 1782 possiderent,
1335 1714 1414 1768 sic
1458 1726 1559 1767 nec
1596 1711 1783 1779 beneﬁ-

1875 537 2101 593 Frustra
2139 550 2354 607 quoque
2400 536 2454 590 in
2510 549 2636 589 suas
2689 542 2873 604 partes
2912 535 3130 603 trahere
3184 545 3455 593 conantur

1875 628 2122 682 canonici
2174 634 2424 682 sanctum
2482 623 2739 680 Basiliam
2782 632 2838 679 et
2857 633 3103 680 sanctum
3156 624 3456 683 Caesarium

1876 714 2268 780 Arelatensem,
2301 724 2567 783 quatenus
2599 713 2862 785 regulares
2896 715 3163 770 nominari
3203 715 3457 788 valeant;

1878 821 2003 861 nam
2055 814 2283 875 uterque
2332 806 2706 861 sanctissimus
2752 806 2978 861 antistes
3014 806 3203 861 vitam
3263 824 3459 862 mona-

1879 898 2066 951 sticam
2113 912 2219 950 non
2254 897 2560 951 canonicam
2582 895 2837 961 excoluit,
2869 906 3033 966 atque
3063 898 3235 953 sancti
3272 897 3460 953 Basilii

1880 987 2089 1056 Regula
2143 987 2425 1042 monachis
2471 1003 2576 1042 non
2606 987 2819 1043 clericis
2859 989 3112 1059 adoptata
3136 999 3265 1055 est;
3299 1005 3460 1059 quam

1878 1074 2031 1144 proin
2060 1073 2436 1129 sanctissimus
2463 1077 2846 1130 monachorum
2893 1075 3315 1132 Occidentalium
3368 1093 3463 1147 pa-

1878 1166 2116 1220 triarcha
2151 1173 2374 1220 sanctus
2416 1165 2758 1233 Benedictus,
2792 1167 2923 1237 Reg.
2958 1182 3082 1238 cap.
3123 1184 3316 1234 Lxxm,
3341 1183 3459 1224 om-

1879 1253 2039 1308 nibus
2089 1253 2368 1307 monachis
2420 1253 2701 1324 legendam
2765 1256 3034 1325 proponit,
3075 1257 3299 1327 ejusque
3364 1271 3464 1327 au-

1882 1351 2091 1397 ctorem
2125 1351 2365 1395 sanctum
2410 1341 2625 1419 Patrem
2656 1341 2913 1399 Basiliam
2943 1346 3204 1400 nominat.
3236 1346 3456 1401 Certum

1880 1447 2095 1502 quoque
2157 1440 2263 1503 est,
2346 1434 2593 1487 sanetum
2652 1432 2944 1489 Caesarium
3003 1436 3057 1489 in
3111 1436 3464 1492 celeberrime

1878 1520 2146 1575 Lirinensi
2189 1522 2518 1576 monasterio
2555 1523 2867 1589 educatum,
2909 1525 3265 1583 monasticam
3296 1527 3464 1581 vitam

1881 1627 2099 1683 semper
2125 1612 2448 1677 excoluisse,
2497 1611 2835 1685 Regulasque
2871 1630 2996 1668 suas
3044 1631 3143 1689 pro
3184 1598 3466 1671 monachis

1883 1711 1939 1756 et
1987 1704 2158 1757 sacris
2185 1703 2483 1774 virginibus
2518 1704 2570 1757 in
2597 1704 2924 1759 monasterio
2956 1705 3275 1775 degentibus
3322 1721 3462 1776 prae-

204 1781 380 1868 άαίσεξ,
414 1781 902 1874 ξιυίρτωιωηάανξε,
931 1781 1099 1856 ωηο
1133 1802 1573 1868 minusfanonici
1606 1799 1784 1870 appet.
1809 1781 1855 1839 B
1883 1792 2206 1860 scripsisse,
2231 1800 2394 1861 prout
2440 1807 2504 1847 ex
2567 1792 3032 1848 observationibus
3069 1794 3136 1849 ad
3182 1803 3467 1877 utramque

203 1893 308 1948 lari
350 1902 659 1965 potuerunt,
682 1901 740 1949 ut
770 1902 895 1963 pote
938 1892 1084 1947 nullo
1127 1900 1277 1946 certo
1315 1901 1372 1947 et
1419 1894 1788 1948 determinato

201 2001 406 2039 canone
446 1984 762 2055 gaudentes,
792 1983 922 2037 licet
963 1982 1208 2052 catalogo
1255 1983 1496 2037 ecclesia:
1522 1983 1786 2055 inscripti.

199 2073 499 2146 Postquam
549 2084 730 2130 autem
784 2073 1016 2129 ecclesia
1063 2073 1242 2128 fundis
1285 2083 1341 2129 et
1362 2076 1790 2143 possessionibus

202 2167 484 2222 abundare
541 2175 803 2237 coeperat,
853 2166 932 2221 sic
971 2174 1027 2220 et
1053 2165 1269 2236 plurimi
1309 2168 1488 2222 clerici
1548 2170 1790 2225 ecclesiis

205 2264 328 2309 tam
370 2255 773 2311 cathedralibus
817 2269 978 2328 quam
1012 2254 1133 2308 aliis
1181 2255 1790 2329 immatriculati,.pr¢c-

206 2348 413 2403 bendae
443 2357 500 2403 et
542 2347 789 2417 beneﬁcia
824 2354 972 2402 certa
1004 2354 1059 2400 et
1085 2347 1358 2405 ordinaria
1399 2349 1786 2418 acquisierunt,

198 2448 475 2509 quatenus
521 2439 741 2495 liberius
775 2437 947 2495 cilicio
991 2438 1174 2493 divino
1216 2438 1525 2495 insistentes
1555 2455 1787 2495 annuam

201 2531 413 2587 idcirco
488 2532 803 2601 pensionem
861 2529 1217 2599 accipiebant,
1274 2531 1354 2586 sic
1404 2530 1527 2600 jure
1582 2533 1788 2601 optimo

203 2623 449 2677 canonici
505 2622 806 2693 nuncupari
863 2628 1195 2691 potuerunt;
1233 2638 1401 2677 canon
1448 2623 1590 2677 enim
1643 2625 1784 2694 apud

200 2721 418 2766 veteres
480 2712 617 2771 nihil
654 2712 798 2767 aliud
836 2719 972 2775 erat,
1019 2726 1177 2779 quam
1244 2712 1480 2782 regulam
1545 2716 1787 2784 qumdam

200 2802 411 2872 pensio,
448 2810 612 2873 prout
650 2802 785 2857 varii
831 2799 971 2870 juris
1009 2799 1185 2855 civilis
1224 2811 1406 2857 textus
1450 2811 1739 2863 testantur.

920 2888 1093 2950 XXV.

282 2978 569 3050 Utcunque
611 2997 741 3037 vero
784 2985 1024 3040 canonici
1087 2999 1284 3040 nomen
1324 2999 1480 3038 suum
1540 2983 1788 3039 derivare

209 3078 441 3135 aveant,
477 3072 591 3126 sive
638 3085 669 3125 a
730 3073 1009 3127 ntatricula
1051 3073 1133 3129 vel
1176 3090 1375 3127 canone
1409 3072 1786 3134 ecclesiarum,

209 3163 416 3234 quibus
462 3163 708 3233 inscripti
741 3173 912 3229 erant,
966 3167 1081 3221 sive
1109 3183 1140 3221 a
1181 3181 1380 3231 canone
1416 3165 1501 3220 vel
1550 3164 1787 3235 regulam

203 3252 441 3324 quadam
490 3254 738 3322 pensione
787 3254 918 3324 ipsis
962 3256 1242 3309 annuatim
1297 3255 1638 3324 dispensata,
1691 3256 1795 3309 hoc

202 3357 380 3398 unum
414 3351 622 3398 certum
658 3351 761 3409 est,
792 3353 917 3399 ante
936 3344 1146 3415 Pippini
1168 3345 1342 3416 Magni
1392 3354 1632 3415 tempora
1674 3346 1795 3399 nul-

216 3432 333 3487 lam
371 3434 786 3489 determinatam
816 3434 1075 3505 Regulam
1107 3436 1315 3490 vivendi
1360 3436 1491 3507 ipsis
1532 3436 1784 3506 praescri—

140 3574 157 3591 ,
206 3535 369 3595 ptam
414 3523 598 3590 fuisse,
628 3525 753 3594 quia
785 3525 1040 3581 Ecclesiae
1065 3526 1388 3581 universalis
1407 3541 1645 3582 canones
1674 3542 1792 3580 om-

208 3614 384 3668 nibus
426 3613 633 3670 clericis
667 3624 722 3670 et
761 3614 1083 3671 Christianis
1120 3632 1436 3672 communes
1467 3626 1643 3672 erant.
1690 3616 1793 3671 Fa-

209 3712 410 3759 tentur
437 3706 577 3760 enim
596 3722 782 3762 omnes
804 3707 1181 3763 ecclesiastica:
1215 3708 1456 3764 historiae
1479 3711 1787 3779 scriptores,

206 3806 467 3853 sanctum
496 3799 779 3855 Eusebium
806 3801 1198 3857 Vercellensem
1224 3804 1531 3873 episcopum
1557 3805 1790 3873 primum

205 3888 411 3955 fuisse,
439 3891 530 3960 qui
567 3893 729 3946 vitam
765 3907 1103 3947 communem
1126 3893 1340 3949 clericis
1363 3895 1475 3949 suis
1516 3894 1794 3948 mandavit

205 3977 365 4040 circa
402 4001 601 4042 annum
643 3988 767 4051 330,
801 3989 965 4043 vitam
998 3988 1299 4044 clericalem
1336 4003 1456 4043 cum
1492 3988 1791 4041 monastica

198 4075 559 4147 coniungens.
611 4076 797 4148 Neque
830 4089 1050 4135 sanctus
1081 4080 1411 4150 Augustinus
1435 4079 1645 4133 clericis
1678 4078 1793 4132 suis

199 4174 269 4229 in
306 4174 581 4228 communi
620 4174 925 4229 viventibus
966 4173 1584 4244 peculiarcm‘Regulam
1625 4171 1793 4225 tradi--

202 4264 363 4320 disse
410 4263 676 4334 legimus;
716 4263 914 4318 nullam
944 4264 1088 4318 enim
1116 4262 1275 4317 aliam
1299 4262 1508 4316 vivendi
1546 4276 1792 4315 normam

200 4353 500 4423 scripsisse
543 4353 813 4410 alllrmant
850 4356 950 4409 viri
990 4355 1154 4419 docti,
1181 4356 1286 4410 nisi
1324 4355 1613 4426 vulgarem
1643 4353 1790 4407 illam

198 4443 478 4514 Regulam
546 4446 1045 4501 sanctimonialibus
1103 4445 1317 4501 feminis
1395 4445 1788 4516 praescriptam,
1818 4478 1873 4537 Β

197 4549 377 4604 quam
399 4535 452 4589 in
474 4536 579 4590 hoc
602 4535 925 4606 Regularum
959 4536 1153 4592 Codice
1182 4538 1324 4591 inter
1349 4537 1485 4591 alias
1510 4548 1789 4590 sacrarum

193 4624 481 4696 virginum
506 4626 737 4697 Regulae
757 4627 1036 4681 collocavit
1054 4627 1230 4681 Lucas
1253 4636 1436 4682 uoster
1462 4626 1788 4680 Ilolstenius.

195 4713 534 4782 Reperimus
587 4716 802 4786 quidem
851 4717 1178 4771 sanctissimi
1226 4716 1471 4787 praesulis
1498 4717 1635 4771 duos
1676 4730 1793 4771 scr-

196 4819 410 4861 mones
438 4807 504 4862 de
528 4809 790 4862 communi
804 4808 907 4861 vita
938 4809 1267 4874 clericorum,
1301 4808 1391 4878 qui
1417 4816 1591 4863 tamen
1615 4807 1792 4877 potius

195 4895 457 4951 dicenda;
499 4906 625 4953 sunt
654 4899 1079 4964 exhortationes,
1131 4915 1293 4970 quam
1333 4899 1455 4953 vita:
1492 4897 1795 4953 communis

196 5000 410 5043 norma
432 4986 517 5042 vel
568 4989 772 5060 regula.

919 5058 1013 5115 XX
1025 5058 1106 5113 VI.

286 5143 403 5201 Nec
429 5161 561 5201 sane
582 5145 765 5202 clerici
788 5147 864 5202 illi
904 5148 956 5203 in
983 5148 1252 5202 communi
1282 5149 1529 5203 viventes
1552 5164 1580 5202 a
1607 5156 1796 5203 sancto

195 5237 519 5307 Augustino
585 5238 860 5303 instituti,
920 5238 1187 5292 ullatenus
1235 5237 1491 5307 appellari
1568 5247 1797 5308 possunt

196 5326 479 5389 canonici,
510 5342 738 5396 quorum
763 5342 959 5382 nomen
992 5328 1046 5381 in
1084 5326 1325 5382 Ecclesia
1365 5328 1601 5382 nondum
1636 5328 1793 5383 audio

198 5427 332 5472 tum
374 5425 514 5482 erat,
560 5417 654 5481 sed
694 5418 874 5488 potius
902 5416 1197 5473 Cmnobitxe
1241 5416 1451 5472 dicendi
1482 5424 1630 5483 sunt,
1670 5418 1797 5486 quia

195 5506 571 5578 episcopium,
602 5508 691 5563 ubi
725 5523 846 5563 cum
885 5509 1136 5579 episcopo
1168 5509 1454 5580 degebant,
1493 5509 1545 5562 in
1580 5510 1795 5563 modum

197 5600 455 5658 canobii
508 5608 749 5657 erectum
792 5599 988 5668 fuerat,
1033 5609 1090 5656 et
1124 5600 1306 5657 forsan
1355 5602 1643 5670 ipsmnmet
1682 5608 1802 5655 erat

200 5691 609 5759 nimiasterium
676 5701 803 5750 ante
870 5694 1062 5748 initum
1109 5694 1476 5763 episcopatum
1534 5701 1797 5757 ercctmn,

1893 1876 2157 1952 Regulam
2197 1882 2413 1956 praeviis
2464 1883 2595 1955 satis
2621 1899 2888 1955 superque
2921 1885 3359 1943 monstravimus.

2576 1972 2787 2030 xxvu.
2834 2034 2839 2039 ί
3457 2034 3464 2041 ,

1961 2060 2230 2131 Quidquid
2272 2077 2401 2135 ergo
2451 2062 2725 2117 adducunt
2779 2065 3022 2121 canonici
3065 2066 3341 2138 regulares
3398 2067 3468 2123 ad

1888 2151 2219 2218 probandam
2245 2162 2561 2220 perpetuam
2607 2155 3003 2209 successionem
3041 2172 3192 2211 suam
3220 2174 3249 2211 a
3277 2159 3469 2228 primis

1888 2237 2208 2294 Christianis
2254 2239 2752 2311 Hierosolymitanis
2793 2260 2961 2314 usque
2987 2245 3054 2299 ad
3100 2257 3284 2302 nostra
3327 2256 3464 2303 tem-

1888 2342 2039 2395 pora,
2068 2328 2228 2383 nullis
2258 2331 2478 2384 omnino
2500 2331 2686 2388 solidis
2712 2337 3043 2405 argumentis
3065 2336 3241 2392 fulciri
3269 2322 3468 2408 potest;

1888 2420 2102 2474 etiamsi
2162 2420 2523 2476 concedamus
2592 2424 2852 2493 quosdam
2915 2442 3132 2496 semper
3197 2430 3474 2486 exstitisse

1887 2510 2115 2566 clericos
2165 2511 2322 2567 bonis
2367 2513 2480 2567 suis
2527 2514 2779 2569 omnibus
2816 2517 3203 2583 renuntiantes;
3256 2519 3472 2590 aliaque

1888 2598 2119 2653 consilia
2176 2593 2495 2669 evangelica
2537 2602 2898 2669 observantes;
2957 2621 3235 2676 nunquam
3286 2590 3473 2664 tamen

1888 2689 2079 2758 primis
2123 2696 2325 2758 septem
2364 2689 2574 2745 saeculis
2622 2692 2813 2747 adduci
2847 2702 3072 2763 possunt
3102 2696 3323 2766 integrae
3366 2697 3474 2754 cle-

1894 2779 2127 2833 ricorum
2151 2780 2619 2850 congregationes,
2657 2797 2776 2850 qua:
2803 2798 2861 2838 se
2887 2785 2954 2838 ad
2998 2785 3100 2840 tria
3123 2796 3245 2841 vota
3278 2776 3475 2844 solem-

1892 2870 2005 2933 nia,
2033 2870 2372 2940 paupertatis,
2410 2872 2668 2925 castitatis
2700 2881 2747 2925 et
2780 2872 3104 2941 abedientiw,
3133 2870 3469 2933 observanda

1893 2958 2296 3031 astringebant,
2346 2959 2431 3014 vel
2485 2961 2553 3014 ad
2597 2961 2713 3016 hmo
2756 2964 3061 3033 praestanda
3098 2980 3194 3033 per
3232 2965 3471 3036 aliquam

1895 3067 2210 3122 expressam
2274 3051 2534 3123 Regulam
2598 3052 2998 3125 obligabantur.
3063 3055 3263 3112 Omnes
3327 3057 3471 3112 enim

1893 3147 2027 3201 tales
2050 3147 2495 3219 congregationcs
2529 3164 2559 3201 a
2582 3132 2937 3202 sanctissimis
2961 3146 3228 3218 episcopis
3248 3144 3476 3214 aliisque

1892 3238 2151 3307 piissimis
2204 3238 2337 3292 viris
2389 3238 2650 3292 instituta:
2691 3237 2870 3307 potius
2922 3246 3080 3293 erant
3147 3238 3474 3301 monastica,’

1897 3343 2058 3396 quam
2098 3329 2386 3393 canonica’,
2437 3327 2886 3397 quemadmodum
2922 3338 3128 3383 cunctae
3165 3326 3383 3397 Regula:
3418 3326 3473 3380 in

1891 3417 1995 3471 hoc
2057 3415 2244 3471 Codice
2293 3416 2609 3487 licgularum
2675 3416 2922 3472 adducta:
2991 3417 3275 3486 perSpicue
3337 3415 3472 3471 satis

1893 3509 2284 3572 demonstrant.
2323 3508 2581 3576 Adeoque
2615 3509 2802 3566 clerici
2828 3508 2884 3563 in
2907 3508 3176 3563 communi
3205 3508 3470 3569 viventes,

1891 3614 2121 3669 quorum
2160 3598 2397 3655 nonnulli
2439 3598 2587 3654 omni
2632 3598 2899 3652 honorum
2930 3597 3251 3666 proprietati
3291 3595 3476 3651 forsan

1892 3689 2324 3751 renuntiabant,
2374 3704 2645 3759 nunquam
2688 3697 2862 3743 tamen
2910 3689 3011 3743 tria
3045 3686 3299 3743 solemnia
3343 3694 3469 3743 vota

1889 3781 2229 3845 emittebant,
2260 3780 2343 3834 vel
2367 3794 2702 3834 communem
2732 3778 2992 3849 Regulam
3020 3778 3253 3844 vivendi,
3282 3777 3476 3847 distinf

1890 3880 2035 3930 ctam
2077 3872 2145 3926 ab
2184 3870 2438 3927 Ecclesia:
2476 3870 2775 3926 canonibus
2821 3879 2946 3925 ante
2990 3869 3229 3926 medium
3291 3868 3475 3925 saeculi

1890 3962 2065 4018 octavi
2122 3963 2522 4028 admittebant;
2576 3961 2703 4017 licet
2746 3962 2831 4017 his
2892 3960 3225 4032 temporibus
3276 3975 3473 4017 nomen

1891 4055 2264 4109 canonicorum
2306 4053 2363 4107 in
2398 4053 2667 4123 aliquibus
2702 4052 2835 4108 locis
2880 4052 3073 4109 ﬂorere
3120 4053 3363 4123 coeperit.

2559 4141 2788 4198 XXVIII.

1963 4235 2178 4292 Primus
2212 4235 2357 4289 enim
2404 4233 2496 4304 qui
2536 4233 2811 4287 canonicis
2848 4232 3110 4303 Regulam
3144 4232 3475 4301 peculiarem

1893 4325 2244 4396 praescripsit,
2283 4333 2401 4378 erat
2435 4332 2654 4379 sanctus
2678 4321 3102 4391 Chrodogangus
3143 4335 3236 4375 seu
3273 4321 3477 4375 Rodiu-

1897 4430 2119 4487 gangus,
2153 4422 2206 4469 et
2243 4414 2654 4483 Trotongangus
2702 4428 2845 4470 anno
2899 4411 3004 4464 745
3050 4410 3137 4463 vel
3203 4410 3471 4479 sequenti,

1900 4507 1955 4560 in
1989 4504 2300 4574 episcopum
2330 4500 2618 4559 Metensem
2660 4501 2883 4564 electus,
2924 4512 3088 4571 quam
3126 4499 3307 4556 sedem
3335 4499 3472 4569 piis-

1897 4597 2034 4653 sime
2062 4595 2204 4650 rexit
2250 4608 2424 4664 usque
2474 4593 2542 4647 ad
2571 4607 2768 4646 annum
2812 4591 2935 4657 767,
2955 4592 3055 4648 sub
3092 4606 3199 4661 quo
3236 4599 3476 4661 tempore

1898 4691 2039 4747 hanc
2090 4686 2350 4757 Regulam
2406 4701 2506 4755 pro
2554 4684 2829 4739 canonicis
2861 4669 3189 4740 Metensibus
3237 4684 3478 4754 promul-

1899 4781 2066 4853 gavit,
2102 4794 2221 4848 qute
2272 4779 2415 4832 inter
2454 4774 2611 4845 hujus
2643 4777 2857 4832 Codicis
2892 4778 3271 4833 Additamenta
3314 4777 3477 4831 habe-

1899 4882 2019 4929 tur.
2069 4872 2222 4925 Hauc
2274 4870 2512 4927 omnium
2572 4870 2803 4939 primam
2880 4871 3136 4943 Regulam
3200 4869 3477 4926 canonicis

1906 4963 2159 5018 traditam
2184 4978 2251 5015 ex
2301 4961 2503 5031 Regula
2528 4959 2875 5016 Benedictina
2906 4963 3221 5031 plerumque
3257 4961 3473 5015 desum-

1904 5060 2051 5121 ptam
2087 5060 2385 5121 agnoscunt
2412 5050 2512 5104 viri
2538 5051 2733 5105 eruditi
2762 5068 2776 5117 ;
2818 5067 3084 5121 nusquam
3116 5062 3294 5106 tamen
3340 5049 3475 5120 legi-

1902 5158 2023 5197 mus
2064 5142 2312 5196 eamdem
2339 5141 2392 5195 in
2417 5142 2676 5197 ecclesias
2727 5141 2862 5197 alias
2898 5142 3258 5199 introductam
3285 5139 3473 5207 fuisse,

1898 5247 2073 5302 neque
2117 5231 2316 5289 ab-illa
2357 5233 2647 5288 canonicos
2677 5232 2972 5302 appellatos
3001 5231 3165 5285 fuisse
3191 5229 3473 5300 regulares.

1899 5325 2036 5381 Nam
2063 5326 2162 5379 hoc
2196 5331 2438 5395 tempore
2489 5324 2702 5378 etiamsi
2742 5322 3051 5377 exstiterint
3095 5319 3477 5377 Canonicorum

1900 5417 2154 5489 capitula,
2209 5433 2314 5472 non
2356 5426 2536 5471 tamen
2584 5416 2673 5469 illa
2714 5414 2974 5484 regularia
3006 5413 3474 5483 nuncupabantur,

1900 5518 2059 5580 prout
2102 5518 2288 5565 everte
2339 5511 2537 5580 probat
2588 5523 2731 5578 saepe
2786 5506 3035 5561 laudatus
3081 5506 3475 5563 Thomassinus

1901 5610 2044 5671 part.
2081 5617 2121 5667 ι,
2150 5602 2244 5657 lib.
2273 5617 2354 5666 Ill,
2381 5616 2499 5671 cap.
2527 5599 2600 5654 De
2644 5596 2887 5670 capitulis
2915 5597 3010 5652 sub
3054 5599 3268 5671 imperio
3298 5597 3477 5654 Caroli
3500 5620 3509 5627 α

1907 5692 2111 5764 Magni,
2136 5692 2227 5749 ubi
2258 5692 2311 5747 in
2340 5691 2707 5747 testimonium
2724 5689 2942 5746 adducit
2969 5705 3229 5752 canonem
3263 5688 3476 5746 concilii
