4004 6328
544 318 657 377 ιιι

1545 311 1606 368 S.
1646 308 2011 367 BENEDICTI
2046 305 2340 362 ABBATIS
2374 302 2781 361 ANIANENSIS

3683 301 3803 358 δια

546 430 913 492 Vernonensis
950 443 1096 484 anno
1145 427 1251 484 755
1285 422 1564 485 celebrati,
1616 419 2019 492 quo-monachi.
2043 417 2126 474 di—
2151 421 2202 479 Α
2226 414 2443 485 quidam
2474 415 2715 470 canonici
2760 411 3012 469 omnibus
3051 412 3210 469 bonis
3242 412 3371 468 suis
3411 414 3813 469 renuntiantes,

547 535 746 583 emtor
801 520 1065 592 regulares
1100 519 1266 593 (nulla
1325 519 1392 573 de
1459 514 1737 571 canonicis
1789 511 2127 582 regularibus

548 616 823 674 mentione
851 612 1017 683 facta)
1039 612 1252 667 etiamsi
1273 609 1340 665 de
1375 606 1573 662 Ordine
1594 604 1843 661 canonico
1876 603 1978 656 hoc
1998 616 2126 656 cou~

554 708 741 765 cilium
786 705 1062 773 loquatur,
1121 699 1277 768 cujus
1303 700 1466 755 verba
1497 698 1615 751 base
1645 703 1808 749 sunt:
1844 711 1864 744 ι
1901 694 1993 747 De.
2019 691 2125 746 illis

547 799 880 862 hominibus,
911 797 1003 866 qui
1033 795 1219 849 dicunt
1239 792 1383 862 quod
1417 805 1478 844 se
1507 797 1730 859 propter
1750 786 1917 840 Deum
1946 792 2129 838 tonsu-

550 896 788 953 rassent,
821 896 878 942 et
897 886 1058 941 modo
1094 898 1181 939 res
1206 896 1394 937 eorum
1418 879 1503 949 vel
1528 877 1785 949 pecunias
1808 876 2028 939 habent,
2070 880 2130 929 et

549 996 653 1037 nec
671 981 773 1035 sub
799 993 962 1033 manu
996 975 1229 1047 episcopi
1261 980 1408 1037 sunt,
1465 985 1566 1025 nec
1612 970 1669 1023 in
1693 965 2023 1021 monasterio
2043 977 2127 1017 re-

552 1070 815 1139 gulariter
850 1068 1060 1131 vivunt,
1113 1063 1333 1134 placuit,
1371 1067 1431 1114 ut
1454 1059 1509 1114 in
1532 1055 1864 1112 monasterio
1890 1054 2000 1108 sint
2025 1052 2133 1107 sub-

551 1158 754 1214 Ordine
788 1155 1042 1227 regulari,
1092 1161 1187 1207 aut
1212 1151 1313 1206 sub
1327 1164 1490 1204 manu
1510 1146 1750 1218 episcopi
1786 1145 1887 1201 sub
1923 1142 2125 1199 Ordine

554 1248 835 1305 canonico.
865 1264 886 1299 ι

1231 1353 1408 1412 XXlX
1524 1417 1559 1448 .

601 1473 756 1533 Cum
806 1472 973 1544 igitur
1016 1469 1122 1523 hoc
1164 1466 1452 1521 concilium
1493 1460 1779 1517 manifeste
1829 1458 2126 1531 distinguat

553 1563 804 1618 Ordinem
833 1557 1170 1632 Regularem,
1208 1566 1464 1626 tanquam
1494 1553 1774 1609 monachis
1804 1551 2079 1622 proprium
2104 1590 2118 1615 ,

552 1654 621 1710 ab
653 1652 850 1708 Ordine
897 1650 1197 1715 Canonico,
1234 1650 1314 1703 sic
1358 1663 1472 1702 azvo
1517 1645 1695 1702 Caroli
1742 1644 1914 1714 Magni
1947 1642 2124 1698 nullus

551 1725 800 1801 exstabat
829 1741 1126 1796 Cananicus
1160 1737 1435 1809 regularis.
1464 1729 1782 1808 Quicunque
1802 1735 1948 1792 enim
1976 1734 2122 1789 dice-

548 1828 748 1887 bantur
782 1828 1093 1900 regulariter
1120 1828 1319 1892 vivere,
1348 1836 1506 1884 erant
1536 1825 1783 1880 monachi
1809 1865 1825 1891 ,
1852 1832 1907 1879 et
1927 1839 1957 1878 e
1985 1839 2117 1878 con-

550 1921 720 1974 trario
751 1918 826 1973 illi
857 1919 1095 1972 canonici
1137 1917 1574 1981 nominabantur,
1602 1916 1692 1985 qui
1721 1917 1822 1970 sub
1851 1913 2117 1969 obedien-

554 2011 628 2065 tia
656 2011 915 2081 episcopi,
957 2010 1344 2081 professionem
1377 2010 1695 2065 observandi
1737 2025 1916 2063 sacros
1962 2024 2123 2062 cano-

551 2115 643 2153 nes
694 2098 994 2165 faciebant;
1054 2114 1152 2153 nec
1188 2098 1450 2169 regulares
1488 2086 1780 2168 potuerunt
1829 2100 1956 2164 dici,
1996 2114 2121 2154 cum

550 2192 648 2258 per
676 2189 974 2248 concilium,
995 2189 1258 2243 monac/tis
1280 2197 1638 2257 opponantur,
1668 2190 1760 2260 qui
1788 2190 2004 2259 proprie
2029 2205 2123 2244 vo-

549 2270 744 2334 cantur
775 2279 865 2333 hic
893 2278 1187 2350 regulares,
1230 2288 1393 2349 prout
1418 2287 1607 2349 argute
1651 2280 1907 2334 discurrit
1936 2280 2122 2335 lauda-

549 2377 637 2423 tus
662 2367 1052 2423 Thomassiuus
1077 2367 1193 2422 loco
1214 2369 1400 2433 citato,
1446 2369 1538 2437 qui
1580 2369 1719 2423 ultra
1747 2370 2118 2440 progrediens,

550 2466 659 2510 non
687 2457 901 2511 dubitat
929 2473 1176 2513 asserere
1209 2471 1306 2529 per
1344 2456 1595 2513 Ordinem
1626 2460 1936 2512 canonicum
1966 2460 2122 2513 intel-

552 2545 649 2617 ligi
697 2546 896 2603 debere
940 2556 1142 2604 statum
1174 2549 1513 2615 clericalem,
1563 2551 1650 2605 cui
1682 2551 1901 2620 quidem
1948 2553 2124 2607 nullus

553 2639 711 2692 vitam
740 2638 1025 2709 regularem
1048 2641 1222 2695 adhuc
1241 2642 1678 2711 praescripserat,
1708 2643 1955 2711 quamvis
1976 2642 2123 2697 circa

551 2729 789 2783 medium
841 2728 998 2799 hujus
1040 2732 1218 2786 saeculi
1267 2734 1441 2788 octavi
1470 2733 1584 2802 jam
1616 2733 1799 2788 clerici
1832 2733 2123 2789 cathedra-

551 2818 683 2874 lium
711 2820 1063 2877 ecclesiarum
1109 2823 1273 2877 vitam
1300 2840 1643 2879 communem
1666 2824 1804 2880 inire
1835 2826 2123 2896 cmperint.

1240 2926 1406 3007 XXX.

2225 507 2482 578 appellari
2516 514 2796 576 crepet-unt
2824 505 3097 577 regulares
3114 545 3132 571 ,
3167 505 3249 561 vel
3291 506 3363 560 ob
3388 506 3813 561 observantiam.

2225 597 2441 669 Regulae
2491 599 2665 653 sancti
2707 596 3079 669 Cbrodogangi
3108 638 3124 663 ,
3179 596 3265 652 vel
3316 598 3517 652 intuitu
3572 597 3809 666 Regule

2224 689 2708 760 Aquisgranensis,
2738 688 2884 742 nulla
2928 689 3077 744 enim
3118 688 3223 745 alia
3267 689 3629 744 determinata
3674 691 3810 744 vita:

2224 779 2490 850 regularis
2518 793 2710 833 norma
2738 778 2870 848 ipsis
2905 778 3217 847 piascripta
3244 786 3369 831 erat
3401 786 3531 834 ante
3556 777 3807 833 medium

2224 871 2405 925 saeculi
2430 870 2641 935 octavi;
2675 878 2730 925 et
2757 869 2974 938 quidem
3002 869 3056 925 in
3096 868 3344 923 confesso
3369 878 3456 924 est
3478 867 3644 937 apud
3682 884 3810 923 om-

2223 976 2324 1015 nes
2351 960 2591 1031 regulam
2620 959 3114 1029 Aquisgranensem
3142 974 3415 1027 nunquam
3454 959 3525 1013 ab
3554 957 3809 1011 Ecdesia

2224 1052 2517 1107 universali
2546 1052 2895 1121 approbatam
2922 1049 3005 1104 vel
3035 1057 3303 1120 receptam
3343 1049 3534 1114 fuisse,
3566 1048 3671 1103 sed
3712 1063 3810 1102 so-

2225 1140 2337 1195 lum
2384 1142 2709 1196 auctoritate
2744 1141 2996 1196 Ctesarea
3042 1141 3382 1205 ordinatam;
3422 1140 3567 1194 unde
3609 1149 3670 1193 et
3709 1139 3809 1194 illa

2224 1231 2349 1285 vitae
2395 1230 2659 1301 regularis
2688 1245 2877 1289 norma
2920 1230 3061 1284 haud
3087 1230 3193 1284 dici
3221 1237 3430 1299 potest,
3457 1238 3521 1283 ut
3545 1238 3677 1299 pote
3716 1229 3810 1282 ni~

2226 1320 2328 1377 mis
2375 1335 2534 1390 vaga,
2584 1328 2746 1389 atque
2789 1320 3109 1390 quibusdam
3153 1320 3429 1375 canonicis
3468 1334 3575 1374 non
3607 1335 3812 1373 rem-

2223 1410 2476 1465 tiantibus
2527 1409 2790 1467 bonorum
2843 1424 3062 1464 suorum
3115 1408 3411 1463 dominium
3451 1410 3808 1479 permittens,

2223 1499 2645 1557 renuntiantibus
2682 1501 2847 1554 etiam
2890 1500 3050 1554 nimis
3084 1499 3369 1570 prodigam
3395 1500 3505 1554 cibi
3536 1507 3591 1554 et
3640 1510 3813 1570 potus

2223 1605 2531 1647 mensuram
2553 1630 2569 1654 ,
2594 1590 2839 1659 aliasque
2864 1590 3121 1645 laxitates
3144 1593 3465 1646 concedens.
3500 1591 3646 1645 Hinc
3672 1607 3808 1646 raro

2222 1679 2363 1733 hanc
2388 1678 2649 1748 Regulam
2688 1680 2963 1734 adducunt
2994 1679 3049 1733 in
3081 1680 3451 1735 testimonium
3485 1682 3613 1737 vita:
3654 1697 3813 1737 asce—

2148 1757 2195 1817 B
2225 1770 2343 1824 lica:
2390 1770 2680 1838 scriptores
2704 1811 2720 1837 ,
2768 1780 2944 1841 neque
2995 1773 3242 1843 ejusdem
3288 1774 3626 1828 mentionem
3671 1774 3811 1829 facit

2221 1868 2441 1913 sanctus
2484 1857 2804 1913 Benedictus
2851 1860 3176 1915 Anianensis
3220 1861 3276 1914 in
3323 1875 3423 1915 sua
3465 1860 3809 1931 Reg-larunt

2221 1947 2548 2012 Concordia,
2584 1950 2834 2018 quamvis
2867 1958 3109 2021 tempore
3147 1952 3379 2006 condita:
3408 1953 3631 2023 Regula
3661 1955 3813 2007 vixe-

2220 2039 2328 2104 rit,
2365 2026 2431 2093 et.
2450 2046 2574 2109 post
2625 2040 2916 2095 concilium
2960 2041 3400 2111 Aquisgraneuse
3444 2050 3559 2096 tam
3618 2043 3804 2112 ipsum

2221 2128 2545 2199 Regularum
2582 2128 2846 2195 Codicem,
2895 2146 3057 2199 quam
3087 2147 3274 2185 earum
3301 2130 3663 2186 Concordiam
3686 2147 3811 2188 eum

2219 2224 2424 2297 Regula
2453 2224 2799 2281 Benedictina
2827 2225 3217 2294 conscripsisse
3241 2226 3518 2281 credatur.

2901 2335 3114 2391 XXXII.

2292 2426 2489 2482 Verum
2537 2442 2661 2481 cum
2708 2426 2906 2482 intuitu
2951 2427 3170 2497 Regula!
3214 2427 3712 2498 Aquisgranensis,
3759 2439 3810 2484 et

2218 2516 2596 2572 exhortatione
2644 2515 2866 2571 Patrum
2896 2519 3141 2583 concilii,
3190 2518 3284 2573 sed
3312 2519 3584 2589 praecipue
3620 2519 3810 2574 Ludo-

2218 2606 2323 2659 vici
2352 2604 2432 2659 Pii
2461 2606 2806 2676 imperatoris
2835 2609 3296 2663 admonitionibus
3324 2610 3547 2664 excitati
3575 2610 3809 2678 plurimi

2220 2696 2501 2765 utriusque
2531 2712 2695 2751 sexus
2721 2698 2966 2751 canonici
3008 2700 3174 2753 vitam
3214 2699 3520 2769 regularem
3549 2700 3814 2755 excolere

2221 2787 2519 2856 coeperint,
2563 2787 2645 2841 sic
2689 2795 2746 2841 et
2769 2788 3014 2843 eamdem
3055 2790 3198 2843 inter
3218 2788 3603 2845 Additamenta
3645 2806 3815 2863 appo-

2221 2892 2351 2931 nere
2384 2877 2741 2946 cogitavimus
2759 2917 2773 2940 ,
2802 2878 2895 2931 sed
2924 2878 3163 2948 ejusdem
3185 2879 3467 2947 prolixitas
3496 2881 3811 2948 prohibuit,

2220 2975 2277 3022 et
2313 2968 2616 3038 przesertim
2643 2968 2768 3036 quia
2794 2968 3042 3023 hodierni
3068 2970 3319 3024 canonici
3340 2971 3626 3039 regulares
3660 2973 3811 3026 illam

624 3060 824 3117 Verum
868 3070 1155 3131 postquam
1196 3073 1416 3120 sanctus
1454 3057 1875 3138 Chrodogangus
1936 3069 2120 3141 Regu-

2226 3070 2322 3125 pro
2360 3070 2457 3109 sua
2484 3056 2611 3111 vita:
2647 3056 2896 3112 asoeticm
2946 3072 3135 3113 norma
3186 3072 3477 3127 agnoscere
3524 3070 3811 3124 renuunt,

555 3150 665 3205 lam
711 3152 990 3207 canonicis
1018 3154 1488 3222 promulgaverat,
1526 3166 1687 3225 atque
1728 3157 1780 3210 in
1824 3159 2120 3228 Aquisgra-

555 3241 711 3294 nensi
746 3242 1007 3307 concilio,
1055 3260 1198 3298 anno
1227 3244 1352 3309 8l6,
1396 3260 1495 3316 pro
1535 3248 1787 3301 omnibus
1839 3247 2024 3304 Gallia:
2070 3260 2124 3306 ct

558 3330 865 3387 Germaniae
892 3335 1275 3389 canonicorum
1323 3336 1563 3406 collegiis
1587 3338 1879 3407 peculiaris
1920 3340 2123 3411 Regula

554 3425 771 3479 condita
800 3433 903 3492 est,
933 3435 1060 3482 tunc
1105 3435 1158 3481 et
1187 3428 1285 3497 ipsi
1312 3430 1550 3482 canonici
1583 3430 1837 3500 appellari
1862 3438 2124 3502 regulares

555 3524 877 3585 cmperunt,
924 3525 981 3572 et
1025 3534 1211 3573 eorum
1256 3520 1479 3590 collegia
1527 3523 1798 3578 nominata
1852 3535 1978 3579 sunt
2028 3527 2127 3581 ali-

557 3610 775 3677 quando
799 3612 1118 3666 monasteria
1142 3653 1156 3675 ,
1204 3613 1273 3667 ob
1303 3614 1590 3683 quamdam
1628 3616 2002 3685 cognationem
2037 3619 2122 3673 in-

555 3708 773 3753 ventam
806 3701 950 3753 inter
974 3702 1119 3770 ipsos
1141 3701 1251 3772 jam
1283 3704 1602 3775 regulariter
1632 3706 1895 3773 viventes,
1918 3716 1972 3762 et
2010 3724 2125 3763 mo-

557 3790 782 3853 nachos,
814 3791 906 3859 qui
935 3790 1002 3844 ab
1026 3793 1248 3846 exordio
1276 3794 1492 3862 proprie
1536 3796 1810 3865 regulares
1839 3782 2026 3865 erant,
2065 3807 2125 3853 ut

556 3884 681 3944 pote
708 3879 761 3931 vi
810 3878 1042 3932 instituti
1085 3882 1366 3935 monastici
1393 3884 1647 3951 peculiari
1676 3894 1731 3939 et
1758 3886 2126 3944 determinatus

558 3964 757 4033 regula
797 3967 1026 4021 astricti.
1071 3968 1266 4024 Fusius
1300 3972 1514 4039 quidem
1546 3981 1739 4027 tractat
1786 3976 1900 4030 lucc
1946 3979 2123 4032 omnia

557 4051 808 4107 laudatus
836 4054 1223 4111 Thomassinus
1263 4059 1381 4113 loco
1408 4061 1596 4124 citato,
1628 4073 1999 4134 monstratque
2028 4068 2128 4122 sub

559 4140 646 4196 his
695 4143 1025 4212 temporibus
1073 4148 1317 4214 quaedam
1373 4152 1697 4206 monasteria
1741 4154 1961 4210 laxioris
2006 4157 2129 4213 vitae

558 4243 747 4283 amore
774 4230 843 4283 ad
874 4232 1171 4287 institutum
1199 4238 1505 4292 canonicum
1533 4240 1840 4309 descivisse,
1884 4245 2129 4299 tandem-

556 4334 663 4389 que
690 4321 830 4376 inter
854 4330 1143 4395 utrumque
1196 4327 1500 4383 institutum
1541 4335 1831 4400 quamdam
1865 4337 2128 4391 commix-

2225 3148 2469 3217 quamvis
2482 3162 2653 3217 nuper
2664 3148 2749 3202 vir
2759 3148 3003 3203 eruditus
3014 3149 3277 3204 Eusebius
3291 3151 3479 3205 Amort
3494 3168 3673 3222 supra
3694 3154 3811 3207 ιω.

2226 3237 2383 3291 datus
2394 3237 2532 3291 hanc
2544 3237 2800 3306 Regulam
2816 3239 2956 3292 inter
2966 3238 3070 3291 alia
3096 3237 3291 3292 Veteris
3305 3248 3354 3293 et
3374 3240 3537 3294 Novtr
3552 3240 3814 3311 Discipli-

2226 3344 2307 3391 na,
2321 3344 2585 3382 canonica.-
2600 3326 2945 3383 monumenta
2966 3329 3478 3395 collocaverit.0u:e
3502 3341 3562 3385 et
3584 3332 3648 3385 in
3670 3333 3814 3387 Con-

2225 3416 2472 3470 ciliorum
2499 3415 2831 3471 Collectione
2870 3417 3153 3472 Labbeana
3195 3427 3325 3472 tom.
3371 3419 3465 3477 IX.
3507 3424 3810 3489 reperitur.

2227 3505 2298 3561 Ut
2325 3516 2502 3561 autem
2531 3507 2586 3563 in
2618 3507 2721 3562 hac
2744 3507 3065 3574 Regularum
3093 3507 3422 3563 Coltectione
3472 3510 3609 3564 nihil
3646 3515 3813 3566 omit-

2226 3605 2390 3662 tatur,
2418 3601 2560 3668 quod
2584 3600 2650 3653 ad
2674 3600 2949 3655 canonica:
2971 3600 3093 3654 vitze
3113 3602 3472 3671 cognitionem
3495 3605 3813 3660 conducere

2224 3686 2409 3752 valet,
2456 3687 2597 3741 inter
2636 3687 3017 3743 Addxmmenta
3069 3688 3452 3743 collocavimus
3514 3692 3811 3760 antiquam

2226 3774 2611 3831 Canonicorum
2675 3777 2931 3848 Regulam
2987 3793 3051 3833 ex
3104 3782 3278 3833 sancti
3326 3779 3720 3851 Chrozlogangi
3762 3792 3816 3837 et

2224 3865 2682 3936 Aquisgranensis
2722 3868 2939 3939 Regalis
2967 3868 3245 3924 collectam
3266 3910 3282 3933 ,
3308 3878 3364 3923 et
3385 3870 3569 3923 forsan
3608 3883 3815 3927 aucto-

2227 3956 2388 4011 ritate
2422 3957 2677 4012 Ludovici
2704 3956 2785 4011 Pii
2818 3958 3162 4026 imperatoris
3191 3974 3289 4028 per
3332 3960 3680 4015 Amalarium
3719 3979 3813 4018 eo:-

2227 4044 2403 4102 clcsiae
2433 4046 2689 4102 Metensis
2731 4047 2993 4102 decanum
3043 4049 3479 4119 promulgatam,
3534 4062 3710 4120 prout
3756 4055 3813 4109 in

2226 4136 2606 4192 observatione
2673 4139 2742 4192 ad
2813 4140 3057 4195 eamdem
3135 4143 3336 4210 pnevia
3397 4142 3811 4201 existimamus.

2226 4224 2428 4281 Deinde
2448 4242 2571 4282 cum
2594 4229 2807 4297 praeviis
2845 4229 3311 4288 observationibus
3336 4233 3661 4289 exhibemus
3698 4246 3816 4292 tres

2225 4317 2459 4389 Regulas
2487 4329 2676 4376 sancto
2698 4320 3001 4389 Augustino
3027 4323 3350 4391 imputatas,
3386 4341 3520 4393 quas
3550 4330 3815 4385 canonici

557 4410 756 4466 tionem
786 4424 1030 4469 exortam
1060 4415 1246 4481 fuisse,
1281 4420 1423 4487 quod
1451 4423 1646 4490 srcpius
1678 4423 1793 4479 haec
1838 4427 2122 4481 monacho-
2148 4430 2199 4489 D
2228 4408 2505 4478 regulares
2545 4417 2674 4464 ante
2717 4410 2969 4465 ωδεωυω
3003 4413 3347 4469 "Medum!"
3386 4415 3489 4470 Sibi
3525 4432 3635 4472 non
3667 4422 3811 4474 360-

557 4517 673 4553 rum
694 4542 709 4566 ,
751 4511 805 4555 et
830 4506 1199 4560 canonicorum
1229 4511 1445 4564 nomina
1478 4511 1946 4568 indiscriminatim
1977 4516 2126 4570 adhi-

559 4592 677 4647 beri
702 4597 984 4664 cmperint.
1032 4598 1122 4655 Sic
1149 4603 1421 4670 piissimus
1451 4605 1741 4674 imperator
1770 4608 1994 4664 Carolus
2016 4609 2127 4663 Ma-

558 4700 697 4756 gnus
727 4687 781 4739 in
824 4687 1060 4756 Epistola
1090 4694 1158 4746 ad
1184 4694 1486 4764 Alcainum,
1519 4700 1918 4757 Turonensibus
1940 4719 2126 4758 mona-

560 4778 678 4832 chis
706 4780 877 4834 sancti
911 4780 1124 4837 Martini
1155 4790 1443 4855 exprobrat
1475 4791 1889 4847 inconstantiam
1919 4803 1974 4848 et
1996 4795 2127 4849 levi-

557 4878 722 4925 tatem
767 4872 933 4926 animi
961 4882 1017 4928 et
1061 4890 1291 4942 morum,
1341 4882 1480 4948 quod
1511 4899 1652 4937 nunc
1684 4884 1947 4947 monachi,
1982 4901 2125 4940 nunc

558 4962 797 5015 canonici
825 4963 929 5017 dici
963 4964 1158 5019 vellent
1188 4981 1202 5020 :
1248 4986 1265 5018 ‹
1302 4968 1603 5040 Aliquando
1636 4974 1779 5026 enim
1806 4976 2120 5039 monachos,

557 5048 848 5120 aliquando
887 5056 1200 5120 canonicos,
1251 5058 1538 5129 aliquando
1578 5070 1826 5116 neutrum
1871 5079 1968 5118 vos
2004 5081 2127 5121 esse

558 5141 756 5197 dicitis.
790 5162 809 5194 ι
844 5142 934 5199 Sic
961 5149 1123 5200 etiam
1147 5149 1370 5202 concilia
1396 5153 1727 5219 temporibus
1746 5153 1829 5207 his
1854 5154 2124 5208 celebrata

562 5241 862 5303 testantur,
914 5241 1217 5308 prtescrtim
1262 5241 1607 5296 Vernonense
1659 5259 1818 5312 supra
1867 5246 2121 5311 citatum,

2223 4509 2480 4570 ptarunt,
2521 4502 2617 4557 sed
2666 4502 2882 4558 labente
2928 4505 3031 4560 hoc
3060 4515 3118 4560 et
3166 4509 3412 4576 sequenti
3456 4509 3661 4565 stmulo
3712 4512 3819 4567 ﬂo-

2223 4600 2377 4647 rente
2407 4606 2525 4646 sose
2553 4591 2963 4661 Augustinianos
2992 4595 3366 4662 nominabant,
3387 4614 3617 4667 quorum
3639 4605 3815 4671 proin

2224 4681 2473 4750 antiquas
2517 4684 2932 4740 consuetudines
2985 4686 3351 4741 adducimus-
3388 4687 3635 4759 Denique
3683 4694 3815 4748 exi-

2224 4773 2388 4829 mium
2414 4774 2538 4828 vita:
2564 4775 2836 4830 canonica:
2864 4785 3270 4831 monumentum
3301 4778 3645 4847 proferemus
3662 4824 3683 4846 ,
3726 4786 3818 4838 ni-

2225 4863 2423 4917 mirum
2471 4858 2730 4933 Regulan’i
2781 4863 2924 4919 beati
2970 4865 3116 4921 Petri
3158 4868 3226 4922 de
3256 4867 3508 4924 Honestis
3550 4873 3819 4929 ecclesia:

2224 4950 2539 5008 Portuensis
2569 4954 2960 5023 conscriptam,
3002 4965 3165 5025 atque
3203 4974 3348 5013 anno
3382 4960 3517 5014 1117
3556 4961 3820 5020 oblatam

2226 5055 2436 5094 summo
2486 5042 2729 5110 pontiﬁci
2782 5043 3025 5098 Paschali
3070 5042 3132 5109 ll,
3185 5062 3347 5116 quam
3402 5065 3577 5119 nuper
3626 5054 3819 5109 edidit

2226 5145 2368 5200 sape
2412 5131 2656 5185 laudatus
2676 5132 2939 5187 Eusebius
2977 5134 3192 5201 Amort,
3231 5152 3526 5207 agnoscens
3547 5143 3821 5197 eatndern

2226 5228 2443 5274 exstare
2470 5222 2696 5290 primaut
2729 5220 3109 5277 Canonicorum
3160 5224 3500 5295 Regularium
3541 5227 3819 5298 Regulam

559 5338 784 5392 quorum
840 5342 1081 5382 canones
1137 5330 1239 5383 hoc
1292 5330 1463 5399 ipsum
1506 5343 1866 5389 monstrantes
1910 5335 2124 5391 adducit

2226 5308 2374 5377 iuxta
2417 5310 2734 5366 hodiernum
2781 5313 3125 5380 institutum,
3159 5316 3246 5369 cui
3276 5318 3432 5384 proin
3462 5319 3825 5377 observatio-

563 5413 923 5482 pmlaudatus
952 5417 1255 5474 Ludovicus
1296 5421 1701 5477 Thomassinus.

1255 5556 1443 5612 XXXI.

621 5662 870 5720 Lubente
894 5679 1024 5739 ergo
1050 5671 1247 5728 saeculo
1271 5682 1485 5740 octavo,
1515 5681 1572 5729 et
1609 5674 1827 5729 ineunte
1872 5677 2122 5745 sequenti

2228 5421 2350 5460 nem
2378 5407 2631 5475 praevium
2655 5407 2786 5461 satis
2817 5407 3046 5475 amplam
3075 5409 3423 5478 prmﬁximus.

2433 5568 2437 5570 γ
2886 5496 3100 5551 xxxiii

2298 5587 2464 5658 Igitur
2493 5590 2548 5643 in
2578 5589 2681 5644 hoc
2706 5587 2894 5643 Codice
2922 5589 3239 5661 [tegularum
3268 5589 3618 5647 Holsteniano
3638 5608 3826 5651 aucto

2229 5688 2278 5733 ct
2306 5678 2617 5752 locupletato
2636 5718 2651 5747 ,
2682 5679 2886 5733 nullum
2913 5688 3069 5736 vetus
3101 5691 3503 5738 monumentum
3533 5684 3600 5737 ad
3624 5686 3825 5742 vitam
