4004 6328
639 281 749 338 M5

1639 286 1697 343 S.
1738 287 2102 345 BENEDICTI
2138 289 2429 349 ABBATIS
2464 291 2875 348 ANLANENSIS
3695 298 3763 356 ιιϐ

643 388 892 474 gularum
922 409 960 478 ,ε
1011 407 1181 478 quare
1230 405 1594 478 consentanee
1652 397 1719 452 iis
1764 398 1964 478 subjici
1992 416 2177 478 mgnus
2202 443 2217 470 ,
2245 408 2293 467 Α
2322 404 2639 461 Trithemio.
2691 405 2786 460 llis
2835 403 3166 474 temporibus
3190 407 3394 463 omnino
3433 407 3664 478 ignoratur
3694 423 3767 472 tam

645 463 858 537 opinor,
887 469 944 537 e_t_
969 463 1208 537 prudens
1241 465 1434 537 lector,
1461 467 1551 521 ubi
1578 463 1911 537 cognoverit,
1938 463 2216 528 fatebitur.

644 528 724 586 De
748 528 987 614 singulis“
1009 532 1253 614 Regulis,
1284 535 1369 590 vel
1407 528 1719 614 auctoribus
1763 528 1951 614 earum
1978 541 2112 614 nihil
2134 543 2221 597 hic

644 599 864 675 praefari
886 616 1028 675 opus
1054 599 1336 675 duximus;
1378 607 1741 675 prmmisimus
1768 609 1911 663 enim
1938 610 2050 663 suis
2088 611 2221 667 locis

646 669 716 724 ad
777 669 1019 747 singulas
1042 669 1396 747 testimonia-
1415 685 1698 747 veterum,
1763 692 1884 745 quae
1928 680 2174 734 notitiam
2202 721 2218 747 ,

644 749 848 807 quanta
870 739 1009 815 :fere
1041 741 1231 815 haberi
1272 752 1486 814 potest,
1518 753 1631 799 tum
1664 739 1901 815 ipsarum
1930 788 1945 814 ,
1994 756 2105 804 tum
2133 739 2224 805 au;

644 817 855 865 etorum
880 809 1082 883 legenti
1119 809 1433 884 suggerent.

1309 902 1547 961 XXXVI.

715 988 972 1062 Adeoque
995 1001 1154 1047 extra
1178 1006 1396 1048 omnem
1425 995 1852 1051 controversiam
1887 998 2076 1053 statuit
2099 998 2222 1054 Ilol-

646 1079 855 1135 stenius
898 1090 1145 1136 sanctum
1169 1081 1531 1153 ,Benedictum
1573 1084 1941 1140 Anianensem
1969 1103 2090 1142 esse
2128 1090 2223 1143 hu-

641 1167 735 1241 jus
756 1170 974 1226 Codicis
1013 1172 1342 1243 Regularum
1369 1188 1555 1228 verum
1581 1182 1638 1228 et
1667 1174 2027 1231 indubitatum
2059 1178 2221 1233 colle-

644 1265 852 1313 ctorem
874 1299 889 1324 ,
919 1259 1184 1330 simulque
1211 1262 1616 1318 adhortationes
1635 1305 1649 1329 ,
1682 1280 1747 1320 ac
1774 1266 2059 1321 nonnullas
2093 1284 2221 1322 san-

644 1355 859 1404 ctorum
889 1349 1111 1406 Patrum
1145 1353 1434 1407 conciones
1474 1353 1530 1407 in
1575 1353 1883 1427 Appendice
1912 1356 2181 1413 exhibitas
2202 1399 2217 1423 ,

643 1435 701 1492 in
724 1453 891 1492 unum
918 1439 1219 1512 collegisse,
1249 1450 1413 1512 atque
1437 1442 1539 1513 ipsi
1565 1443 1751 1499 Codici
1780 1446 2039 1511 assuisse,
2067 1447 2220 1517 cujus

642 1527 802 1596 proin
832 1529 887 1583 in
917 1529 1055 1585 hanc
1087 1545 1203 1586 rem
1245 1533 1505 1588 adductas
1545 1536 1675 1589 satis
1704 1536 2010 1607 probabiles
2056 1538 2222 1593 ratio—

644 1630 743 1671 nes
780 1616 952 1674 fusius
996 1619 1051 1674 in
1100 1619 1490 1677 Observatione
1533 1625 1730 1693 praevia
1776 1625 1844 1680 ad
1889 1627 2061 1696 ipsam
2110 1626 2223 1696 Ap-

641 1704 928 1773 pendicem
965 1709 1417 1765 examinavimus.
1466 1709 1583 1765 Jam
1615 1713 1682 1766 ad
1725 1713 1956 1768 alterum
1998 1714 2218 1770 dubium

642 1806 806 1862 supra
843 1796 1198 1865 propositum,
1233 1799 1300 1854 de
1333 1816 1441 1871 quo
1480 1801 1653 1871 major
1698 1812 1871 1858 restat
1898 1805 2214 1872 difﬁcultas,

641 1886 964 1955 veniamus;
1019 1905 1141 1945 cum
1181 1893 1328 1947 enim
1368 1893 1422 1947 in
1467 1895 1571 1949 hoc
1615 1894 1935 1966 Regularum
1985 1895 2215 1966 Codice,

641 1975 785 2031 sicut
812 1986 867 2032 et
889 1978 944 2033 in
973 1980 1089 2051 ipsa
1113 1980 1407 2040 Concordia
1450 1985 1773 2056 Regularum
1819 1988 1998 2044 desint
2036 1990 2221 2060 plures

642 2063 863 2136 Regula:
910 2077 1038 2126 ante
1081 2071 1321 2127 medium
1376 2075 1557 2130 saeculi
1616 2078 1745 2132 noni
1792 2079 2045 2145 conditae,
2084 2095 2219 2150 qua-

638 2171 761 2212 rum
805 2157 1252 2230 Supplementum
1274 2166 1592 2237 vulgaverat
1618 2184 1759 2239 saepe
1785 2168 2035 2225 laudatus
2062 2171 2218 2243 [Iugo

639 2248 930 2307 Menardus
970 2256 1293 2327 teste-hujus
1321 2256 1534 2314 Codicis
1564 2262 1917 2331 typographo,
1947 2262 2218 2319 Ludovico

643 2341 893 2410 Billaine,
924 2346 1005 2402 sic
1044 2348 1112 2402 ad
1145 2347 1305 2404 tinem
1332 2351 1560 2423 catalogi
1586 2352 1913 2423 Regularum
1954 2355 2007 2409 in
2029 2356 2217 2411 eodem

640 2445 1024 2493 contentarum
1058 2439 1314 2509 loquente
1348 2461 1362 2496 :
1412 2460 1431 2493 ι
1464 2442 1612 2498 Idem
1650 2454 1867 2500 sanctus
1894 2445 2217 2504 Benedictus

637 2519 970 2580 Anianensis
1006 2528 1177 2583 abbas
1212 2529 1540 2602 Regularum
1571 2531 1930 2589 Concordiam
1959 2552 2084 2593 cum
2111 2537 2234 2593 Re?

638 2611 764 2685 gula
792 2618 967 2672 sancti
993 2618 1267 2676 Benedicti
1297 2623 1507 2679 abbatis
1532 2624 1867 2682 Cassinensis
1891 2630 2214 2699 composuit,

639 2721 804 2793 quam
856 2709 925 2764 R.
956 2710 1016 2768 P.
1048 2712 1111 2767 D.
1142 2713 1296 2787 Ilugo
1345 2716 1633 2775 Menardus
1675 2729 1986 2793 congregat.
2040 2723 2214 2777 sancti

636 2792 809 2851 Mauri
840 2801 1136 2857 monachus
1162 2802 1348 2871 edidit,
1379 2813 1434 2860 et
1463 2792 1934 2865 observationibus
1964 2811 2216 2866 doctissi-

638 2886 747 2943 mis
784 2888 1095 2959 illustravit,
1139 2911 1259 2965 quaa
1281 2896 1400 2953 loco
1428 2914 1550 2955 esse
1574 2910 1803 2970 possunt
1843 2917 2050 2967 earum,
2078 2919 2214 2974 quas

590 3012 593 3015 ι
640 2977 988 3039 doctissimus
1024 2985 1336 3044 Holstenius
1361 2990 1415 3045 in
1455 2993 1601 3048 hunc
1630 2992 1885 3049 Codicem
1916 2995 2214 3052 meditaba-

639 3074 747 3170 tur,
778 3084 900 3138 qua:
925 3073 1139 3142 quidem
1174 3076 1473 3136 Concordia
1505 3082 1559 3136 in
1585 3084 1774 3138 eadem
1802 3083 2013 3140 ofﬁcina
2041 3085 2214 3143 Ludo-
2239 3108 2283 3170 ρ

638 3158 747 3215 vici
788 3160 1015 3219 Billaine
1036 3168 1248 3237 venalis
1284 3181 1516 3240 prostat,
1548 3174 1639 3244 qui
1680 3177 1964 3245 pollicetur
1989 3178 2215 3252 Supple-

637 3259 882 3307 mentum
923 3254 1085 3323 hujus
1128 3258 1360 3327 Codicis,
1394 3263 1450 3318 in
1496 3279 1604 3334 quo
1642 3276 1953 3322 sanctorum
1992 3269 2215 3328 Patrum

633 3341 859 3416 Regula:
898 3348 969 3403 et'
1001 3348 1432 3411 Constitutiones
1458 3358 1527 3411 ah
1572 3356 1852 3414 Holstenio
1888 3364 2216 3429 praetenuis-

634 3446 732 3499 ιω,
762 3442 817 3489 et
841 3435 945 3490 alia
968 3437 1203 3507 plurima
1229 3458 1330 3512 ope
1355 3444 1635 3502 doctorum
1665 3449 1908 3504 virorum
1935 3465 2000 3507 ex
2047 3454 2214 3511 variis

631 3523 977 3585 bibliothecis
1001 3534 1326 3604 conquisita,
1357 3539 1791 3595 continebuntur.
1833 3560 1853 3596 ι

1293 3628 1556 3687 XXXVII.

700 3709 783 3766 Ex
811 3713 1007 3783 quibus
1034 3732 1254 3775 omnino
1279 3730 1494 3777 constat
1531 3723 1586 3777 in
1614 3723 1717 3780 hoc
1742 3724 1942 3782 Codice
1967 3742 2071 3783 non
2100 3743 2213 3784 om-

632 3813 734 3856 nes
758 3810 1006 3858 veterum
1051 3805 1274 3865 Patrum
1321 3810 1557 3883 Regulus
1596 3818 1927 3872 monasticas
1957 3834 2208 3889 compre-

633 3889 836 3947 hcnsas
879 3907 1024 3959 esse,
1062 3913 1162 3953 nec
1208 3916 1339 3956 sane
1366 3903 1431 3955 ad
1460 3911 1700 3958 nostram
1745 3907 1992 3960 notitiam
2033 3910 2210 3964 adhuc

636 3980 914 4048 pervenit,
948 3982 1093 4037 facta
1121 3987 1284 4041 etiam
1316 3989 1561 4061 diligenti
1589 3992 1958 4061 inquisitione,
1986 3996 2213 4065 promis-

639 4080 763 4122 sum
811 4067 1254 4141 Supplementum
1279 4116 1293 4142 ,
1340 4092 1497 4133 secus
1536 4080 1766 4135 omissas
1804 4080 2036 4152 Regulas
2068 4083 2212 4137 inter

636 4156 1015 4216 Additamenta
1057 4163 1493 4224 collocassemus.
1526 4169 1593 4224 Et
1653 4171 1867 4239 quidem
1897 4180 1956 4227 ut
1998 4181 2208 4230 taceam

639 4244 899 4318 Regulam
969 4254 1143 4307 sancti
1191 4253 1559 4331 Chrodogangi
1629 4261 1772 4315 inter
1827 4262 2208 4322 Additamento

630 4352 819 4398 nostra
867 4345 1123 4414 positam,
1175 4359 1383 4405 certum
1434 4360 1521 4407 est
1564 4362 1810 4409 sanctum
1858 4355 2204 4412 Benedictum

627 4434 993 4501 Anianensem
1036 4442 1286 4498 omisisse
1334 4444 1593 4498 eximium
1648 4447 1849 4501 veteris
1896 4447 2282 4517 DisciplinaaD

630 4531 946 4587 monasticae.
987 4544 1394 4591 monumentum
1424 4578 1439 4604 ,
1485 4539 1689 4594 scilicet
1736 4539 1995 4610 Regulam
2031 4546 2199 4598 sancti

625 4615 852 4675 Joannis
906 4622 1107 4679 abbatis
1152 4625 1511 4695 Biclarensis,
1555 4641 1685 4710 post
1738 4632 1974 4687 medium
2018 4636 2201 4690 smculi

628 4708 769 4763 sexti
824 4710 1081 4782 scriptam
1144 4731 1175 4770 a
1238 4725 1428 4774 sancto
1492 4708 1699 4775 Isidem
1743 4720 2085 4791 Hispalensi,
2137 4740 2200 4781 ac

628 4809 819 4870 postea
862 4804 930 4859 ab
990 4804 1109 4874 ipso
1168 4800 1470 4865 Trithemio
1514 4824 2015 4877 commemoratam,
2067 4828 2201 4883 quo-

627 4907 748 4965 rum
793 4900 1034 4965 tempore
1089 4907 1145 4952 et
1188 4900 1305 4969 ipsa
1351 4900 1552 4972 Regula
1598 4902 1884 4969 exstabat,
1952 4904 2200 4973 quamvis

629 4995 773 5038 nunc
812 4984 1002 5041 nullibi
1046 4998 1321 5057 appareat.
1366 4989 1443 5045 De
1492 4991 1594 5045 hac
1640 5002 1823 5046 autem
1872 4991 2076 5062 Regula
2118 4992 2200 5048 sic

624 5072 819 5129 scribit
856 5075 1194 5132 clarissimus
1221 5078 1497 5135 Calmetus
1536 5082 1590 5135 in
1639 5083 1753 5137 suis
1796 5080 2200 5137 Observationi-

623 5159 726 5216 bus
749 5163 955 5220 criticis
980 5167 1048 5221 ad
1071 5168 1444 5239 religiosorum
1469 5180 1524 5227 et
1545 5175 1925 5229 canonicorum
1943 5174 2194 5245 Regulas,

622 5249 692 5305 ad
721 5252 921 5309 calcem
945 5254 1476 5315 Commentariorum
1506 5262 1561 5316 in
1606 5262 1866 5333 Regulam
1897 5264 2070 5318 sancti
2098 5264 2198 5319 Be-

626 5343 831 5399 nedicti
876 5365 890 5401 :
945 5367 964 5399 ι
1000 5348 1233 5420 Scripsit
1282 5350 1520 5407 Joannes
1566 5352 1749 5408 Abhas
1796 5352 2123 5409 Biclarensis
2167 5370 2198 5410 e

624 5432 873 5491 Valclara
914 5439 966 5494 in
1011 5439 1291 5498 Catalonia
1322 5442 1585 5515 Regulam
1611 5445 1989 5509 monasticam,
2031 5461 2193 5515 quam

619 5535 843 5585 sanctus
869 5528 1186 5590 Benedictus
1215 5534 1538 5590 Anianensis
1565 5535 1857 5606 ignoravit,
1885 5546 1977 5591 aut
2003 5538 2198 5594 saltem

620 5617 862 5677 invenire
910 5640 1016 5679 non
1054 5627 1249 5695 potuit,
1300 5628 1565 5697 siquidem
1616 5644 1737 5683 cam
1779 5628 1968 5684 nullibi
2016 5632 2189 5695 citat,

621 5713 869 5781 quamvis
903 5714 973 5770 ab
998 5716 1205 5773 Isidoro
1236 5718 1537 5791 llispalensi
1578 5719 1867 5785 laudatur,
1900 5722 2037 5777 sicut
2079 5729 2131 5776 et
2163 5737 2192 5774 a

2322 497 2523 567 Regula
2555 513 2716 567 quam
2745 498 3136 552 monasterium
3177 497 3388 553 Biclare.
3416 499 3582 557 Postea
3600 502 3766 564 Joannes

2322 591 2491 646 abbas
2517 592 2585 645 de
2612 591 2823 645 Biclare
2860 591 3045 646 sedem
3082 591 3425 661 episcopalem
3451 592 3686 650 Gerundize
3716 607 3768 652 te.

2321 681 2470 745 nuit,
2498 697 2564 735 ac
2601 680 2907 736 Chronicon
2932 681 3002 735 ad
3041 696 3239 735 annum
3278 680 3375 737 589
3402 683 3662 756 pertingens
3683 689 3769 743 seri-

2319 770 2448 841 psit.
2487 791 2506 824 ι
2557 769 2666 826 Nos
2705 787 2922 842 quoque
2950 772 3298 828 admiratione
3324 772 3771 839 aﬂicimur,neesan-
3843 803 3850 818 ι
3890 780 3891 793 ‘

2322 871 2467 917 ctum
2520 863 2869 919 Benedictum
2924 864 3282 920 Anianensem
3310 906 3325 931 ,
3378 883 3471 923 nec
3521 868 3770 926 Holsteuitm

2321 954 2649 1008 mentionem
2680 954 2874 1010 fecisse
2900 955 3112 1010 illarum
3142 956 3477 1028 Regularum,
3501 974 3605 1028 qute
3624 976 3698 1030 pro
3711 978 3771 1016 ca-

2320 1045 2532 1100 nonicis
2576 1046 2859 1116 utriusque
2891 1062 3055 1102 sexus
3105 1048 3158 1102 in
3203 1049 3423 1103 concilio
3447 1049 3771 1119 Aquisgranensi

2322 1137 2544 1191 sancita:
2581 1147 2765 1203 erant,
2821 1154 2944 1193 eum
2997 1140 3201 1209 primus
3240 1139 3547 1210 Regularum
3594 1141 3774 1195 collecto:

2322 1227 2429 1282 illis
2456 1229 2787 1298 temporibus
2811 1230 3038 1295 vixerit,
3070 1237 3230 1299 atque
3270 1229 3462 1285 fatente
3502 1231 3602 1300 ipso
3634 1229 3775 1283 ilolste-

2321 1318 2413 1372 nio
2430 1358 2445 1382 ,
2478 1319 2578 1387 ipsi
2610 1318 2815 1390 Synodo
2843 1319 3096 1385 adfuerit,
3123 1336 3152 1373 a
3178 1319 3414 1391 piissimo
3440 1321 3706 1390 imperatore
3732 1320 3773 1373 ad

2322 1409 2614 1479 collapsam
2657 1409 2996 1480 disciplinam
3038 1411 3383 1465 monasticam
3411 1411 3554 1465 simul
3576 1425 3628 1464 ae
3657 1408 3775 1463 eccle-

2322 1500 2596 1562 siasticam
2651 1501 3059 1555 restaurandam
3104 1501 3415 1556 destinatus.
3460 1500 3557 1556 Nec
3595 1517 3695 1557 sane
3712 1501 3775 1554 alia

2320 1586 2484 1657 hujus
2509 1587 2712 1642 silentii
2742 1604 2904 1643 causa
2929 1589 3196 1658 assignari
3224 1597 3424 1660 potest,
3462 1590 3554 1643 nisi
3580 1589 3688 1659 quod
3714 1589 3779 1644 lle-

2323 1677 2459 1747 gulte
2501 1677 2607 1733 illa:
2636 1676 3103 1748 Aquisgranenses
3128 1688 3421 1752 appareant
3454 1679 3596 1735 nimis
3616 1694 3724 1747 vaga
3745 1688 3778 1732 et

2248 1751 2294 1809 Β
2323 1767 2754 1823 indeterminata:
2785 1770 2852 1823 ad
2881 1751 3324 1826 introdueendam
3348 1785 3521 1825 veram
3553 1779 3600 1825 et
3628 1770 3778 1824 solidam

2321 1859 2489 1913 vitam
2542 1859 2862 1930 Regularem
2884 1902 2898 1928 ,
2958 1877 3057 1919 nec
3087 1879 3325 1935 unquam
3353 1879 3383 1919 a
3428 1865 3544 1920 sede
3569 1862 3778 1933 apostolica

2322 1951 2631 2021 approbata:
2661 1950 2879 2007 fuerint.

2958 2044 3001 2099 Χ
3014 2045 3246 2101 XXVIII.

2389 2136 2523 2189 Cum
2546 2150 2676 2190 vero
2715 2136 2857 2190 haud
2879 2152 3069 2207 parum
3097 2137 3423 2194 discriminis
3457 2137 3506 2191 in
3532 2131 3782 2190 numerandis

2318 2236 2373 2282 et
2393 2229 2706 2284 ordinandis
2735 2229 2954 2301 Regulis
2983 2231 3036 2285 in
3070 2231 3174 2287 hoc
3199 2230 3394 2286 Codice
3419 2227 3666 2291 contentis,
3680 2234 3782 2293 atque

2318 2317 2374 2371 in
2394 2319 2712 2374 exbibendis
2739 2320 2843 2375 illis
2868 2320 2922 2374 in
2961 2318 3260 2376 Concordia
3309 2319 3607 2392 Reguiurum
3645 2315 3782 2375 relatis,

2317 2415 2567 2462 exortum
2586 2408 2849 2475 videatur,
2883 2410 2962 2465 sic
2986 2425 3167 2479 opera:
3181 2411 3410 2481 pretium
3424 2409 3632 2464 diximus
3647 2406 3781 2459 utrius-

2316 2512 2422 2567 que
2465 2499 2709 2554 ordinem
2762 2501 2964 2556 tamab
3007 2501 3289 2557 Holstenio
3323 2515 3481 2571 quam
3534 2499 3593 2553 ab
3637 2497 3785 2566 [lagona

2316 2591 2946 2661 Menardopbservatum
2991 2608 3320 2664 proponere,
3359 2601 3604 2663 quatenus
3634 2585 3785 2658 legenti-

2314 2682 2417 2737 bus
2453 2697 2615 2737 omne
2663 2682 2884 2737 dubium
2932 2682 3218 2738 auferatur
3278 2683 3422 2739 circa
3466 2681 3609 2752 hujus
3645 2675 3787 2734 Codicis

2313 2774 2589 2828 αὐθεντίαν.
2617 2772 2752 2827 Tota
2774 2773 2919 2828 enim
2941 2773 3234 2829 diversitas
3258 2783 3447 2830 exorta
3477 2781 3571 2837 est,
3592 2766 3788 2840 quoddoc-

2314 2867 2556 2921 tissimus
2586 2865 2874 2922 Menardus
2910 2865 3238 2936 publicando
3272 2865 3602 2922 Concordiam
3635 2856 3789 2930 Regula-

2314 2978 2431 3015 rum
2459 2976 2723 3030 nusquam
2757 2962 2995 3032 reperire
3009 2965 3252 3032 potuerit.
3280 2962 3520 3017 Codiccm
3558 2958 3789 3027 Regulam

2314 3054 2381 3108 ab
2407 3054 2597 3108 eodem
2619 3062 2807 3109 sancto
2832 3053 3125 3109 Benedicto
3167 3054 3462 3110 Anianensi
3496 3051 3790 3118 conscriptum.

2315 3154 2371 3199 et
2402 3144 2523 3200 ideo
2566 3147 2784 3200 nomina
2833 3144 3166 3216 Regularum
3225 3148 3282 3201 in
3332 3148 3434 3203 hoc
3480 3144 3644 3201 eodem
3681 3138 3793 3206 Opere

2315 3233 2444 3290 hinc
2499 3235 2626 3290 inde
2673 3235 2920 3305 dispersa
2969 3236 3312 3293 solummodo
3369 3243 3632 3298 natarent,
3667 3240 3792 3285 come

2314 3332 2504 3380 contra
2530 3324 2840 3381 Holstenius
2882 3325 3104 3382 invento
3144 3342 3285 3384 vero
3319 3328 3628 3398 Regularum
3665 3319 3793 3376 Codice

2312 3414 2544 3470 ediderit
2567 3415 2801 3487 Regulas
2821 3416 2875 3470 in
2916 3416 3033 3486 ipso
3082 3432 3188 3472 ms.
3222 3420 3447 3488 antiquo
3463 3424 3690 3487 repertas.
3705 3420 3793 3479 ιιωε

2313 3504 2369 3558 in
2414 3518 2583 3558 unum
2632 3504 2875 3559 codicem
2933 3504 3231 3576 collegerat
3293 3516 3509 3563 sanctus
3563 3498 3796 3557 Benedictus

2312 3592 2659 3659 Anianensis,
2707 3594 3024 3663 priusquam
3067 3593 3426 3651 Concordiam
3452 3606 3654 3650 exarare
3676 3597 3795 3651 ωειῦ

2314 3694 2421 3740 rat.
2453 3685 2590 3741 Hinc
2616 3686 2948 3742 clarissimus
2995 3686 3334 3755 Holstenius,
3367 3688 3518 3759 juxta
3564 3682 3696 3738 iidem
3732 3688 3795 3730 In

2313 3775 2538 3840 codicis,
2563 3774 2796 3845 [tegulas
2828 3775 3105 3831 distribuit
3133 3777 3191 3831 in
3243 3787 3358 3832 tres
3400 3781 3592 3846 partes,
3639 3773 3798 3838 quam“

2309 3865 2494 3935 prima
2539 3864 2772 3935 Regulae
2811 3863 3171 3920 Orientalium
3222 3867 3449 3922 Palmm
3493 3855 3800 3929 complectitur.

2313 3954 2481 4008 altera
2503 3952 2951 4021 Occidentalium,
2977 3957 3134 4010 tertia
3166 3971 3301 4013 vero
3321 3965 3623 4013 sanctorum
3648 3949 3798 4003 Patrum

2312 4045 2547 4116 Regulas
2575 4061 2674 4115 pro
2719 4047 2892 4103 sacris
2936 4049 3242 4120 virginibus
3299 4051 3548 4121 scriptas,
3585 4044 3740 4117 quibus
3769 4042 3803 4087 αι

2308 4137 2672 4209 Appendicem
2697 4139 2965 4207 adjuuxit,
2995 4142 3264 4210 quasdam
3297 4151 3602 4199 sanctorum
3641 4135 3796 4189 Patrum

2310 4225 2731 4282 Exhortationes
2755 4227 3145 4295 continentem,
3194 4229 3356 4301 juxta
3400 4230 3538 4285 hanc
3564 4224 3803 4297 prtest

2308 4316 2620 4372 methodum
2654 4334 2666 4371 :

2583 4427 3058 4491 CATALOGUS
3112 4430 3600 4494 REGULARUM

2660 4570 2740 4612 ET
2780 4571 3063 4614 ALIORUM
3098 4574 3561 4627 TRACTATUUM,

2308 4648 2432 4727 Qui
2466 4648 2533 4709 in
2569 4647 2686 4709 hoc
2739 4648 2977 4710 Comes
3018 4651 3429 4715 ῐὶιῖουιλῐιυω
3472 4649 3806 4714 continentur.

2875 4769 3056 4826 PARS
3076 4770 3313 4829 PRIMA.

2377 4861 2591 4933 Regulae
2613 4859 2717 4918 SS.
2750 4859 2974 4917 Patrum
3008 4861 3364 4919 Orientalium
3403 4864 3476 4920 ad
3512 4859 3762 4918 monachos.

3590 4944 3807 5006 δωοαιιιω.

2298 5019 2340 5075 I.
2476 5020 2533 5075 S.
2561 5020 2779 5074 Antonii
2810 5021 3043 5078 abbatis.
3752 5006 3809 5078 IV:

2300 5090 2364 5145 ll.
2475 5090 2533 5142 S.
2566 5091 2716 5145 Isaia:
2738 5076 3039 5146 abbatisfﬁ
3749 5076 3810 5137 ιν.

2298 5158 2382 5213 Ill.
2472 5159 2571 5213 SS.
2599 5159 2937 5235 serapionis,
2957 5162 3191 5230 Macarii,
3214 5164 3513 5235 Paphnutii
3533 5203 3548 5230 ,
3585 5168 3636 5218 et
3656 5155 3724 5212 al-

2736 5216 2748 5228 .
2918 5216 2929 5224 .
3056 5216 3062 5217 κ
3110 5216 3123 5218 ν
3160 5216 3237 5230 κ.-
3595 5216 3608 5218 -

2545 5230 2711 5284 terius
2745 5230 2985 5296 Macarii,
3022 5242 3130 5288 etc.

2299 5299 2388 5373 tv.
2477 5298 2576 5373 ξε.
2597 5299 2817 5373 Patrum
2840 5286 2984 5355 alia:
3091 5286 3127 5288 ’ί

2300 5368 2367 5450 .Y:
2476 5371 2677 5450 Ἐθῑὲίθο
2932 5446 2935 5450 .
3222 5442 3279 5450 __
3665 5359 3811 5450 ,ξέξε

2299 5440 2387 5497 Vl.
2477 5439 2534 5494 S.
2552 5440 2772 5496 Macarii
2794 5441 3167 5509 Alexandrini,
3190 5442 3416 5499 abbatis
3433 5438 3719 5498 Nitriensis.

2472 5510 2724 5581 Eiusdem
2753 5512 2998 5581 epistola.
3154 5497 3166 5509 ⁷
3370 5497 3408 5499 θ’
3512 5497 3515 5498 ⁷
3750 5497 3809 5554 Π.

2299 5577 2385 5635 Vll
2476 5579 2533 5634 S.
2576 5577 2870 5645 Pachumii,
2918 5582 3127 5639 abbatis
3172 5582 3574 5645 Tabennensis,
3619 5592 3723 5635 cum

2508 5649 2793 5725 rmfatione
2805 5636 2986 5725 sancti
3006 5636 3399 5725 rl'Iic—rcnytniin
3413 5636 3668 5709 eamdem.

2501 5719 2723 5790 Ijusdcm
2774 5720 2992 5777 Monita.
3040 5752 3043 5755 π
