4004 6328
204 357 313 414 H7

208 474 340 529 VIII.
383 470 638 540 Ejusdem
658 469 991 526 etTheodori
1006 468 1247 540 epistolae
1261 478 1315 524 et
1329 469 1492 523 verba
1511 483 1650 538 mys-

384 552 508 597 ttca.

205 613 300 668 IX.

385 594 453 667 8.
466 594 718 675 rOrsiesii,
749 610 960 665 abbatis
986 607 1387 673 Tabennensis,
1417 594 1659 663 doctrina

384 686 452 736 de
493 680 829 735 institutione
888 680 1297 734 monachorum.

1680 538 1767 594 IV.

1680 676 1769 732 IV.

210 751 275 807 Χ.
382 749 588 821 Regula
618 748 1011 821 Orientalis,es
1039 748 1262 821 Patrum
1284 745 1643 802 Orientalium

380 815 602 887 [tegulis
626 820 847 874 collecta
879 836 907 873 a
935 818 1129 887 Vigilio
1161 819 1411 872 diacono.
1680 815 1771 887 IV.

382 838 463 875 ne
499 838 602 874 IIIIS
626 838 847 874 couecut
879 838 907 873 8
941 838 1129 887 YIgIIIO
1161 838 1411 872 (ιιίιςοιιυ.
1682 838 1770 871 ιν.

205 888 299 947 XI.
388 838 687 956 S.'I!asilii,
715 889 951 959 episcopi
977 887 1348 943 Caesariensis.
1684 886 1770 941 IV.

207 1089 425 1162 Regula:
471 1086 573 1143 SS.
619 996 1301 1141 Patrumpggisdgitalium
1345 1086 1415 1140 ad
1460 1086 1765 1140 monac/tos.

204 1179 250 1234 ι.
381 1177 440 1232 8.
474 1175 771 1241 Benedicti,
796 1176 1006 1231 abbatis
1042 1174 1397 1231 Cassinensis.
1609 1209 1613 1212 ν
1685 1175 1772 1230 γι.

204 1248 273 1304 ιι.
381 1246 584 1318 Reguia
605 1246 947 1318 consenseria
989 1247 1398 1301 monachorum.
1685 1244 1772 1318 VI.

206 1318 294 1374 III.
381 1314 723 1386 AliaRegula
749 1315 961 1386 incerti.
1086 1384 1129 1386 Α
1683 1314 1771 1386 EI.

208 1386 298 1444 IV.
384 1384 483 1440 SS.
516 1383 663 1439 Patili
687 1393 742 1439 et
765 1384 1021 1453 Stephani
1049 1384 1323 1440 abbatum.
1682 1383 1771 1453 Vl.

210 1458 277 1511 V.
390 1455 448 1525 S.
477 1454 718 1525 Caesarii,
734 1452 975 1525 episcopi
1002 1455 1355 1512 Arelatensis.
1682 1452 1770 1525 )‘l.

208 1526 300 1595 γι.
388 1524 445 1595 8.
473 1524 746 1595 Aureliani
773 1522 1008 1595 episcopi
1034 1525 1382 1595 Arelatensis.
1685 1522 1772 1595 VI.

207 1594 322 1665 VII.
385 1594 443 1648 8.
476 1593 735 1665 Ferreoli,
770 1593 1008 1665 episcopi
1040 1594 1356 1651 Ucetiensis.
1684 1594 1771 1665 XI.

210 1662 347 1720 VIII.
387 1665 443 1717 8.
471 1663 785 1718 Columbani
804 1662 1046 1717 abbatis.
1685 1662 1772 1718 VI.

387 1732 638 1800 Ejusdem
667 1732 1062 1788 Pmnitentiale.
1110 1754 1113 1755 ν
1683 1731 1770 1787 VI.

208 1801 304 1856 IX.
394 1803 743 1858 Tarnatensis
774 1801 1108 1857 monasterii.
1683 1801 1772 1856 VI.

213 1871 286 1941 δ.
398 1870 693 1936 S.Isidori,
731 1872 967 1941 episcopi
988 1869 1339 1941 Hispalensis.
1403 1939 1411 1941 Α
1664 1871 1778 1941 VII.

208 1939 302 1994 XI.
388 1941 446 1994 8.
488 1938 792 2001 Fructuosi,
817 1938 1054 2009 episcopi
1085 1938 1465 2009 'Bracarensis.
1669 1938 1779 2009 VII.

211 2009 327 2064 XII.
388 2010 641 2077 Ejusdem
661 2008 962 2077 monas’tica
998 2008 1321 2064 communis.
1671 2008 1782 2064 νιι.

394 2080 648 2148 Ejusdem
688 2076 937 2133 Pactum.

209 2148 348 2204 XIII.
390 2149 567 2204 Patris
597 2148 897 2216 cujusdam.
1694 2148 1783 2203 VI.

206 2218 351 2301 sty-
392 2218 910 2301 sesuta.aasisu:i-.
1163 2285 1178 2301 .
1437 2287 1449 2299 .
1670 2217 1782 2301 ‘1!!-

207 2286 333 2345 ΧΥ.
395 2285 668 2343 Grimlaici
696 2285 995 2357 presbyteri
1012 2285 1214 2357 Regula
1244 2285 1632 2342 solitariorum.
1689 2288 1780 2344 IX.

860 2394 1040 2449 PARS
1060 2395 1143 2449 ιιι

503 2487 715 2560 Regula:
743 2486 849 2543 SS.
882 2484 1106 2540 Patrum
1146 2486 1216 2539 ad
1261 2485 1523 2555 virgines.

208 2579 256 2636 ι.
390 2578 447 2649 8.
475 2577 782 2649 Augustini,
818 2577 1056 2649 episcopi
1081 2575 1456 2649 Hipponensis.
1694 2576 1783 2649 Ε.

208 2649 279 2707 II.
390 2647 447 2703 S.
476 2646 719 2711 Cmsarii,
749 2647 988 2717 episc0pi
1023 2646 1378 2701 Arelatensis.
1694 2646 1783 2717 Vl.

394 2717 645 2786 Ejusdem
668 2717 879 2773 Sermo.
1055 2784 1065 2786 Α
1698 2716 1790 2771 Vl:

397 2784 653 2859 Ejusdem
692 2787 920 2858 epistola
949 2786 1018 2843 ad
1038 2784 1345 2843 Oratoriam
1395 2788 1639 2846 abbatis-
1697 2855 1765 2911 Ἦ

397 2874 533 2911 sam.

395 2874 533 2913 sam.
1707 2874 1784 2911 VI.

369 2927 651 2998 Ejusdem
677 2933 1082 2983 testamentum.
1128 2996 1135 2998 Α
1223 2996 1234 2998 ᾼ
1696 2925 1782 2998 VI.

211 2998 308 3055 III.
400 2995 458 3067 S'.
493 2996 791 3063 Aureliani,
821 2998 1059 3067 episcopi
1111 2996 1464 3053 Arelatensis.
1695 2995 1784 3067 )‘I.

397 3066 641 3138 Joannis,
667 3065 907 3138 episcopi
936 3065 1291 3138 Arelatensis,
1307 3068 1549 3138 epistola.
1678 3065 1784 3138 “VI.

210 3135 313 3211 ιγ.
399 3136 457 3211 8.
484 3135 954 3211 Donati,‘ep_iseopi
983 3135 1371 3192 Vesontiensis.

211 3205 289 3263 γ.
399 3205 578 3261 Patris
604 3205 904 3274 cujusdam.

405 3276 681 3331 Sententia
709 3277 777 3331 de
803 3276 1022 3341 Regalis
1034 3276 1378 3341 Devotamm,
1395 3292 1501 3331 una
1515 3292 1634 3334 cum

398 3347 614 3416 decreto
639 3346 852 3416 concilii
896 3345 1249 3416 llispalensis.

212 3416 317 3486 γι.
403 3416 459 3470 8.
485 3415 741 3486 Leandri,
770 3417 1004 3486 episcopi
1030 3415 1382 3485 Hispalensis.

213 3484 338 3539 VII.
404 3486 464 3540 Β.
497 3484 729 3552 Αἱιιοεάὶ,
754 3484 966 3541 abbatis
996 3484 1368 3541 Rievallensis.

838 3618 1183 3675 APPENDIX

217 3711 601 3781 Complectens
612 3712 1063 3768 EXIIOIITATIONES
1074 3710 1174 3765 SS.
1189 3710 1409 3766 Patrum
1426 3712 1493 3766 ad
1508 3712 1801 3769 monachos

348 3790 403 3837 et
431 3782 660 3854 virgines
679 3798 745 3838 ne
779 3781 1158 3838 Oassnvmru
1172 3796 1314 3835 Vim:
1364 3796 1680 3847 numam,

211 3872 378 3939 Quae
398 3890 430 3926 a
450 3883 630 3928 sancto
659 3871 968 3927 BENEDICTO
1005 3870 1191 3924 abbate
1218 3871 1506 3925 Anianensi
1534 3869 1660 3924 olim
1691 3870 1803 3925 col—

295 3940 481 4007 lectas,
531 3942 703 3998 Lucas
738 3940 1122 3996 Hoesremnse
1174 3939 1376 3993 duobus
1427 3956 1549 3994 mss.
1586 3939 1803 3994 Floria-

297 4011 535 4066 censibus
555 4012 898 4067 serenissima:
942 4012 1133 4081 regina:
1155 4008 1437 4063 Christian:
1456 4009 1639 4064 edidit.

1686 3345 1793 3400 VII.

1703 3416 1793 3470 VI.

1680 3485 1794 3563 xu.

205 4100 264 4159 Ι.
403 4098 462 4155 8.
491 4101 772 4156 Athanasii
799 4100 1148 4156 Alexandrini
1165 4100 1303 4155 liber
1327 4099 1394 4154 de
1421 4095 1687 4156 Observa-

409 4171 643 4236 tionibus
671 4171 1077 4226 monachorum.
1712 4169 1802 4226 IV.

207 4243 291 4300 II.
404 4241 656 4312 Ejusdem
679 4241 997 4297 Exhortatio
1019 4237 1601 4312 adsponsamChristi.
1714 4240 1802 4295 IV.

210 4281 320 4369 iit.
407 4281 676 4397 SfuBasilii
710 4281 1119 4366 ιιῗΑιιιιιοηῖιίο
1140 4281 1225 4365 ’Ξιιι
1245 4308 1410 4362 lilium
1428 4309 1685 4378 spiritua-

212 4449 324 4507 IV.
409 4381 625 4523 Exim
662 4450 912 4523 monachi
929 4447 1321 4523 Sententiiead
1344 4447 1660 4503 monachos.

218 4522 297 4574 γ.
410 4519 664 4590 Ejusdem
695 4520 991 4576 Sententia:
1019 4520 1085 4574 ad
1113 4519 1367 4590 virgines.

218 4590 324 4644 VI.
412 4587 620 4657 Fausti,
646 4592 856 4645 abbatis
880 4590 1198 4654 Lirinensis,
1231 4587 1664 4656 Sermoncsqua-

412 4670 534 4715 tuor
562 4656 627 4716 ad
655 4661 966 4715 monachos.
1728 4656 1794 4711 V.

220 4728 352 4783 VII.
413 4730 469 4785 S.
494 4731 749 4785 Eucherii
777 4730 1094 4784 Exhortatio
1122 4727 1188 4783 ad
1213 4726 1525 4782 monachos.
1729 4726 1793 4780 V.

224 4799 375 4855 VIII.
414 4799 663 4867 Ejusdem
688 4800 966 4854 Sententia
986 4800 1056 4853 ad
1084 4799 1398 4854 monachos.
1730 4796 1795 4867 Χ.

219 4868 333 4925 IX.

221 4941 303 4996 Χ.

1730 4864 1796 4921 V.

1713 5004 1803 5059 VI.

416 4870 667 4939 Ejusdem
695 4869 1003 4924 Admonitio
1024 4870 1092 4923 ad
1108 4868 1356 4939 virgines.

421 4934 477 4993 8⁷.
502 4939 738 5003 Caesarii,
761 4939 997 5009 episcopi
1038 4934 1386 5001 Arelatensis,
1432 4934 1672 5005 epistolae

418 5010 535 5063 duze
561 5011 629 5064 ad
653 5009 943 5064 Cmsariam
991 5009 1334 5062 abbatissam.

225 5078 331 5135 XI.
418 5078 666 5149 Ejusdem
703 5077 939 5149 Epistola
972 5077 1269 5136 hortatoria
1298 5075 1366 5130 ad
1405 5074 1667 5147 virginem

418 5141 529 5203 er
550 5141 873 5203 dedicaiam.
978 5151 982 5155 ’
1494 5141 1517 5147 ⁷
1717 5141 1804 5196 γι.

226 5217 358 5275 XII.
422 5216 634 5282 Novati,
671 5214 1243 5281 catholici,Sentcntia
1269 5213 1335 5267 de
1361 5212 1666 5267 humilitate

418 5296 474 5342 et
509 5280 833 5352 obedientia,
884 5296 935 5340 et
989 5286 1056 5340 de
1112 5285 1369 5340 calcanda
1407 5284 1674 5351 superbia.
1715 5280 1804 5352 ιγ.

222 5356 382 5415 XIII.
424 5357 484 5413 8.
507 5357 717 5412 Paulini
740 5350 1125 5411 ad'monachos
1148 5355 1213 5409 de
1238 5350 1576 5423 pagniten’tia.
1741 5350 1805 5405 V.

224 5426 386 5485 XIV.
427 5428 673 5496 Eutmpii
710 5426 922 5480 abbatis
951 5424 1181 5495 Epistula
1212 5421 1279 5496 ad
1313 5421 1528 5475 Petrum
1570 5436 1663 5496 pa—

312 5506 317 5510 ‘
422 5513 547 5568 pam
576 5492 641 5551 de
672 5492 1007 5568 districtione
1033 5494 1420 5549 monachorum
1444 5499 1499 5545 et
1514 5492 1666 5545 ruina

412 5566 898 5622 'inonasteriorum.

164 5657 169 5661 ·
226 5638 341 5695 XV
434 5636 629 5691 Incerti
659 5635 946 5690 Sermones
972 5634 1078 5688 duo
1128 5633 1195 5686 de
1220 5631 1404 5688 decem
1461 5630 1681 5702 virgini—
1710 5697 1748 5707 _'

428 5708 547 5761 bus.

1706 5557 1813 5613 VII.

1710 5696 1818 5755 VII.

1200 352 1427 411 CODEX
1466 344 1920 407 REGULARUII.
1958 377 2028 387 —
2063 342 2453 401 PBJEFATIO.

1800 468 1851 527 A

1806 1820 1853 1878 B

1701 4517 1793 4572 IV.
1826 4504 1879 4565 D

3339 337 3441 395 118

1941 550 2119 619 Atque
2143 549 2261 605 haec
2286 556 2372 604 est
2413 545 2712 602 oeconomia
2757 559 2920 616 quam
2961 543 3207 601 adhibuit
3233 542 3446 600 ιιοιειο-

1872 640 1997 694 nius
2032 641 2088 695 in
2115 639 2440 709 publicando
2460 638 2563 692 hoc
2593 635 2912 708 Regularum
2941 632 3153 700 Codice,
3184 648 3287 689 nec
3323 648 3441 689 am-

1874 731 2061 802 bigere
2087 730 2237 795 licet,
2267 731 2397 799 quin
2428 728 2661 799 Regulas
2698 728 2886 783 eodem
2944 726 3107 783 modo
3165 726 3448 782 ordinatas

1875 820 1931 874 in
1965 835 2062 875 suo
2107 835 2209 874 ms.
2262 819 2545 889 repererit,
2592 826 2754 887 prout
2789 832 2855 872 ex
2887 817 3018 887 ipsis
3054 816 3268 871 schedis
3294 820 3445 885 post—

1875 912 2055 967 humis
2074 911 2302 976 eruitur,
2344 911 2558 966 etiamsi
2586 911 2833 979 quaedam
2886 908 3066 963 adsint
3096 908 3295 963 ibidem
3340 905 3450 961 Re—

1752 1022 1759 1027 -
1876 1002 2013 1074 gula:
2070 1008 2259 1057 sancto
2290 1001 2582 1057 Benedicto
2628 1000 2920 1056 Anianensi
2966 999 3187 1055 omnino
3226 999 3445 1070 ignotas,

1876 1100 1937 1145 ut
1980 1099 2104 1160 pote
2134 1091 2293 1161 longe
2324 1098 2448 1162 post
2495 1091 2663 1161 ipsius
2713 1090 2920 1145 obitum
2968 1091 3216 1155 conditae,
3260 1088 3452 1159 quales

1877 1189 2003 1234 sunt
2035 1198 2049 1233 ε
2073 1179 2291 1251 Regulae
2310 1196 2410 1251 pro
2437 1179 2662 1235 inclusis
2686 1179 2966 1235 monachis
2984 1180 3264 1249 utriusque
3289 1193 3452 1236 sexus

1876 1271 2090 1341 scripta:
2117 1286 2148 1326 a
2169 1271 2328 1326 beato
2354 1270 2669 1337 Grimlaico,
2698 1281 2752 1326 et
2798 1280 2987 1327 sancto
3016 1271 3235 1327 IElredo
3260 1271 3454 1327 abbate

1878 1362 2225 1417 Rievallensi.
2256 1361 2366 1417 Nec
2392 1376 2522 1416 sane
2551 1362 2656 1416 hoc
2684 1361 2741 1415 in
2760 1360 3130 1431 praejudicium
3158 1360 3317 1430 hujus
3351 1361 3456 1417 Co-

1877 1449 2013 1505 dicis
2055 1450 2191 1505 verti
2219 1451 2396 1515 debet,
2424 1451 2580 1520 quasi
2610 1450 2701 1505 ille
2745 1465 2852 1505 non
2890 1450 2983 1515 sit,
3035 1465 3196 1519 quem
3236 1459 3456 1508 sanctus

1876 1541 2201 1598 Benedictus
2222 1532 2548 1611 Anianensis
2573 1541 2898 1611 scripserat;
2927 1557 3053 1596 nam
3086 1541 3454 1606 amanuensis.

1876 1632 2090 1687 labente
2131 1632 2326 1688 saeculo
2351 1648 2475 1699 xm,
2504 1632 2590 1687 vel
2636 1633 2881 1702 sequenti
2912 1632 3219 1697 inchoante,
3251 1632 3461 1688 exscri-

1877 1722 2011 1776 bcns
2045 1737 2243 1777 verum
2290 1729 2346 1776 et
2389 1721 2761 1777 authenticum
2814 1719 3139 1791 Regularum
3186 1719 3451 1783 Codicem,

1880 1813 2182 1881 prudenter
2201 1813 2466 1883 judicavit
2492 1810 2777 1882 superaddi
2804 1824 2965 1881 posse
2996 1809 3095 1865 bas
3124 1809 3257 1864 duas
3281 1808 3460 1879 Begu-

1884 1900 1986 1966 las,
2018 1909 2077 1955 ut
2110 1909 2235 1972 pote
2264 1902 2333 1957 ad
2360 1901 2654 1972 perfectam
2681 1901 2807 1955 vitae
2850 1899 3166 1955 monasticae
3213 1913 3460 1956 normam

1887 1993 2128 2061 apprime
2155 1992 2511 2061 pertinentes.
2537 1991 2663 2045 Pari
2709 2005 2926 2060 quoque
2969 1989 3221 2044 libertate
3248 1987 3463 2044 Holste-

1888 2085 2011 2139 nius
2033 2085 2160 2139 huic
2185 2083 2370 2140 Codici
2396 2100 2619 2140 assuere
2638 2084 2809 2139 voluit
2857 2084 3109 2139 nonnulla
3128 2084 3342 2139 aliunde
3369 2097 3464 2152 pe-

1891 2174 2023 2241 tita;
2057 2175 2113 2228 in
2160 2173 2268 2229 alio
2306 2174 2451 2229 enim
2494 2173 2663 2229 veteri
2692 2188 2794 2228 ms.
2839 2173 3117 2243 reperiens
3141 2170 3463 2235 Sementiam

1888 2264 1954 2318 de
2002 2263 2219 2334 Regalis
2247 2263 2586 2327 Devotarum,
2612 2263 2856 2319 eamdem
2882 2262 3052 2317 voluit
3099 2262 3356 2327 inserere,
3384 2262 3463 2316 si-

1886 2354 2001 2409 mul
2026 2369 2091 2408 ac
2111 2354 2321 2409 concilii
2351 2353 2685 2422 Hispalensis
2710 2360 2872 2422 caput
2901 2353 2962 2407 ll
2989 2352 3057 2407 ad
3083 2351 3465 2408 sanctimonia-

1885 2442 2017 2498 lium
2038 2443 2348 2498 clausuram
2374 2450 2643 2512 spectans,
2674 2457 2837 2511 quam
2864 2442 3028 2496 etiam
3055 2439 3378 2499 Sententiam
3399 2441 3466 2495 dc

1887 2534 2101 2605 Regalis
2136 2536 2474 2598 Devotarum,
2505 2541 2560 2586 et
2604 2548 2704 2587 nos
2749 2531 3114 2607 observationi
3141 2531 3355 2600 praevia:
3396 2531 3467 2586 ad

1888 2627 2148 2698 Regulam
2176 2625 2349 2681 sancti
2375 2625 2567 2680 Isidori
2612 2623 3011 2695 conjunximus,
3041 2631 3296 2692 tanquam
3323 2621 3467 2679 illius

1887 2717 2105 2787 Regulae
2152 2725 2316 2788 caput
2353 2716 2626 2781 ultimum,
2674 2722 2837 2786 prout
2882 2716 3082 2771 ibidem
3134 2715 3462 2771 notavimus.

1887 2806 2021 2862 Cum
2054 2807 2219 2879 igitur
2266 2814 2523 2876 agnoscat
2562 2805 2872 2861 Holstenius
2902 2805 3045 2860 hunc
3087 2803 3331 2860 Codicem
3364 2804 3469 2859 Rc-

1886 2893 2135 2965 gularum
2162 2896 2411 2951 eumdem
2443 2910 2582 2959 esse,
2628 2909 2788 2964 quem
2828 2903 3206 2962 composuerat
3247 2902 3468 2951 sanctas

1887 2981 2213 3038 Benedictus
2255 2983 2600 3048 Anianensis,
2652 2983 2735 3038 sic
2781 2980 3018 3050 ejusdem
3070 2981 3467 3038 authenticitati

1889 3090 1990 3130 nec
2040 3084 2225 3130 assuta
2250 3074 2651 3140 Additamenta,
2703 3090 2804 3130 nec
2849 3074 3097 3129 diversus
3141 3072 3469 3144 Regularum

1819 3162 1863 3225 C
1894 3167 2029 3222 ordo
2055 3167 2110 3222 in
2136 3166 2431 3221 Concordia
2454 3136 2793 3232 observatus,
2819 3165 3088 3221 ullatenus
3116 3136 3470 3238 praajudicare

1895 3257 2110 3322 debent,
2140 3265 2299 3327 prout
2325 3272 2485 3327 supra
2516 3256 2955 3312 monstravimus.

2616 3346 2728 3402 XL.

1971 3438 2106 3493 Nam
2161 3439 2535 3495 sanctissimus
2591 3440 2759 3493 abbas
2817 3437 3142 3494 Anianensis
3193 3439 3472 3496 condendo

1898 3532 2245 3587 Concordiam
2292 3532 2610 3602 chularum
2648 3532 2919 3587 diversum
2960 3532 3181 3587 omnino
3223 3533 3470 3589 ordinem

1898 3622 2038 3676 inire
2068 3621 2271 3687 debuit,
2320 3637 2443 3675 cum
2494 3636 2562 3675 ex
2610 3620 2853 3675 collectis
2896 3628 3208 3675 sanctorum
3247 3620 3470 3676 Patrum

1903 3709 2120 3780 Regalis
2166 3709 2306 3764 solas
2358 3711 2620 3779 quasdem
2663 3710 2959 3765 sententias
2997 3711 3350 3781 excerpserit,
3378 3726 3469 3768 ne-

1901 3796 2165 3852 cessarias
2215 3796 2430 3877 quidem
2470 3798 2537 3850 ad
2576 3797 2983 3851 monstrandam
3025 3797 3320 3869 disciplina:
3361 3815 3474 3855 mo-

1902 3887 2122 3941 nasticae
2144 3884 2453 3941 uniformita
2463 3897 2566 3941 tem
2587 3902 2710 3942 cum
2737 3888 2852 3956 ipsa
2874 3887 3076 3960 Regula
3103 3888 3475 3958 Bcnedietina,

1903 3991 2064 4046 quam
2102 3975 2273 4031 solum
2302 3976 2556 4047 deinceps
2583 3977 2781 4047 ubique
2832 3978 3222 4035 observandam
3255 3982 3478 4038 manda-

1903 4078 2057 4122 verat
2101 4067 2379 4138 piissimus
2422 4067 2716 4138 imperator
2735 4067 3037 4125 Ludovicus
3061 4069 3102 4135 ι,
3130 4069 3259 4126 licet
3280 4072 3478 4129 hucus-

1903 4173 2009 4230 que
2052 4150 2110 4214 in
2138 4160 2407 4231 aliquibus
2450 4159 2792 4215 monasteriis
2834 4160 3018 4230 plures
3055 4161 3275 4233 Regula:
3313 4162 3476 4219 simul

1903 4252 2201 4307 observata:
2251 4251 2473 4307 fuerint.
2506 4250 2598 4307 Sic
2638 4252 2783 4307 enim
2824 4267 2891 4307 ex
2931 4253 3055 4308 Vita
3078 4252 3335 4309 Ludovici
3369 4255 3475 4322 Pii,

1905 4357 1960 4402 et
1987 4363 2054 4401 ex
2080 4347 2330 4402 Aimonio
2377 4347 2471 4401 lib.
2498 4363 2532 4400 ν
2573 4346 2637 4401 de
2680 4344 2851 4401 Cesti:
2886 4346 3216 4400 Francorum
3256 4348 3480 4403 instrui-

1906 4454 2065 4492 mur:
2100 4455 2117 4486 ι
2153 4438 2447 4506 Itidemque
2471 4437 2750 4492 constituit
2792 4437 2932 4492 idem
2966 4437 3076 4490 Deo
3113 4438 3361 4495 amabilis
3382 4439 3481 4494 im-

1905 4535 2121 4599 perator
2163 4525 2510 4581 Benedictum
2533 4526 2806 4591 abbatem,
2828 4533 2884 4580 et
2910 4541 3034 4580 cum
3087 4542 3153 4582 eo
3185 4529 3480 4586 monachos

1904 4627 2139 4674 strenuae
2157 4631 2255 4688 per
2281 4615 2462 4671 omnia
2484 4616 2626 4681 vitae,
2650 4615 2743 4685 qui
2769 4631 2866 4686 per
2884 4616 3063 4672 omnia
3089 4621 3478 4678 monachorum

1901 4717 2093 4766 euntes
2123 4708 2517 4775 redeuntesque
2545 4698 2896 4773 monasteria,
2921 4708 3246 4767 uniformem
3271 4714 3480 4770 cunctis

1905 4797 2181 4853 traderent
2200 4794 2544 4851 monasteriis
2568 4802 2679 4849 tam
2709 4796 2842 4852 viris
2866 4812 3027 4867 quam
3058 4801 3483 4859 sanctimoniali-

1905 4887 2005 4942 bus
2024 4886 2237 4942 feminis
2250 4900 2455 4940 morem
2478 4885 2693 4940 vivendi
2710 4887 3002 4943 secundum
3021 4888 3282 4960 Regulam
3301 4892 3477 4948 sancti

1907 4978 2203 5034 Benedicti.
2237 4996 2255 5028 ι
2286 4976 2541 5045 Adeoque
2562 4985 2784 5033 sanctus
2809 4977 3132 5035 Benedictus
3157 4980 3482 5038 Anianensis

1878 5138 1881 5139 ν
1908 5068 2231 5126 conferendo
2254 5067 2513 5138 Regulam
2535 5067 2709 5123 sancti
2740 5068 3015 5124 Benedicti
3050 5084 3175 5124 eum
3200 5068 3322 5124 aliis
3355 5085 3481 5133 san-

1909 5170 2118 5216 ctorum
2139 5159 2360 5213 Patrum
2384 5157 2626 5228 Regalis,
2648 5168 2914 5229 quatenus
2935 5173 3000 5213 ex
3023 5159 3130 5215 illis
3155 5158 3477 5217 uniformem

1910 5266 2033 5305 cum
2059 5250 2246 5304 eadem
2279 5248 2584 5303 doctrinam
2628 5256 2976 5313 monstraret,
3010 5247 3313 5327 necessario
3337 5251 3473 5306 ordi-

1911 5358 2034 5399 nem
2065 5342 2118 5395 in
2144 5338 2332 5395 Codice
2359 5338 2674 5411 Regularum
2714 5340 3058 5394 observatum
3086 5339 3352 5396 invertere
3390 5342 3484 5399 de-

1912 5436 2050 5499 buit,
2076 5435 2373 5489 sententias
2397 5441 2452 5488 et
2477 5433 2721 5488 instituta
2746 5442 3058 5487 sanctorum
3082 5430 3301 5489 Patrum
3323 5435 3480 5490 cuili-
3524 5470 3529 5475 ι

1914 5527 2007 5582 bet
2030 5526 2191 5595 capiti
2221 5524 2438 5595 Regula:
2486 5522 2845 5601 Benedictinte
2880 5523 3256 5593 approprians,
3292 5533 3484 5597 quate-
3558 5562 3565 5567 -

1918 5633 2022 5674 nus
2050 5634 2224 5672 veram
2276 5615 2599 5686 chularum
2648 5614 2990 5669 Concordiam
3029 5615 3302 5672 conderet.
3354 5616 3489 5671 llinc

1922 5714 2270 5771 doctissimus
2313 5709 2467 5781 IIngo
2508 5706 2794 5764 Mcnardus
2824 5707 2878 5761 in
2907 5707 3114 5764 edendo
3144 5708 3487 5777 Concordiam
