4004 6328
676 309 773 369 419

1660 312 1722 370 S.
1763 308 2122 373 BENEDICTI
2159 312 2449 374 ABB'ATIS
2483 310 2892 375 ANIANENSIS
3032 356 3035 359 -
3707 337 3774 391 uti

670 425 996 497 Regularum
1031 441 1173 481 anno
1202 426 1339 481 1658
1375 425 1538 482 talem
1574 426 1898 499 Regularum
1932 429 2325 500 CatalagumiA
2365 430 2631 499 Virginum
2665 433 2732 487 ad
2759 445 3002 486 sororem
3045 429 3390 490 Florentinam
3430 440 3609 509 scriptae
3626 447 3781 501 mentio.

638 515 969 579 ‘coutexnit,
996 524 1057 568 ut
1093 513 1350 585 Regulam
1384 519 1554 570 sancti
1600 517 1871 572 Benedicti
1902 520 2080 587 primo
2129 520 2246 576 loco

2345 536 2469 573 nem
2500 520 2648 585 facit,
2675 523 2924 590 quamvis
2964 522 3053 575 illa
3098 533 3340 578 constans
3360 526 3418 579 21
3457 530 3660 597 capitulis
3694 534 3781 589 inter

665 604 934 676 posuerit,
973 615 1228 674 tanquam
1267 607 1641 676 principalem,
1695 609 1765 662 ad
1818 623 1981 678 quam
2027 610 2248 679 reliquae
2345 608 2479 663 alias
2513 625 2790 663 sacrarum
2825 611 3089 680 virginum
3114 611 3329 681 chulas
3355 613 3527 684 inipso
3557 617 3781 688 Regulam

662 694 1026 749 reducuntur.

661 784 955 847 Hueoms
1000 788 1301 848 Memnon
1334 788 1670 867 Catalogus
1699 791 1766 849 in
1802 809 1917 849 sua
1951 789 2245 851 Concon-

657 899 661 903 ~
972 883 1077 925 ou
1124 869 1518 930 HEGULARUM
1558 868 1940 928 observatas.

773 964 825 1018 1.
847 963 1052 1033 Regula
1078 963 1133 1018 S.
1167 966 1459 1020 Benedicti.

771 1033 827 1087 2.
902 1064 972 1074 —
1078 1034 1135 1090 S.
1167 1034 1462 1091 Pachomii.

772 1104 826 1156 5.
900 1133 971 1143 —-
1077 1104 1407 1160 S.Orsiesii.

774 1173 828 1226 4.
902 1202 972 1213 -
1076 1174 1386 1229 Orientalis.

772 1241 827 1296 5.
890 1268 971 1283 7-—
1077 1244 1132 1298 S.
1166 1244 1405 1298 Macarii.

767 1313 823 1367 6.
894 1340 966 1352 —-
1068 1314 1258 1369 itidem
1288 1314 1345 1368 S.
1384 1314 1621 1369 Macarii.

770 1381 823 1436 7.
894 1412 966 1422 ——
1073 1384 1179 1438 SS.
1209 1386 1443 1438 Patrum.
1736 1428 1737 1431 η

767 1451 820 1507 8.
894 1479 966 1492 --
1069 1452 1652 1508 llidemSS.Patrum.

627 1538 661 1553 λ·
764 1522 818 1576 9.
892 1549 963 1561 --
1067 1522 1653 1578 Itide.nSS.Patrum.

622 1614 631 1619 ν
729 1589 819 1646 10.
892 1620 966 1632 -
1044 1593 1129 1646 ~S.
1156 1593 1356 1646 Basilii.

729 1660 817 1733 11.
892 1686 964 1701 -
1071 1661 1491 1733 §.l_lieronymi.

730 1728 818 1802 12.
890 1758 963 1770 -—
1068 1731 1125 1802 ξ.
1158 1728 1463 1802 Augustini.

638 1804 657 1813 ⁷
729 1799 818 1853 15.
890 1829 964 1840 —
1067 1799 1126 1855 S.
1155 1799 1417 1855 Cassiani.

648 1904 653 1909 ρ
731 1868 817 1939 14.
891 1896 964 1910 --
1069 1869 1170 1925 SS.
1201 1870 1461 1939 Stephani
1482 1879 1538 1926 et
1563 1871 1739 1929 Pauli.

642 1982 653 1985 -
729 1938 819 1995 15.
889 1968 962 1993 σε-
1068 1938 1435 1996 Tarnatensis.

728 2009 815 2080 16.
888 2037 962 2048 -
1070 2010 1127 2080 ξ.
1157 2009 1373 2080 Caesarii
1405 2012 1661 2080 episcopi.

644 2078 647 2081 ’
883 2084 961 2118 ’-
1067 2077 1713 2151 Aurelianiepiséopi.

625 2166 629 2171 τ
730 2147 817 2221 id.
890 2176 962 2188 -—-
1071 2147 1129 2221 S.
1164 2149 1400 2205 Ferreoli
1434 2147 1692 2221 episcopi.

642 2253 651 2260 .
726 2216 814 2291 59.
886 2246 961 2259 --
1065 2218 1122 2291 ξ.
1155 2216 1628 2291 ιδὶλοτίθρὶἑωρί.

642 2344 655 2351 κ
723 2286 812 2351 20.
888 2317 959 2331 --
1066 2288 1125 2343 S.
1159 2286 1464 2345 Fructuoéi.

721 2354 809 2409 2t.
908 2388 954 2396 —
1058 2358 1295 2414 Alienus
1331 2358 1634 2416 Fructuosi.

719 2425 810 2478 2‘2.
903 2456 955 2466 —
1063 2426 1490 2482 S.Columbani.

722 2495 814 2549 25.
888 2526 961 2536 --
1068 2496 1124 2551 S.
1164 2497 1379 2552 Donati.

635 2620 640 2627 ί
722 2564 813 2635 21.
883 2594 957 2609 ---
1063 2566 1322 2635 Magistri.

723 2632 812 2706 es.
888 2664 960 2674 —
1064 2632 1356 2706 Cuiusdam
1380 2637 1576 2694 Patris.

722 2702 811 2755 26.
885 2734 956 2744 —
1061 2702 1193 2760 item
1229 2707 1506 2776 cujusdam
1534 2708 1730 2768 Patris.

1372 2801 1509 2857 XLI.

727 2886 795 2942 Et
824 2888 1037 2957 quidem
1068 2905 1132 2945 ex
1178 2889 1433 2962 Catalogo
1479 2894 1803 2966 Regularum
1835 2916 1889 2953 ιη
1934 2896 2228 2956 Concordia

649 2979 953 3045 observato,
982 2983 1202 3038 omnino
1252 2996 1495 3054 apparet,
1548 2990 1810 3057 quasdam
1866 2990 2098 3065 Regulas
2127 2994 2229 3049 ibi-

649 3070 769 3124 dem
794 3071 1076 3137 nominari,
1108 3089 1228 3143 qua:
1269 3075 1320 3128 in
1356 3076 1469 3144 ipso
1492 3076 1690 3134 Codice
1718 3096 1823 3135 non
1854 3084 2220 3152 reperiuntur,

2345 698 2535 753 Codice
2563 702 2639 754 sit
2663 700 2941 756 collocata.

3054 788 3206 844 XLII.

2412 858 2549 934 Hinc
2579 879 2765 934 mirari
2811 896 2918 933 non
2966 880 3217 935 debemus
3265 882 3314 935 in
3339 882 3535 954 Regalis
3564 886 3781 943 monasticis

2342 971 2694 1024 numerandis
2723 978 2925 1024 tantam
2949 971 3308 1026 diversitatem
3348 990 3579 1043 apparere
3599 977 3703 1032 inter
3724 980 3782 1031 (ἰο-

2340 1064 2506 1116 dicent
2531 1062 2845 1132 [tegularum
2884 1078 3177 1132 earumque
3216 1063 3554 1131 Concordiam,
3575 1073 3780 1137 prmsertim

2338 1156 2385 1210 si
2441 1156 2790 1210 admittamus
2851 1156 3086 1209 auctoris
3144 1156 3474 1211 intentionem
3518 1159 3565 1210 in
3597 1160 3783 1216 condendo

2337 1254 2568 1314 utraque
2589 1261 2751 1313 opere
2785 1246 2947 1299 fuisse
2982 1247 3367 1315 quohmmodo
3394 1248 3674 1303 dissimilem.
3696 1249 3781 1304 San-

2336 1338 2615 1392 ctissimus
2642 1338 2785 1390 enim
2810 1338 2980 1391 abbas
3018 1337 3336 1392 Anianensis
3356 1338 3629 1406 colligente
3644 1351 3783 1394 sancto-

2336 1441 2454 1481 rum
2489 1428 2705 1481 P..trum
2736 1424 2967 1498 chulas
2996 1428 3049 1481 in
3096 1443 3256 1482 unum
3298 1428 3521 1483 codicem
3543 1468 3556 1493 ,
3601 1430 3643 1483 id
3662 1429 3783 1482 solum-

2333 1517 2494 1571 modo
2520 1525 2697 1569 mente
2720 1517 2949 1584 agitasse
2980 1516 3213 1579 videtur,
3242 1523 3298 1569 ut
3345 1516 3557 1586 religiosi
3577 1516 3656 1571 viri
3686 1529 3779 1584 aque

2333 1622 2399 1662 ac
2444 1607 2654 1662 feminae
2688 1610 3051 1678 percurrendo
3107 1610 3386 1681 diligenter
3432 1620 3506 1666 tot
3526 1611 3683 1668 eximia
3709 1610 3782 1666 vita

2332 1702 2648 1756 monasticae
2685 1702 2949 1764 instituta,
2981 1715 3079 1771 per
3103 1703 3230 1757 talia
3274 1704 3466 1757 monita
3489 1702 3784 1767 salutariaulic

2256 1787 2305 1848 Β
2332 1790 2504 1844 versis
2527 1790 2856 1859 temporibus
2881 1801 2936 1844 et
2958 1791 3091 1848 locis
3120 1793 3246 1847 data
3268 1835 3280 1856 ,
3320 1794 3384 1848 ad
3408 1802 3590 1847 arctam
3628 1794 3783 1862 discipli-

2330 1896 2456 1937 nam
2486 1881 2880 1937 observandam
2917 1884 3305 1948 excitarentur,
3330 1900 3445 1940 cum
3466 1900 3493 1939 e
3510 1892 3665 1939 contra
3691 1899 3782 1938 con-

2329 1973 2578 2042 ponenda
2607 1972 2962 2028 Concordiam
3004 1974 3330 2047 Regularum
3369 1978 3431 2031 ad
3477 1977 3525 2030 id
3545 1975 3685 2033 animo
3705 1973 3784 2027 lere-

2329 2062 2512 2126 batur,
2544 2071 2603 2116 ut
2630 2066 2983 2119 monachismi
3020 2068 3285 2120 unitatem
3317 2068 3382 2121 ab
3407 2067 3604 2122 exordio
3634 2062 3784 2119 instituti

2328 2153 2609 2221 probaret,
2632 2163 2796 2223 atque
2836 2158 3076 2210 omnium
3114 2157 3341 2212 aliarum
3399 2156 3674 2227 Regularum
3709 2170 3784 2208 coa-

2329 2244 2660 2301 formitatem
2717 2263 2840 2302 cum
2904 2248 3106 2317 Regula
3151 2250 3492 2305 Benedictina
3532 2252 3782 2304 monstraret.

2331 2350 2493 2404 quam
2530 2336 2698 2391 solam
2734 2338 2989 2408 deinceps
3006 2341 3398 2397 observandam
3420 2334 3786 2408 pneeeperalpiis-

2331 2426 2500 2480 simus
2524 2426 2841 2497 imperator,
2866 2438 3022 2498 prout
3043 2445 3206 2501 supra
3244 2430 3591 2489 indicavimus.
3611 2425 3708 2480 Cum
3727 2422 3784 2493 igi-

2330 2521 2422 2568 tur
2446 2515 2497 2567 in
2513 2515 2713 2585 Regula
2739 2516 3104 2583 Benedictina,
3130 2520 3377 2589 quamvis
3399 2512 3784 2575 monachisutrius—

2329 2619 2436 2673 que
2458 2619 2620 2661 sexus
2648 2608 2930 2676 adaptata,
2978 2610 3122 2663 nulla
3173 2626 3444 2666 sacrarum
3489 2608 3787 2677 virgimnnme-

2329 2697 2502 2750 moria
2546 2699 2873 2767 reperiatur;
2904 2701 2982 2754 sic
3011 2701 3170 2757 facile
3192 2704 3439 2759 omittere
3460 2701 3614 2771 potuit
3642 2695 3789 2766 Regula:

2330 2770 2452 2841 illas
2508 2787 2636 2842 solis
2691 2789 2861 2843 sacris
2908 2790 3212 2861 virginibus
3271 2793 3617 2862 praescriptas,
3657 2782 3789 2841 etiamsi

2330 2879 2548 2933 easdem
2578 2879 2631 2933 in
2661 2880 2778 2951 ipso
2800 2875 3122 2951 chnlarum
3152 2884 3345 2938 Codice
3372 2878 3689 2939 collocaverit.

3039 2974 3219 3028 XLIII.

2400 3058 2685 3115 Existimat
2714 3062 2931 3132 quidem
2961 3063 3313 3119 doctissimus
3350 3060 3608 3118 Menardus
3630 3059 3792 3111 sanctum

634 3152 703 3217 iet
746 3165 983 3220 vicissim
1033 3183 1048 3220 :
1095 3175 1254 3237 prout
1307 3168 1526 3223 cuilibet
1570 3181 1859 3242 utrumque
1907 3136 2220 3246 Catalogitm

2273 3136 2293 3198 Ῑ
2324 3148 2675 3204 Benedictum
2708 3152 3067 3206 Anianensem
3109 3155 3164 3207 in
3199 3172 3294 3209 sua
3340 3150 3645 3211 Concordia.
3682 3139 3793 3246 Ρηξίθ·

648 3255 948 3310 conferenti
981 3257 1137 3312 facile
1174 3257 1397 3327 patebit.
1431 3259 1521 3315 Sic
1549 3262 1613 3316 de
1660 3262 1861 3333 Regula
1893 3267 2063 3320 sancti
2093 3266 2226 3320 Cas-

645 3345 785 3398 siani
813 3347 1118 3401 observavit
1158 3363 1300 3417 srepe
1346 3347 1595 3405 laudatus
1642 3352 1928 3409 Menardus
1966 3355 2110 3411 illam
2136 3357 2228 3412 de-

628 3426 914 3505 sumptam
962 3452 1085 3491 esse
1130 3426 1196 3491 ex
1237 3438 1426 3506 primis
1472 3450 1704 3509 quatuor
1769 3442 1925 3498 libris
1984 3444 2223 3513 ejusdem

645 3526 971 3580 sanctissimi
997 3527 1207 3582 abbatis
1227 3529 1290 3581 de
1304 3528 1726 3586 Institutionibns
1747 3536 2069 3599 monasticis,
2091 3552 2227 3605 quas

641 3615 796 3683 proin
845 3617 984 3670 inter
1022 3617 1399 3672 Additamenta
1433 3621 1601 3688 ipsius
1644 3621 1857 3678 Codicis
1897 3625 2224 3696 Regularnm

630 3707 819 3774 primo
860 3705 976 3760 loco
1024 3708 1334 3776 posuimus;
1371 3702 1513 3779 quod
1543 3721 1723 3766 autem
1749 3715 1940 3769 attinet
1971 3715 2223 3785 Regulam

641 3797 812 3848 sancti
866 3796 1176 3867 Hieronymi
1222 3800 1311 3854 hic
1356 3802 1709 3869 nominatam,
1759 3804 2037 3861 existimat
2081 3808 2223 3863 idem

623 3881 895 3937 'laudalus
922 3884 1226 3953 Menardus,
1266 3888 1408 3942 illam
1439 3892 1571 3944 nihil
1616 3893 1761 3947 aliud
1787 3911 1922 3957 esse,
1955 3896 2055 3951 nisi
2105 3900 2220 3969 epi-

644 3972 838 4026 stolam
885 3976 1157 4041 praelixam
1208 3976 1424 4047 Regulre
1469 3982 1641 4035 sancti
1685 3983 1982 4049 Pacliom‘ii,
2012 3987 2078 4042 de
2115 4004 2220 4057 qua

622 4060 885 4114 “eruditus
922 4062 1007 4115 ille
1034 4060 1339 4119 Concordiae
1364 4066 1681 4138 Regularum
1713 4072 1887 4126 editor
1915 4073 2032 4128 loco
2055 4077 2221 4133 citato

643 4149 722 4202 sic
768 4147 1005 4218 loquitur
1033 4170 1044 4206 :
1082 4172 1101 4205 ι
1138 4153 1339 4225 Regula
1373 4161 1544 4214 sancti
1570 4158 1881 4233 Hieronymi
1915 4167 2048 4220 nihil
2077 4168 2222 4224 aliud

638 4234 723 4291 est
750 4251 910 4307 quam
940 4242 1165 4310 cpistola
1198 4244 1310 4309 illa,
1340 4262 1503 4315 quam
1544 4250 1774 4319 praiﬁxit
1805 4252 2020 4324 Regula:
2047 4260 2219 4313 sancti

616 4327 946 4397 ‘Pachomii;
998 4341 1129 4387 nam
1178 4337 1421 4404 quaedam
1465 4355 1531 4393 ex
1569 4341 1656 4394 illa
1690 4341 1891 4412 Regula
1940 4346 2026 4400 hic
2055 4348 2217 4405 citata

635 4420 819 4475 videre
854 4430 936 4475 est
965 4423 1016 4476 in
1042 4425 1229 4478 eadem
1261 4428 1511 4496 epistola,
1541 4430 1644 4484 alia
1683 4448 1812 4487 vero
1865 4436 2073 4503 sapiunt
2102 4448 2217 4509 sty-

614 4508 746 4564 -lutu
783 4515 957 4567 sancti
989 4514 1321 4587 Hieronymi,
1356 4535 1456 4574 nec
1502 4521 1812 4592 discrepant
1852 4525 1920 4579 ab
1948 4508 2216 4584 lnstitutis

638 4605 813 4658 sancti
849 4603 1144 4672 l’achomii,
1175 4625 1296 4678 qua:
1346 4611 1397 4665 in
1442 4612 1531 4666 illa
1563 4614 1789 4683 epistola
1814 4631 2168 4675 recensentur
2199 4640 2212 4674 :

637 4712 801 4767 quam
825 4697 869 4751 si
906 4698 1169 4770 integram
1207 4703 1551 4772 haberemus,
1579 4706 1721 4763 haud
1753 4710 1911 4766 dubie
1932 4713 1984 4766 in
2016 4730 2078 4768 ea
2104 4732 2221 4769 om—

610 4798 613 4803 '
636 4786 725 4839 nia
754 4787 1144 4855 reperirentur,
1167 4805 1286 4860 quae
1308 4792 1395 4847 hic
1415 4809 1478 4847 ex
1506 4810 1568 4848 ea
1592 4796 1959 4867 proferuntur,
1985 4804 2219 4859 maxime

634 4891 757 4930 cum
782 4884 1002 4932 sanctus
1029 4876 1388 4951 Hieronymus
1417 4886 1618 4941 nullam
1645 4890 1927 4960 scripserit
1956 4893 2216 4965 Regulam

635 4967 1045 5022 monachorum.
1078 4988 1094 5019 ι
1124 4969 1323 5026 Deinde
1352 4973 1405 5028 in
1434 4975 1536 5032 hac
1573 4977 1889 5049 Regularum
1921 4982 2215 5039 Concordia

633 5056 831 5111 citatur
876 5067 1085 5114 tantum
1118 5078 1221 5115 una
1252 5063 1453 5136 Regula
1484 5070 1653 5122 sancti
1687 5070 1929 5139 Cwsarii,
1957 5076 2215 5141 quemad-

635 5148 851 5201 modqu
881 5156 936 5203 et
962 5165 1067 5204 una
1110 5154 1278 5207 sancti
1301 5154 1591 5220 Aureliani,
1618 5173 1741 5211 eum
1769 5168 1944 5214 tamen
1989 5162 2212 5217 omnino

635 5246 861 5303 constet,
908 5258 1344 5314 unumquemque
1389 5261 1455 5300 ex
1500 5248 1584 5303 his
1629 5252 1837 5306 duobus
1883 5253 2215 5309 Arelatensis

632 5327 889 5383 Ecclesia:
908 5332 1175 5403 episcopis
1197 5334 1329 5388 duas
1348 5333 1580 5404 chnlas
1599 5338 1886 5393 distinctas
1908 5342 2212 5410 scripsisse,

634 5432 796 5471 unam
829 5434 926 5489 pro
968 5424 1266 5488 monachis,
1297 5424 1520 5479 alteram
1570 5442 1668 5496 pro
1716 5431 2214 5488 sanctimonialibus

634 5507 871 5575 feminis,
902 5523 1061 5581 prout
1107 5530 1173 5568 ex
1230 5516 1348 5584 ipso
1391 5514 1709 5585 Regularum
1758 5519 1947 5576 Codice
1995 5523 2215 5577 instrui-

637 5614 781 5665 mur,
804 5604 891 5658 ubi
922 5606 1060 5659 bime
1096 5608 1379 5678 utriusque
1408 5611 1643 5682 episcopi
1687 5612 1904 5686 Regulae
1931 5616 2211 5686 reperiun-

632 5703 739 5749 tur.
777 5695 885 5752 ‘Nrc
914 5713 1042 5752 sane
1078 5698 1294 5770 R~gulie
1326 5704 1493 5755 sancti
1524 5702 1748 5759 Leandri
1783 5708 1847 5761 de
1884 5708 2213 5763 distinctione

2241 4473 2295 4533 D

2327 3240 2496 3294 renda
2518 3243 2814 3296 sententias
2842 3258 2907 3296 ex
2930 3243 3131 3313 Regula
3159 3246 3335 3299 sancti
3359 3242 3580 3301 Cresarii,
3598 3232 3793 3293 sanctitu-

2290 3340 2291 3343 ‘
2326 3331 2517 3385 reliani
2566 3341 2622 3387 et
2653 3332 2881 3387 aliorum
2910 3372 2924 3399 ,
2980 3333 3032 3388 in
3066 3350 3226 3405 usum
3255 3330 3695 3390 sanctimonialium
3717 3318 3795 3375 scri-

2326 3424 2470 3493 ptis,
2529 3417 2865 3479 solummodo
2926 3427 3142 3479 nomina
3180 3426 3455 3483 .feminina
3502 3424 3551 3477 in
3599 3412 3793 3473 ηιτιεαιιῖω

2327 3525 2585 3580 mutasse,
2614 3530 2789 3584 neque
2831 3516 2898 3568 ad
2933 3530 3117 3569 eorum
3168 3516 3404 3587 Regulas
3445 3509 3683 3567 menachis
3718 3513 3797 3571 ρη-

2325 3606 2471 3675 scrip
2498 3620 2558 3658 as
2593 3606 2903 3660 attendisse.
2935 3603 3133 3660 Verum
3161 3607 3215 3660 in
3240 3623 3362 3660 eam
3389 3605 3662 3673 opinionem
3695 3589 3796 3646 addu—

2324 3703 2444 3748 ctus
2469 3703 2551 3748 est
2589 3695 2674 3747 vir
2718 3695 3114 3750 eruditissimus
3174 3699 3414 3751 nondum
3450 3696 3512 3749 de
3539 3692 3708 3746 illorum
3726 3694 3799 3735 ὕει’

2324 3793 2534 3840 ctorum
2562 3786 2782 3841 Patrum
2813 3787 3029 3858 Regnls
3051 3789 3117 3841 ad
3149 3792 3449 3844 monachos
3476 3784 3661 3854 scriptis
3674 3775 3799 3833 certi“

2324 3876 2516 3933 factus.
2551 3880 2609 3934 Si
2654 3880 2797 3935 enim
2829 3896 3066 3952 praesens
3114 3882 3206 3939 hic
3247 3883 3325 3939 Co
3346 3885 3428 3938 lex
3470 3878 3734 3951 Regalarum
3762 3863 3801 3917 ab

2324 3968 2443 4037 ipso
2491 3978 2678 4024 sancto
2710 3970 2998 4026 Benedicto
3040 3974 3341 4028 Anianensi
3387 3974 3511 4028 olim
3552 3954 3799 4057 scriplﬂsid

2324 4070 2479 4127 smpe‘
2499 4060 2698 4115 laudati
2724 4061 2964 4117 Menardi
2995 4065 3248 4119 notitiam
3280 4066 3617 4135 pervenisset,
3634 4068 3730 4112 tunc
3743 4047 3800 4102 ali-

2322 4157 2404 4203 ter
2436 4151 2755 4220 judicasset,
2785 4168 2906 4208 eum
2931 4155 3125 4210 ibidem
3156 4159 3390 4227 geminm
3417 4158 3624 4211 istorum
3661 4148 3803 4201 sando’

2321 4257 2441 4296 rum
2470 4243 2688 4314 Regulae
2718 4245 3079 4311 inveniantur,
3123 4265 3231 4303 una
3282 4251 3352 4303 ad
3392 4246 3674 4304 monachos,
3698 4235 3803 4291 3m"

2319 4334 2386 4388 ad
2414 4349 2602 4389 sacras
2648 4335 2884 4404 virgines
2921 4338 3191 4392 ordinata.
3248 4339 3543 4394 Fatendum
3589 4342 3730 4387 tamen
3756 4324 3805 4372 εει

2321 4434 2565 4480 sanctum
2592 4424 2935 4481 Benedictum
2970 4430 3341 4487 Anianensem
3365 4427 3667 4487 conferendo
3685 4421 3801 4485 Μυ-

2322 4516 2428 4569 lam
2475 4517 2644 4571 sancti
2669 4517 2949 4587 Augustini
3000 4534 3120 4573 cum
3177 4520 3386 4593 Regula
3433 4513 3808 4574 Benedictinat‘o-

2324 4619 2501 4663 actum
2526 4609 2690 4663 fuisse
2716 4612 2930 4665 nomina
2962 4610 3220 4668 feminina
3260 4615 3314 4669 in
3339 4611 3624 4669 masculina
3647 4608 3809 4660 comm?

2322 4706 2461 4759 tare,
2485 4699 2610 4768 quia
2640 4701 3017 4756 sanctissimus
3045 4703 3132 4756 ille
3161 4704 3426 4759 Ecclesia:
3470 4706 3645 4757 doctor
3681 4688 3809 4748 nullam

2324 4790 2484 4845 aliam
2511 4791 2765 4861 Regulam
2794 4793 3032 4863 scripsit,
3056 4796 3159 4850 nisi
3189 4796 3340 4850 illam
3371 4812 3492 4867 quae
3518 4780 3811 4855 desumptaes‘

2317 4894 2384 4933 ex
2411 4880 2496 4934 illa
2541 4880 2741 4936 celebri
2784 4882 3024 4953 Epistola
3059 4900 3121 4939 ao
3182 4884 3422 4942 feminas
3468 4868 3813 4940 sanctimonialcs

2317 4968 2508 5032 missa,
2538 4978 2595 5023 et
2634 4987 2778 5026 nunc
2832 4974 3097 5042 religiosis
3147 4975 3563 5046 Augustiuianis
3612 4966 3813 5026 utriuS‘lne

2315 5074 2477 5113 sexus
2494 5062 2919 5145 accommodata.
2939 5064 3062 5120 llaec
3084 5067 3306 5134 quidem
3330 5069 3513 5124 omnia
3536 5082 3595 5122 ex
3614 5064 3707 5133 ἰρετι

2319 5153 2498 5205 cordia
2524 5138 2845 5222 Regulam-nt
2887 5158 3085 5213 clarius
3134 5158 3511 5224 innotescent,
3557 5170 3663 5228 qua:
3685 5138 3815 5219 Ριόίίίι

2318 5243 2542 5298 Parisiis
2611 5260 2753 5299 anno
2810 5247 2973 5311 1658,
3032 5250 3371 5306 doctissimis
3431 5236 3814 5306 observationibus

2319 5347 2590 5401 nunquam
2612 5349 2717 5387 non
2739 5334 2986 5389 laudandi
3011 5336 3250 5391 Menardi
3278 5339 3567 5401 illnstrata,
3590 5346 3693 5403 qua:
3708 5323 3816 5417 ειίειιπξ

2319 5422 2478 5489 hujus
2508 5424 2712 5479 Codicis
2750 5423 3069 5496 Regularum
3107 5432 3247 5482 aucti
3288 5441 3340 5484 et
3393 5423 3684 5500 ampli/irati
3717 5421 3817 5485 ί1¹¹³⁵³

2319 5514 2562 5579 quaedam
2596 5516 2973 5585 interpretatio
2999 5519 3333 5574 considerari
3362 5522 3550 5589 possit,
3569 5525 3621 5572 ut
3642 5519 3739 5584 νοιθ
3752 5501 3818 5555 ⁰¹²“

2319 5602 2431 5657 rius
2463 5606 2738 5674 explicans
2777 5609 2865 5663 illa
2912 5624 3034 5681 quae
3060 5610 3113 5665 in
3144 5610 3387 5679 antiquis
3422 5608 3632 5679 Regalis
3658 5597 3819 5657 eiusat"

2318 5704 2595 5761 apparent.
