4004 6328
251 367 352 422 421

906 469 1143 537 xuv.

319 567 490 639 Atque
520 566 637 623 haec
659 576 783 619 sunt
822 561 889 618 de
940 561 1135 630 quibus
1172 556 1314 612 circa
1360 558 1681 626 praesentem
1713 546 1813 601 Re-

248 663 492 735 gularum
521 658 757 729 (Iudicem
798 654 1025 710 lectores
1063 648 1348 706 benevolos
1394 643 1652 699 certiores
1695 638 1820 693 red—

251 726 378 808 dere
401 726 781 819 cogitavimus,»
798 750 1060 813 quatenus
1100 751 1153 794 et
1188 737 1261 791 illi
1307 733 1586 804 percipere
1608 726 1820 782 valeant

249 855 438 896 verum
467 817 590 891 vitae
615 833 926 889 monastica:
948 836 1146 884 statum
1176 826 1244 879 ab
1263 822 1486 878 exordio
1501 817 1819 873 Christiana:

251 929 528 1002 religionis
554 927 623 981 ad
647 926 763 979 haec
798 931 982 979 nostra
1014 927 1257 987 tempora
1286 919 1658 985 propagatum.
1682 907 1815 961 Νυιρ

252 1022 341 1077 lus
364 1020 509 1075 enim
532 1015 737 1070 inficias
768 1013 880 1073 ibit,
910 1011 1027 1064 haec
1047 1016 1231 1062 vetera
1252 1010 1596 1058 monumenta
1644 1011 1822 1051 mona-

255 1113 390 1169 stica
412 1108 663 1165 eximiam
685 1103 923 1158 historim
942 1097 1317 1155 ecclesiasticae
1339 1102 1546 1164 partem
1576 1102 1822 1157 compre-

255 1200 515 1263 hendere,
530 1211 651 1251 cum
664 1203 866 1250 certam
884 1187 1155 1257 Evangelii
1168 1185 1563 1241 observantiam
1581 1176 1611 1233 a
1633 1176 1823 1247 primis

257 1288 467 1347 saeculis
489 1286 737 1341 usitatam
758 1280 1060 1339 exhibeant,
1086 1285 1245 1343 atque
1270 1280 1576 1327 sanctorum
1601 1266 1824 1321 Palmm

259 1378 551 1436 nobiliores
577 1372 837 1429 asceticas
875 1366 1265 1422 admonitiones
1309 1359 1606 1432 proferant,
1631 1355 1826 1425 quibus

259 1468 507 1524 homines
550 1461 922 1519 excitabantur
945 1456 1012 1510 ad
1041 1453 1281 1508 vovenda
1319 1448 1518 1505 Christi
1558 1442 1780 1500 consilia
1806 1482 1821 1507 ,

260 1570 368 1611 non
389 1554 605 1625 quidem
629 1549 879 1605 omnibus
910 1532 1228 1599 Christianis
1256 1538 1581 1601 necessaria,
1608 1539 1701 1590 sed
1722 1533 1826 1586 illis

260 1646 353 1715 qui
374 1622 440 1698 ad
466 1656 649 1697 veram
674 1636 1055 1709 perfectionem
1089 1633 1336 1686 nituntur
1385 1628 1615 1682 condere
1656 1622 1827 1677 utilis-

259 1711 417 1790 sima.
450 1732 585 1786 Hinc
628 1727 1001 1789 convellantur
1045 1731 1364 1777 aovatorum
1396 1718 1696 1786 aliquorum
1723 1711 1827 1767 iui-

1268 350 1495 409 consx
1531 320 1986 404 assummum.
2024 374 2096 387 ..-
2127 341 2521 399 ΡιιΑῑιτΑτιο.

1842 459 1892 517 Α
1916 468 2041 508 nem
2086 461 2144 510 et
2190 452 2629 509 distributionem
2646 451 2959 505 invertere
2988 464 3099 506 non
3134 455 3460 526 -W

3366 334 3470 399 499

1916 562 2057 608 mus,
2080 546 2279 618 grande
2306 544 2575 614 piaculum
2606 543 2994 606 existimantes,
3036 542 3082 597 si
3129 545 3256 613 quid
3285 558 3352 599 ex
3395 546 3485 602 illo

1917 637 2155 700 demere,
2193 635 2277 689 vel
2298 649 2495 701 augere
2536 633 3009 703 praetenderemus,
3033 648 3159 687 cum
3191 633 3275 686 vir
3293 634 3488 688 claris-

1918 725 2088 778 simus
2113 734 2294 778 exerte
2316 733 2554 787 asserat,
2594 738 2654 777 se
2694 722 2928 791 Regulas
2956 723 3029 776 ita
3052 722 3393 778 eoordinatas
3418 723 3488 779 ad

1921 812 2079 866 fidem
2111 812 2312 867 codicis
2333 812 2667 867 Coloniensis
2694 812 2947 873 edidisse,
2974 826 3076 866 nec
3114 812 3301 865 timeat
3344 810 3491 865 afﬁr-

1919 917 2089 967 mare,
2117 902 2365 956 eumdem
2422 917 2546 956 esse
2569 900 2843 966 Codicem,
2864 916 3047 969 quemi
3068 884 3292 955 sanctus
3321 901 3490 957 Bene-

1920 994 2095 1048 dictus
2114 993 2436 1046 Anianensis
2473 992 2778 1062 collegerat.
2824 991 2964 1044 Nihil
2985 1006 3113 1061 ergo
3148 991 3487 1047 immutatum

1920 1093 2022 1149 est,
2054 1085 2145 1139 sed
2169 1085 2336 1139 codex
2370 1084 2747 1139 Holstenianus
2784 1085 2960 1154 quoad
2982 1085 3157 1139 omnia
3184 1085 3343 1138 etiam
3388 1083 3490 1138 mi-

1898 1177 2204 1231 nutissima
2227 1177 2435 1245 integer
2467 1175 2686 1245 prodiit,
2715 1184 2777 1229 ut
2796 1175 2883 1230 ille
2905 1191 2936 1229 a
2974 1175 3237 1230 Ludovico
3266 1173 3493 1240 Billaine

1921 1274 2219 1335 prmnotato
2266 1270 2408 1319 anno
2462 1265 2603 1335 typis
2652 1272 2743 1318 est
2801 1265 3116 1333 impressus.
3158 1263 3308 1329 Quod
3364 1269 3492 1318 ante

1923 1358 2213 1431 quamlibet
2236 1358 2498 1428 Regulam
2524 1357 2796 1429 praemissa
2825 1356 2894 1410 sit
2927 1355 3168 1424 quaedam
3193 1353 3492 1408 Observatio

1923 1449 2107 1503 critica
2135 1489 2150 1515 ,
2204 1450 2305 1503 hoc
2351 1449 2656 1504 nullatenus
2704 1447 3001 1518 integritati
3048 1445 3250 1501 codicis
3302 1445 3494 1499 obesse

1924 1548 2119 1610 potest,
2144 1540 2236 1593 sed
2265 1541 2441 1608 potius
2462 1540 2528 1592 ad
2562 1524 2821 1608 majorem
2847 1535 3187 1607 splendorem
3216 1533 3491 1598 conducit,

1924 1636 2082 1700 prout
2102 1628 2167 1682 ad
2188 1629 2403 1683 easdem
2431 1628 2665 1698 Regulas
2694 1627 2958 1697 prmmisit
2999 1624 3306 1679 Holstenius
3354 1622 3498 1676 testi-

1927 1721 2103 1774 monia
2152 1729 2376 1774 veterum
2415 1717 2634 1773 Patrum
2665 1719 2729 1772 de
2783 1704 3148 1784 cujuscunque
3179 1713 3392 1784 Regula:
3418 1712 3495 1769 le-
3538 1784 3547 1789 .

260 1842 384 1898 qua:
412 1821 768 1883 contumelias,
795 1818 886 1888 qui
914 1815 1291 1871 mouachatum
1329 1810 1625 1864 otiosorum
1654 1805 1827 1859 homi-

1931 1796 2205 1879 gislatore,
2230 1824 2350 1877 qua:
2373 1818 2551 1864 tamen
2586 1808 2640 1862 in
2665 1807 2834 1862 veteri
2881 1822 2983 1860 ms.
3016 1821 3121 1860 non
3149 1803 3387 1874 reperit,
3425 1817 3492 1857 ex

260 1894 391 1971 num
426 1920 624 1968 statum
660 1909 1007 1967 existimant;
1038 1918 1104 1956 ex
1135 1900 1239 1953 illis
1265 1899 1461 1967 quippe
1508 1894 1828 1949 authentieis

260 2000 632 2060 menumentis
659 1997 938 2058 discimus,
965 1989 1300 2046 doctissimos
1325 1984 1486 2040 simul
1506 1998 1570 2037 ac
1603 1982 1832 2037 sanctis.

260 2096 432 2152 simos
450 2089 738 2147 Christiani
771 2084 1004 2141 nominis
1041 2080 1293 2143 athletas,
1318 2084 1563 2132 sanctum
1601 2072 1835 2127 Athana-

268 2187 438 2250 simu,
460 2190 704 2238 sanctum
727 2176 1000 2236 Basilium,
1015 2178 1257 2225 sanctum
1280 2166 1654 2237 Augustinum,
1677 2163 1835 2216 alios-

265 2290 376 2348 que
404 2274 670 2328 maximos
704 2269 846 2322 viro.»
868 2263 1136 2319 exstitisse
1171 2260 1291 2314 vita:
1330 2257 1639 2313 monasticm
1666 2253 1836 2310 culto-

266 2382 362 2422 res
386 2374 443 2421 et
462 2363 818 2437 legislatores.
838 2357 971 2412 Hinc
994 2355 1157 2411 etiam
1182 2351 1426 2423 primarii
1453 2348 1529 2404 rei
1560 2348 1837 2402 litterariae

260 2466 660 2513 restauratores
701 2453 768 2506 ad
822 2447 1174 2504 excolendum
1219 2452 1418 2498 statum
1474 2439 1834 2494 monasticum

266 2558 611 2614 summopere
641 2544 976 2603 laborarunt,
999 2545 1184 2595 vetera
1225 2538 1571 2587 monumenta
1598 2530 1664 2583 ad
1688 2541 1839 2581 eum-

261 2639 392 2695 dem
412 2634 733 2707 pertinentia
754 2648 822 2687 ex
848 2629 1199 2685 tenebricosis
1245 2625 1692 2680 bibliothecarum
1721 2619 1840 2690 plu-

263 2728 375 2783 teis
411 2733 705 2786 eruentes,
745 2732 905 2791 atque
955 2716 1335 2774 eruditissimis
1367 2711 1839 2768 observationibus

265 2817 635 2879 illustrantes,
681 2808 1128 2882 quemadmodum
1177 2814 1233 2861 et
1273 2804 1605 2860 clarissimus
1656 2810 1840 2855 noster

266 2905 579 2961 Holstenins
610 2901 898 2973 przestitit,
947 2899 1001 2953 in
1044 2897 1316 2968 publicam
1364 2893 1538 2947 lucem
1584 2891 1838 2945 emittens

266 3001 418 3055 hunc
442 3003 760 3067 praesentem
803 2991 1118 3065 Regularum
1157 2986 1421 3051 Codicem,
1448 2999 1611 3054 quem
1644 2983 1841 3036 iterum

268 3103 521 3145 recusum
554 3086 839 3154 multisque
868 3083 989 3137 aliis
1018 3081 1355 3135 diversorum
1378 3078 1627 3133 ordinum
1659 3090 1841 3128 mona-

269 3179 533 3234 sticorum
565 3174 927 3231 monumentis
955 3170 1336 3239 ampliﬁcatum
1387 3166 1476 3221 hic
1503 3164 1837 3221 exhibemus.

296 3284 299 3287 '
989 3257 1150 3313 XLV.

348 3354 563 3411 .nterim
613 3361 823 3421 tempus
850 3356 934 3405 est
966 3359 1024 3403 ut
1060 3363 1245 3418 pauens
1276 3361 1333 3403 re
1357 3360 1574 3402 eramus
1615 3342 1746 3414 quid
1785 3341 1839 3396 in

210 3496 215 3499 .
269 3450 385 3506 hac
403 3461 537 3502 nova
558 3445 794 3500 editione
816 3434 995 3497 actum
1019 3441 1118 3505 sit;
1159 3456 1264 3493 non
1289 3437 1434 3494 enim
1458 3436 1530 3492 ob
1564 3435 1723 3489 aliam
1758 3448 1845 3487 ra-

273 3540 481 3592 tionem
506 3536 648 3590 illam
673 3534 907 3603 aggressi
928 3546 1132 3593 sumus,
1149 3529 1252 3582 nisi
1272 3527 1415 3597 quod
1435 3523 1707 3580 distractis
1732 3531 1842 3576 tam

272 3628 535 3682 Romanae
560 3640 718 3695 quam
767 3620 1086 3675 Parisiensis
1115 3618 1408 3673 editionum
1448 3613 1845 3683 exemplaribus

274 3717 468 3791 plures
508 3717 604 3770 viri
647 3714 789 3770 docti
828 3718 1325 3781 conquererentur,
1375 3724 1434 3764 se
1477 3708 1608 3761 tanti
1666 3705 1846 3774 operis

1927 1914 2031 1966 quo
2061 1897 2312 1953 Codicem
2339 1898 2661 1969 Regularum
2691 1896 2996 1963 exscripsit.
3028 1893 3137 1949 Nec
3159 1909 3290 1949 sane
3317 1891 3499 1962 magni

1931 1990 2017 2045 ref
2032 1999 2116 2055 τι,
2145 1990 2287 2059 quod
2318 1989 2371 2043 iu
2402 1989 2503 2044 hac
2531 2004 2666 2044 nova
2696 1988 2931 2042 editione
2965 1985 3243 2039 Materiam
3290 1983 3499 2037 Disser-

1933 2081 2142 2135 tatiom‘s
2160 2080 2483 2133 Prommiatis
2500 2077 2603 2133 alio
2618 2078 2805 2132 ordine
2822 2075 3116 2132 referamus
3130 2091 3153 2141 .;
3184 2074 3286 2128 hoc
3303 2073 3499 2142 quippe

1932 2173 2075 2228 haud
2096 2174 2200 2226 alio
2222 2172 2325 2225 fine
2352 2170 2551 2224 factum
2575 2178 2676 2234 est,
2703 2170 2804 2233 nisi
2833 2178 2893 2222 ut
2919 2168 3117 2223 clarius
3161 2180 3312 2230 mens
3334 2162 3500 2235 primi

1933 2263 2154 2319 editoris
2176 2262 2499 2325 innotescat,
2527 2261 2619 2328 qui
2659 2266 2981 2328 pnematura
3014 2266 3186 2311 morte
3219 2262 3501 2325 surreptas

1932 2352 2037 2407 hoc
2073 2351 2391 2419 prooemium
2413 2364 2519 2402 non
2540 2348 2799 2412 condidit,
2829 2346 2922 2402 sed
2951 2345 3095 2400 aliud
3124 2345 3291 2413 magis
3317 2342 3499 2397 elabo-

1933 2451 2109 2497 ratum
2159 2439 2541 2502 medit'ibatur,
2572 2444 2749 2513 prout‘
2778 2451 2940 2505 supra
2987 2434 3405 2505 prmnotavimus
3432 2445 3501 2486 ex

1933 2530 2234 2587 clarissimo
2257 2526 2576 2589 Mabillonio,
2618 2533 2925 2580 asserentes
2949 2525 3052 2578 hoc
3080 2521 3399 2591 prooemium
3428 2533 3494 2575 ex

1936 2621 2235 2692 posthumis
2257 2617 2518 2674 Holstenii
2564 2614 2779 2672 schedis
2809 2613 3043 2668 Leonem
3071 2602 3326 2666 Allatium
3362 2623 3511 2665 com-

1934 2714 2201 2785 posuisse.

2627 2798 2830 2854 XLVII.
3455 2862 3459 2867 ι

2008 2894 2160 2962 Quod
2188 2902 2368 2948 autem
2411 2890 2803 2947 Observationes
2835 2896 2961 2944 ante
2989 2884 3281 2956 quamlibet
3318 2876 3502 2954 Regu-

1940 2983 2045 3040 lam
2072 2985 2379 3056 praamissas
2420 2983 2632 3043 attinet,
2663 2988 2718 3035 et
2760 2972 2880 3033 illas
2903 2977 3294 3048 quodammodo
3329 2989 3514 3030 neces-

1943 3077 2114 3131 sarias
2139 3076 2410 3139 duximus,
2443 3081 2503 3127 ut
2553 3088 2648 3142 per
2686 3071 2902 3126 easdem
2955 3068 3242 3135 cujuslibet
3292 3066 3510 3138 Regula:

1867 3126 1912 3191 Ο
1942 3182 2067 3219 vera
2091 3165 2229 3218 ratio
2249 3171 2448 3232 pateat,
2477 3170 2531 3215 et
2553 3126 2652 3215 sub
2682 3174 2788 3214 uno
2812 3158 3000 3213 obtutu
3020 3126 3191 3210 vduhia
3217 3155 3362 3223 circa
3373 3126 3505 3210 Vlie-

1939 3254 2183 3324 gularum
2210 3252 2538 3323 legislatores
2568 3248 2927 3311 obveuieutia,
2956 3244 3339 3300 dissolvantur.
3366 3243 3507 3300 Hinc

1938 3354 1995 3402 et
2029 3345 2419 3399 Observationes
2443 3342 2649 3396 criticas
2679 3337 3089 3394 nominavimus.
3126 3334 3183 3390 Si
3206 3335 3328 3403 quis
3371 3332 3514 3388 enim

1940 3445 2114 3492 artem
2141 3436 2385 3490 criticam
2434 3447 2568 3487 sano
2618 3445 2778 3485 sensu
2814 3427 3140 3490 consideret,
3175 3432 3301 3479 tunc
3327 3422 3516 3493 praefa-

1943 3536 2024 3583 tas
2048 3527 2451 3583 observationes
2473 3537 2598 3577 vere
2625 3521 2842 3576 criticas
2873 3531 3165 3588 agnoscere
3191 3516 3512 3577 debet,cum

1945 3619 2011 3674 de
2047 3618 2287 3687 qualibet
2308 3614 2508 3684 Regula
2537 3614 2759 3683 ejusque
2778 3619 2997 3664 auctore
3018 3607 3221 3676 justum
3235 3614 3291 3660 et
3301 3618 3516 3672 aequum

1940 3710 2201 3780 judicium
2229 3706 2526 3777 proferant,
2564 3706 2630 3758 de
2656 3702 3036 3758 eruditissimis
3070 3714 3250 3754 rerum
3308 3698 3522 3767 religio-

270 3789 513 3863 tltilitate
536 3803 1068 3876 privari.pr2esertim
1090 3816 1211 3855 cum
1248 3800 1303 3852 in
1330 3797 1616 3852 Germania
1650 3797 1852 3849 huCus-
1946 3814 2128 3853 sarum
2157 3796 2530 3866 scriptoribus,
2566 3792 2891 3855 Mabillonio,
2916 3790 3178 3854 Calmeto,
3205 3798 3261 3843 et
3282 3789 3519 3843 Edmun-

269 3911 391 3968 que
429 3895 569 3950 nulla
612 3894 850 3961 ejusdem
884 3890 1262 3961 comparuerit.
1315 3886 1643 3953 Comparato
1688 3885 1849 3955 igitur

269 3985 544 4042 Editionis
561 3984 816 4040 Parisios:
839 3981 1128 4052 exemplari
1160 3993 1299 4033 anno
1334 3977 1467 4031 1663
1514 3992 1543 4029 a
1570 3975 1843 4030 Ludovico

266 4075 505 4132 Billaiue
531 4074 718 4139 factae,
772 4071 1098 4144 percelebris
1122 4067 1409 4137 bibliopola
1450 4065 1793 4136 Augustanus
1820 4075 1847 4104 ει

271 4166 546 4223 Martinus
572 4168 730 4223 Veith
762 4181 952 4221 novam
1006 4165 1147 4219 hanc
1173 4162 1416 4217 meditari
1469 4161 1653 4230 erepit,
1686 4159 1851 4214 variis

264 4258 678 4316 Additamentis
720 4265 965 4321 auctam,
1017 4270 1245 4324 eamque
1291 4254 1344 4307 in
1385 4252 1542 4317 folio;
1590 4260 1852 4320 quatenus

1948 3892 2014 3947 do
2045 3891 2280 3945 Martene
2325 3889 2685 3957 desumptum.
2720 3885 2835 3940 Non
2870 3883 3012 3937 enim
3047 3896 3113 3936 eo
3158 3880 3387 3936 consilio
3429 3879 3523 3934 ob-

1948 3981 2280 4040 servationes
2304 3978 2643 4033 exaravimus
2669 4015 2684 4040 ,
2733 3984 2793 4028 ut
2817 3966 3062 4028 censoris
3087 3969 3323 4024 officium
3360 3983 3522 4023 usur-

1946 4087 2219 4144 paremus,
2244 4068 2337 4123 sed
2357 4068 2697 4124 solummodo
2720 4066 2945 4120 aliorum
2985 4050 3264 4119 doctorum
3305 4060 3514 4132 judicia

1948 4162 2189 4235 proferre
2209 4160 2496 4223 voluimus,
2520 4166 2580 4211 ut
2599 4172 2664 4212 ex
2709 4159 2870 4210 rebus
2898 4154 3023 4215 ,illis
3042 4172 3047 4176 δ
3064 4168 3161 4208 sua
3196 4152 3517 4221 antiquitate

1950 4253 2194 4331 obscuris
2221 4251 2421 4306 veritas
2449 4249 2620 4319 magis
2663 4246 2948 4301 elucescat.
2978 4243 3094 4297 Non
3123 4241 3439 4304 diffitemur,
3463 4239 3518 4293 in

264 4351 429 4410 idem
465 4349 643 4405 Codex
678 4349 756 4405 sic
779 4346 1135 4416 ampliticatus
1162 4345 1218 4403 in
1251 4342 1387 4411 justi
1422 4342 1712 4397 voluminis
1741 4355 1854 4394 mo-
1952 4343 2038 4396 his
2062 4340 2527 4395 observationibus
2548 4336 2791 4407 quredam
2813 4336 2949 4389 scitu
2977 4334 3133 4401 digna
3164 4332 3386 4392 omissa,
3411 4342 3519 4382 non

268 4440 393 4523 lem
428 4444 781 4501 accresceret,
808 4435 1163 4490 celebriorum
1212 4433 1483 4496 ordinum,
1508 4439 1617 4484 tam
1666 4431 2150 4525 mona—Dstudio,
2182 4430 2275 4483 sed
2320 4442 2387 4482 ex
2427 4429 2656 4496 quadam
2695 4425 2903 4478 illarum
2946 4435 3125 4476 rerum
3178 4417 3480 4487 ignorantia
3504 4456 3520 4482 ,

1226 4524 1249 4525 ί
1377 4523 1387 4525 _
1605 4521 1626 4525 _
1719 4521 1730 4525 -
2315 4514 2337 4525 -
2399 4515 2431 4525 ..
2639 4513 2728 4525 ..
2993 4516 3006 4525 .
3063 4506 3219 4525 __
3277 4518 3387 4525 ---μ
3429 4503 3489 4525 λ-

271 4518 544 4587 stimrum
584 4544 746 4598 quam
793 4527 1196 4589 canonicorum,
1222 4523 1455 4593 Regulos
1503 4530 1559 4577 et
1605 4503 1930 4576 Instituta"l
1956 4533 2074 4587 qua:
2104 4525 2280 4570 tamen
2312 4514 2466 4569 facile
2499 4513 2730 4582 suppleri
2790 4516 3013 4580 possunt
3055 4522 3122 4560 ex
3157 4506 3242 4566 iis,
3271 4518 3390 4574 quae
3425 4503 3522 4556 do-

271 4620 598 4689 amtplexus
648 4627 809 4688 atque
836 4618 889 4671 in
914 4632 1007 4672 sex
1038 4626 1211 4671 tomos
1242 4614 1464 4669 divisus.

980 4705 1161 4760 XLVI.

364 4803 433 4856 Et
456 4803 668 4872 quidem
713 4809 890 4855 tomus
919 4801 1121 4870 primus
1150 4801 1323 4869 ipsum
1354 4798 1595 4851 Codicem
1628 4794 1857 4864 Regula-

274 4909 410 4948 rum
448 4892 515 4945 ab
541 4890 818 4946 llulstenio
852 4880 1067 4945 editum
1100 4888 1493 4956 complectitur,
1523 4886 1677 4957 cujus
1710 4885 1857 4940 ordi-

1954 4608 2228 4664 ctissimus
2257 4604 2538 4658 Menardus
2565 4600 2824 4671 praemisit
2861 4599 2926 4653 ad
2957 4594 3302 4651 Concordiam
3354 4591 3522 4663 Regu-

1958 4697 2152 4761 larum,
2182 4694 2323 4765 quod
2370 4692 2625 4748 eximium
2677 4704 2812 4758 opus
2851 4689 2914 4742 al
2957 4700 3149 4741 manus
3204 4697 3350 4737 meas
3409 4695 3518 4735 non

1958 4785 2222 4857 pervenit,
2255 4784 2355 4838 ιιὶοἱ
2378 4791 2500 4854 post
2542 4780 2655 4851 jam
2684 4782 2970 4850 impressas
2993 4774 3396 4833 observationes
3417 4768 3526 4825 cri-

1960 4883 2115 4936 ticas.

363 5060 388 5089 ι
432 5045 601 5103 Morte
628 5060 767 5101 anno
797 5044 931 5101 I755
962 5051 1289 5116 praeventus,
1322 5042 1483 5098 ﬁnem
1506 5049 1659 5097 vasto
1685 5016 1833 5110 operi
1872 5037 2252 5109 imponendum
2294 5032 2419 5090 ﬁliis
2446 5033 2558 5090 suis
2595 5030 2828 5102 reliquit.
