  <div class='ocr_page' id='page_1' title='image "/cluster/home/n/w/nwhite01/storage/ocr_20150623/103/hvd.32044015466816/218.png"; bbox 0 0 4004 6328; ppageno 0'>
   <div class='ocr_carea' id='block_1_1' title="bbox 218 391 330 457">
    <p class='ocr_par' dir='ltr' id='par_1_1' title="bbox 218 391 330 457">
     <span class='ocr_line' id='line_1_1' title="bbox 218 391 330 457; baseline 0 0"><span class='ocrx_word' id='word_1_1' title='bbox 218 391 330 457; x_wconf 67' lang='grc'><strong>(85</strong></span> 
     </span>
    </p>
   </div>
   <div class='ocr_carea' id='block_1_2' title="bbox 858 390 1779 456">
    <p class='ocr_par' dir='ltr' id='par_1_2' title="bbox 858 393 1779 456">
     <span class='ocr_line' id='line_1_2' title="bbox 858 393 1779 456; baseline -0.007 0"><span class='ocrx_word' id='word_1_2' title='bbox 858 396 1086 456; x_wconf 83' lang='lat' dir='ltr'><strong>CODEX</strong></span> <span class='ocrx_word' id='word_1_3' title='bbox 1122 393 1577 456; x_wconf 78' lang='lat' dir='ltr'><strong>REGULARUM.</strong></span> <span class='ocrx_word' id='word_1_4' title='bbox 1616 423 1687 438; x_wconf 89' lang='lat'><em>-</em></span> <span class='ocrx_word' id='word_1_5' title='bbox 1723 393 1779 451; x_wconf 75' lang='lat' dir='ltr'><strong>PI</strong></span> 
     </span>
    </p>
   </div>
   <div class='ocr_carea' id='block_1_3' title="bbox 1905 390 2782 456">
    <p class='ocr_par' dir='ltr' id='par_1_3' title="bbox 1939 390 2782 453">
     <span class='ocr_line' id='line_1_3' title="bbox 1939 390 2782 453; baseline 0.002 -3"><span class='ocrx_word' id='word_1_6' title='bbox 1939 393 1982 451; x_wconf 87' lang='grc' dir='ltr'><strong>Ι.</strong></span> <span class='ocrx_word' id='word_1_7' title='bbox 2018 391 2324 453; x_wconf 72' lang='grc' dir='ltr'><strong>ΒΕϐυῐηΕ</strong></span> <span class='ocrx_word' id='word_1_8' title='bbox 2360 392 2464 451; x_wconf 82' lang='grc' dir='ltr'><strong>ΡΡ.</strong></span> <span class='ocrx_word' id='word_1_9' title='bbox 2505 390 2782 452; x_wconf 78' lang='lat' dir='ltr'><strong>ORIENT.</strong></span> 
     </span>
    </p>
   </div>
   <div class='ocr_carea' id='block_1_4' title="bbox 3349 391 3460 452">
    <p class='ocr_par' dir='ltr' id='par_1_4' title="bbox 3349 391 3460 452">
     <span class='ocr_line' id='line_1_4' title="bbox 3349 391 3460 452; baseline 0.018 -2"><span class='ocrx_word' id='word_1_10' title='bbox 3349 391 3460 452; x_wconf 69' lang='grc'><strong>428</strong></span> 
     </span>
    </p>
   </div>
   <div class='ocr_carea' id='block_1_5' title="bbox 222 500 3460 588">
    <p class='ocr_par' dir='ltr' id='par_1_5' title="bbox 222 500 3460 588">
     <span class='ocr_line' id='line_1_5' title="bbox 222 500 3460 588; baseline -0 -27"><span class='ocrx_word' id='word_1_11' title='bbox 222 519 386 578; x_wconf 88' lang='lat' dir='ltr'><strong>quam</strong></span> <span class='ocrx_word' id='word_1_12' title='bbox 419 505 604 560; x_wconf 76' lang='lat' dir='ltr'><strong>Induat</strong></span> <span class='ocrx_word' id='word_1_13' title='bbox 646 502 923 573; x_wconf 88' lang='lat' dir='ltr'><strong>habitum,</strong></span> <span class='ocrx_word' id='word_1_14' title='bbox 962 522 1032 562; x_wconf 92' lang='lat' dir='ltr'><strong>ne</strong></span> <span class='ocrx_word' id='word_1_15' title='bbox 1064 508 1378 564; x_wconf 69' lang='lat' dir='ltr'><strong>reconciliet</strong></span> <span class='ocrx_word' id='word_1_16' title='bbox 1415 508 1627 562; x_wconf 78' lang='lat' dir='ltr'><strong>hostem</strong></span> <span class='ocrx_word' id='word_1_17' title='bbox 1670 505 1786 560; x_wconf 87' lang='lat' dir='ltr'><strong>dia--</strong></span> <span class='ocrx_word' id='word_1_18' title='bbox 1815 526 1869 588; x_wconf 64' lang='grc' dir='ltr'><strong>Α</strong></span> <span class='ocrx_word' id='word_1_19' title='bbox 1894 512 2058 574; x_wconf 88' lang='lat' dir='ltr'><strong>atque</strong></span> <span class='ocrx_word' id='word_1_20' title='bbox 2091 505 2195 562; x_wconf 89' lang='lat' dir='ltr'><strong>die.</strong></span> <span class='ocrx_word' id='word_1_21' title='bbox 2240 504 2490 561; x_wconf 85' lang='lat' dir='ltr'><strong>Accende</strong></span> <span class='ocrx_word' id='word_1_22' title='bbox 2514 504 2815 574; x_wconf 81' lang='lat' dir='ltr'><strong>lampadem</strong></span> <span class='ocrx_word' id='word_1_23' title='bbox 2857 511 3005 557; x_wconf 90' lang='lat' dir='ltr'><strong>tuam</strong></span> <span class='ocrx_word' id='word_1_24' title='bbox 3035 500 3155 558; x_wconf 87' lang='lat' dir='ltr'><strong>oleo</strong></span> <span class='ocrx_word' id='word_1_25' title='bbox 3181 502 3460 560; x_wconf 86' lang='lat' dir='ltr'><strong>oculorum</strong></span> 
     </span>
    </p>
   </div>
   <div class='ocr_carea' id='block_1_6' title="bbox 223 597 1784 671">
    <p class='ocr_par' dir='ltr' id='par_1_6' title="bbox 223 597 1784 671">
     <span class='ocr_line' id='line_1_6' title="bbox 223 597 1784 671; baseline -0.001 -17"><span class='ocrx_word' id='word_1_26' title='bbox 223 599 437 665; x_wconf 85' lang='lat' dir='ltr'><strong>bolum;</strong></span> <span class='ocrx_word' id='word_1_27' title='bbox 474 612 648 668; x_wconf 89' lang='lat' dir='ltr'><strong>neque</strong></span> <span class='ocrx_word' id='word_1_28' title='bbox 685 600 848 655; x_wconf 85' lang='lat' dir='ltr'><strong>cubes</strong></span> <span class='ocrx_word' id='word_1_29' title='bbox 883 615 1047 671; x_wconf 84' lang='lat' dir='ltr'><strong>super</strong></span> <span class='ocrx_word' id='word_1_30' title='bbox 1076 601 1265 657; x_wconf 87' lang='lat' dir='ltr'><strong>eadem</strong></span> <span class='ocrx_word' id='word_1_31' title='bbox 1302 607 1484 657; x_wconf 90' lang='lat' dir='ltr'><strong>storea</strong></span> <span class='ocrx_word' id='word_1_32' title='bbox 1523 614 1647 656; x_wconf 88' lang='lat' dir='ltr'><strong>cum</strong></span> <span class='ocrx_word' id='word_1_33' title='bbox 1679 597 1784 654; x_wconf 87' lang='lat' dir='ltr'><strong>mi-</strong></span> 
     </span>
    </p>
   </div>
   <div class='ocr_carea' id='block_1_7' title="bbox 223 696 449 745">
    <p class='ocr_par' dir='ltr' id='par_1_7' title="bbox 223 696 449 745">
     <span class='ocr_line' id='line_1_7' title="bbox 223 696 449 745; baseline -0.018 0"><span class='ocrx_word' id='word_1_34' title='bbox 223 704 352 745; x_wconf 89' lang='lat' dir='ltr'><strong>nore</strong></span> <span class='ocrx_word' id='word_1_35' title='bbox 376 696 449 742; x_wconf 91' lang='lat' dir='ltr'><strong>te.</strong></span> 
     </span>
    </p>
   </div>
   <div class='ocr_carea' id='block_1_8' title="bbox 289 777 1788 858">
    <p class='ocr_par' dir='ltr' id='par_1_8' title="bbox 289 777 1788 858">
     <span class='ocr_line' id='line_1_8' title="bbox 289 777 1788 858; baseline -0.001 -23"><span class='ocrx_word' id='word_1_36' title='bbox 289 779 376 835; x_wconf 90' lang='lat' dir='ltr'><strong>IV.</strong></span> <span class='ocrx_word' id='word_1_37' title='bbox 420 777 586 834; x_wconf 85' lang='lat' dir='ltr'><strong>Serva</strong></span> <span class='ocrx_word' id='word_1_38' title='bbox 624 779 789 835; x_wconf 90' lang='lat' dir='ltr'><strong>etiam</strong></span> <span class='ocrx_word' id='word_1_39' title='bbox 832 781 998 837; x_wconf 87' lang='lat' dir='ltr'><strong>horas</strong></span> <span class='ocrx_word' id='word_1_40' title='bbox 1035 784 1376 858; x_wconf 75' lang='lat' dir='ltr'><strong>orationum,</strong></span> <span class='ocrx_word' id='word_1_41' title='bbox 1423 796 1524 836; x_wconf 89' lang='lat' dir='ltr'><strong>nec</strong></span> <span class='ocrx_word' id='word_1_42' title='bbox 1566 788 1788 851; x_wconf 70' lang='lat' dir='ltr'><strong>praeter-</strong></span> 
     </span>
    </p>
   </div>
   <div class='ocr_carea' id='block_1_9' title="bbox 219 868 1696 944">
    <p class='ocr_par' dir='ltr' id='par_1_9' title="bbox 219 868 1696 944">
     <span class='ocr_line' id='line_1_9' title="bbox 219 868 1696 944; baseline 0 -21"><span class='ocrx_word' id='word_1_43' title='bbox 219 869 400 924; x_wconf 87' lang='lat' dir='ltr'><strong>mittas</strong></span> <span class='ocrx_word' id='word_1_44' title='bbox 428 868 590 922; x_wconf 89' lang='lat' dir='ltr'><strong>ullam</strong></span> <span class='ocrx_word' id='word_1_45' title='bbox 619 883 828 936; x_wconf 89' lang='lat' dir='ltr'><strong>earum,</strong></span> <span class='ocrx_word' id='word_1_46' title='bbox 859 885 927 926; x_wconf 91' lang='lat' dir='ltr'><strong>ne</strong></span> <span class='ocrx_word' id='word_1_47' title='bbox 951 872 1217 928; x_wconf 88' lang='lat' dir='ltr'><strong>rationem</strong></span> <span class='ocrx_word' id='word_1_48' title='bbox 1244 888 1342 944; x_wconf 92' lang='lat' dir='ltr'><strong>pro</strong></span> <span class='ocrx_word' id='word_1_49' title='bbox 1366 871 1457 927; x_wconf 87' lang='lat' dir='ltr'><strong>illa</strong></span> <span class='ocrx_word' id='word_1_50' title='bbox 1483 871 1696 926; x_wconf 85' lang='lat' dir='ltr'><strong>reddas.</strong></span> 
     </span>
    </p>
   </div>
   <div class='ocr_carea' id='block_1_10' title="bbox 287 959 1789 1035">
    <p class='ocr_par' dir='ltr' id='par_1_10' title="bbox 287 959 1789 1035">
     <span class='ocr_line' id='line_1_10' title="bbox 287 959 1789 1035; baseline -0.001 -19"><span class='ocrx_word' id='word_1_51' title='bbox 287 961 351 1016; x_wconf 87' lang='lat' dir='ltr'><strong>V.</strong></span> <span class='ocrx_word' id='word_1_52' title='bbox 393 959 470 1016; x_wconf 89' lang='lat' dir='ltr'><strong>Ne</strong></span> <span class='ocrx_word' id='word_1_53' title='bbox 493 961 800 1033; x_wconf 87' lang='lat' dir='ltr'><strong>obstringas</strong></span> <span class='ocrx_word' id='word_1_54' title='bbox 824 971 1084 1035; x_wconf 67' lang='lat' dir='ltr'><strong>mgrotum</strong></span> <span class='ocrx_word' id='word_1_55' title='bbox 1111 965 1179 1020; x_wconf 90' lang='lat' dir='ltr'><strong>ad</strong></span> <span class='ocrx_word' id='word_1_56' title='bbox 1207 963 1660 1027; x_wconf 85' lang='lat' dir='ltr'><strong>manducandum,</strong></span> <span class='ocrx_word' id='word_1_57' title='bbox 1690 974 1789 1015; x_wconf 90' lang='lat' dir='ltr'><strong>nec</strong></span> 
     </span>
    </p>
   </div>
   <div class='ocr_carea' id='block_1_11' title="bbox 216 1047 1789 1118">
    <p class='ocr_par' dir='ltr' id='par_1_11' title="bbox 216 1047 1789 1118">
     <span class='ocr_line' id='line_1_11' title="bbox 216 1047 1789 1118; baseline -0.001 -13"><span class='ocrx_word' id='word_1_58' title='bbox 216 1049 460 1105; x_wconf 78' lang='lat' dir='ltr'><strong>retrahas</strong></span> <span class='ocrx_word' id='word_1_59' title='bbox 495 1049 564 1105; x_wconf 91' lang='lat' dir='ltr'><strong>ab</strong></span> <span class='ocrx_word' id='word_1_60' title='bbox 593 1049 685 1106; x_wconf 90' lang='lat' dir='ltr'><strong>illo</strong></span> <span class='ocrx_word' id='word_1_61' title='bbox 718 1051 918 1118; x_wconf 85' lang='lat' dir='ltr'><strong>cibum,</strong></span> <span class='ocrx_word' id='word_1_62' title='bbox 949 1068 1018 1108; x_wconf 93' lang='lat' dir='ltr'><strong>ne</strong></span> <span class='ocrx_word' id='word_1_63' title='bbox 1044 1054 1332 1110; x_wconf 77' lang='lat' dir='ltr'><strong>conturbes</strong></span> <span class='ocrx_word' id='word_1_64' title='bbox 1361 1051 1600 1108; x_wconf 89' lang='lat' dir='ltr'><strong>animam</strong></span> <span class='ocrx_word' id='word_1_65' title='bbox 1645 1047 1789 1104; x_wconf 90' lang='lat' dir='ltr'><strong>illius</strong></span> 
     </span>
    </p>
   </div>
   <div class='ocr_carea' id='block_1_12' title="bbox 218 1139 469 1195">
    <p class='ocr_par' dir='ltr' id='par_1_12' title="bbox 218 1139 469 1195">
     <span class='ocr_line' id='line_1_12' title="bbox 218 1139 469 1195; baseline -0.008 0"><span class='ocrx_word' id='word_1_66' title='bbox 218 1139 469 1195; x_wconf 87' lang='lat' dir='ltr'><strong>aIIlictam</strong></span> 
     </span>
    </p>
   </div>
   <div class='ocr_carea' id='block_1_13' title="bbox 288 1229 1788 1308">
    <p class='ocr_par' dir='ltr' id='par_1_13' title="bbox 288 1229 1788 1308">
     <span class='ocr_line' id='line_1_13' title="bbox 288 1229 1788 1308; baseline 0.003 -24"><span class='ocrx_word' id='word_1_67' title='bbox 288 1229 372 1284; x_wconf 85' lang='lat' dir='ltr'><strong>VI.</strong></span> <span class='ocrx_word' id='word_1_68' title='bbox 416 1230 474 1285; x_wconf 89' lang='lat' dir='ltr'><strong>Si</strong></span> <span class='ocrx_word' id='word_1_69' title='bbox 506 1231 714 1288; x_wconf 79' lang='lat' dir='ltr'><strong>venerit</strong></span> <span class='ocrx_word' id='word_1_70' title='bbox 753 1233 821 1288; x_wconf 91' lang='lat' dir='ltr'><strong>ad</strong></span> <span class='ocrx_word' id='word_1_71' title='bbox 856 1242 909 1290; x_wconf 89' lang='lat' dir='ltr'><strong>te</strong></span> <span class='ocrx_word' id='word_1_72' title='bbox 939 1235 1136 1307; x_wconf 88' lang='lat' dir='ltr'><strong>aliquis</strong></span> <span class='ocrx_word' id='word_1_73' title='bbox 1165 1235 1334 1294; x_wconf 86' lang='lat' dir='ltr'><strong>frater</strong></span> <span class='ocrx_word' id='word_1_74' title='bbox 1359 1243 1482 1308; x_wconf 92' lang='lat' dir='ltr'><strong>post</strong></span> <span class='ocrx_word' id='word_1_75' title='bbox 1529 1234 1788 1306; x_wconf 89' lang='lat' dir='ltr'><strong>temporis</strong></span> 
     </span>
    </p>
   </div>
   <div class='ocr_carea' id='block_1_14' title="bbox 214 1319 1786 1399">
    <p class='ocr_par' dir='ltr' id='par_1_14' title="bbox 214 1319 1786 1399">
     <span class='ocr_line' id='line_1_14' title="bbox 214 1319 1786 1399; baseline 0.004 -25"><span class='ocrx_word' id='word_1_76' title='bbox 214 1319 576 1389; x_wconf 84' lang='lat' dir='ltr'><strong>intervallum,</strong></span> <span class='ocrx_word' id='word_1_77' title='bbox 611 1322 791 1379; x_wconf 83' lang='lat' dir='ltr'><strong>laetare</strong></span> <span class='ocrx_word' id='word_1_78' title='bbox 834 1325 900 1380; x_wconf 91' lang='lat' dir='ltr'><strong>de</strong></span> <span class='ocrx_word' id='word_1_79' title='bbox 933 1327 1062 1382; x_wconf 89' lang='lat' dir='ltr'><strong>illo:</strong></span> <span class='ocrx_word' id='word_1_80' title='bbox 1091 1328 1292 1399; x_wconf 75' lang='lat' dir='ltr'><strong>gratias</strong></span> <span class='ocrx_word' id='word_1_81' title='bbox 1329 1328 1476 1383; x_wconf 91' lang='lat' dir='ltr'><strong>enim</strong></span> <span class='ocrx_word' id='word_1_82' title='bbox 1516 1335 1640 1398; x_wconf 90' lang='lat' dir='ltr'><strong>aget</strong></span> <span class='ocrx_word' id='word_1_83' title='bbox 1675 1327 1786 1380; x_wconf 90' lang='lat' dir='ltr'><strong>Deo</strong></span> 
     </span>
    </p>
   </div>
   <div class='ocr_carea' id='block_1_15' title="bbox 211 1410 1786 1482">
    <p class='ocr_par' dir='ltr' id='par_1_15' title="bbox 211 1410 1786 1482">
     <span class='ocr_line' id='line_1_15' title="bbox 211 1410 1786 1482; baseline 0.004 -18"><span class='ocrx_word' id='word_1_84' title='bbox 211 1420 270 1465; x_wconf 87' lang='lat' dir='ltr'><strong>et</strong></span> <span class='ocrx_word' id='word_1_85' title='bbox 296 1410 411 1465; x_wconf 91' lang='lat' dir='ltr'><strong>tibi.</strong></span> <span class='ocrx_word' id='word_1_86' title='bbox 445 1410 701 1467; x_wconf 80' lang='lat' dir='ltr'><strong>Saeculari</strong></span> <span class='ocrx_word' id='word_1_87' title='bbox 731 1414 874 1470; x_wconf 92' lang='lat' dir='ltr'><strong>nullo</strong></span> <span class='ocrx_word' id='word_1_88' title='bbox 905 1417 1063 1472; x_wconf 93' lang='lat' dir='ltr'><strong>modo</strong></span> <span class='ocrx_word' id='word_1_89' title='bbox 1084 1417 1522 1482; x_wconf 88' lang='lat' dir='ltr'><strong>commiscearis;</strong></span> <span class='ocrx_word' id='word_1_90' title='bbox 1553 1430 1656 1472; x_wconf 89' lang='lat' dir='ltr'><strong>nec</strong></span> <span class='ocrx_word' id='word_1_91' title='bbox 1696 1430 1786 1470; x_wconf 90' lang='lat' dir='ltr'><strong>os-</strong></span> 
     </span>
    </p>
   </div>
   <div class='ocr_carea' id='block_1_16' title="bbox 213 1504 1788 1580">
    <p class='ocr_par' dir='ltr' id='par_1_16' title="bbox 213 1504 1788 1580">
     <span class='ocr_line' id='line_1_16' title="bbox 213 1504 1788 1580; baseline 0.003 -22"><span class='ocrx_word' id='word_1_92' title='bbox 213 1511 388 1559; x_wconf 87' lang='lat' dir='ltr'><strong>tentes</strong></span> <span class='ocrx_word' id='word_1_93' title='bbox 421 1504 671 1575; x_wconf 89' lang='lat' dir='ltr'><strong>teipsum,</strong></span> <span class='ocrx_word' id='word_1_94' title='bbox 703 1505 844 1561; x_wconf 90' lang='lat' dir='ltr'><strong>sicut</strong></span> <span class='ocrx_word' id='word_1_95' title='bbox 865 1506 1174 1564; x_wconf 63' lang='lat' dir='ltr'><strong>Pharisaaus</strong></span> <span class='ocrx_word' id='word_1_96' title='bbox 1207 1508 1299 1564; x_wconf 92' lang='lat' dir='ltr'><strong>ille</strong></span> <span class='ocrx_word' id='word_1_97' title='bbox 1332 1510 1424 1580; x_wconf 89' lang='lat' dir='ltr'><strong>qui</strong></span> <span class='ocrx_word' id='word_1_98' title='bbox 1452 1508 1520 1564; x_wconf 92' lang='lat' dir='ltr'><strong>ad</strong></span> <span class='ocrx_word' id='word_1_99' title='bbox 1547 1514 1788 1564; x_wconf 80' lang='lat' dir='ltr'><strong>ostenta-</strong></span> 
     </span>
    </p>
   </div>
   <div class='ocr_carea' id='block_1_17' title="bbox 209 1594 986 1672">
    <p class='ocr_par' dir='ltr' id='par_1_17' title="bbox 209 1594 986 1672">
     <span class='ocr_line' id='line_1_17' title="bbox 209 1594 986 1672; baseline 0.008 -22"><span class='ocrx_word' id='word_1_100' title='bbox 209 1594 414 1651; x_wconf 86' lang='lat' dir='ltr'><strong>tionem</strong></span> <span class='ocrx_word' id='word_1_101' title='bbox 439 1596 620 1651; x_wconf 87' lang='lat' dir='ltr'><strong>omnia</strong></span> <span class='ocrx_word' id='word_1_102' title='bbox 647 1612 744 1654; x_wconf 89' lang='lat' dir='ltr'><strong>sua</strong></span> <span class='ocrx_word' id='word_1_103' title='bbox 774 1599 986 1672; x_wconf 78' lang='lat' dir='ltr'><strong>agebat.</strong></span> 
     </span>
    </p>
   </div>
   <div class='ocr_carea' id='block_1_18' title="bbox 282 1683 1785 1758">
    <p class='ocr_par' dir='ltr' id='par_1_18' title="bbox 282 1683 1785 1758">
     <span class='ocr_line' id='line_1_18' title="bbox 282 1683 1785 1758; baseline 0.004 -19"><span class='ocrx_word' id='word_1_104' title='bbox 282 1683 388 1740; x_wconf 90' lang='lat' dir='ltr'><strong>VII.</strong></span> <span class='ocrx_word' id='word_1_105' title='bbox 429 1683 539 1741; x_wconf 85' lang='lat' dir='ltr'><strong>Nec</strong></span> <span class='ocrx_word' id='word_1_106' title='bbox 578 1689 898 1758; x_wconf 88' lang='lat' dir='ltr'><strong>appropiare</strong></span> <span class='ocrx_word' id='word_1_107' title='bbox 944 1690 1093 1746; x_wconf 88' lang='lat' dir='ltr'><strong>sinas</strong></span> <span class='ocrx_word' id='word_1_108' title='bbox 1121 1691 1190 1746; x_wconf 92' lang='lat' dir='ltr'><strong>ad</strong></span> <span class='ocrx_word' id='word_1_109' title='bbox 1221 1699 1274 1747; x_wconf 90' lang='lat' dir='ltr'><strong>te</strong></span> <span class='ocrx_word' id='word_1_110' title='bbox 1313 1690 1635 1758; x_wconf 88' lang='lat' dir='ltr'><strong>mulierem,</strong></span> <span class='ocrx_word' id='word_1_111' title='bbox 1683 1704 1785 1746; x_wconf 90' lang='lat' dir='ltr'><strong>nec</strong></span> 
     </span>
    </p>
   </div>
   <div class='ocr_carea' id='block_1_19' title="bbox 206 1766 1785 1851">
    <p class='ocr_par' dir='ltr' id='par_1_19' title="bbox 206 1766 1785 1851">
     <span class='ocr_line' id='line_1_19' title="bbox 206 1766 1785 1851; baseline 0.003 -22"><span class='ocrx_word' id='word_1_112' title='bbox 206 1775 495 1846; x_wconf 88' lang='lat' dir='ltr'><strong>permittas</strong></span> <span class='ocrx_word' id='word_1_113' title='bbox 525 1766 735 1845; x_wconf 79' lang='lat' dir='ltr'><strong>ingredi</strong></span> <span class='ocrx_word' id='word_1_114' title='bbox 768 1778 1099 1835; x_wconf 89' lang='lat' dir='ltr'><strong>domicilium</strong></span> <span class='ocrx_word' id='word_1_115' title='bbox 1131 1788 1317 1848; x_wconf 90' lang='lat' dir='ltr'><strong>tuum;</strong></span> <span class='ocrx_word' id='word_1_116' title='bbox 1352 1782 1434 1837; x_wconf 94' lang='lat' dir='ltr'><strong>ira</strong></span> <span class='ocrx_word' id='word_1_117' title='bbox 1475 1781 1620 1837; x_wconf 89' lang='lat' dir='ltr'><strong>enim</strong></span> <span class='ocrx_word' id='word_1_118' title='bbox 1663 1795 1785 1851; x_wconf 89' lang='lat' dir='ltr'><strong>gra-</strong></span> 
     </span>
    </p>
   </div>
   <div class='ocr_carea' id='block_1_20' title="bbox 207 1867 1785 1940">
    <p class='ocr_par' dir='ltr' id='par_1_20' title="bbox 207 1867 1785 1940">
     <span class='ocr_line' id='line_1_20' title="bbox 207 1867 1785 1940; baseline 0.004 -19"><span class='ocrx_word' id='word_1_119' title='bbox 207 1867 355 1921; x_wconf 88' lang='lat' dir='ltr'><strong>ditur</strong></span> <span class='ocrx_word' id='word_1_120' title='bbox 389 1875 509 1938; x_wconf 89' lang='lat' dir='ltr'><strong>post</strong></span> <span class='ocrx_word' id='word_1_121' title='bbox 539 1867 704 1922; x_wconf 88' lang='lat' dir='ltr'><strong>illam.</strong></span> <span class='ocrx_word' id='word_1_122' title='bbox 742 1868 928 1940; x_wconf 84' lang='lat' dir='ltr'><strong>Neque</strong></span> <span class='ocrx_word' id='word_1_123' title='bbox 969 1873 1263 1927; x_wconf 85' lang='lat' dir='ltr'><strong>revertaris</strong></span> <span class='ocrx_word' id='word_1_124' title='bbox 1291 1873 1526 1930; x_wconf 86' lang='lat' dir='ltr'><strong>invisere</strong></span> <span class='ocrx_word' id='word_1_125' title='bbox 1555 1888 1785 1929; x_wconf 85' lang='lat' dir='ltr'><strong>consan-</strong></span> 
     </span>
    </p>
   </div>
   <div class='ocr_carea' id='block_1_21' title="bbox 205 1955 1785 2026">
    <p class='ocr_par' dir='ltr' id='par_1_21' title="bbox 205 1955 1785 2026">
     <span class='ocr_line' id='line_1_21' title="bbox 205 1955 1785 2026; baseline 0.006 -18"><span class='ocrx_word' id='word_1_126' title='bbox 205 1955 432 2026; x_wconf 88' lang='lat' dir='ltr'><strong>guineos</strong></span> <span class='ocrx_word' id='word_1_127' title='bbox 475 1966 596 2013; x_wconf 91' lang='lat' dir='ltr'><strong>tuos</strong></span> <span class='ocrx_word' id='word_1_128' title='bbox 619 1958 882 2024; x_wconf 82' lang='lat' dir='ltr'><strong>carnales,</strong></span> <span class='ocrx_word' id='word_1_129' title='bbox 916 1975 1017 2016; x_wconf 91' lang='lat' dir='ltr'><strong>nec</strong></span> <span class='ocrx_word' id='word_1_130' title='bbox 1057 1960 1252 2016; x_wconf 83' lang='lat' dir='ltr'><strong>faciem</strong></span> <span class='ocrx_word' id='word_1_131' title='bbox 1294 1971 1440 2018; x_wconf 89' lang='lat' dir='ltr'><strong>tuam</strong></span> <span class='ocrx_word' id='word_1_132' title='bbox 1470 1964 1576 2026; x_wconf 83' lang='lat' dir='ltr'><strong>illis</strong></span> <span class='ocrx_word' id='word_1_133' title='bbox 1599 1963 1785 2020; x_wconf 83' lang='lat' dir='ltr'><strong>viden-</strong></span> 
     </span>
    </p>
   </div>
   <div class='ocr_carea' id='block_1_22' title="bbox 203 2045 1108 2118">
    <p class='ocr_par' dir='ltr' id='par_1_22' title="bbox 203 2045 1108 2118">
     <span class='ocr_line' id='line_1_22' title="bbox 203 2045 1108 2118; baseline 0.01 -19"><span class='ocrx_word' id='word_1_134' title='bbox 203 2045 331 2101; x_wconf 88' lang='lat' dir='ltr'><strong>dam</strong></span> <span class='ocrx_word' id='word_1_135' title='bbox 360 2050 620 2118; x_wconf 80' lang='lat' dir='ltr'><strong>praebeas,</strong></span> <span class='ocrx_word' id='word_1_136' title='bbox 647 2065 749 2106; x_wconf 91' lang='lat' dir='ltr'><strong>nec</strong></span> <span class='ocrx_word' id='word_1_137' title='bbox 773 2051 937 2106; x_wconf 87' lang='lat' dir='ltr'><strong>adeas</strong></span> <span class='ocrx_word' id='word_1_138' title='bbox 969 2051 1108 2108; x_wconf 92' lang='lat' dir='ltr'><strong>illos.</strong></span> 
     </span>
    </p>
   </div>
   <div class='ocr_carea' id='block_1_23' title="bbox 283 2139 1784 2219">
    <p class='ocr_par' dir='ltr' id='par_1_23' title="bbox 283 2139 1784 2219">
     <span class='ocr_line' id='line_1_23' title="bbox 283 2139 1784 2219; baseline 0.009 -26"><span class='ocrx_word' id='word_1_139' title='bbox 283 2139 410 2194; x_wconf 91' lang='lat' dir='ltr'><strong>VIII.</strong></span> <span class='ocrx_word' id='word_1_140' title='bbox 451 2139 529 2194; x_wconf 86' lang='lat' dir='ltr'><strong>Ne</strong></span> <span class='ocrx_word' id='word_1_141' title='bbox 572 2156 818 2198; x_wconf 86' lang='lat' dir='ltr'><strong>reserves</strong></span> <span class='ocrx_word' id='word_1_142' title='bbox 871 2142 968 2198; x_wconf 88' lang='lat' dir='ltr'><strong>tibi</strong></span> <span class='ocrx_word' id='word_1_143' title='bbox 1012 2143 1133 2213; x_wconf 90' lang='lat' dir='ltr'><strong>plus</strong></span> <span class='ocrx_word' id='word_1_144' title='bbox 1183 2159 1346 2214; x_wconf 91' lang='lat' dir='ltr'><strong>quam</strong></span> <span class='ocrx_word' id='word_1_145' title='bbox 1393 2145 1639 2219; x_wconf 84' lang='lat' dir='ltr'><strong>indiges;</strong></span> <span class='ocrx_word' id='word_1_146' title='bbox 1684 2163 1784 2208; x_wconf 85' lang='lat' dir='ltr'><strong>nec</strong></span> 
     </span>
    </p>
   </div>
   <div class='ocr_carea' id='block_1_24' title="bbox 201 2230 1782 2311">
    <p class='ocr_par' dir='ltr' id='par_1_24' title="bbox 201 2230 1782 2311">
     <span class='ocr_line' id='line_1_24' title="bbox 201 2230 1782 2311; baseline 0.006 -25"><span class='ocrx_word' id='word_1_147' title='bbox 201 2230 490 2303; x_wconf 83' lang='lat' dir='ltr'><strong>elargiaris</strong></span> <span class='ocrx_word' id='word_1_148' title='bbox 516 2233 638 2303; x_wconf 88' lang='lat' dir='ltr'><strong>plus</strong></span> <span class='ocrx_word' id='word_1_149' title='bbox 673 2249 837 2305; x_wconf 92' lang='lat' dir='ltr'><strong>quam</strong></span> <span class='ocrx_word' id='word_1_150' title='bbox 861 2243 1036 2307; x_wconf 89' lang='lat' dir='ltr'><strong>potes,</strong></span> <span class='ocrx_word' id='word_1_151' title='bbox 1067 2238 1162 2294; x_wconf 89' lang='lat' dir='ltr'><strong>sed</strong></span> <span class='ocrx_word' id='word_1_152' title='bbox 1190 2252 1354 2309; x_wconf 85' lang='lat' dir='ltr'><strong>eroga</strong></span> <span class='ocrx_word' id='word_1_153' title='bbox 1377 2239 1782 2311; x_wconf 79' lang='lat' dir='ltr'><strong>eleemosynam</strong></span> 
     </span>
    </p>
   </div>
   <div class='ocr_carea' id='block_1_25' title="bbox 194 2323 800 2382">
    <p class='ocr_par' dir='ltr' id='par_1_25' title="bbox 194 2323 800 2382">
     <span class='ocr_line' id='line_1_25' title="bbox 194 2323 800 2382; baseline 0.007 -4"><span class='ocrx_word' id='word_1_154' title='bbox 194 2323 443 2380; x_wconf 82' lang='lat' dir='ltr'><strong>infirmis</strong></span> <span class='ocrx_word' id='word_1_155' title='bbox 469 2327 800 2382; x_wconf 89' lang='lat' dir='ltr'><strong>monasterii.</strong></span> 
     </span>
    </p>
   </div>
   <div class='ocr_carea' id='block_1_26' title="bbox 274 2413 1781 2496">
    <p class='ocr_par' dir='ltr' id='par_1_26' title="bbox 274 2413 1781 2496">
     <span class='ocr_line' id='line_1_26' title="bbox 274 2413 1781 2496; baseline 0.007 -26"><span class='ocrx_word' id='word_1_156' title='bbox 274 2413 369 2470; x_wconf 81' lang='lat' dir='ltr'><strong>IX.</strong></span> <span class='ocrx_word' id='word_1_157' title='bbox 409 2415 661 2474; x_wconf 89' lang='lat' dir='ltr'><strong>Persolve</strong></span> <span class='ocrx_word' id='word_1_158' title='bbox 700 2419 1002 2476; x_wconf 90' lang='lat' dir='ltr'><strong>orationem</strong></span> <span class='ocrx_word' id='word_1_159' title='bbox 1044 2428 1194 2478; x_wconf 91' lang='lat' dir='ltr'><strong>tuam</strong></span> <span class='ocrx_word' id='word_1_160' title='bbox 1252 2430 1416 2480; x_wconf 88' lang='lat' dir='ltr'><strong>noctu</strong></span> <span class='ocrx_word' id='word_1_161' title='bbox 1462 2424 1781 2496; x_wconf 86' lang='lat' dir='ltr'><strong>priusquam</strong></span> 
     </span>
    </p>
   </div>
   <div class='ocr_carea' id='block_1_27' title="bbox 193 2506 696 2563">
    <p class='ocr_par' dir='ltr' id='par_1_27' title="bbox 193 2506 696 2563">
     <span class='ocr_line' id='line_1_27' title="bbox 193 2506 696 2563; baseline 0.004 -2"><span class='ocrx_word' id='word_1_162' title='bbox 193 2506 367 2562; x_wconf 70' lang='lat' dir='ltr'><strong>adeas</strong></span> <span class='ocrx_word' id='word_1_163' title='bbox 395 2507 696 2563; x_wconf 88' lang='lat' dir='ltr'><strong>ecclesiam.</strong></span> 
     </span>
    </p>
   </div>
   <div class='ocr_carea' id='block_1_28' title="bbox 273 2596 1742 2678">
    <p class='ocr_par' dir='ltr' id='par_1_28' title="bbox 273 2596 1742 2678">
     <span class='ocr_line' id='line_1_28' title="bbox 273 2596 1742 2678; baseline 0.009 -27"><span class='ocrx_word' id='word_1_164' title='bbox 273 2597 342 2651; x_wconf 90' lang='lat' dir='ltr'><strong>X.</strong></span> <span class='ocrx_word' id='word_1_165' title='bbox 385 2596 463 2654; x_wconf 88' lang='lat' dir='ltr'><strong>Ne</strong></span> <span class='ocrx_word' id='word_1_166' title='bbox 492 2600 746 2657; x_wconf 91' lang='lat' dir='ltr'><strong>comedas</strong></span> <span class='ocrx_word' id='word_1_167' title='bbox 769 2615 892 2658; x_wconf 91' lang='lat' dir='ltr'><strong>cum</strong></span> <span class='ocrx_word' id='word_1_168' title='bbox 916 2602 1097 2676; x_wconf 90' lang='lat' dir='ltr'><strong>aliquo</strong></span> <span class='ocrx_word' id='word_1_169' title='bbox 1119 2603 1213 2677; x_wconf 91' lang='lat' dir='ltr'><strong>qui</strong></span> <span class='ocrx_word' id='word_1_170' title='bbox 1237 2606 1515 2678; x_wconf 88' lang='lat' dir='ltr'><strong>impendat</strong></span> <span class='ocrx_word' id='word_1_171' title='bbox 1542 2621 1642 2678; x_wconf 91' lang='lat' dir='ltr'><strong>pro</strong></span> <span class='ocrx_word' id='word_1_172' title='bbox 1669 2615 1742 2664; x_wconf 89' lang='lat' dir='ltr'><strong>te.</strong></span> 
     </span>
    </p>
   </div>
   <div class='ocr_carea' id='block_1_29' title="bbox 277 2708 1778 2790">
    <p class='ocr_par' dir='ltr' id='par_1_29' title="bbox 277 2708 1778 2790">
     <span class='ocr_line' id='line_1_29' title="bbox 277 2708 1778 2790; baseline 0.009 -27"><span class='ocrx_word' id='word_1_173' title='bbox 277 2708 366 2764; x_wconf 90' lang='lat' dir='ltr'><strong>XI.</strong></span> <span class='ocrx_word' id='word_1_174' title='bbox 407 2709 465 2766; x_wconf 91' lang='lat' dir='ltr'><strong>Si</strong></span> <span class='ocrx_word' id='word_1_175' title='bbox 493 2712 809 2769; x_wconf 79' lang='lat' dir='ltr'><strong>scandalum</strong></span> <span class='ocrx_word' id='word_1_176' title='bbox 833 2723 1014 2771; x_wconf 87' lang='lat' dir='ltr'><strong>ortum</strong></span> <span class='ocrx_word' id='word_1_177' title='bbox 1041 2716 1205 2774; x_wconf 86' lang='lat' dir='ltr'><strong>fuerit</strong></span> <span class='ocrx_word' id='word_1_178' title='bbox 1232 2717 1299 2774; x_wconf 92' lang='lat' dir='ltr'><strong>de</strong></span> <span class='ocrx_word' id='word_1_179' title='bbox 1331 2717 1532 2788; x_wconf 90' lang='lat' dir='ltr'><strong>juvene</strong></span> <span class='ocrx_word' id='word_1_180' title='bbox 1571 2719 1778 2790; x_wconf 91' lang='lat' dir='ltr'><strong>aliquo,</strong></span> 
     </span>
    </p>
   </div>
   <div class='ocr_carea' id='block_1_30' title="bbox 190 2797 1783 2873">
    <p class='ocr_par' dir='ltr' id='par_1_30' title="bbox 190 2797 1783 2873">
     <span class='ocr_line' id='line_1_30' title="bbox 190 2797 1783 2873; baseline 0.008 -21"><span class='ocrx_word' id='word_1_181' title='bbox 190 2797 298 2870; x_wconf 86' lang='lat' dir='ltr'><strong>qui</strong></span> <span class='ocrx_word' id='word_1_182' title='bbox 342 2799 602 2856; x_wconf 87' lang='lat' dir='ltr'><strong>hactenus</strong></span> <span class='ocrx_word' id='word_1_183' title='bbox 645 2801 892 2858; x_wconf 88' lang='lat' dir='ltr'><strong>habitum</strong></span> <span class='ocrx_word' id='word_1_184' title='bbox 936 2821 1043 2861; x_wconf 91' lang='lat' dir='ltr'><strong>non</strong></span> <span class='ocrx_word' id='word_1_185' title='bbox 1090 2806 1343 2873; x_wconf 89' lang='lat' dir='ltr'><strong>induerit,</strong></span> <span class='ocrx_word' id='word_1_186' title='bbox 1390 2823 1459 2863; x_wconf 93' lang='lat' dir='ltr'><strong>ne</strong></span> <span class='ocrx_word' id='word_1_187' title='bbox 1488 2808 1676 2864; x_wconf 92' lang='lat' dir='ltr'><strong>induat</strong></span> <span class='ocrx_word' id='word_1_188' title='bbox 1714 2809 1783 2864; x_wconf 83' lang='lat' dir='ltr'><strong>il-</strong></span> 
     </span>
    </p>
   </div>
   <div class='ocr_carea' id='block_1_31' title="bbox 186 2892 1780 2973">
    <p class='ocr_par' dir='ltr' id='par_1_31' title="bbox 186 2892 1780 2973">
     <span class='ocr_line' id='line_1_31' title="bbox 186 2892 1780 2973; baseline 0.007 -26"><span class='ocrx_word' id='word_1_189' title='bbox 186 2892 348 2960; x_wconf 85' lang='lat' dir='ltr'><strong>lum;</strong></span> <span class='ocrx_word' id='word_1_190' title='bbox 379 2901 436 2948; x_wconf 92' lang='lat' dir='ltr'><strong>et</strong></span> <span class='ocrx_word' id='word_1_191' title='bbox 477 2894 614 2965; x_wconf 89' lang='lat' dir='ltr'><strong>ejice</strong></span> <span class='ocrx_word' id='word_1_192' title='bbox 645 2911 769 2951; x_wconf 85' lang='lat' dir='ltr'><strong>eum</strong></span> <span class='ocrx_word' id='word_1_193' title='bbox 799 2911 831 2951; x_wconf 92' lang='lat' dir='ltr'><strong>a</strong></span> <span class='ocrx_word' id='word_1_194' title='bbox 856 2900 1218 2967; x_wconf 88' lang='lat' dir='ltr'><strong>monasterio;</strong></span> <span class='ocrx_word' id='word_1_195' title='bbox 1248 2915 1351 2956; x_wconf 89' lang='lat' dir='ltr'><strong>nec</strong></span> <span class='ocrx_word' id='word_1_196' title='bbox 1385 2900 1627 2973; x_wconf 89' lang='lat' dir='ltr'><strong>loquaris</strong></span> <span class='ocrx_word' id='word_1_197' title='bbox 1657 2917 1780 2958; x_wconf 89' lang='lat' dir='ltr'><strong>cum</strong></span> 
     </span>
    </p>
   </div>
   <div class='ocr_carea' id='block_1_32' title="bbox 184 2987 1394 3059">
    <p class='ocr_par' dir='ltr' id='par_1_32' title="bbox 184 2987 1394 3059">
     <span class='ocr_line' id='line_1_32' title="bbox 184 2987 1394 3059; baseline 0.006 -18"><span class='ocrx_word' id='word_1_198' title='bbox 184 2999 374 3059; x_wconf 82' lang='lat' dir='ltr'><strong>puero</strong></span> <span class='ocrx_word' id='word_1_199' title='bbox 399 2987 631 3056; x_wconf 87' lang='lat' dir='ltr'><strong>penitus,</strong></span> <span class='ocrx_word' id='word_1_200' title='bbox 657 3002 726 3043; x_wconf 88' lang='lat' dir='ltr'><strong>ne</strong></span> <span class='ocrx_word' id='word_1_201' title='bbox 751 2987 846 3044; x_wconf 85' lang='lat' dir='ltr'><strong>fiat</strong></span> <span class='ocrx_word' id='word_1_202' title='bbox 871 2990 968 3046; x_wconf 89' lang='lat' dir='ltr'><strong>tibi</strong></span> <span class='ocrx_word' id='word_1_203' title='bbox 993 2989 1394 3049; x_wconf 82' lang='lat' dir='ltr'><strong>oﬂ‘endiculum.</strong></span> 
     </span>
    </p>
   </div>
   <div class='ocr_carea' id='block_1_33' title="bbox 273 3076 1781 3156">
    <p class='ocr_par' dir='ltr' id='par_1_33' title="bbox 273 3076 1781 3156">
     <span class='ocr_line' id='line_1_33' title="bbox 273 3076 1781 3156; baseline 0.007 -24"><span class='ocrx_word' id='word_1_204' title='bbox 273 3076 388 3133; x_wconf 90' lang='lat' dir='ltr'><strong>XII.</strong></span> <span class='ocrx_word' id='word_1_205' title='bbox 427 3078 482 3134; x_wconf 89' lang='lat' dir='ltr'><strong>Si</strong></span> <span class='ocrx_word' id='word_1_206' title='bbox 513 3079 752 3151; x_wconf 89' lang='lat' dir='ltr'><strong>coegerit</strong></span> <span class='ocrx_word' id='word_1_207' title='bbox 781 3087 834 3136; x_wconf 86' lang='lat' dir='ltr'><strong>te</strong></span> <span class='ocrx_word' id='word_1_208' title='bbox 861 3083 1156 3140; x_wconf 84' lang='lat' dir='ltr'><strong>necessitas</strong></span> <span class='ocrx_word' id='word_1_209' title='bbox 1199 3085 1349 3141; x_wconf 91' lang='lat' dir='ltr'><strong>adire</strong></span> <span class='ocrx_word' id='word_1_210' title='bbox 1377 3085 1672 3156; x_wconf 90' lang='lat' dir='ltr'><strong>civitatem,</strong></span> <span class='ocrx_word' id='word_1_211' title='bbox 1710 3100 1781 3144; x_wconf 90' lang='lat' dir='ltr'><strong>ne</strong></span> 
     </span>
    </p>
   </div>
   <div class='ocr_carea' id='block_1_34' title="bbox 188 3172 861 3232">
    <p class='ocr_par' dir='ltr' id='par_1_34' title="bbox 188 3172 861 3232">
     <span class='ocr_line' id='line_1_34' title="bbox 188 3172 861 3232; baseline 0.003 -4"><span class='ocrx_word' id='word_1_212' title='bbox 188 3172 508 3228; x_wconf 88' lang='lat' dir='ltr'><strong>contendas</strong></span> <span class='ocrx_word' id='word_1_213' title='bbox 538 3172 668 3229; x_wconf 91' lang='lat' dir='ltr'><strong>illuc</strong></span> <span class='ocrx_word' id='word_1_214' title='bbox 694 3174 861 3232; x_wconf 89' lang='lat' dir='ltr'><strong>solus.</strong></span> 
     </span>
    </p>
   </div>
   <div class='ocr_carea' id='block_1_35' title="bbox 271 3261 1846 3356">
    <p class='ocr_par' dir='ltr' id='par_1_35' title="bbox 271 3261 1846 3356">
     <span class='ocr_line' id='line_1_35' title="bbox 271 3261 1846 3356; baseline 0.008 -40"><span class='ocrx_word' id='word_1_215' title='bbox 271 3261 409 3317; x_wconf 89' lang='lat' dir='ltr'><strong>Xlll.</strong></span> <span class='ocrx_word' id='word_1_216' title='bbox 448 3262 526 3318; x_wconf 85' lang='lat' dir='ltr'><strong>Ne</strong></span> <span class='ocrx_word' id='word_1_217' title='bbox 555 3278 704 3320; x_wconf 89' lang='lat' dir='ltr'><strong>seras</strong></span> <span class='ocrx_word' id='word_1_218' title='bbox 732 3274 934 3322; x_wconf 92' lang='lat' dir='ltr'><strong>terram</strong></span> <span class='ocrx_word' id='word_1_219' title='bbox 963 3265 1180 3324; x_wconf 88' lang='lat' dir='ltr'><strong>tributis</strong></span> <span class='ocrx_word' id='word_1_220' title='bbox 1207 3268 1532 3341; x_wconf 89' lang='lat' dir='ltr'><strong>subjectam,</strong></span> <span class='ocrx_word' id='word_1_221' title='bbox 1562 3280 1664 3328; x_wconf 90' lang='lat' dir='ltr'><strong>nec</strong></span> <span class='ocrx_word' id='word_1_222' title='bbox 1691 3281 1776 3328; x_wconf 87' lang='lat' dir='ltr'><strong>so-</strong></span> <span class='ocrx_word' id='word_1_223' title='bbox 1801 3291 1846 3356; x_wconf 74' lang='grc' dir='ltr'>ο</span> 
     </span>
    </p>
   </div>
   <div class='ocr_carea' id='block_1_36' title="bbox 179 3354 1610 3432">
    <p class='ocr_par' dir='ltr' id='par_1_36' title="bbox 179 3354 1610 3432">
     <span class='ocr_line' id='line_1_36' title="bbox 179 3354 1610 3432; baseline 0.004 -22"><span class='ocrx_word' id='word_1_224' title='bbox 179 3354 452 3410; x_wconf 90' lang='lat' dir='ltr'><strong>cietatem</strong></span> <span class='ocrx_word' id='word_1_225' title='bbox 474 3363 527 3409; x_wconf 89' lang='lat' dir='ltr'><strong>et</strong></span> <span class='ocrx_word' id='word_1_226' title='bbox 557 3363 892 3412; x_wconf 91' lang='lat' dir='ltr'><strong>contractum</strong></span> <span class='ocrx_word' id='word_1_227' title='bbox 919 3357 1067 3415; x_wconf 91' lang='lat' dir='ltr'><strong>ineas</strong></span> <span class='ocrx_word' id='word_1_228' title='bbox 1095 3373 1215 3416; x_wconf 92' lang='lat' dir='ltr'><strong>cum</strong></span> <span class='ocrx_word' id='word_1_229' title='bbox 1246 3362 1610 3432; x_wconf 87' lang='lat' dir='ltr'><strong>magnatibus.</strong></span> 
     </span>
    </p>
   </div>
   <div class='ocr_carea' id='block_1_37' title="bbox 270 3443 1785 3512">
    <p class='ocr_par' dir='ltr' id='par_1_37' title="bbox 270 3443 1785 3512">
     <span class='ocr_line' id='line_1_37' title="bbox 270 3443 1785 3512; baseline 0.009 -14"><span class='ocrx_word' id='word_1_230' title='bbox 270 3443 414 3500; x_wconf 97' lang='lat' dir='ltr'><strong>XIV.</strong></span> <span class='ocrx_word' id='word_1_231' title='bbox 456 3443 534 3501; x_wconf 85' lang='lat' dir='ltr'><strong>Ne</strong></span> <span class='ocrx_word' id='word_1_232' title='bbox 561 3447 912 3504; x_wconf 88' lang='lat' dir='ltr'><strong>commoreris</strong></span> <span class='ocrx_word' id='word_1_233' title='bbox 957 3448 1012 3503; x_wconf 81' lang='lat' dir='ltr'><strong>in</strong></span> <span class='ocrx_word' id='word_1_234' title='bbox 1041 3449 1160 3506; x_wconf 91' lang='lat' dir='ltr'><strong>loco</strong></span> <span class='ocrx_word' id='word_1_235' title='bbox 1185 3451 1279 3508; x_wconf 92' lang='lat' dir='ltr'><strong>ubi</strong></span> <span class='ocrx_word' id='word_1_236' title='bbox 1305 3453 1488 3508; x_wconf 90' lang='lat' dir='ltr'><strong>vinum</strong></span> <span class='ocrx_word' id='word_1_237' title='bbox 1526 3453 1785 3512; x_wconf 65' lang='lat' dir='ltr'><strong>exon-imi-</strong></span> 
     </span>
    </p>
   </div>
   <div class='ocr_carea' id='block_1_38' title="bbox 190 3539 1234 3600">
    <p class='ocr_par' dir='ltr' id='par_1_38' title="bbox 190 3539 1234 3600">
     <span class='ocr_line' id='line_1_38' title="bbox 190 3539 1234 3600; baseline 0.01 -11"><span class='ocrx_word' id='word_1_238' title='bbox 190 3545 320 3600; x_wconf 82' lang='lat' dir='ltr'><strong>tur,</strong></span> <span class='ocrx_word' id='word_1_239' title='bbox 356 3552 454 3593; x_wconf 91' lang='lat' dir='ltr'><strong>nec</strong></span> <span class='ocrx_word' id='word_1_240' title='bbox 477 3539 726 3596; x_wconf 88' lang='lat' dir='ltr'><strong>comedas</strong></span> <span class='ocrx_word' id='word_1_241' title='bbox 749 3555 969 3597; x_wconf 88' lang='lat' dir='ltr'><strong>carnem</strong></span> <span class='ocrx_word' id='word_1_242' title='bbox 997 3543 1234 3600; x_wconf 85' lang='lat' dir='ltr'><strong>omnino.</strong></span> 
     </span>
    </p>
   </div>
   <div class='ocr_carea' id='block_1_39' title="bbox 269 3626 1780 3711">
    <p class='ocr_par' dir='ltr' id='par_1_39' title="bbox 269 3626 1780 3711">
     <span class='ocr_line' id='line_1_39' title="bbox 269 3626 1780 3711; baseline 0.01 -30"><span class='ocrx_word' id='word_1_243' title='bbox 269 3626 393 3682; x_wconf 90' lang='lat' dir='ltr'><strong>XV.</strong></span> <span class='ocrx_word' id='word_1_244' title='bbox 431 3628 513 3685; x_wconf 79' lang='lat' dir='ltr'><strong>Ne</strong></span> <span class='ocrx_word' id='word_1_245' title='bbox 554 3631 770 3706; x_wconf 81' lang='lat' dir='ltr'><strong>frangas</strong></span> <span class='ocrx_word' id='word_1_246' title='bbox 793 3633 1059 3704; x_wconf 84' lang='lat' dir='ltr'><strong>jejunium</strong></span> <span class='ocrx_word' id='word_1_247' title='bbox 1089 3635 1229 3694; x_wconf 84' lang='lat' dir='ltr'><strong>feria</strong></span> <span class='ocrx_word' id='word_1_248' title='bbox 1262 3648 1459 3711; x_wconf 90' lang='lat' dir='ltr'><strong>quarta</strong></span> <span class='ocrx_word' id='word_1_249' title='bbox 1507 3647 1565 3698; x_wconf 89' lang='lat' dir='ltr'><strong>et</strong></span> <span class='ocrx_word' id='word_1_250' title='bbox 1602 3648 1780 3710; x_wconf 81' lang='lat' dir='ltr'><strong>sexta,</strong></span> 
     </span>
    </p>
   </div>
   <div class='ocr_carea' id='block_1_40' title="bbox 167 3718 946 3792">
    <p class='ocr_par' dir='ltr' id='par_1_40' title="bbox 167 3718 946 3792">
     <span class='ocr_line' id='line_1_40' title="bbox 167 3718 946 3792; baseline 0.004 -15"><span class='ocrx_word' id='word_1_251' title='bbox 167 3718 309 3777; x_wconf 77' lang='lat' dir='ltr'><strong>nisi</strong></span> <span class='ocrx_word' id='word_1_252' title='bbox 341 3718 411 3774; x_wconf 93' lang='lat' dir='ltr'><strong>ob</strong></span> <span class='ocrx_word' id='word_1_253' title='bbox 435 3735 648 3792; x_wconf 82' lang='lat' dir='ltr'><strong>gravem</strong></span> <span class='ocrx_word' id='word_1_254' title='bbox 677 3724 946 3782; x_wconf 86' lang='lat' dir='ltr'><strong>morbum.</strong></span> 
     </span>
    </p>
   </div>
   <div class='ocr_carea' id='block_1_41' title="bbox 266 3810 1777 3893">
    <p class='ocr_par' dir='ltr' id='par_1_41' title="bbox 266 3810 1777 3893">
     <span class='ocr_line' id='line_1_41' title="bbox 266 3810 1777 3893; baseline 0.013 -28"><span class='ocrx_word' id='word_1_255' title='bbox 266 3810 416 3866; x_wconf 91' lang='lat' dir='ltr'><strong>XVI.</strong></span> <span class='ocrx_word' id='word_1_256' title='bbox 457 3812 534 3870; x_wconf 87' lang='lat' dir='ltr'><strong>Ne</strong></span> <span class='ocrx_word' id='word_1_257' title='bbox 575 3832 880 3875; x_wconf 90' lang='lat' dir='ltr'><strong>murmures</strong></span> <span class='ocrx_word' id='word_1_258' title='bbox 926 3821 982 3875; x_wconf 93' lang='lat' dir='ltr'><strong>in</strong></span> <span class='ocrx_word' id='word_1_259' title='bbox 1029 3834 1194 3893; x_wconf 89' lang='lat' dir='ltr'><strong>opere</strong></span> <span class='ocrx_word' id='word_1_260' title='bbox 1220 3837 1480 3881; x_wconf 90' lang='lat' dir='ltr'><strong>manuum</strong></span> <span class='ocrx_word' id='word_1_261' title='bbox 1516 3832 1777 3884; x_wconf 88' lang='lat' dir='ltr'><strong>tuarum:</strong></span> 
     </span>
    </p>
   </div>
   <div class='ocr_carea' id='block_1_42' title="bbox 163 3904 1272 3978">
    <p class='ocr_par' dir='ltr' id='par_1_42' title="bbox 163 3904 1272 3978">
     <span class='ocr_line' id='line_1_42' title="bbox 163 3904 1272 3978; baseline 0.009 -17"><span class='ocrx_word' id='word_1_262' title='bbox 163 3917 296 3961; x_wconf 82' lang='lat' dir='ltr'><strong>nec</strong></span> <span class='ocrx_word' id='word_1_263' title='bbox 324 3904 657 3978; x_wconf 89' lang='lat' dir='ltr'><strong>improperes</strong></span> <span class='ocrx_word' id='word_1_264' title='bbox 681 3909 843 3966; x_wconf 91' lang='lat' dir='ltr'><strong>alicui</strong></span> <span class='ocrx_word' id='word_1_265' title='bbox 866 3910 974 3967; x_wconf 91' lang='lat' dir='ltr'><strong>ulla</strong></span> <span class='ocrx_word' id='word_1_266' title='bbox 997 3913 1064 3969; x_wconf 94' lang='lat' dir='ltr'><strong>de</strong></span> <span class='ocrx_word' id='word_1_267' title='bbox 1087 3929 1272 3971; x_wconf 89' lang='lat' dir='ltr'><strong>causa.</strong></span> 
     </span>
    </p>
   </div>
   <div class='ocr_carea' id='block_1_43' title="bbox 265 3998 1780 4079">
    <p class='ocr_par' dir='ltr' id='par_1_43' title="bbox 265 3998 1780 4079">
     <span class='ocr_line' id='line_1_43' title="bbox 265 3998 1780 4079; baseline 0.013 -27"><span class='ocrx_word' id='word_1_268' title='bbox 265 3998 431 4054; x_wconf 91' lang='lat' dir='ltr'><strong>XVII.</strong></span> <span class='ocrx_word' id='word_1_269' title='bbox 475 3999 532 4056; x_wconf 92' lang='lat' dir='ltr'><strong>Si</strong></span> <span class='ocrx_word' id='word_1_270' title='bbox 558 4002 758 4061; x_wconf 83' lang='lat' dir='ltr'><strong>adieris</strong></span> <span class='ocrx_word' id='word_1_271' title='bbox 783 4005 1019 4078; x_wconf 89' lang='lat' dir='ltr'><strong>aliquem</strong></span> <span class='ocrx_word' id='word_1_272' title='bbox 1049 4007 1302 4079; x_wconf 89' lang='lat' dir='ltr'><strong>fratrem,</strong></span> <span class='ocrx_word' id='word_1_273' title='bbox 1328 4025 1399 4068; x_wconf 88' lang='lat' dir='ltr'><strong>ne</strong></span> <span class='ocrx_word' id='word_1_274' title='bbox 1423 4012 1515 4071; x_wconf 91' lang='lat' dir='ltr'><strong>diu</strong></span> <span class='ocrx_word' id='word_1_275' title='bbox 1548 4015 1780 4072; x_wconf 80' lang='lat' dir='ltr'><strong>moreris</strong></span> 
     </span>
    </p>
   </div>
   <div class='ocr_carea' id='block_1_44' title="bbox 165 4089 722 4162">
    <p class='ocr_par' dir='ltr' id='par_1_44' title="bbox 165 4089 722 4162">
     <span class='ocr_line' id='line_1_44' title="bbox 165 4089 722 4162; baseline 0.009 -17"><span class='ocrx_word' id='word_1_276' title='bbox 165 4091 246 4145; x_wconf 85' lang='lat' dir='ltr'><strong>in</strong></span> <span class='ocrx_word' id='word_1_277' title='bbox 281 4089 561 4147; x_wconf 91' lang='lat' dir='ltr'><strong>domicilio</strong></span> <span class='ocrx_word' id='word_1_278' title='bbox 588 4092 722 4162; x_wconf 91' lang='lat' dir='ltr'><strong>ejus.</strong></span> 
     </span>
    </p>
   </div>
   <div class='ocr_carea' id='block_1_45' title="bbox 264 4180 1780 4262">
    <p class='ocr_par' dir='ltr' id='par_1_45' title="bbox 264 4180 1780 4262">
     <span class='ocr_line' id='line_1_45' title="bbox 264 4180 1780 4262; baseline 0.013 -26"><span class='ocrx_word' id='word_1_279' title='bbox 264 4180 460 4240; x_wconf 84' lang='lat' dir='ltr'><strong>XVIII.</strong></span> <span class='ocrx_word' id='word_1_280' title='bbox 497 4184 576 4241; x_wconf 88' lang='lat' dir='ltr'><strong>Ne</strong></span> <span class='ocrx_word' id='word_1_281' title='bbox 619 4186 858 4258; x_wconf 87' lang='lat' dir='ltr'><strong>loquaris</strong></span> <span class='ocrx_word' id='word_1_282' title='bbox 900 4190 956 4247; x_wconf 92' lang='lat' dir='ltr'><strong>in</strong></span> <span class='ocrx_word' id='word_1_283' title='bbox 993 4191 1254 4262; x_wconf 84' lang='lat' dir='ltr'><strong>ecclesia;</strong></span> <span class='ocrx_word' id='word_1_284' title='bbox 1290 4209 1393 4254; x_wconf 91' lang='lat' dir='ltr'><strong>nec</strong></span> <span class='ocrx_word' id='word_1_285' title='bbox 1441 4196 1679 4256; x_wconf 90' lang='lat' dir='ltr'><strong>resideas</strong></span> <span class='ocrx_word' id='word_1_286' title='bbox 1722 4198 1780 4256; x_wconf 91' lang='lat' dir='ltr'><strong>in</strong></span> 
     </span>
    </p>
   </div>
   <div class='ocr_carea' id='block_1_46' title="bbox 165 4273 783 4335">
    <p class='ocr_par' dir='ltr' id='par_1_46' title="bbox 165 4273 783 4335">
     <span class='ocr_line' id='line_1_46' title="bbox 165 4273 783 4335; baseline 0.008 -5"><span class='ocrx_word' id='word_1_287' title='bbox 165 4273 419 4330; x_wconf 78' lang='lat' dir='ltr'><strong>exedris</strong></span> <span class='ocrx_word' id='word_1_288' title='bbox 446 4281 783 4335; x_wconf 87' lang='lat' dir='ltr'><strong>monasterii.</strong></span> 
     </span>
    </p>
   </div>
   <div class='ocr_carea' id='block_1_47' title="bbox 261 4366 1780 4448">
    <p class='ocr_par' dir='ltr' id='par_1_47' title="bbox 261 4366 1780 4448">
     <span class='ocr_line' id='line_1_47' title="bbox 261 4366 1780 4448; baseline 0.011 -27"><span class='ocrx_word' id='word_1_289' title='bbox 261 4366 414 4422; x_wconf 87' lang='lat' dir='ltr'><strong>XIX.</strong></span> <span class='ocrx_word' id='word_1_290' title='bbox 452 4367 572 4426; x_wconf 87' lang='lat' dir='ltr'><strong>Non</strong></span> <span class='ocrx_word' id='word_1_291' title='bbox 613 4371 794 4443; x_wconf 90' lang='lat' dir='ltr'><strong>jurato</strong></span> <span class='ocrx_word' id='word_1_292' title='bbox 820 4375 1037 4448; x_wconf 90' lang='lat' dir='ltr'><strong>penitus</strong></span> <span class='ocrx_word' id='word_1_293' title='bbox 1078 4377 1166 4435; x_wconf 89' lang='lat' dir='ltr'><strong>vel</strong></span> <span class='ocrx_word' id='word_1_294' title='bbox 1207 4379 1498 4438; x_wconf 82' lang='lat' dir='ltr'><strong>veritatem</strong></span> <span class='ocrx_word' id='word_1_295' title='bbox 1543 4379 1631 4436; x_wconf 86' lang='lat' dir='ltr'><strong>vel</strong></span> <span class='ocrx_word' id='word_1_296' title='bbox 1678 4379 1780 4437; x_wconf 88' lang='lat' dir='ltr'><strong>du-</strong></span> 
     </span>
    </p>
   </div>
   <div class='ocr_carea' id='block_1_48' title="bbox 158 4461 372 4517">
    <p class='ocr_par' dir='ltr' id='par_1_48' title="bbox 158 4461 372 4517">
     <span class='ocr_line' id='line_1_48' title="bbox 158 4461 372 4517; baseline -0.005 0"><span class='ocrx_word' id='word_1_297' title='bbox 158 4461 372 4517; x_wconf 79' lang='lat' dir='ltr'><strong>bium.</strong></span> 
     </span>
    </p>
   </div>
   <div class='ocr_carea' id='block_1_49' title="bbox 263 4550 1778 4638">
    <p class='ocr_par' dir='ltr' id='par_1_49' title="bbox 263 4550 1778 4638">
     <span class='ocr_line' id='line_1_49' title="bbox 263 4550 1778 4638; baseline 0.012 -33"><span class='ocrx_word' id='word_1_298' title='bbox 263 4550 393 4606; x_wconf 87' lang='lat' dir='ltr'><strong>XX.</strong></span> <span class='ocrx_word' id='word_1_299' title='bbox 435 4552 514 4609; x_wconf 86' lang='lat' dir='ltr'><strong>Ne</strong></span> <span class='ocrx_word' id='word_1_300' title='bbox 555 4565 707 4626; x_wconf 86' lang='lat' dir='ltr'><strong>petas</strong></span> <span class='ocrx_word' id='word_1_301' title='bbox 751 4557 1034 4617; x_wconf 90' lang='lat' dir='ltr'><strong>ecclesiam</strong></span> <span class='ocrx_word' id='word_1_302' title='bbox 1075 4561 1142 4618; x_wconf 90' lang='lat' dir='ltr'><strong>ad</strong></span> <span class='ocrx_word' id='word_1_303' title='bbox 1187 4579 1350 4636; x_wconf 82' lang='lat' dir='ltr'><strong>quam</strong></span> <span class='ocrx_word' id='word_1_304' title='bbox 1381 4574 1778 4638; x_wconf 80' lang='lat' dir='ltr'><strong>congregantur</strong></span> 
     </span>
    </p>
   </div>
   <div class='ocr_carea' id='block_1_50' title="bbox 151 4644 1654 4732">
    <p class='ocr_par' dir='ltr' id='par_1_50' title="bbox 151 4644 1654 4732">
     <span class='ocr_line' id='line_1_50' title="bbox 151 4644 1654 4732; baseline 0.008 -30"><span class='ocrx_word' id='word_1_305' title='bbox 151 4644 468 4702; x_wconf 79' lang='lat' dir='ltr'><strong>homines.</strong></span> <span class='ocrx_word' id='word_1_306' title='bbox 512 4647 689 4720; x_wconf 81' lang='lat' dir='ltr'><strong>Eroga</strong></span> <span class='ocrx_word' id='word_1_307' title='bbox 739 4651 1136 4726; x_wconf 87' lang='lat' dir='ltr'><strong>eleemosynam</strong></span> <span class='ocrx_word' id='word_1_308' title='bbox 1183 4666 1448 4728; x_wconf 87' lang='lat' dir='ltr'><strong>quantum</strong></span> <span class='ocrx_word' id='word_1_309' title='bbox 1477 4669 1654 4732; x_wconf 88' lang='lat' dir='ltr'><strong>potes.</strong></span> 
     </span>
    </p>
   </div>
   <div class='ocr_carea' id='block_1_51' title="bbox 137 4737 1088 4808">
    <p class='ocr_par' dir='ltr' id='par_1_51' title="bbox 137 4737 1088 4808">
     <span class='ocr_line' id='line_1_51' title="bbox 137 4737 1088 4808; baseline 0.012 -16"><span class='ocrx_word' id='word_1_310' title='bbox 137 4737 435 4808; x_wconf 82' lang='lat' dir='ltr'><strong>sepelias</strong></span> <span class='ocrx_word' id='word_1_311' title='bbox 457 4751 727 4799; x_wconf 89' lang='lat' dir='ltr'><strong>mortuum</strong></span> <span class='ocrx_word' id='word_1_312' title='bbox 753 4745 809 4800; x_wconf 92' lang='lat' dir='ltr'><strong>in</strong></span> <span class='ocrx_word' id='word_1_313' title='bbox 838 4747 1088 4804; x_wconf 90' lang='lat' dir='ltr'><strong>ecclesia.</strong></span> 
     </span>
    </p>
   </div>
   <div class='ocr_carea' id='block_1_52' title="bbox 263 4825 1779 4915">
    <p class='ocr_par' dir='ltr' id='par_1_52' title="bbox 263 4825 1779 4915">
     <span class='ocr_line' id='line_1_52' title="bbox 263 4825 1779 4915; baseline 0.015 -35"><span class='ocrx_word' id='word_1_314' title='bbox 263 4825 417 4882; x_wconf 83' lang='lat' dir='ltr'><strong>XXI.</strong></span> <span class='ocrx_word' id='word_1_315' title='bbox 457 4829 532 4887; x_wconf 85' lang='lat' dir='ltr'><strong>Ne</strong></span> <span class='ocrx_word' id='word_1_316' title='bbox 575 4831 744 4892; x_wconf 87' lang='lat' dir='ltr'><strong>facias</strong></span> <span class='ocrx_word' id='word_1_317' title='bbox 783 4837 1059 4906; x_wconf 88' lang='lat' dir='ltr'><strong>convivia;</strong></span> <span class='ocrx_word' id='word_1_318' title='bbox 1092 4855 1194 4898; x_wconf 92' lang='lat' dir='ltr'><strong>nec</strong></span> <span class='ocrx_word' id='word_1_319' title='bbox 1219 4841 1290 4898; x_wconf 93' lang='lat' dir='ltr'><strong>ad</strong></span> <span class='ocrx_word' id='word_1_320' title='bbox 1326 4843 1656 4915; x_wconf 87' lang='lat' dir='ltr'><strong>symposium</strong></span> <span class='ocrx_word' id='word_1_321' title='bbox 1683 4859 1779 4901; x_wconf 89' lang='lat' dir='ltr'><strong>vo-</strong></span> 
     </span>
    </p>
   </div>
   <div class='ocr_carea' id='block_1_53' title="bbox 129 4923 624 4980">
    <p class='ocr_par' dir='ltr' id='par_1_53' title="bbox 129 4923 624 4980">
     <span class='ocr_line' id='line_1_53' title="bbox 129 4923 624 4980; baseline 0.02 -10"><span class='ocrx_word' id='word_1_322' title='bbox 129 4929 354 4979; x_wconf 77' lang='lat' dir='ltr'><strong>catus</strong></span> <span class='ocrx_word' id='word_1_323' title='bbox 382 4923 624 4980; x_wconf 84' lang='lat' dir='ltr'><strong>accedas.</strong></span> 
     </span>
    </p>
   </div>
   <div class='ocr_carea' id='block_1_54' title="bbox 257 5011 1776 5097">
    <p class='ocr_par' dir='ltr' id='par_1_54' title="bbox 257 5011 1776 5097">
     <span class='ocr_line' id='line_1_54' title="bbox 257 5011 1776 5097; baseline 0.014 -32"><span class='ocrx_word' id='word_1_324' title='bbox 257 5011 436 5067; x_wconf 87' lang='lat' dir='ltr'><strong>XXII.</strong></span> <span class='ocrx_word' id='word_1_325' title='bbox 475 5015 709 5074; x_wconf 82' lang='lat' dir='ltr'><strong>Addisce</strong></span> <span class='ocrx_word' id='word_1_326' title='bbox 741 5021 981 5091; x_wconf 90' lang='lat' dir='ltr'><strong>quotidie</strong></span> <span class='ocrx_word' id='word_1_327' title='bbox 1008 5023 1347 5096; x_wconf 89' lang='lat' dir='ltr'><strong>disciplinam</strong></span> <span class='ocrx_word' id='word_1_328' title='bbox 1374 5041 1406 5083; x_wconf 92' lang='lat' dir='ltr'><strong>a</strong></span> <span class='ocrx_word' id='word_1_329' title='bbox 1437 5028 1776 5097; x_wconf 84' lang='lat' dir='ltr'><strong>senioribus;</strong></span> 
     </span>
    </p>
   </div>
   <div class='ocr_carea' id='block_1_55' title="bbox 123 5103 1782 5185">
    <p class='ocr_par' dir='ltr' id='par_1_55' title="bbox 123 5103 1782 5185">
     <span class='ocr_line' id='line_1_55' title="bbox 123 5103 1782 5185; baseline 0.012 -30"><span class='ocrx_word' id='word_1_330' title='bbox 123 5118 296 5166; x_wconf 72' lang='lat' dir='ltr'><strong>nec</strong></span> <span class='ocrx_word' id='word_1_331' title='bbox 341 5103 513 5160; x_wconf 87' lang='lat' dir='ltr'><strong>ullum</strong></span> <span class='ocrx_word' id='word_1_332' title='bbox 567 5111 899 5181; x_wconf 86' lang='lat' dir='ltr'><strong>aggrediaris</strong></span> <span class='ocrx_word' id='word_1_333' title='bbox 941 5129 1109 5185; x_wconf 88' lang='lat' dir='ltr'><strong>opus,</strong></span> <span class='ocrx_word' id='word_1_334' title='bbox 1148 5115 1252 5172; x_wconf 89' lang='lat' dir='ltr'><strong>nisi</strong></span> <span class='ocrx_word' id='word_1_335' title='bbox 1300 5117 1547 5175; x_wconf 91' lang='lat' dir='ltr'><strong>consulto</strong></span> <span class='ocrx_word' id='word_1_336' title='bbox 1615 5118 1782 5176; x_wconf 86' lang='lat' dir='ltr'><strong>Patre</strong></span> 
     </span>
    </p>
   </div>
   <div class='ocr_carea' id='block_1_56' title="bbox 115 5196 538 5258">
    <p class='ocr_par' dir='ltr' id='par_1_56' title="bbox 115 5196 538 5258">
     <span class='ocr_line' id='line_1_56' title="bbox 115 5196 538 5258; baseline 0.005 -9"><span class='ocrx_word' id='word_1_337' title='bbox 115 5196 538 5258; x_wconf 83' lang='lat' dir='ltr'><strong>monasterii.</strong></span> 
     </span>
    </p>
   </div>
   <div class='ocr_carea' id='block_1_57' title="bbox 252 5287 1773 5374">
    <p class='ocr_par' dir='ltr' id='par_1_57' title="bbox 252 5287 1773 5374">
     <span class='ocr_line' id='line_1_57' title="bbox 252 5287 1773 5374; baseline 0.011 -30"><span class='ocrx_word' id='word_1_338' title='bbox 252 5287 459 5344; x_wconf 86' lang='lat' dir='ltr'><strong>XXIII.</strong></span> <span class='ocrx_word' id='word_1_339' title='bbox 496 5289 630 5348; x_wconf 90' lang='lat' dir='ltr'><strong>Cum</strong></span> <span class='ocrx_word' id='word_1_340' title='bbox 663 5293 780 5351; x_wconf 89' lang='lat' dir='ltr'><strong>abis</strong></span> <span class='ocrx_word' id='word_1_341' title='bbox 807 5297 877 5353; x_wconf 90' lang='lat' dir='ltr'><strong>ad</strong></span> <span class='ocrx_word' id='word_1_342' title='bbox 913 5297 1269 5358; x_wconf 87' lang='lat' dir='ltr'><strong>hauriendam</strong></span> <span class='ocrx_word' id='word_1_343' title='bbox 1303 5317 1524 5374; x_wconf 88' lang='lat' dir='ltr'><strong>aquam,</strong></span> <span class='ocrx_word' id='word_1_344' title='bbox 1553 5303 1773 5361; x_wconf 90' lang='lat' dir='ltr'><strong>interim</strong></span> 
     </span>
    </p>
   </div>
   <div class='ocr_carea' id='block_1_58' title="bbox 103 5379 1364 5466">
    <p class='ocr_par' dir='ltr' id='par_1_58' title="bbox 103 5379 1364 5466">
     <span class='ocr_line' id='line_1_58' title="bbox 103 5379 1364 5466; baseline 0.015 -35"><span class='ocrx_word' id='word_1_345' title='bbox 103 5386 325 5444; x_wconf 80' lang='lat' dir='ltr'><strong>dum</strong></span> <span class='ocrx_word' id='word_1_346' title='bbox 357 5379 466 5434; x_wconf 91' lang='lat' dir='ltr'><strong>iter</strong></span> <span class='ocrx_word' id='word_1_347' title='bbox 491 5383 736 5454; x_wconf 86' lang='lat' dir='ltr'><strong>conﬁcis,</strong></span> <span class='ocrx_word' id='word_1_348' title='bbox 763 5386 883 5460; x_wconf 86' lang='lat' dir='ltr'><strong>lege</strong></span> <span class='ocrx_word' id='word_1_349' title='bbox 905 5400 1166 5461; x_wconf 91' lang='lat' dir='ltr'><strong>quantum</strong></span> <span class='ocrx_word' id='word_1_350' title='bbox 1191 5403 1364 5466; x_wconf 87' lang='lat' dir='ltr'><strong>potes.</strong></span> 
     </span>
    </p>
   </div>
   <div class='ocr_carea' id='block_1_59' title="bbox 244 5469 1774 5557">
    <p class='ocr_par' dir='ltr' id='par_1_59' title="bbox 244 5469 1774 5557">
     <span class='ocr_line' id='line_1_59' title="bbox 244 5469 1774 5557; baseline 0.011 -30"><span class='ocrx_word' id='word_1_351' title='bbox 244 5469 460 5527; x_wconf 77' lang='lat' dir='ltr'><strong>XXIV.</strong></span> <span class='ocrx_word' id='word_1_352' title='bbox 491 5472 550 5529; x_wconf 93' lang='lat' dir='ltr'><strong>Si</strong></span> <span class='ocrx_word' id='word_1_353' title='bbox 575 5480 884 5548; x_wconf 86' lang='lat' dir='ltr'><strong>er0gaveris</strong></span> <span class='ocrx_word' id='word_1_354' title='bbox 905 5481 1322 5557; x_wconf 88' lang='lat' dir='ltr'><strong>eleemosynam,</strong></span> <span class='ocrx_word' id='word_1_355' title='bbox 1351 5501 1422 5543; x_wconf 91' lang='lat' dir='ltr'><strong>ne</strong></span> <span class='ocrx_word' id='word_1_356' title='bbox 1447 5493 1686 5544; x_wconf 89' lang='lat' dir='ltr'><strong>ostentes</strong></span> <span class='ocrx_word' id='word_1_357' title='bbox 1709 5487 1774 5543; x_wconf 88' lang='lat' dir='ltr'><strong>il-</strong></span> 
     </span>
    </p>
   </div>
   <div class='ocr_carea' id='block_1_60' title="bbox 81 5564 1777 5652">
    <p class='ocr_par' dir='ltr' id='par_1_60' title="bbox 81 5564 1777 5652">
     <span class='ocr_line' id='line_1_60' title="bbox 81 5564 1777 5652; baseline 0.012 -36"><span class='ocrx_word' id='word_1_358' title='bbox 81 5578 327 5638; x_wconf 67' lang='lat' dir='ltr'><strong>13m.</strong></span> <span class='ocrx_word' id='word_1_359' title='bbox 359 5564 421 5620; x_wconf 91' lang='lat' dir='ltr'><strong>Si</strong></span> <span class='ocrx_word' id='word_1_360' title='bbox 444 5566 682 5626; x_wconf 84' lang='lat' dir='ltr'><strong>adfueris</strong></span> <span class='ocrx_word' id='word_1_361' title='bbox 702 5571 883 5643; x_wconf 88' lang='lat' dir='ltr'><strong>aliquo</strong></span> <span class='ocrx_word' id='word_1_362' title='bbox 908 5575 962 5629; x_wconf 92' lang='lat' dir='ltr'><strong>in</strong></span> <span class='ocrx_word' id='word_1_363' title='bbox 992 5575 1131 5644; x_wconf 85' lang='lat' dir='ltr'><strong>loco,</strong></span> <span class='ocrx_word' id='word_1_364' title='bbox 1158 5579 1250 5634; x_wconf 90' lang='lat' dir='ltr'><strong>ubi</strong></span> <span class='ocrx_word' id='word_1_365' title='bbox 1275 5587 1530 5652; x_wconf 88' lang='lat' dir='ltr'><strong>erogatur</strong></span> <span class='ocrx_word' id='word_1_366' title='bbox 1549 5581 1777 5638; x_wconf 87' lang='lat' dir='ltr'><strong>eleemo-</strong></span> 
     </span>
    </p>
   </div>
   <div class='ocr_carea' id='block_1_61' title="bbox 75 5660 1201 5739">
    <p class='ocr_par' dir='ltr' id='par_1_61' title="bbox 75 5660 1201 5739">
     <span class='ocr_line' id='line_1_61' title="bbox 75 5660 1201 5739; baseline 0.01 -25"><span class='ocrx_word' id='word_1_367' title='bbox 75 5671 352 5739; x_wconf 72' lang='lat' dir='ltr'><strong>syna,</strong></span> <span class='ocrx_word' id='word_1_368' title='bbox 383 5660 609 5714; x_wconf 90' lang='lat' dir='ltr'><strong>comede</strong></span> <span class='ocrx_word' id='word_1_369' title='bbox 632 5669 688 5716; x_wconf 94' lang='lat' dir='ltr'><strong>et</strong></span> <span class='ocrx_word' id='word_1_370' title='bbox 715 5665 920 5733; x_wconf 82' lang='lat' dir='ltr'><strong>gratias</strong></span> <span class='ocrx_word' id='word_1_371' title='bbox 945 5681 1044 5737; x_wconf 89' lang='lat' dir='ltr'><strong>age</strong></span> <span class='ocrx_word' id='word_1_372' title='bbox 1072 5667 1201 5724; x_wconf 90' lang='lat' dir='ltr'><strong>Deo.</strong></span> 
     </span>
    </p>
   </div>
   <div class='ocr_carea' id='block_1_62' title="bbox 229 5746 1770 5837">
    <p class='ocr_par' dir='ltr' id='par_1_62' title="bbox 229 5746 1770 5837">
     <span class='ocr_line' id='line_1_62' title="bbox 229 5746 1770 5837; baseline 0.016 -38"><span class='ocrx_word' id='word_1_373' title='bbox 229 5746 440 5807; x_wconf 72' lang='lat' dir='ltr'><strong>XXV.</strong></span> <span class='ocrx_word' id='word_1_374' title='bbox 477 5749 816 5811; x_wconf 88' lang='lat' dir='ltr'><strong>Contristare</strong></span> <span class='ocrx_word' id='word_1_375' title='bbox 847 5768 1010 5815; x_wconf 90' lang='lat' dir='ltr'><strong>noctu</strong></span> <span class='ocrx_word' id='word_1_376' title='bbox 1046 5761 1244 5833; x_wconf 87' lang='lat' dir='ltr'><strong>diuque</strong></span> <span class='ocrx_word' id='word_1_377' title='bbox 1267 5778 1367 5834; x_wconf 87' lang='lat' dir='ltr'><strong>pro</strong></span> <span class='ocrx_word' id='word_1_378' title='bbox 1399 5773 1622 5837; x_wconf 88' lang='lat' dir='ltr'><strong>peccato</strong></span> <span class='ocrx_word' id='word_1_379' title='bbox 1659 5773 1770 5825; x_wconf 92' lang='lat' dir='ltr'><strong>tuo.</strong></span> 
     </span>
    </p>
   </div>
   <div class='ocr_carea' id='block_1_63' title="bbox 65 5841 1775 5923">
    <p class='ocr_par' dir='ltr' id='par_1_63' title="bbox 65 5841 1775 5923">
     <span class='ocr_line' id='line_1_63' title="bbox 65 5841 1775 5923; baseline 0.015 -28"><span class='ocrx_word' id='word_1_380' title='bbox 65 5849 327 5918; x_wconf 66' lang='lat' dir='ltr'><strong>Esto</strong></span> <span class='ocrx_word' id='word_1_381' title='bbox 352 5841 640 5902; x_wconf 79' lang='lat' dir='ltr'><strong>devinctus</strong></span> <span class='ocrx_word' id='word_1_382' title='bbox 663 5847 721 5903; x_wconf 90' lang='lat' dir='ltr'><strong>in</strong></span> <span class='ocrx_word' id='word_1_383' title='bbox 744 5850 952 5907; x_wconf 89' lang='lat' dir='ltr'><strong>cuculla</strong></span> <span class='ocrx_word' id='word_1_384' title='bbox 980 5859 1093 5923; x_wconf 90' lang='lat' dir='ltr'><strong>tua,</strong></span> <span class='ocrx_word' id='word_1_385' title='bbox 1118 5862 1174 5912; x_wconf 91' lang='lat' dir='ltr'><strong>et</strong></span> <span class='ocrx_word' id='word_1_386' title='bbox 1201 5855 1257 5914; x_wconf 91' lang='lat' dir='ltr'><strong>in</strong></span> <span class='ocrx_word' id='word_1_387' title='bbox 1283 5859 1465 5917; x_wconf 89' lang='lat' dir='ltr'><strong>tunica</strong></span> <span class='ocrx_word' id='word_1_388' title='bbox 1493 5867 1586 5917; x_wconf 87' lang='lat' dir='ltr'><strong>tua</strong></span> <span class='ocrx_word' id='word_1_389' title='bbox 1611 5868 1775 5920; x_wconf 86' lang='lat' dir='ltr'><strong>noctu</strong></span> 
     </span>
    </p>
   </div>
   <div class='ocr_carea' id='block_1_64' title="bbox 611 5959 1102 6027">
    <p class='ocr_par' dir='ltr' id='par_1_64' title="bbox 611 5959 1102 6027">
     <span class='ocr_line' id='line_1_64' title="bbox 611 5959 1102 6027; baseline 0.014 -7"><span class='ocrx_word' id='word_1_390' title='bbox 611 5959 904 6027; x_wconf 56' lang='lat' dir='ltr'><strong>Pyrno»</strong></span> <span class='ocrx_word' id='word_1_391' title='bbox 940 5963 1102 6027; x_wconf 89' lang='lat' dir='ltr'><strong>Clll.</strong></span> 
     </span>
    </p>
   </div>
   <div class='ocr_carea' id='block_1_65' title="bbox 1813 1925 1860 1985">
    <p class='ocr_par' dir='ltr' id='par_1_65' title="bbox 1813 1925 1860 1985">
     <span class='ocr_line' id='line_1_65' title="bbox 1813 1925 1860 1985; baseline 0 0"><span class='ocrx_word' id='word_1_392' title='bbox 1813 1925 1860 1985; x_wconf 90' lang='lat' dir='ltr'><strong>B</strong></span> 
     </span>
    </p>
   </div>
   <div class='ocr_carea' id='block_1_66' title="bbox 1894 593 3457 667">
    <p class='ocr_par' dir='ltr' id='par_1_66' title="bbox 1894 593 3457 667">
     <span class='ocr_line' id='line_1_66' title="bbox 1894 593 3457 667; baseline 0 -19"><span class='ocrx_word' id='word_1_393' title='bbox 1894 602 2125 661; x_wconf 92' lang='lat' dir='ltr'><strong>tuorum,</strong></span> <span class='ocrx_word' id='word_1_394' title='bbox 2157 610 2350 667; x_wconf 92' lang='lat' dir='ltr'><strong>nempe</strong></span> <span class='ocrx_word' id='word_1_395' title='bbox 2380 596 2649 667; x_wconf 84' lang='lat' dir='ltr'><strong>lacrymis.</strong></span> <span class='ocrx_word' id='word_1_396' title='bbox 2685 593 2740 650; x_wconf 89' lang='lat' dir='ltr'><strong>Si</strong></span> <span class='ocrx_word' id='word_1_397' title='bbox 2771 595 2990 665; x_wconf 86' lang='lat' dir='ltr'><strong>pietatis</strong></span> <span class='ocrx_word' id='word_1_398' title='bbox 3018 603 3169 649; x_wconf 91' lang='lat' dir='ltr'><strong>actus</strong></span> <span class='ocrx_word' id='word_1_399' title='bbox 3203 595 3457 658; x_wconf 72' lang='lat' dir='ltr'><strong>edideris,</strong></span> 
     </span>
    </p>
   </div>
   <div class='ocr_carea' id='block_1_67' title="bbox 1888 685 3454 756">
    <p class='ocr_par' dir='ltr' id='par_1_67' title="bbox 1888 685 3454 756">
     <span class='ocr_line' id='line_1_67' title="bbox 1888 685 3454 756; baseline -0.004 -18"><span class='ocrx_word' id='word_1_400' title='bbox 1888 700 1958 740; x_wconf 92' lang='lat' dir='ltr'><strong>ne</strong></span> <span class='ocrx_word' id='word_1_401' title='bbox 2003 685 2266 756; x_wconf 89' lang='lat' dir='ltr'><strong>glorieris.</strong></span> <span class='ocrx_word' id='word_1_402' title='bbox 2320 687 2397 742; x_wconf 75' lang='lat' dir='ltr'><strong>Ne</strong></span> <span class='ocrx_word' id='word_1_403' title='bbox 2445 687 2684 742; x_wconf 87' lang='lat' dir='ltr'><strong>dimittas</strong></span> <span class='ocrx_word' id='word_1_404' title='bbox 2734 701 3092 756; x_wconf 81' lang='lat' dir='ltr'><strong>quemquam.</strong></span> <span class='ocrx_word' id='word_1_405' title='bbox 3141 686 3230 754; x_wconf 85' lang='lat' dir='ltr'><strong>qui</strong></span> <span class='ocrx_word' id='word_1_406' title='bbox 3269 687 3454 753; x_wconf 64' lang='grc' dir='ltr'><strong>ψυτγές</strong></span> 
     </span>
    </p>
   </div>
   <div class='ocr_carea' id='block_1_68' title="bbox 1889 770 3454 850">
    <p class='ocr_par' dir='ltr' id='par_1_68' title="bbox 1889 770 3454 850">
     <span class='ocr_line' id='line_1_68' title="bbox 1889 770 3454 850; baseline -0.005 -19"><span class='ocrx_word' id='word_1_407' title='bbox 1889 775 2184 831; x_wconf 89' lang='lat' dir='ltr'><strong>Christum.</strong></span> <span class='ocrx_word' id='word_1_408' title='bbox 2219 776 2295 830; x_wconf 84' lang='lat' dir='ltr'><strong>Ne</strong></span> <span class='ocrx_word' id='word_1_409' title='bbox 2321 777 2571 848; x_wconf 89' lang='lat' dir='ltr'><strong>propales</strong></span> <span class='ocrx_word' id='word_1_410' title='bbox 2599 777 2953 850; x_wconf 86' lang='lat' dir='ltr'><strong>cogitationes</strong></span> <span class='ocrx_word' id='word_1_411' title='bbox 2982 770 3101 831; x_wconf 78' lang='lat' dir='ltr'><strong>was</strong></span> <span class='ocrx_word' id='word_1_412' title='bbox 3129 776 3336 829; x_wconf 53' lang='lat' dir='ltr'><strong>cuneis</strong></span> <span class='ocrx_word' id='word_1_413' title='bbox 3369 776 3454 826; x_wconf 67' lang='lat' dir='ltr'><strong>lm—</strong></span> 
     </span>
    </p>
   </div>
   <div class='ocr_carea' id='block_1_69' title="bbox 1889 866 3456 938">
    <p class='ocr_par' dir='ltr' id='par_1_69' title="bbox 1889 866 3456 938">
     <span class='ocr_line' id='line_1_69' title="bbox 1889 866 3456 938; baseline -0.004 -18"><span class='ocrx_word' id='word_1_414' title='bbox 1889 867 2148 932; x_wconf 89' lang='lat' dir='ltr'><strong>minibus,</strong></span> <span class='ocrx_word' id='word_1_415' title='bbox 2177 871 2272 923; x_wconf 89' lang='lat' dir='ltr'><strong>sed</strong></span> <span class='ocrx_word' id='word_1_416' title='bbox 2306 870 2479 923; x_wconf 87' lang='lat' dir='ltr'><strong>solum</strong></span> <span class='ocrx_word' id='word_1_417' title='bbox 2510 869 2576 923; x_wconf 88' lang='lat' dir='ltr'><strong>iis</strong></span> <span class='ocrx_word' id='word_1_418' title='bbox 2603 869 2693 938; x_wconf 92' lang='lat' dir='ltr'><strong>qui</strong></span> <span class='ocrx_word' id='word_1_419' title='bbox 2724 877 2947 938; x_wconf 89' lang='lat' dir='ltr'><strong>possunt</strong></span> <span class='ocrx_word' id='word_1_420' title='bbox 2983 868 3196 921; x_wconf 83' lang='lat' dir='ltr'><strong>salvare</strong></span> <span class='ocrx_word' id='word_1_421' title='bbox 3224 866 3456 918; x_wconf 68' lang='lat' dir='ltr'><strong>annnam.</strong></span> 
     </span>
    </p>
   </div>
   <div class='ocr_carea' id='block_1_70' title="bbox 1894 961 2060 1008">
    <p class='ocr_par' dir='ltr' id='par_1_70' title="bbox 1894 961 2060 1008">
     <span class='ocr_line' id='line_1_70' title="bbox 1894 961 2060 1008; baseline 0.012 -2"><span class='ocrx_word' id='word_1_422' title='bbox 1894 961 2060 1008; x_wconf 89' lang='lat' dir='ltr'><strong>tuam.</strong></span> 
     </span>
    </p>
   </div>
   <div class='ocr_carea' id='block_1_71' title="bbox 1962 1036 3462 1113">
    <p class='ocr_par' dir='ltr' id='par_1_71' title="bbox 1962 1036 3462 1113">
     <span class='ocr_line' id='line_1_71' title="bbox 1962 1036 3462 1113; baseline -0.001 -15"><span class='ocrx_word' id='word_1_423' title='bbox 1962 1043 2150 1101; x_wconf 83' lang='lat' dir='ltr'><strong>XXVI.</strong></span> <span class='ocrx_word' id='word_1_424' title='bbox 2183 1036 2242 1099; x_wconf 89' lang='lat' dir='ltr'><strong>Si</strong></span> <span class='ocrx_word' id='word_1_425' title='bbox 2271 1045 2469 1101; x_wconf 89' lang='lat' dir='ltr'><strong>abieris</strong></span> <span class='ocrx_word' id='word_1_426' title='bbox 2492 1046 2561 1101; x_wconf 93' lang='lat' dir='ltr'><strong>ad</strong></span> <span class='ocrx_word' id='word_1_427' title='bbox 2588 1061 2841 1113; x_wconf 89' lang='lat' dir='ltr'><strong>messem,</strong></span> <span class='ocrx_word' id='word_1_428' title='bbox 2869 1062 2936 1102; x_wconf 90' lang='lat' dir='ltr'><strong>ne</strong></span> <span class='ocrx_word' id='word_1_429' title='bbox 2965 1045 3215 1110; x_wconf 88' lang='lat' dir='ltr'><strong>moreris,</strong></span> <span class='ocrx_word' id='word_1_430' title='bbox 3239 1045 3331 1100; x_wconf 86' lang='lat' dir='ltr'><strong>sed</strong></span> <span class='ocrx_word' id='word_1_431' title='bbox 3353 1044 3462 1097; x_wconf 85' lang='lat' dir='ltr'><strong>cito</strong></span> 
     </span>
    </p>
   </div>
   <div class='ocr_carea' id='block_1_72' title="bbox 1890 1134 2696 1193">
    <p class='ocr_par' dir='ltr' id='par_1_72' title="bbox 1890 1134 2696 1193">
     <span class='ocr_line' id='line_1_72' title="bbox 1890 1134 2696 1193; baseline 0.001 -3"><span class='ocrx_word' id='word_1_432' title='bbox 1890 1143 2165 1191; x_wconf 88' lang='lat' dir='ltr'><strong>revertere</strong></span> <span class='ocrx_word' id='word_1_433' title='bbox 2194 1134 2262 1191; x_wconf 91' lang='lat' dir='ltr'><strong>ad</strong></span> <span class='ocrx_word' id='word_1_434' title='bbox 2290 1138 2696 1193; x_wconf 89' lang='lat' dir='ltr'><strong>monasterium.</strong></span> 
     </span>
    </p>
   </div>
   <div class='ocr_carea' id='block_1_73' title="bbox 1884 1223 3458 1297">
    <p class='ocr_par' dir='ltr' id='par_1_73' title="bbox 1884 1223 3458 1297">
     <span class='ocr_line' id='line_1_73' title="bbox 1884 1223 3458 1297; baseline -0.003 -17"><span class='ocrx_word' id='word_1_435' title='bbox 1884 1244 1886 1246; x_wconf 48' lang='grc' dir='ltr'><strong><em>ν</em></strong></span> <span class='ocrx_word' id='word_1_436' title='bbox 1959 1223 2172 1280; x_wconf 83' lang='lat' dir='ltr'><strong>XXVII.</strong></span> <span class='ocrx_word' id='word_1_437' title='bbox 2212 1224 2292 1280; x_wconf 88' lang='lat' dir='ltr'><strong>Ne</strong></span> <span class='ocrx_word' id='word_1_438' title='bbox 2341 1226 2535 1282; x_wconf 89' lang='lat' dir='ltr'><strong>induas</strong></span> <span class='ocrx_word' id='word_1_439' title='bbox 2571 1228 2914 1295; x_wconf 86' lang='lat' dir='ltr'><strong>vestimenta,</strong></span> <span class='ocrx_word' id='word_1_440' title='bbox 2942 1227 3138 1297; x_wconf 87' lang='lat' dir='ltr'><strong>quibus</strong></span> <span class='ocrx_word' id='word_1_441' title='bbox 3165 1224 3458 1281; x_wconf 72' lang='lat' dir='ltr'><strong>extollam.</strong></span> 
     </span>
    </p>
   </div>
   <div class='ocr_carea' id='block_1_74' title="bbox 1888 1316 3462 1389">
    <p class='ocr_par' dir='ltr' id='par_1_74' title="bbox 1888 1316 3462 1389">
     <span class='ocr_line' id='line_1_74' title="bbox 1888 1316 3462 1389; baseline -0.001 -17"><span class='ocrx_word' id='word_1_442' title='bbox 1888 1316 1968 1374; x_wconf 87' lang='lat' dir='ltr'><strong>Ne</strong></span> <span class='ocrx_word' id='word_1_443' title='bbox 2017 1326 2255 1374; x_wconf 89' lang='lat' dir='ltr'><strong>ostentes</strong></span> <span class='ocrx_word' id='word_1_444' title='bbox 2301 1334 2490 1375; x_wconf 89' lang='lat' dir='ltr'><strong>vocem</strong></span> <span class='ocrx_word' id='word_1_445' title='bbox 2541 1329 2718 1389; x_wconf 90' lang='lat' dir='ltr'><strong>tuam,</strong></span> <span class='ocrx_word' id='word_1_446' title='bbox 2770 1322 2876 1375; x_wconf 90' lang='lat' dir='ltr'><strong>nisi</strong></span> <span class='ocrx_word' id='word_1_447' title='bbox 2923 1320 2978 1374; x_wconf 90' lang='lat' dir='ltr'><strong>in</strong></span> <span class='ocrx_word' id='word_1_448' title='bbox 3031 1320 3277 1374; x_wconf 86' lang='lat' dir='ltr'><strong>oratione</strong></span> <span class='ocrx_word' id='word_1_449' title='bbox 3321 1333 3462 1388; x_wconf 73' lang='lat' dir='ltr'><strong>prae-</strong></span> 
     </span>
    </p>
   </div>
   <div class='ocr_carea' id='block_1_75' title="bbox 1886 1409 3460 1484">
    <p class='ocr_par' dir='ltr' id='par_1_75' title="bbox 1886 1409 3460 1484">
     <span class='ocr_line' id='line_1_75' title="bbox 1886 1409 3460 1484; baseline 0 -18"><span class='ocrx_word' id='word_1_450' title='bbox 1886 1419 2063 1482; x_wconf 84' lang='lat' dir='ltr'><strong>cepta.</strong></span> <span class='ocrx_word' id='word_1_451' title='bbox 2099 1409 2208 1466; x_wconf 87' lang='lat' dir='ltr'><strong>Ora</strong></span> <span class='ocrx_word' id='word_1_452' title='bbox 2247 1411 2304 1467; x_wconf 93' lang='lat' dir='ltr'><strong>in</strong></span> <span class='ocrx_word' id='word_1_453' title='bbox 2349 1413 2512 1468; x_wconf 90' lang='lat' dir='ltr'><strong>domo</strong></span> <span class='ocrx_word' id='word_1_454' title='bbox 2555 1420 2668 1481; x_wconf 92' lang='lat' dir='ltr'><strong>tua,</strong></span> <span class='ocrx_word' id='word_1_455' title='bbox 2709 1422 3000 1484; x_wconf 83' lang='lat' dir='ltr'><strong>antequam</strong></span> <span class='ocrx_word' id='word_1_456' title='bbox 3049 1412 3231 1467; x_wconf 88' lang='lat' dir='ltr'><strong>venias</strong></span> <span class='ocrx_word' id='word_1_457' title='bbox 3269 1412 3338 1466; x_wconf 90' lang='lat' dir='ltr'><strong>ad</strong></span> <span class='ocrx_word' id='word_1_458' title='bbox 3371 1425 3460 1466; x_wconf 91' lang='lat' dir='ltr'><strong>ec-</strong></span> 
     </span>
    </p>
   </div>
   <div class='ocr_carea' id='block_1_76' title="bbox 1887 1503 2130 1559">
    <p class='ocr_par' dir='ltr' id='par_1_76' title="bbox 1887 1503 2130 1559">
     <span class='ocr_line' id='line_1_76' title="bbox 1887 1503 2130 1559; baseline -0.008 0"><span class='ocrx_word' id='word_1_459' title='bbox 1887 1503 2130 1559; x_wconf 92' lang='lat' dir='ltr'><strong>clesiam.</strong></span> 
     </span>
    </p>
   </div>
   <div class='ocr_carea' id='block_1_77' title="bbox 1959 1593 3141 1668">
    <p class='ocr_par' dir='ltr' id='par_1_77' title="bbox 1959 1593 3141 1668">
     <span class='ocr_line' id='line_1_77' title="bbox 1959 1593 3141 1668; baseline 0.002 -18"><span class='ocrx_word' id='word_1_460' title='bbox 1959 1593 2190 1650; x_wconf 87' lang='lat' dir='ltr'><strong>XXVIII.</strong></span> <span class='ocrx_word' id='word_1_461' title='bbox 2223 1593 2488 1652; x_wconf 84' lang='lat' dir='ltr'><strong>Mortiﬂca</strong></span> <span class='ocrx_word' id='word_1_462' title='bbox 2511 1598 2854 1668; x_wconf 90' lang='lat' dir='ltr'><strong>temetipsum</strong></span> <span class='ocrx_word' id='word_1_463' title='bbox 2880 1597 3141 1668; x_wconf 89' lang='lat' dir='ltr'><strong>quotidie.</strong></span> 
     </span>
    </p>
   </div>
   <div class='ocr_carea' id='block_1_78' title="bbox 1961 1686 3467 1761">
    <p class='ocr_par' dir='ltr' id='par_1_78' title="bbox 1961 1686 3467 1761">
     <span class='ocr_line' id='line_1_78' title="bbox 1961 1686 3467 1761; baseline 0 -20"><span class='ocrx_word' id='word_1_464' title='bbox 1961 1687 2150 1742; x_wconf 86' lang='lat' dir='ltr'><strong>XXIX.</strong></span> <span class='ocrx_word' id='word_1_465' title='bbox 2187 1687 2265 1743; x_wconf 90' lang='lat' dir='ltr'><strong>Ne</strong></span> <span class='ocrx_word' id='word_1_466' title='bbox 2296 1689 2634 1760; x_wconf 90' lang='lat' dir='ltr'><strong>improperes</strong></span> <span class='ocrx_word' id='word_1_467' title='bbox 2665 1690 2919 1761; x_wconf 89' lang='lat' dir='ltr'><strong>cuiquam</strong></span> <span class='ocrx_word' id='word_1_468' title='bbox 2947 1704 3114 1745; x_wconf 90' lang='lat' dir='ltr'><strong>causa</strong></span> <span class='ocrx_word' id='word_1_469' title='bbox 3137 1686 3467 1744; x_wconf 76' lang='lat' dir='ltr'><strong>dolorumret</strong></span> 
     </span>
    </p>
   </div>
   <div class='ocr_carea' id='block_1_79' title="bbox 1887 1778 3412 1856">
    <p class='ocr_par' dir='ltr' id='par_1_79' title="bbox 1887 1778 3412 1856">
     <span class='ocr_line' id='line_1_79' title="bbox 1887 1778 3412 1856; baseline 0.003 -24"><span class='ocrx_word' id='word_1_470' title='bbox 1887 1778 2238 1834; x_wconf 84' lang='lat' dir='ltr'><strong>alllictionum</strong></span> <span class='ocrx_word' id='word_1_471' title='bbox 2263 1794 2399 1850; x_wconf 86' lang='lat' dir='ltr'><strong>quas</strong></span> <span class='ocrx_word' id='word_1_472' title='bbox 2428 1780 2656 1850; x_wconf 89' lang='lat' dir='ltr'><strong>patitur.</strong></span> <span class='ocrx_word' id='word_1_473' title='bbox 3409 1853 3412 1856; x_wconf 8' lang='grc' dir='ltr'><em>ῃ</em></span> 
     </span>
    </p>
   </div>
   <div class='ocr_carea' id='block_1_80' title="bbox 1959 1870 3469 1945">
    <p class='ocr_par' dir='ltr' id='par_1_80' title="bbox 1959 1870 3469 1945">
     <span class='ocr_line' id='line_1_80' title="bbox 1959 1870 3469 1945; baseline -0.001 -21"><span class='ocrx_word' id='word_1_474' title='bbox 1959 1870 2128 1925; x_wconf 87' lang='lat' dir='ltr'><strong>XXX.</strong></span> <span class='ocrx_word' id='word_1_475' title='bbox 2169 1871 2247 1925; x_wconf 87' lang='lat' dir='ltr'><strong>Ne</strong></span> <span class='ocrx_word' id='word_1_476' title='bbox 2302 1872 2582 1943; x_wconf 89' lang='lat' dir='ltr'><strong>glorieris,</strong></span> <span class='ocrx_word' id='word_1_477' title='bbox 2629 1887 2804 1945; x_wconf 89' lang='lat' dir='ltr'><strong>neque</strong></span> <span class='ocrx_word' id='word_1_478' title='bbox 2860 1873 3041 1930; x_wconf 88' lang='lat' dir='ltr'><strong>rideas</strong></span> <span class='ocrx_word' id='word_1_479' title='bbox 3093 1875 3334 1930; x_wconf 91' lang='lat' dir='ltr'><strong>omnino.</strong></span> <span class='ocrx_word' id='word_1_480' title='bbox 3389 1870 3469 1924; x_wconf 91' lang='lat' dir='ltr'><strong>Da</strong></span> 
     </span>
    </p>
   </div>
   <div class='ocr_carea' id='block_1_81' title="bbox 1886 1961 3470 2034">
    <p class='ocr_par' dir='ltr' id='par_1_81' title="bbox 1886 1961 3470 2034">
     <span class='ocr_line' id='line_1_81' title="bbox 1886 1961 3470 2034; baseline -0.001 -19"><span class='ocrx_word' id='word_1_481' title='bbox 1886 1974 2110 2031; x_wconf 85' lang='lat' dir='ltr'><strong>operam</strong></span> <span class='ocrx_word' id='word_1_482' title='bbox 2157 1969 2219 2014; x_wconf 91' lang='lat' dir='ltr'><strong>ut</strong></span> <span class='ocrx_word' id='word_1_483' title='bbox 2264 1961 2448 2032; x_wconf 84' lang='lat' dir='ltr'><strong>lugeas</strong></span> <span class='ocrx_word' id='word_1_484' title='bbox 2482 1963 2552 2018; x_wconf 93' lang='lat' dir='ltr'><strong>ob</strong></span> <span class='ocrx_word' id='word_1_485' title='bbox 2583 1971 2866 2034; x_wconf 88' lang='lat' dir='ltr'><strong>peccatum</strong></span> <span class='ocrx_word' id='word_1_486' title='bbox 2900 1972 3051 2019; x_wconf 90' lang='lat' dir='ltr'><strong>tuum</strong></span> <span class='ocrx_word' id='word_1_487' title='bbox 3075 2006 3090 2032; x_wconf 94' lang='lat'><strong>,</strong></span> <span class='ocrx_word' id='word_1_488' title='bbox 3141 1964 3282 2020; x_wconf 89' lang='lat' dir='ltr'><strong>sicut</strong></span> <span class='ocrx_word' id='word_1_489' title='bbox 3321 1962 3470 2032; x_wconf 90' lang='lat' dir='ltr'><strong>luget</strong></span> 
     </span>
    </p>
   </div>
   <div class='ocr_carea' id='block_1_82' title="bbox 1887 2053 3469 2127">
    <p class='ocr_par' dir='ltr' id='par_1_82' title="bbox 1887 2053 3469 2127">
     <span class='ocr_line' id='line_1_82' title="bbox 1887 2053 3469 2127; baseline -0.002 -17"><span class='ocrx_word' id='word_1_490' title='bbox 1887 2053 1935 2110; x_wconf 88' lang='lat' dir='ltr'><strong>is</strong></span> <span class='ocrx_word' id='word_1_491' title='bbox 1984 2070 2148 2125; x_wconf 88' lang='lat' dir='ltr'><strong>penes</strong></span> <span class='ocrx_word' id='word_1_492' title='bbox 2193 2068 2351 2127; x_wconf 83' lang='lat' dir='ltr'><strong>quem</strong></span> <span class='ocrx_word' id='word_1_493' title='bbox 2406 2055 2602 2124; x_wconf 90' lang='lat' dir='ltr'><strong>aliquis</strong></span> <span class='ocrx_word' id='word_1_494' title='bbox 2661 2066 2910 2112; x_wconf 90' lang='lat' dir='ltr'><strong>mortuus</strong></span> <span class='ocrx_word' id='word_1_495' title='bbox 2975 2065 3077 2112; x_wconf 89' lang='lat' dir='ltr'><strong>est.</strong></span> <span class='ocrx_word' id='word_1_496' title='bbox 3136 2057 3245 2112; x_wconf 91' lang='lat' dir='ltr'><strong>Fac</strong></span> <span class='ocrx_word' id='word_1_497' title='bbox 3291 2068 3469 2125; x_wconf 90' lang='lat' dir='ltr'><strong>quan-</strong></span> 
     </span>
    </p>
   </div>
   <div class='ocr_carea' id='block_1_83' title="bbox 1887 2141 3470 2218">
    <p class='ocr_par' dir='ltr' id='par_1_83' title="bbox 1887 2141 3470 2218">
     <span class='ocr_line' id='line_1_83' title="bbox 1887 2141 3470 2218; baseline -0.002 -20"><span class='ocrx_word' id='word_1_498' title='bbox 1887 2151 2001 2198; x_wconf 92' lang='lat' dir='ltr'><strong>tum</strong></span> <span class='ocrx_word' id='word_1_499' title='bbox 2051 2153 2205 2214; x_wconf 88' lang='lat' dir='ltr'><strong>potes</strong></span> <span class='ocrx_word' id='word_1_500' title='bbox 2252 2158 2310 2203; x_wconf 89' lang='lat' dir='ltr'><strong>ut</strong></span> <span class='ocrx_word' id='word_1_501' title='bbox 2366 2142 2700 2218; x_wconf 82' lang='lat' dir='ltr'><strong>glorilicetur</strong></span> <span class='ocrx_word' id='word_1_502' title='bbox 2750 2144 2910 2200; x_wconf 88' lang='lat' dir='ltr'><strong>Pater</strong></span> <span class='ocrx_word' id='word_1_503' title='bbox 2963 2153 3088 2200; x_wconf 91' lang='lat' dir='ltr'><strong>tuus</strong></span> <span class='ocrx_word' id='word_1_504' title='bbox 3137 2145 3230 2215; x_wconf 91' lang='lat' dir='ltr'><strong>qui</strong></span> <span class='ocrx_word' id='word_1_505' title='bbox 3279 2149 3364 2197; x_wconf 90' lang='lat' dir='ltr'><strong>est</strong></span> <span class='ocrx_word' id='word_1_506' title='bbox 3412 2141 3470 2195; x_wconf 91' lang='lat' dir='ltr'><strong>in</strong></span> 
     </span>
    </p>
   </div>
   <div class='ocr_carea' id='block_1_84' title="bbox 1886 2234 2060 2291">
    <p class='ocr_par' dir='ltr' id='par_1_84' title="bbox 1886 2234 2060 2291">
     <span class='ocr_line' id='line_1_84' title="bbox 1886 2234 2060 2291; baseline 0.006 -1"><span class='ocrx_word' id='word_1_507' title='bbox 1886 2234 2060 2291; x_wconf 78' lang='lat' dir='ltr'><strong>ccelis.</strong></span> 
     </span>
    </p>
   </div>
   <div class='ocr_carea' id='block_1_85' title="bbox 1955 2324 3470 2406">
    <p class='ocr_par' dir='ltr' id='par_1_85' title="bbox 1955 2324 3470 2406">
     <span class='ocr_line' id='line_1_85' title="bbox 1955 2324 3470 2406; baseline 0.003 -25"><span class='ocrx_word' id='word_1_508' title='bbox 1955 2327 2146 2383; x_wconf 85' lang='lat' dir='ltr'><strong>XXXI.</strong></span> <span class='ocrx_word' id='word_1_509' title='bbox 2173 2327 2398 2403; x_wconf 87' lang='lat' dir='ltr'><strong>Corrige</strong></span> <span class='ocrx_word' id='word_1_510' title='bbox 2419 2331 2590 2388; x_wconf 83' lang='lat' dir='ltr'><strong>lilium</strong></span> <span class='ocrx_word' id='word_1_511' title='bbox 2619 2342 2791 2401; x_wconf 90' lang='lat' dir='ltr'><strong>tuum,</strong></span> <span class='ocrx_word' id='word_1_512' title='bbox 2816 2350 2917 2392; x_wconf 90' lang='lat' dir='ltr'><strong>nec</strong></span> <span class='ocrx_word' id='word_1_513' title='bbox 2941 2342 3166 2406; x_wconf 85' lang='lat' dir='ltr'><strong>parcas:</strong></span> <span class='ocrx_word' id='word_1_514' title='bbox 3192 2324 3470 2387; x_wconf 77' lang='lat' dir='ltr'><strong>damnatio</strong></span> 
     </span>
    </p>
   </div>
   <div class='ocr_carea' id='block_1_86' title="bbox 1883 2415 3315 2493">
    <p class='ocr_par' dir='ltr' id='par_1_86' title="bbox 1883 2415 3315 2493">
     <span class='ocr_line' id='line_1_86' title="bbox 1883 2415 3315 2493; baseline 0.003 -19"><span class='ocrx_word' id='word_1_515' title='bbox 1883 2415 2028 2474; x_wconf 86' lang='lat' dir='ltr'><strong>enim</strong></span> <span class='ocrx_word' id='word_1_516' title='bbox 2059 2415 2204 2473; x_wconf 87' lang='lat' dir='ltr'><strong>illius</strong></span> <span class='ocrx_word' id='word_1_517' title='bbox 2230 2427 2337 2474; x_wconf 93' lang='lat' dir='ltr'><strong>ate</strong></span> <span class='ocrx_word' id='word_1_518' title='bbox 2361 2421 2626 2493; x_wconf 79' lang='lat' dir='ltr'><strong>exigetur.</strong></span> <span class='ocrx_word' id='word_1_519' title='bbox 3309 2430 3315 2435; x_wconf 88' lang='lat'>&#39;</span> 
     </span>
    </p>
   </div>
   <div class='ocr_carea' id='block_1_87' title="bbox 1954 2505 3467 2581">
    <p class='ocr_par' dir='ltr' id='par_1_87' title="bbox 1954 2505 3467 2581">
     <span class='ocr_line' id='line_1_87' title="bbox 1954 2505 3467 2581; baseline 0.006 -22"><span class='ocrx_word' id='word_1_520' title='bbox 1954 2505 2169 2562; x_wconf 87' lang='lat' dir='ltr'><strong>XXXII.</strong></span> <span class='ocrx_word' id='word_1_521' title='bbox 2229 2508 2309 2564; x_wconf 88' lang='lat' dir='ltr'><strong>Ne</strong></span> <span class='ocrx_word' id='word_1_522' title='bbox 2359 2512 2614 2566; x_wconf 87' lang='lat' dir='ltr'><strong>comedas</strong></span> <span class='ocrx_word' id='word_1_523' title='bbox 2671 2513 2739 2568; x_wconf 84' lang='lat' dir='ltr'><strong>ad</strong></span> <span class='ocrx_word' id='word_1_524' title='bbox 2803 2513 3150 2581; x_wconf 89' lang='lat' dir='ltr'><strong>satietatem;</strong></span> <span class='ocrx_word' id='word_1_525' title='bbox 3208 2529 3277 2568; x_wconf 88' lang='lat' dir='ltr'><strong>ne</strong></span> <span class='ocrx_word' id='word_1_526' title='bbox 3337 2512 3467 2568; x_wconf 86' lang='lat' dir='ltr'><strong>dor-</strong></span> 
     </span>
    </p>
   </div>
   <div class='ocr_carea' id='block_1_88' title="bbox 1883 2599 3465 2674">
    <p class='ocr_par' dir='ltr' id='par_1_88' title="bbox 1883 2599 3465 2674">
     <span class='ocr_line' id='line_1_88' title="bbox 1883 2599 3465 2674; baseline 0.004 -21"><span class='ocrx_word' id='word_1_527' title='bbox 1883 2599 2042 2666; x_wconf 89' lang='lat' dir='ltr'><strong>mias,</strong></span> <span class='ocrx_word' id='word_1_528' title='bbox 2077 2599 2182 2656; x_wconf 92' lang='lat' dir='ltr'><strong>nisi</strong></span> <span class='ocrx_word' id='word_1_529' title='bbox 2215 2616 2407 2673; x_wconf 89' lang='lat' dir='ltr'><strong>parum</strong></span> <span class='ocrx_word' id='word_1_530' title='bbox 2431 2611 2487 2659; x_wconf 88' lang='lat' dir='ltr'><strong>et</strong></span> <span class='ocrx_word' id='word_1_531' title='bbox 2515 2604 2814 2674; x_wconf 90' lang='lat' dir='ltr'><strong>moderate,</strong></span> <span class='ocrx_word' id='word_1_532' title='bbox 2843 2614 2900 2660; x_wconf 90' lang='lat' dir='ltr'><strong>et</strong></span> <span class='ocrx_word' id='word_1_533' title='bbox 2930 2605 3151 2662; x_wconf 89' lang='lat' dir='ltr'><strong>venient</strong></span> <span class='ocrx_word' id='word_1_534' title='bbox 3180 2605 3251 2661; x_wconf 92' lang='lat' dir='ltr'><strong>ad</strong></span> <span class='ocrx_word' id='word_1_535' title='bbox 3279 2611 3332 2660; x_wconf 88' lang='lat' dir='ltr'><strong>te</strong></span> <span class='ocrx_word' id='word_1_536' title='bbox 3370 2619 3465 2660; x_wconf 86' lang='lat' dir='ltr'><strong>an-</strong></span> 
     </span>
    </p>
   </div>
   <div class='ocr_carea' id='block_1_89' title="bbox 1883 2688 2008 2760">
    <p class='ocr_par' dir='ltr' id='par_1_89' title="bbox 1883 2688 2008 2760">
     <span class='ocr_line' id='line_1_89' title="bbox 1883 2688 2008 2760; baseline -0.008 -16"><span class='ocrx_word' id='word_1_537' title='bbox 1883 2688 2008 2760; x_wconf 83' lang='lat' dir='ltr'><strong>geli.</strong></span> 
     </span>
    </p>
   </div>
   <div class='ocr_carea' id='block_1_90' title="bbox 1951 2781 3468 2856">
    <p class='ocr_par' dir='ltr' id='par_1_90' title="bbox 1951 2781 3468 2856">
     <span class='ocr_line' id='line_1_90' title="bbox 1951 2781 3468 2856; baseline 0.006 -21"><span class='ocrx_word' id='word_1_538' title='bbox 1951 2781 2190 2838; x_wconf 89' lang='lat' dir='ltr'><strong>XXXIII.</strong></span> <span class='ocrx_word' id='word_1_539' title='bbox 2229 2783 2366 2841; x_wconf 92' lang='lat' dir='ltr'><strong>Cum</strong></span> <span class='ocrx_word' id='word_1_540' title='bbox 2411 2787 2657 2844; x_wconf 91' lang='lat' dir='ltr'><strong>oraveris</strong></span> <span class='ocrx_word' id='word_1_541' title='bbox 2685 2795 2742 2843; x_wconf 90' lang='lat' dir='ltr'><strong>et</strong></span> <span class='ocrx_word' id='word_1_542' title='bbox 2776 2801 2984 2843; x_wconf 91' lang='lat' dir='ltr'><strong>memor</strong></span> <span class='ocrx_word' id='word_1_543' title='bbox 3011 2786 3179 2844; x_wconf 87' lang='lat' dir='ltr'><strong>fueris</strong></span> <span class='ocrx_word' id='word_1_544' title='bbox 3207 2786 3340 2856; x_wconf 91' lang='lat' dir='ltr'><strong>Dei,</strong></span> <span class='ocrx_word' id='word_1_545' title='bbox 3376 2785 3468 2844; x_wconf 88' lang='lat' dir='ltr'><strong>fac</strong></span> 
     </span>
    </p>
   </div>
   <div class='ocr_carea' id='block_1_91' title="bbox 1884 2871 3467 2952">
    <p class='ocr_par' dir='ltr' id='par_1_91' title="bbox 1884 2871 3467 2952">
     <span class='ocr_line' id='line_1_91' title="bbox 1884 2871 3467 2952; baseline 0.005 -25"><span class='ocrx_word' id='word_1_546' title='bbox 1884 2871 1982 2928; x_wconf 92' lang='lat' dir='ltr'><strong>tibi</strong></span> <span class='ocrx_word' id='word_1_547' title='bbox 2013 2871 2327 2932; x_wconf 89' lang='lat' dir='ltr'><strong>indumenta</strong></span> <span class='ocrx_word' id='word_1_548' title='bbox 2352 2886 2446 2952; x_wconf 85' lang='lat' dir='ltr'><strong>tua</strong></span> <span class='ocrx_word' id='word_1_549' title='bbox 2479 2879 2590 2936; x_wconf 89' lang='lat' dir='ltr'><strong>sint</strong></span> <span class='ocrx_word' id='word_1_550' title='bbox 2627 2880 2748 2948; x_wconf 65' lang='lat' dir='ltr'><strong>alae,</strong></span> <span class='ocrx_word' id='word_1_551' title='bbox 2774 2889 2830 2936; x_wconf 89' lang='lat' dir='ltr'><strong>et</strong></span> <span class='ocrx_word' id='word_1_552' title='bbox 2855 2879 3094 2938; x_wconf 89' lang='lat' dir='ltr'><strong>evolabis</strong></span> <span class='ocrx_word' id='word_1_553' title='bbox 3125 2895 3286 2952; x_wconf 89' lang='lat' dir='ltr'><strong>super</strong></span> <span class='ocrx_word' id='word_1_554' title='bbox 3311 2894 3467 2936; x_wconf 89' lang='lat' dir='ltr'><strong>mare</strong></span> 
     </span>
    </p>
   </div>
   <div class='ocr_carea' id='block_1_92' title="bbox 1883 2965 2126 3039">
    <p class='ocr_par' dir='ltr' id='par_1_92' title="bbox 1883 2965 2126 3039">
     <span class='ocr_line' id='line_1_92' title="bbox 1883 2965 2126 3039; baseline 0.008 -19"><span class='ocrx_word' id='word_1_555' title='bbox 1883 2965 2126 3039; x_wconf 85' lang='lat' dir='ltr'><strong>igneum.</strong></span> 
     </span>
    </p>
   </div>
   <div class='ocr_carea' id='block_1_93' title="bbox 1953 3059 3464 3136">
    <p class='ocr_par' dir='ltr' id='par_1_93' title="bbox 1953 3059 3464 3136">
     <span class='ocr_line' id='line_1_93' title="bbox 1953 3059 3464 3136; baseline 0.007 -22"><span class='ocrx_word' id='word_1_556' title='bbox 1953 3059 2194 3118; x_wconf 85' lang='lat' dir='ltr'><strong>XXXIV.</strong></span> <span class='ocrx_word' id='word_1_557' title='bbox 2221 3060 2394 3118; x_wconf 87' lang='lat' dir='ltr'><strong>Visita</strong></span> <span class='ocrx_word' id='word_1_558' title='bbox 2417 3073 2652 3134; x_wconf 59' lang='lat' dir='ltr'><strong>aegrotos</strong></span> <span class='ocrx_word' id='word_1_559' title='bbox 2676 3074 2732 3122; x_wconf 90' lang='lat' dir='ltr'><strong>et</strong></span> <span class='ocrx_word' id='word_1_560' title='bbox 2757 3064 3028 3135; x_wconf 84' lang='lat' dir='ltr'><strong>inﬁrmos,</strong></span> <span class='ocrx_word' id='word_1_561' title='bbox 3053 3074 3108 3124; x_wconf 91' lang='lat' dir='ltr'><strong>et</strong></span> <span class='ocrx_word' id='word_1_562' title='bbox 3129 3064 3294 3136; x_wconf 89' lang='lat' dir='ltr'><strong>imple</strong></span> <span class='ocrx_word' id='word_1_563' title='bbox 3317 3080 3464 3125; x_wconf 66' lang='lat' dir='ltr'><strong>mem</strong></span> 
     </span>
    </p>
   </div>
   <div class='ocr_carea' id='block_1_94' title="bbox 1880 3163 2722 3228">
    <p class='ocr_par' dir='ltr' id='par_1_94' title="bbox 1880 3163 2722 3228">
     <span class='ocr_line' id='line_1_94' title="bbox 1880 3163 2722 3228; baseline 0.006 -22"><span class='ocrx_word' id='word_1_564' title='bbox 1880 3163 2037 3207; x_wconf 87' lang='lat' dir='ltr'><strong>suras</strong></span> <span class='ocrx_word' id='word_1_565' title='bbox 2067 3168 2162 3208; x_wconf 90' lang='lat' dir='ltr'><strong>seu</strong></span> <span class='ocrx_word' id='word_1_566' title='bbox 2189 3168 2320 3211; x_wconf 60' lang='grc' dir='ltr'><strong>νεεδ</strong></span> <span class='ocrx_word' id='word_1_567' title='bbox 2344 3169 2532 3210; x_wconf 90' lang='lat' dir='ltr'><strong>eorum</strong></span> <span class='ocrx_word' id='word_1_568' title='bbox 2561 3171 2722 3228; x_wconf 89' lang='lat' dir='ltr'><strong>aqua.</strong></span> 
     </span>
    </p>
   </div>
   <div class='ocr_carea' id='block_1_95' title="bbox 1947 3243 3554 3324">
    <p class='ocr_par' dir='ltr' id='par_1_95' title="bbox 1947 3243 3554 3324">
     <span class='ocr_line' id='line_1_95' title="bbox 1947 3243 3554 3324; baseline 0.007 -27"><span class='ocrx_word' id='word_1_569' title='bbox 1947 3243 2164 3301; x_wconf 87' lang='lat' dir='ltr'><strong>XXXV.</strong></span> <span class='ocrx_word' id='word_1_570' title='bbox 2205 3245 2284 3302; x_wconf 88' lang='lat' dir='ltr'><strong>Ne</strong></span> <span class='ocrx_word' id='word_1_571' title='bbox 2315 3260 2526 3321; x_wconf 89' lang='lat' dir='ltr'><strong>pugnes</strong></span> <span class='ocrx_word' id='word_1_572' title='bbox 2567 3248 2772 3322; x_wconf 91' lang='lat' dir='ltr'><strong>lingua.</strong></span> <span class='ocrx_word' id='word_1_573' title='bbox 2806 3249 2888 3306; x_wconf 93' lang='lat' dir='ltr'><strong>Ita</strong></span> <span class='ocrx_word' id='word_1_574' title='bbox 2917 3258 2972 3308; x_wconf 90' lang='lat' dir='ltr'><strong>te</strong></span> <span class='ocrx_word' id='word_1_575' title='bbox 3007 3259 3230 3324; x_wconf 76' lang='lat' dir='ltr'><strong>przesta,</strong></span> <span class='ocrx_word' id='word_1_576' title='bbox 3269 3259 3329 3307; x_wconf 90' lang='lat' dir='ltr'><strong>ut</strong></span> <span class='ocrx_word' id='word_1_577' title='bbox 3364 3251 3463 3308; x_wconf 89' lang='lat' dir='ltr'><strong>be-</strong></span> <span class='ocrx_word' id='word_1_578' title='bbox 3545 3269 3554 3278; x_wconf 88' lang='grc'><strong>·</strong></span> 
     </span>
    </p>
   </div>
   <div class='ocr_carea' id='block_1_96' title="bbox 1879 3337 3466 3401">
    <p class='ocr_par' dir='ltr' id='par_1_96' title="bbox 1879 3337 3466 3401">
     <span class='ocr_line' id='line_1_96' title="bbox 1879 3337 3466 3401; baseline 0.004 -9"><span class='ocrx_word' id='word_1_579' title='bbox 1879 3337 2135 3394; x_wconf 86' lang='lat' dir='ltr'><strong>nedicant</strong></span> <span class='ocrx_word' id='word_1_580' title='bbox 2190 3348 2242 3395; x_wconf 88' lang='lat' dir='ltr'><strong>te</strong></span> <span class='ocrx_word' id='word_1_581' title='bbox 2293 3355 2502 3398; x_wconf 86' lang='lat' dir='ltr'><strong>omnes.</strong></span> <span class='ocrx_word' id='word_1_582' title='bbox 2566 3342 2635 3398; x_wconf 87' lang='lat' dir='ltr'><strong>Et</strong></span> <span class='ocrx_word' id='word_1_583' title='bbox 2693 3344 2952 3401; x_wconf 88' lang='lat' dir='ltr'><strong>Dominus</strong></span> <span class='ocrx_word' id='word_1_584' title='bbox 3008 3345 3165 3401; x_wconf 81' lang='lat' dir='ltr'><strong>Jesus</strong></span> <span class='ocrx_word' id='word_1_585' title='bbox 3217 3345 3466 3401; x_wconf 87' lang='lat' dir='ltr'><strong>Christus</strong></span> 
     </span>
    </p>
   </div>
   <div class='ocr_carea' id='block_1_97' title="bbox 1879 3431 3467 3506">
    <p class='ocr_par' dir='ltr' id='par_1_97' title="bbox 1879 3431 3467 3506">
     <span class='ocr_line' id='line_1_97' title="bbox 1879 3431 3467 3506; baseline 0.003 -20"><span class='ocrx_word' id='word_1_586' title='bbox 1879 3446 2039 3501; x_wconf 89' lang='lat' dir='ltr'><strong>opem</strong></span> <span class='ocrx_word' id='word_1_587' title='bbox 2067 3431 2224 3488; x_wconf 90' lang='lat' dir='ltr'><strong>nobis</strong></span> <span class='ocrx_word' id='word_1_588' title='bbox 2257 3432 2450 3490; x_wconf 78' lang='lat' dir='ltr'><strong>aii‘erat</strong></span> <span class='ocrx_word' id='word_1_589' title='bbox 2479 3435 2548 3489; x_wconf 92' lang='lat' dir='ltr'><strong>ad</strong></span> <span class='ocrx_word' id='word_1_590' title='bbox 2577 3437 2913 3506; x_wconf 88' lang='lat' dir='ltr'><strong>operandum</strong></span> <span class='ocrx_word' id='word_1_591' title='bbox 2956 3438 3254 3492; x_wconf 90' lang='lat' dir='ltr'><strong>secundum</strong></span> <span class='ocrx_word' id='word_1_592' title='bbox 3296 3437 3467 3506; x_wconf 89' lang='lat' dir='ltr'><strong>ipsius</strong></span> 
     </span>
    </p>
   </div>
   <div class='ocr_carea' id='block_1_98' title="bbox 1877 3521 3466 3598">
    <p class='ocr_par' dir='ltr' id='par_1_98' title="bbox 1877 3521 3466 3598">
     <span class='ocr_line' id='line_1_98' title="bbox 1877 3521 3466 3598; baseline 0.001 -20"><span class='ocrx_word' id='word_1_593' title='bbox 1877 3521 2278 3592; x_wconf 87' lang='lat' dir='ltr'><strong>beneplacitum</strong></span> <span class='ocrx_word' id='word_1_594' title='bbox 2305 3542 2317 3576; x_wconf 88' lang='lat'>:</span> <span class='ocrx_word' id='word_1_595' title='bbox 2351 3524 2438 3581; x_wconf 89' lang='lat' dir='ltr'><strong>cui</strong></span> <span class='ocrx_word' id='word_1_596' title='bbox 2469 3524 2640 3596; x_wconf 88' lang='lat' dir='ltr'><strong>gloria</strong></span> <span class='ocrx_word' id='word_1_597' title='bbox 2666 3541 2790 3581; x_wconf 91' lang='lat' dir='ltr'><strong>cum</strong></span> <span class='ocrx_word' id='word_1_598' title='bbox 2811 3526 2974 3583; x_wconf 86' lang='lat' dir='ltr'><strong>Patre</strong></span> <span class='ocrx_word' id='word_1_599' title='bbox 3004 3543 3126 3596; x_wconf 92' lang='lat' dir='ltr'><strong>suo,</strong></span> <span class='ocrx_word' id='word_1_600' title='bbox 3153 3535 3208 3584; x_wconf 90' lang='lat' dir='ltr'><strong>et</strong></span> <span class='ocrx_word' id='word_1_601' title='bbox 3257 3525 3466 3598; x_wconf 87' lang='lat' dir='ltr'><strong>Spiritu</strong></span> 
     </span>
    </p>
   </div>
   <div class='ocr_carea' id='block_1_99' title="bbox 1878 3616 2810 3674">
    <p class='ocr_par' dir='ltr' id='par_1_99' title="bbox 1878 3616 2810 3674">
     <span class='ocr_line' id='line_1_99' title="bbox 1878 3616 2810 3674; baseline 0.003 -3"><span class='ocrx_word' id='word_1_602' title='bbox 1878 3628 1980 3671; x_wconf 86' lang='lat' dir='ltr'><strong>suo</strong></span> <span class='ocrx_word' id='word_1_603' title='bbox 2006 3623 2196 3671; x_wconf 90' lang='lat' dir='ltr'><strong>sancto</strong></span> <span class='ocrx_word' id='word_1_604' title='bbox 2224 3616 2281 3670; x_wconf 92' lang='lat' dir='ltr'><strong>in</strong></span> <span class='ocrx_word' id='word_1_605' title='bbox 2308 3617 2586 3672; x_wconf 69' lang='lat' dir='ltr'><strong>saeculum.</strong></span> <span class='ocrx_word' id='word_1_606' title='bbox 2614 3619 2810 3674; x_wconf 81' lang='lat' dir='ltr'><strong>Amen.</strong></span> 
     </span>
    </p>
   </div>
   <div class='ocr_carea' id='block_1_100' title="bbox 2027 3725 3319 3806">
    <p class='ocr_par' dir='ltr' id='par_1_100' title="bbox 2027 3725 3319 3806">
     <span class='ocr_line' id='line_1_100' title="bbox 2027 3725 3319 3806; baseline 0.005 -23"><span class='ocrx_word' id='word_1_607' title='bbox 2027 3725 2158 3794; x_wconf 78' lang='lat' dir='ltr'><strong>Quae</strong></span> <span class='ocrx_word' id='word_1_608' title='bbox 2186 3739 2496 3800; x_wconf 78' lang='lat' dir='ltr'><strong>sequuntur,</strong></span> <span class='ocrx_word' id='word_1_609' title='bbox 2524 3730 2780 3787; x_wconf 80' lang='lat' dir='ltr'><strong>habentur</strong></span> <span class='ocrx_word' id='word_1_610' title='bbox 2804 3734 2859 3788; x_wconf 79' lang='lat' dir='ltr'><strong>in</strong></span> <span class='ocrx_word' id='word_1_611' title='bbox 2883 3732 2989 3789; x_wconf 83' lang='lat' dir='ltr'><strong>alio</strong></span> <span class='ocrx_word' id='word_1_612' title='bbox 3016 3732 3319 3806; x_wconf 72' lang='lat' dir='ltr'><strong>exemplari.</strong></span> 
     </span>
    </p>
   </div>
   <div class='ocr_carea' id='block_1_101' title="bbox 1952 3837 3460 3917">
    <p class='ocr_par' dir='ltr' id='par_1_101' title="bbox 1952 3837 3460 3917">
     <span class='ocr_line' id='line_1_101' title="bbox 1952 3837 3460 3917; baseline 0.006 -23"><span class='ocrx_word' id='word_1_613' title='bbox 1952 3837 2193 3896; x_wconf 85' lang='lat' dir='ltr'><strong>XXXVI.</strong></span> <span class='ocrx_word' id='word_1_614' title='bbox 2229 3839 2373 3912; x_wconf 84' lang='lat' dir='ltr'><strong>Coge</strong></span> <span class='ocrx_word' id='word_1_615' title='bbox 2402 3842 2636 3914; x_wconf 90' lang='lat' dir='ltr'><strong>teipsum</strong></span> <span class='ocrx_word' id='word_1_616' title='bbox 2665 3843 2720 3899; x_wconf 92' lang='lat' dir='ltr'><strong>in</strong></span> <span class='ocrx_word' id='word_1_617' title='bbox 2746 3859 2910 3917; x_wconf 89' lang='lat' dir='ltr'><strong>opere</strong></span> <span class='ocrx_word' id='word_1_618' title='bbox 2934 3861 3190 3903; x_wconf 90' lang='lat' dir='ltr'><strong>manuum</strong></span> <span class='ocrx_word' id='word_1_619' title='bbox 3221 3856 3460 3917; x_wconf 87' lang='lat' dir='ltr'><strong>tuarum,</strong></span> 
     </span>
    </p>
   </div>
   <div class='ocr_carea' id='block_1_102' title="bbox 1879 3933 2914 3996">
    <p class='ocr_par' dir='ltr' id='par_1_102' title="bbox 1879 3933 2914 3996">
     <span class='ocr_line' id='line_1_102' title="bbox 1879 3933 2914 3996; baseline 0.005 -6"><span class='ocrx_word' id='word_1_620' title='bbox 1879 3939 1936 3990; x_wconf 88' lang='lat' dir='ltr'><strong>et</strong></span> <span class='ocrx_word' id='word_1_621' title='bbox 1965 3933 2130 3988; x_wconf 92' lang='lat' dir='ltr'><strong>timor</strong></span> <span class='ocrx_word' id='word_1_622' title='bbox 2156 3933 2373 3990; x_wconf 91' lang='lat' dir='ltr'><strong>Domini</strong></span> <span class='ocrx_word' id='word_1_623' title='bbox 2402 3935 2731 3992; x_wconf 89' lang='lat' dir='ltr'><strong>inhabitabit</strong></span> <span class='ocrx_word' id='word_1_624' title='bbox 2757 3939 2810 3994; x_wconf 91' lang='lat' dir='ltr'><strong>in</strong></span> <span class='ocrx_word' id='word_1_625' title='bbox 2841 3947 2914 3996; x_wconf 92' lang='lat' dir='ltr'><strong>te.</strong></span> 
     </span>
    </p>
   </div>
   <div class='ocr_carea' id='block_1_103' title="bbox 1947 4023 3462 4106">
    <p class='ocr_par' dir='ltr' id='par_1_103' title="bbox 1947 4023 3462 4106">
     <span class='ocr_line' id='line_1_103' title="bbox 1947 4023 3462 4106; baseline 0.009 -28"><span class='ocrx_word' id='word_1_626' title='bbox 1947 4023 2208 4082; x_wconf 84' lang='lat' dir='ltr'><strong>XXXVII.</strong></span> <span class='ocrx_word' id='word_1_627' title='bbox 2251 4025 2310 4082; x_wconf 93' lang='lat' dir='ltr'><strong>Si</strong></span> <span class='ocrx_word' id='word_1_628' title='bbox 2339 4030 2690 4099; x_wconf 83' lang='lat' dir='ltr'><strong>conspexeris</strong></span> <span class='ocrx_word' id='word_1_629' title='bbox 2731 4029 2959 4088; x_wconf 84' lang='lat' dir='ltr'><strong>fratrem</strong></span> <span class='ocrx_word' id='word_1_630' title='bbox 2987 4033 3224 4104; x_wconf 82' lang='lat' dir='ltr'><strong>aliquem</strong></span> <span class='ocrx_word' id='word_1_631' title='bbox 3265 4047 3462 4106; x_wconf 85' lang='lat' dir='ltr'><strong>perpe-</strong></span> 
     </span>
    </p>
   </div>
   <div class='ocr_carea' id='block_1_104' title="bbox 1879 4121 3464 4191">
    <p class='ocr_par' dir='ltr' id='par_1_104' title="bbox 1879 4121 3464 4191">
     <span class='ocr_line' id='line_1_104' title="bbox 1879 4121 3464 4191; baseline 0.006 -22"><span class='ocrx_word' id='word_1_632' title='bbox 1879 4122 2114 4172; x_wconf 90' lang='lat' dir='ltr'><strong>trantem</strong></span> <span class='ocrx_word' id='word_1_633' title='bbox 2139 4126 2424 4188; x_wconf 86' lang='lat' dir='ltr'><strong>peccatum</strong></span> <span class='ocrx_word' id='word_1_634' title='bbox 2451 4134 2558 4175; x_wconf 91' lang='lat' dir='ltr'><strong>non</strong></span> <span class='ocrx_word' id='word_1_635' title='bbox 2587 4121 2658 4176; x_wconf 92' lang='lat' dir='ltr'><strong>ad</strong></span> <span class='ocrx_word' id='word_1_636' title='bbox 2691 4130 2945 4191; x_wconf 88' lang='lat' dir='ltr'><strong>mortem,</strong></span> <span class='ocrx_word' id='word_1_637' title='bbox 2970 4139 3040 4179; x_wconf 92' lang='lat' dir='ltr'><strong>ne</strong></span> <span class='ocrx_word' id='word_1_638' title='bbox 3067 4133 3386 4180; x_wconf 89' lang='lat' dir='ltr'><strong>contemnas</strong></span> <span class='ocrx_word' id='word_1_639' title='bbox 3407 4131 3464 4179; x_wconf 61' lang='lat' dir='ltr'><strong>Ct</strong></span> 
     </span>
    </p>
   </div>
   <div class='ocr_carea' id='block_1_105' title="bbox 1879 4209 3464 4287">
    <p class='ocr_par' dir='ltr' id='par_1_105' title="bbox 1879 4209 3464 4287">
     <span class='ocr_line' id='line_1_105' title="bbox 1879 4209 3464 4287; baseline 0.004 -21"><span class='ocrx_word' id='word_1_640' title='bbox 1879 4209 2167 4280; x_wconf 89' lang='lat' dir='ltr'><strong>despicias,</strong></span> <span class='ocrx_word' id='word_1_641' title='bbox 2198 4227 2376 4282; x_wconf 90' lang='lat' dir='ltr'><strong>neque</strong></span> <span class='ocrx_word' id='word_1_642' title='bbox 2413 4213 2742 4271; x_wconf 85' lang='lat' dir='ltr'><strong>condemnes</strong></span> <span class='ocrx_word' id='word_1_643' title='bbox 2791 4214 2977 4270; x_wconf 91' lang='lat' dir='ltr'><strong>illum:</strong></span> <span class='ocrx_word' id='word_1_644' title='bbox 3008 4215 3216 4272; x_wconf 90' lang='lat' dir='ltr'><strong>incides</strong></span> <span class='ocrx_word' id='word_1_645' title='bbox 3264 4217 3464 4287; x_wconf 87' lang='lat' dir='ltr'><strong>quippe</strong></span> 
     </span>
    </p>
   </div>
   <div class='ocr_carea' id='block_1_106' title="bbox 1877 4305 2820 4366">
    <p class='ocr_par' dir='ltr' id='par_1_106' title="bbox 1877 4305 2820 4366">
     <span class='ocr_line' id='line_1_106' title="bbox 1877 4305 2820 4366; baseline 0.004 -4"><span class='ocrx_word' id='word_1_646' title='bbox 1877 4305 1936 4362; x_wconf 86' lang='lat' dir='ltr'><strong>in</strong></span> <span class='ocrx_word' id='word_1_647' title='bbox 1965 4321 2186 4362; x_wconf 89' lang='lat' dir='ltr'><strong>manum</strong></span> <span class='ocrx_word' id='word_1_648' title='bbox 2211 4308 2554 4365; x_wconf 90' lang='lat' dir='ltr'><strong>inimicorum</strong></span> <span class='ocrx_word' id='word_1_649' title='bbox 2583 4317 2820 4366; x_wconf 91' lang='lat' dir='ltr'><strong>tuorum.</strong></span> 
     </span>
    </p>
   </div>
   <div class='ocr_carea' id='block_1_107' title="bbox 1953 4396 3463 4467">
    <p class='ocr_par' dir='ltr' id='par_1_107' title="bbox 1953 4396 3463 4467">
     <span class='ocr_line' id='line_1_107' title="bbox 1953 4396 3463 4467; baseline 0.003 -14"><span class='ocrx_word' id='word_1_650' title='bbox 1953 4396 2239 4454; x_wconf 86' lang='lat' dir='ltr'><strong>XXXVIII.</strong></span> <span class='ocrx_word' id='word_1_651' title='bbox 2282 4397 2426 4454; x_wconf 89' lang='lat' dir='ltr'><strong>Cave</strong></span> <span class='ocrx_word' id='word_1_652' title='bbox 2484 4400 2622 4467; x_wconf 90' lang='lat' dir='ltr'><strong>tibi,</strong></span> <span class='ocrx_word' id='word_1_653' title='bbox 2672 4417 2743 4458; x_wconf 92' lang='lat' dir='ltr'><strong>ne</strong></span> <span class='ocrx_word' id='word_1_654' title='bbox 2808 4401 3101 4458; x_wconf 89' lang='lat' dir='ltr'><strong>seducatur</strong></span> <span class='ocrx_word' id='word_1_655' title='bbox 3155 4399 3463 4457; x_wconf 78' lang='lat' dir='ltr'><strong>intellectus</strong></span> 
     </span>
    </p>
   </div>
   <div class='ocr_carea' id='block_1_108' title="bbox 1880 4493 3462 4566">
    <p class='ocr_par' dir='ltr' id='par_1_108' title="bbox 1880 4493 3462 4566">
     <span class='ocr_line' id='line_1_108' title="bbox 1880 4493 3462 4566; baseline -0.001 -16"><span class='ocrx_word' id='word_1_656' title='bbox 1880 4501 2028 4561; x_wconf 88' lang='lat' dir='ltr'><strong>tuus,</strong></span> <span class='ocrx_word' id='word_1_657' title='bbox 2056 4493 2410 4550; x_wconf 89' lang='lat' dir='ltr'><strong>memorando</strong></span> <span class='ocrx_word' id='word_1_658' title='bbox 2433 4502 2658 4564; x_wconf 84' lang='lat' dir='ltr'><strong>peccata</strong></span> <span class='ocrx_word' id='word_1_659' title='bbox 2686 4503 2777 4550; x_wconf 93' lang='lat' dir='ltr'><strong>tua</strong></span> <span class='ocrx_word' id='word_1_660' title='bbox 2805 4494 3010 4566; x_wconf 91' lang='lat' dir='ltr'><strong>priora,</strong></span> <span class='ocrx_word' id='word_1_661' title='bbox 3040 4508 3109 4550; x_wconf 91' lang='lat' dir='ltr'><strong>ne</strong></span> <span class='ocrx_word' id='word_1_662' title='bbox 3136 4501 3462 4552; x_wconf 89' lang='lat' dir='ltr'><strong>renoventur</strong></span> 
     </span>
    </p>
   </div>
   <div class='ocr_carea' id='block_1_109' title="bbox 1881 4586 2043 4644">
    <p class='ocr_par' dir='ltr' id='par_1_109' title="bbox 1881 4586 2043 4644">
     <span class='ocr_line' id='line_1_109' title="bbox 1881 4586 2043 4644; baseline 0 -2"><span class='ocrx_word' id='word_1_663' title='bbox 1881 4586 1938 4644; x_wconf 89' lang='lat' dir='ltr'><strong>in</strong></span> <span class='ocrx_word' id='word_1_664' title='bbox 1971 4595 2043 4642; x_wconf 90' lang='lat' dir='ltr'><strong>te.</strong></span> 
     </span>
    </p>
   </div>
   <div class='ocr_carea' id='block_1_110' title="bbox 1695 4660 3460 4777">
    <p class='ocr_par' dir='ltr' id='par_1_110' title="bbox 1695 4660 3460 4777">
     <span class='ocr_line' id='line_1_110' title="bbox 1695 4660 3460 4777; baseline 0.003 -23"><span class='ocrx_word' id='word_1_665' title='bbox 1695 4660 1775 4717; x_wconf 71' lang='lat' dir='ltr'><strong>Ne</strong></span> <span class='ocrx_word' id='word_1_666' title='bbox 1798 4662 1854 4723; x_wconf 77' lang='lat' dir='ltr'><strong>D</strong></span> <span class='ocrx_word' id='word_1_667' title='bbox 1948 4699 2191 4756; x_wconf 89' lang='lat' dir='ltr'><strong>XXXIX.</strong></span> <span class='ocrx_word' id='word_1_668' title='bbox 2233 4697 2407 4772; x_wconf 89' lang='lat' dir='ltr'><strong>Dilige</strong></span> <span class='ocrx_word' id='word_1_669' title='bbox 2442 4700 2842 4768; x_wconf 89' lang='lat' dir='ltr'><strong>humilitatem,</strong></span> <span class='ocrx_word' id='word_1_670' title='bbox 2885 4717 3005 4773; x_wconf 77' lang='lat' dir='ltr'><strong>quae</strong></span> <span class='ocrx_word' id='word_1_671' title='bbox 3045 4710 3296 4777; x_wconf 82' lang='lat' dir='ltr'><strong>proteget</strong></span> <span class='ocrx_word' id='word_1_672' title='bbox 3337 4711 3392 4759; x_wconf 88' lang='lat' dir='ltr'><strong>te</strong></span> <span class='ocrx_word' id='word_1_673' title='bbox 3427 4719 3460 4760; x_wconf 91' lang='lat' dir='ltr'><strong>a</strong></span> 
     </span>
    </p>
   </div>
   <div class='ocr_carea' id='block_1_111' title="bbox 1875 4789 3458 4864">
    <p class='ocr_par' dir='ltr' id='par_1_111' title="bbox 1875 4789 3458 4864">
     <span class='ocr_line' id='line_1_111' title="bbox 1875 4789 3458 4864; baseline 0.001 -17"><span class='ocrx_word' id='word_1_674' title='bbox 1875 4799 2123 4864; x_wconf 87' lang='lat' dir='ltr'><strong>peccato.</strong></span> <span class='ocrx_word' id='word_1_675' title='bbox 2161 4789 2240 4846; x_wconf 90' lang='lat' dir='ltr'><strong>Ne</strong></span> <span class='ocrx_word' id='word_1_676' title='bbox 2285 4791 2360 4847; x_wconf 91' lang='lat' dir='ltr'><strong>sis</strong></span> <span class='ocrx_word' id='word_1_677' title='bbox 2418 4792 2667 4863; x_wconf 82' lang='lat' dir='ltr'><strong>pertinax</strong></span> <span class='ocrx_word' id='word_1_678' title='bbox 2714 4793 2782 4849; x_wconf 88' lang='lat' dir='ltr'><strong>ad</strong></span> <span class='ocrx_word' id='word_1_679' title='bbox 2838 4796 3184 4851; x_wconf 91' lang='lat' dir='ltr'><strong>statuendum</strong></span> <span class='ocrx_word' id='word_1_680' title='bbox 3232 4795 3458 4850; x_wconf 90' lang='lat' dir='ltr'><strong>verbum</strong></span> 
     </span>
    </p>
   </div>
   <div class='ocr_carea' id='block_1_112' title="bbox 1877 4885 3457 4960">
    <p class='ocr_par' dir='ltr' id='par_1_112' title="bbox 1877 4885 3457 4960">
     <span class='ocr_line' id='line_1_112' title="bbox 1877 4885 3457 4960; baseline 0 -20"><span class='ocrx_word' id='word_1_681' title='bbox 1877 4893 2048 4952; x_wconf 91' lang='lat' dir='ltr'><strong>tuum,</strong></span> <span class='ocrx_word' id='word_1_682' title='bbox 2086 4898 2154 4940; x_wconf 92' lang='lat' dir='ltr'><strong>ne</strong></span> <span class='ocrx_word' id='word_1_683' title='bbox 2181 4891 2413 4956; x_wconf 91' lang='lat' dir='ltr'><strong>occupet</strong></span> <span class='ocrx_word' id='word_1_684' title='bbox 2445 4893 2498 4941; x_wconf 90' lang='lat' dir='ltr'><strong>te</strong></span> <span class='ocrx_word' id='word_1_685' title='bbox 2527 4886 2748 4942; x_wconf 89' lang='lat' dir='ltr'><strong>malum.</strong></span> <span class='ocrx_word' id='word_1_686' title='bbox 2785 4885 2863 4943; x_wconf 88' lang='lat' dir='ltr'><strong>Ne</strong></span> <span class='ocrx_word' id='word_1_687' title='bbox 2890 4897 3106 4960; x_wconf 90' lang='lat' dir='ltr'><strong>reputes</strong></span> <span class='ocrx_word' id='word_1_688' title='bbox 3149 4894 3204 4942; x_wconf 90' lang='lat' dir='ltr'><strong>te</strong></span> <span class='ocrx_word' id='word_1_689' title='bbox 3247 4886 3457 4956; x_wconf 90' lang='lat' dir='ltr'><strong>sapien-</strong></span> 
     </span>
    </p>
   </div>
   <div class='ocr_carea' id='block_1_113' title="bbox 1877 4976 3460 5049">
    <p class='ocr_par' dir='ltr' id='par_1_113' title="bbox 1877 4976 3460 5049">
     <span class='ocr_line' id='line_1_113' title="bbox 1877 4976 3460 5049; baseline 0 -17"><span class='ocrx_word' id='word_1_690' title='bbox 1877 4984 2012 5044; x_wconf 91' lang='lat' dir='ltr'><strong>tem,</strong></span> <span class='ocrx_word' id='word_1_691' title='bbox 2049 4984 2105 5033; x_wconf 92' lang='lat' dir='ltr'><strong>et</strong></span> <span class='ocrx_word' id='word_1_692' title='bbox 2132 4976 2472 5049; x_wconf 89' lang='lat' dir='ltr'><strong>gloriaberis,</strong></span> <span class='ocrx_word' id='word_1_693' title='bbox 2501 4986 2557 5034; x_wconf 93' lang='lat' dir='ltr'><strong>et</strong></span> <span class='ocrx_word' id='word_1_694' title='bbox 2602 4979 2809 5036; x_wconf 88' lang='lat' dir='ltr'><strong>incides</strong></span> <span class='ocrx_word' id='word_1_695' title='bbox 2851 4995 3070 5035; x_wconf 89' lang='lat' dir='ltr'><strong>manum</strong></span> <span class='ocrx_word' id='word_1_696' title='bbox 3117 4978 3460 5034; x_wconf 88' lang='lat' dir='ltr'><strong>inimicorum</strong></span> 
     </span>
    </p>
   </div>
   <div class='ocr_carea' id='block_1_114' title="bbox 1879 5069 3453 5143">
    <p class='ocr_par' dir='ltr' id='par_1_114' title="bbox 1879 5069 3453 5143">
     <span class='ocr_line' id='line_1_114' title="bbox 1879 5069 3453 5143; baseline -0.001 -17"><span class='ocrx_word' id='word_1_697' title='bbox 1879 5078 2114 5127; x_wconf 86' lang='lat' dir='ltr'><strong>tuorum.</strong></span> <span class='ocrx_word' id='word_1_698' title='bbox 2141 5070 2435 5127; x_wconf 78' lang='lat' dir='ltr'><strong>Assuescat</strong></span> <span class='ocrx_word' id='word_1_699' title='bbox 2465 5072 2647 5143; x_wconf 88' lang='lat' dir='ltr'><strong>lingua</strong></span> <span class='ocrx_word' id='word_1_700' title='bbox 2674 5081 2767 5128; x_wconf 90' lang='lat' dir='ltr'><strong>tua</strong></span> <span class='ocrx_word' id='word_1_701' title='bbox 2791 5073 2975 5130; x_wconf 91' lang='lat' dir='ltr'><strong>dicere</strong></span> <span class='ocrx_word' id='word_1_702' title='bbox 3001 5087 3015 5126; x_wconf 88' lang='lat'><strong>:</strong></span> <span class='ocrx_word' id='word_1_703' title='bbox 3045 5071 3265 5143; x_wconf 89' lang='lat' dir='ltr'><strong>Ignosce</strong></span> <span class='ocrx_word' id='word_1_704' title='bbox 3290 5069 3453 5138; x_wconf 90' lang='lat' dir='ltr'><strong>mihi;</strong></span> 
     </span>
    </p>
   </div>
   <div class='ocr_carea' id='block_1_115' title="bbox 1881 5162 2722 5234">
    <p class='ocr_par' dir='ltr' id='par_1_115' title="bbox 1881 5162 2722 5234">
     <span class='ocr_line' id='line_1_115' title="bbox 1881 5162 2722 5234; baseline -0.002 -13"><span class='ocrx_word' id='word_1_705' title='bbox 1881 5172 1938 5221; x_wconf 88' lang='lat' dir='ltr'><strong>et</strong></span> <span class='ocrx_word' id='word_1_706' title='bbox 1964 5163 2313 5234; x_wconf 90' lang='lat' dir='ltr'><strong>consequeris</strong></span> <span class='ocrx_word' id='word_1_707' title='bbox 2342 5162 2722 5219; x_wconf 91' lang='lat' dir='ltr'><strong>humilitatem.</strong></span> 
     </span>
    </p>
   </div>
   <div class='ocr_carea' id='block_1_116' title="bbox 1953 5272 3459 5343">
    <p class='ocr_par' dir='ltr' id='par_1_116' title="bbox 1953 5272 3459 5343">
     <span class='ocr_line' id='line_1_116' title="bbox 1953 5272 3459 5343; baseline -0.004 -9"><span class='ocrx_word' id='word_1_708' title='bbox 1953 5277 2067 5334; x_wconf 88' lang='lat' dir='ltr'><strong>XL.</strong></span> <span class='ocrx_word' id='word_1_709' title='bbox 2107 5277 2243 5334; x_wconf 90' lang='lat' dir='ltr'><strong>Cum</strong></span> <span class='ocrx_word' id='word_1_710' title='bbox 2281 5275 2486 5334; x_wconf 89' lang='lat' dir='ltr'><strong>sederis</strong></span> <span class='ocrx_word' id='word_1_711' title='bbox 2532 5277 2588 5332; x_wconf 90' lang='lat' dir='ltr'><strong>in</strong></span> <span class='ocrx_word' id='word_1_712' title='bbox 2623 5277 2757 5333; x_wconf 91' lang='lat' dir='ltr'><strong>cella</strong></span> <span class='ocrx_word' id='word_1_713' title='bbox 2805 5287 2915 5343; x_wconf 90' lang='lat' dir='ltr'><strong>tua,</strong></span> <span class='ocrx_word' id='word_1_714' title='bbox 2946 5275 3206 5332; x_wconf 90' lang='lat' dir='ltr'><strong>sollicitus</strong></span> <span class='ocrx_word' id='word_1_715' title='bbox 3240 5282 3357 5329; x_wconf 89' lang='lat' dir='ltr'><strong>esto</strong></span> <span class='ocrx_word' id='word_1_716' title='bbox 3390 5272 3459 5328; x_wconf 85' lang='lat' dir='ltr'><strong>de</strong></span> 
     </span>
    </p>
   </div>
   <div class='ocr_carea' id='block_1_117' title="bbox 1885 5365 3456 5439">
    <p class='ocr_par' dir='ltr' id='par_1_117' title="bbox 1885 5365 3456 5439">
     <span class='ocr_line' id='line_1_117' title="bbox 1885 5365 3456 5439; baseline -0.004 -15"><span class='ocrx_word' id='word_1_717' title='bbox 1885 5368 2057 5424; x_wconf 91' lang='lat' dir='ltr'><strong>tribus</strong></span> <span class='ocrx_word' id='word_1_718' title='bbox 2078 5368 2229 5424; x_wconf 86' lang='lat' dir='ltr'><strong>hisce</strong></span> <span class='ocrx_word' id='word_1_719' title='bbox 2252 5369 2417 5424; x_wconf 85' lang='lat' dir='ltr'><strong>rebus</strong></span> <span class='ocrx_word' id='word_1_720' title='bbox 2442 5377 2702 5439; x_wconf 89' lang='lat' dir='ltr'><strong>perpetuo</strong></span> <span class='ocrx_word' id='word_1_721' title='bbox 2729 5387 2741 5421; x_wconf 91' lang='lat'><strong>:</strong></span> <span class='ocrx_word' id='word_1_722' title='bbox 2769 5367 3044 5432; x_wconf 91' lang='lat' dir='ltr'><strong>nimirum,</strong></span> <span class='ocrx_word' id='word_1_723' title='bbox 3073 5365 3138 5420; x_wconf 92' lang='lat' dir='ltr'><strong>de</strong></span> <span class='ocrx_word' id='word_1_724' title='bbox 3161 5379 3324 5434; x_wconf 91' lang='lat' dir='ltr'><strong>opere</strong></span> <span class='ocrx_word' id='word_1_725' title='bbox 3349 5378 3456 5417; x_wconf 86' lang='lat' dir='ltr'><strong>ma~</strong></span> 
     </span>
    </p>
   </div>
   <div class='ocr_carea' id='block_1_118' title="bbox 1885 5455 3458 5527">
    <p class='ocr_par' dir='ltr' id='par_1_118' title="bbox 1885 5455 3458 5527">
     <span class='ocr_line' id='line_1_118' title="bbox 1885 5455 3458 5527; baseline -0.003 -12"><span class='ocrx_word' id='word_1_726' title='bbox 1885 5475 2050 5516; x_wconf 91' lang='lat' dir='ltr'><strong>nuum</strong></span> <span class='ocrx_word' id='word_1_727' title='bbox 2075 5468 2310 5526; x_wconf 85' lang='lat' dir='ltr'><strong>tuarum,</strong></span> <span class='ocrx_word' id='word_1_728' title='bbox 2335 5459 2403 5515; x_wconf 90' lang='lat' dir='ltr'><strong>de</strong></span> <span class='ocrx_word' id='word_1_729' title='bbox 2423 5460 2771 5515; x_wconf 89' lang='lat' dir='ltr'><strong>meditatione</strong></span> <span class='ocrx_word' id='word_1_730' title='bbox 2793 5467 3008 5514; x_wconf 89' lang='lat' dir='ltr'><strong>tuorum</strong></span> <span class='ocrx_word' id='word_1_731' title='bbox 3027 5455 3378 5527; x_wconf 88' lang='lat' dir='ltr'><strong>psalmorum,</strong></span> <span class='ocrx_word' id='word_1_732' title='bbox 3402 5463 3458 5510; x_wconf 90' lang='lat' dir='ltr'><strong>et</strong></span> 
     </span>
    </p>
   </div>
   <div class='ocr_carea' id='block_1_119' title="bbox 1885 5551 2362 5608">
    <p class='ocr_par' dir='ltr' id='par_1_119' title="bbox 1885 5551 2362 5608">
     <span class='ocr_line' id='line_1_119' title="bbox 1885 5551 2362 5608; baseline 0 -2"><span class='ocrx_word' id='word_1_733' title='bbox 1885 5551 1952 5608; x_wconf 90' lang='lat' dir='ltr'><strong>de</strong></span> <span class='ocrx_word' id='word_1_734' title='bbox 1979 5551 2225 5608; x_wconf 88' lang='lat' dir='ltr'><strong>oratione</strong></span> <span class='ocrx_word' id='word_1_735' title='bbox 2249 5561 2362 5607; x_wconf 91' lang='lat' dir='ltr'><strong>tua.</strong></span> 
     </span>
    </p>
   </div>
   <div class='ocr_carea' id='block_1_120' title="bbox 1952 5664 3457 5740">
    <p class='ocr_par' dir='ltr' id='par_1_120' title="bbox 1952 5664 3457 5740">
     <span class='ocr_line' id='line_1_120' title="bbox 1952 5664 3457 5740; baseline -0.003 -18"><span class='ocrx_word' id='word_1_736' title='bbox 1952 5666 2089 5722; x_wconf 86' lang='lat' dir='ltr'><strong>XLI.</strong></span> <span class='ocrx_word' id='word_1_737' title='bbox 2131 5668 2315 5740; x_wconf 88' lang='lat' dir='ltr'><strong>Cogita</strong></span> <span class='ocrx_word' id='word_1_738' title='bbox 2344 5668 2484 5740; x_wconf 89' lang='lat' dir='ltr'><strong>apud</strong></span> <span class='ocrx_word' id='word_1_739' title='bbox 2514 5668 2742 5739; x_wconf 86' lang='lat' dir='ltr'><strong>teipsum</strong></span> <span class='ocrx_word' id='word_1_740' title='bbox 2787 5675 2844 5723; x_wconf 93' lang='lat' dir='ltr'><strong>et</strong></span> <span class='ocrx_word' id='word_1_741' title='bbox 2871 5665 3038 5723; x_wconf 90' lang='lat' dir='ltr'><strong>dicito</strong></span> <span class='ocrx_word' id='word_1_742' title='bbox 3069 5685 3082 5721; x_wconf 87' lang='lat'><strong>:</strong></span> <span class='ocrx_word' id='word_1_743' title='bbox 3124 5664 3322 5736; x_wconf 90' lang='lat' dir='ltr'><strong>Utique</strong></span> <span class='ocrx_word' id='word_1_744' title='bbox 3350 5678 3457 5718; x_wconf 91' lang='lat' dir='ltr'><strong>non</strong></span> 
     </span>
    </p>
   </div>
   <div class='ocr_carea' id='block_1_121' title="bbox 1882 5760 3460 5836">
    <p class='ocr_par' dir='ltr' id='par_1_121' title="bbox 1882 5760 3460 5836">
     <span class='ocr_line' id='line_1_121' title="bbox 1882 5760 3460 5836; baseline -0.008 -14"><span class='ocrx_word' id='word_1_745' title='bbox 1882 5764 2112 5822; x_wconf 88' lang='lat' dir='ltr'><strong>manebo</strong></span> <span class='ocrx_word' id='word_1_746' title='bbox 2138 5764 2193 5820; x_wconf 91' lang='lat' dir='ltr'><strong>in</strong></span> <span class='ocrx_word' id='word_1_747' title='bbox 2222 5765 2323 5821; x_wconf 90' lang='lat' dir='ltr'><strong>hoc</strong></span> <span class='ocrx_word' id='word_1_748' title='bbox 2351 5763 2552 5821; x_wconf 89' lang='lat' dir='ltr'><strong>mundo</strong></span> <span class='ocrx_word' id='word_1_749' title='bbox 2578 5764 2684 5822; x_wconf 91' lang='lat' dir='ltr'><strong>nisi</strong></span> <span class='ocrx_word' id='word_1_750' title='bbox 2711 5763 2964 5836; x_wconf 73' lang='lat' dir='ltr'><strong>praesenti</strong></span> <span class='ocrx_word' id='word_1_751' title='bbox 2993 5764 3096 5819; x_wconf 89' lang='lat' dir='ltr'><strong>hac</strong></span> <span class='ocrx_word' id='word_1_752' title='bbox 3121 5760 3238 5828; x_wconf 89' lang='lat' dir='ltr'><strong>die;</strong></span> <span class='ocrx_word' id='word_1_753' title='bbox 3268 5765 3324 5816; x_wconf 93' lang='lat' dir='ltr'><strong>et</strong></span> <span class='ocrx_word' id='word_1_754' title='bbox 3350 5769 3460 5812; x_wconf 85' lang='lat' dir='ltr'><strong>non</strong></span> 
     </span>
    </p>
   </div>
   <div class='ocr_carea' id='block_1_122' title="bbox 1881 5858 2284 5936">
    <p class='ocr_par' dir='ltr' id='par_1_122' title="bbox 1881 5858 2284 5936">
     <span class='ocr_line' id='line_1_122' title="bbox 1881 5858 2284 5936; baseline -0.002 -17"><span class='ocrx_word' id='word_1_755' title='bbox 1881 5860 2130 5936; x_wconf 85' lang='lat' dir='ltr'><strong>peccabis</strong></span> <span class='ocrx_word' id='word_1_756' title='bbox 2152 5858 2284 5920; x_wconf 86' lang='lat' dir='ltr'><strong>Deo.</strong></span> 
     </span>
    </p>
   </div>
   <div class='ocr_carea' id='block_1_123' title="bbox 3325 5953 3362 5980">
    <p class='ocr_par' dir='ltr' id='par_1_123' title="bbox 3325 5953 3362 5980">
     <span class='ocr_line' id='line_1_123' title="bbox 3325 5953 3362 5980; baseline 0 -2"><span class='ocrx_word' id='word_1_757' title='bbox 3325 5953 3362 5980; x_wconf 65' lang='lat' dir='ltr'><strong>nl</strong></span> 
     </span>
    </p>
   </div>
   <div class='ocr_carea' id='block_1_124' title="bbox 2989 5973 3063 6035">
    <p class='ocr_par' dir='ltr' id='par_1_124' title="bbox 2989 5973 3063 6035">
     <span class='ocr_line' id='line_1_124' title="bbox 2989 5973 3063 6035; baseline -0.014 0"><span class='ocrx_word' id='word_1_758' title='bbox 2989 5973 3063 6035; x_wconf 67' lang='lat'><strong>111-</strong></span> 
     </span>
    </p>
   </div>
  </div>
