4004 6328
179 445 283 502 429

868 437 1090 500 CODEX
1130 433 1592 496 REGULARUM:
1621 464 1694 476 —
1725 427 1906 497 PARS
1945 428 1988 484 Ι.
2027 426 2330 484 ΒΕϐυιᾹῖ
2368 427 2473 486 PP.
2513 425 2778 484 ORIENT.

3326 425 3430 483 430

183 563 424 616 animum
456 565 604 613 tuum
632 554 865 628 allligent
914 564 969 610 et
1004 543 1221 610 dicent:
1254 553 1601 623 Nequaquam
1627 561 1754 619 pec-
1779 550 1833 606 Α
1855 541 2196 613 praefidenter
2224 556 2351 612 agas
2380 555 2502 596 cum
2533 538 2929 598 habitatoribus
2957 535 3091 608 eius.
3122 537 3291 594 Serva
3319 558 3434 597 mo-

184 659 306 706 eata
333 647 425 704 tua
451 645 644 720 priora
672 635 781 702 tibi
802 645 1102 702 Condanata
1152 645 1305 711 sunt;
1337 652 1392 700 et
1436 655 1592 698 serva
1635 640 1754 695 haec

180 741 472 814 pmmpta.

250 829 292 887 I.
333 830 476 886 Cave
501 845 570 884 ne
602 827 854 884 comedas
895 826 1016 884 cum
1047 825 1288 892 muliere,
1323 831 1417 880 aut
1446 822 1756 878 fraternita-

180 931 292 977 tem
317 919 469 976 ineas
502 935 626 976 cum
652 933 841 990 puero,
864 923 956 974 aut
989 917 1227 974 dormias
1267 929 1388 971 eum
1419 911 1758 970 adolescente

182 1027 348 1082 super
372 1011 559 1066 eadem
584 1019 786 1066 storea.
814 1005 948 1066 Cum
975 1009 1128 1065 e'xuls
1149 1009 1358 1068 vestem
1386 1014 1554 1073 tuam,
1584 1020 1652 1062 ne
1678 1020 1758 1062 as-

143 1107 146 1109 λ
180 1103 354 1174 picias
382 1107 580 1173 corpus
610 1107 783 1157 tuum.

143 1226 146 1228 η
251 1191 313 1248 II.
358 1191 414 1248 Si
441 1187 509 1247 ad
536 1197 723 1262 potum
752 1193 865 1248 vini
894 1200 1116 1249 coactus
1140 1191 1330 1258 fueris,
1363 1206 1430 1246 ne
1454 1189 1611 1246 bibas
1636 1189 1756 1261 plus

181 1301 344 1355 quam
376 1293 486 1339 tres
523 1285 754 1354 scyphos
793 1285 1092 1340 mediocres
1117 1301 1129 1337 :
1159 1298 1290 1340 cave
1317 1298 1384 1338 ne
1414 1279 1591 1338 solvas
1617 1296 1757 1354 prte-

181 1383 398 1446 ceptum
426 1381 646 1445 propter
679 1365 996 1430 amicitiam.

251 1465 337 1522 III.
377 1465 455 1522 Ne
490 1466 766 1536 persolvas
795 1466 1040 1521 horarias
1068 1480 1256 1535 preces
1301 1463 1651 1536 negligenter,
1688 1479 1756 1519 ne

180 1559 392 1616 incidas
429 1549 482 1614 in
514 1567 706 1614 manus
751 1560 1093 1613 inimicorum
1143 1565 1375 1613 tuorum.
1417 1558 1495 1611 Da
1534 1571 1756 1627 operam

143 1658 146 1659 '
180 1657 441 1720 quantum
463 1645 614 1721 potes
636 1649 970 1706 meditationi
995 1649 1345 1720 psalmorum,
1370 1649 1495 1721 quia
1521 1649 1624 1704 hoc
1647 1663 1757 1703 ser-

179 1741 330 1796 vabit
360 1750 413 1796 te
445 1742 514 1796 ab
543 1741 816 1795 immunda
839 1743 972 1795 vita.

252 1828 340 1885 IV.
381 1825 554 1902 Dilige
599 1829 839 1887 laborem
884 1841 941 1886 et
983 1832 1358 1900 alllictionem,
1405 1843 1466 1889 nt
1511 1818 1758 1889 leventur

1859 635 2107 700 destiam,
2138 643 2191 689 et
2220 635 2598 689 verecundiam
2641 633 2694 687 in
2723 633 2994 699 omnibus,
3030 642 3085 688 et
3110 634 3176 688 ad
3217 648 3279 688 ea
3315 651 3435 705 qua:

1858 734 2197 795 apponuntur
2240 741 2424 782 coram
2470 733 2542 792 te,
2593 740 2813 781 manum
2836 742 2942 783 non
2980 725 3086 783 nisi
3108 726 3308 784 invitus
3336 743 3433 782 ex.

1857 817 2067 872 tendas.

1931 910 2111 966 XVIII.
2143 911 2222 968 Ne
2259 911 2424 968 cubes
2472 929 2596 968 cum
2638 913 2743 969 alio
2791 913 2890 970 sub
2935 913 3125 971 eodem
3171 915 3431 988 stragulo.

1857 999 1964 1056 Ora
1991 1002 2218 1057 multum
2247 1009 2369 1059 ante
2403 1006 2664 1073 cubitum,
2713 1006 2959 1077 quamvis
2995 1005 3317 1079 defatigatus
3359 1006 3434 1064 sis

1857 1092 1925 1148 ab
1963 1093 2177 1149 itinere.

1927 1183 2068 1240 XIX.
2099 1185 2176 1241 Ne
2204 1187 2487 1257 permittas
2533 1192 2594 1243 ut
2636 1189 2922 1261 quisquam
2968 1198 3134 1266 ungat
3173 1191 3292 1249 oleo
3315 1207 3437 1249 cor-

1855 1291 1958 1348 pus
1984 1284 2153 1342 tuum,
2187 1278 2290 1332 nisi
2319 1287 2540 1350 propter
2567 1296 2783 1351 gravem
2815 1279 3081 1337 morbum.

1927 1367 2046 1423 XX.
2079 1367 2212 1424 Cum
2243 1369 2449 1426 sederis
2492 1371 2559 1424 ad
2606 1387 2849 1426 mensam
2893 1388 3014 1428 cum
3063 1371 3338 1440 fratribus,
3370 1389 3438 1430 ne

1857 1463 2110 1518 comedas
2137 1478 2261 1517 cum
2292 1463 2663 1530 delectatione,
2692 1473 2748 1520 et
2775 1467 3003 1520 extende
3047 1481 3265 1521 manum
3293 1475 3439 1522 tuam

1858 1560 2070 1609 tantum
2112 1552 2178 1607 ad
2207 1569 2269 1609 ea
2306 1569 2424 1624 quae
2464 1561 2589 1610 sunt
2621 1565 2745 1610 ante
2776 1563 2846 1611 te.
2893 1553 2961 1612 Et
2986 1557 3306 1626 complicata
3333 1557 3444 1612 sint

1858 1661 2028 1716 genua
2069 1655 2178 1712 tua,
2227 1661 2327 1701 nec
2353 1646 2528 1703 eleves
2569 1648 2745 1702 visum
2773 1655 2924 1702 tuum
2967 1649 3035 1704 ad
3088 1650 3275 1710 alium.
3331 1649 3443 1708 Nec

1855 1737 2009 1792 bibas
2039 1753 2236 1807 aquam
2267 1737 2441 1803 avide,
2475 1754 2576 1793 nec
2606 1754 2730 1794 cum
2759 1740 2956 1795 sonitu.

1928 1827 2069 1884 XXI.
2117 1828 2175 1884 Si
2204 1831 2493 1886 excreandi
2523 1837 2574 1885 te
2619 1832 2818 1886 urserit
2865 1832 3182 1899 necessitas,
3204 1847 3328 1889 cum
3364 1846 3446 1890 se-

178 1921 462 1994 passiones
489 1930 613 1977 tuae.
640 1913 719 1977 Ne
745 1933 965 1993 reputes
990 1925 1220 1993 teipsum
1245 1923 1535 1995 quidquam
1570 1926 1623 1980 in
1649 1923 1758 1979 ulla
1785 1915 1833 1976 B
1862 1918 2006 1974 deris
2035 1921 2175 1975 inter
2199 1922 2416 1987 fratres,
2451 1937 2632 1994 surge,
2662 1922 2953 1994 eLlongius
2979 1922 3182 1994 projice
3222 1925 3289 1982 ab
3318 1924 3442 1982 illis.

177 2029 262 2083 re,
291 2023 347 2072 et
373 2017 594 2072 vacabis
622 2015 911 2088 gemitibus
937 2033 1035 2090 pro
1063 2020 1300 2088 peccatis
1326 2020 1452 2075 tuis.

253 2109 319 2164 V.
351 2108 572 2165 Custodi
605 2109 835 2179 teipsum
867 2124 898 2164 a
930 2111 1212 2167 mendacio
1262 2111 1386 2181 quia
1408 2110 1627 2182 expellit
1655 2097 1688 2166 a
1712 2111 1764 2168 te

173 2199 434 2256 timorem
460 2201 694 2256 Domini.
721 2193 797 2256 Ne
819 2204 1032 2272 aperias
1061 2205 1312 2262 omnibus
1337 2212 1428 2261 tua
1455 2203 1760 2278 benefacta,

172 2303 253 2348 ne
279 2293 454 2362 rapiat
480 2292 571 2346 illa
600 2293 851 2348 inimicus
875 2300 1019 2350 tuus.

262 2379 347 2436 Vl.
375 2381 538 2451 Aperi
565 2384 783 2437 morbos
802 2391 925 2438 tuos
949 2384 1195 2455 patribus
1221 2385 1350 2454 tuis,
1379 2393 1439 2442 ut
1465 2387 1764 2459 experiaris

172 2485 340 2542 opem
370 2487 468 2544 per
497 2468 734 2544 ipserum
759 2476 1067 2532 consilium.

255 2562 366 2618 VII.
408 2563 551 2635 Coge
598 2567 829 2637 teipsum
875 2569 945 2624 ad
973 2584 1108 2654 opus
1139 2585 1396 2627 manuum
1433 2577 1678 2638 tuarum,
1708 2579 1766 2629 et

139 2655 142 2657 λ
179 2652 451 2711 habitabit
478 2656 531 2710 in
563 2663 616 2711 te
643 2659 808 2713 timor
834 2652 1066 2716 Domini.

256 2743 388 2800 VIII.
419 2744 498 2801 Ne
534 2745 746 2816 judices
787 2748 1011 2806 fratrem
1047 2759 1196 2807 tuum
1246 2769 1369 2809 cum
1417 2761 1624 2826 peccat,
1664 2770 1765 2810 nec

179 2837 451 2907 despicias
475 2836 625 2894 illum
652 2856 666 2908 ;
696 2839 904 2899 incides
925 2843 1070 2900 enim
1111 2844 1166 2898 in
1192 2859 1382 2900 manus
1424 2845 1765 2901 inimicorum

179 2936 419 2984 tuorum.
1229 2944 1238 2948 ’

255 3021 346 3076 1X.
375 3021 454 3078 Ne
502 3023 578 3080 sis
612 3025 980 3083 conténtiosus
1026 3027 1094 3082 ad
1145 3036 1493 3085 statuendum
1541 3028 1766 3085 verbum

139 3117 146 3122 '
183 3117 358 3178 tuum,
386 3127 452 3168 ne
473 3111 779 3170 inhabitent
807 3117 860 3172 in
900 3123 952 3173 te
982 3119 1142 3173 mala.

253 3196 324 3260 Χ.
352 3205 522 3278 Dilige
555 3207 935 3278 humilitatem,
967 3223 1021 3266 et
1047 3228 1154 3267 non
1181 3213 1494 3285 acquiescas
1522 3221 1617 3269 tuo
1644 3228 1768 3268 con-

1867 2011 1945 2068 Ne
1988 2013 2348 2084 pandiculeris
2400 2014 2540 2069 inter
2585 2015 2850 2082 homines,
2883 2024 2940 2072 et
2986 2017 3033 2072 si
3063 2016 3320 2073 acciderit
3349 2015 3445 2072 tibi

1865 2101 2256 2174 pandiculatio,
2280 2119 2346 2159 ne
2376 2104 2493 2160 hies
2513 2121 2607 2160 ore
2634 2115 2746 2173 tuo,
2777 2114 2831 2161 et
2859 2106 3072 2163 deseret
3093 2115 3165 2164 te.

1939 2193 2102 2248 XXII.
2134 2192 2210 2248 Ne
2239 2195 2449 2264 aperias
2496 2211 2558 2251 os
2609 2205 2761 2250 tuum
2805 2187 2875 2253 ad
2925 2198 3132 2265 risum;
3172 2199 3277 2256 hoc
3301 2199 3446 2255 enim

1867 2285 2071 2340 indicat
2097 2285 2192 2340 tibi
2218 2287 2406 2340 deesse
2431 2288 2678 2344 timorem
2710 2285 2829 2343 Dei.

1936 2373 2121 2431 XXIII.
2169 2376 2247 2432 Ne
2281 2377 2632 2447 concupiscas
2681 2394 2797 2434 rem
2850 2378 3102 2436 alienam.
3144 2379 3201 2436 Si
3251 2379 3448 2439 feceris

1867 2468 2082 2536 librum,
2108 2485 2175 2525 ne
2209 2485 2441 2526 exornes
2468 2459 2641 2536 illum,
2670 2467 2774 2526 hoc
2796 2471 2996 2542 quippe
3019 2469 3268 2528 affectum
3295 2480 3444 2530 tuum

1867 2560 2120 2616 Ostendit.

1878 2678 1886 2683 -
1939 2648 2127 2706 XXIV.
2158 2650 2215 2706 Si
2244 2651 2555 2722 peccaveris
2584 2650 2640 2707 in
2666 2651 2868 2722 aliquo,
2894 2667 3001 2708 non
3020 2653 3218 2724 pudeat
3247 2663 3298 2710 te
3320 2671 3448 2712 con-

1870 2741 2010 2798 ﬁteri
2048 2742 2200 2810 illud,
2232 2758 2405 2814 neque
2434 2757 2662 2799 excuses
2697 2751 2749 2799 te
2785 2743 3107 2811 mendacio;
3152 2745 3248 2802 sed
3273 2761 3448 2816 genua

1867 2834 2042 2900 ﬂecte,
2071 2841 2125 2888 et
2150 2833 2406 2888 confitere
2454 2832 2706 2889 delictum
2751 2841 2925 2903 tuum,
2964 2844 3020 2892 et
3057 2844 3182 2906 pete
3212 2839 3445 2905 veniam,

1869 2933 1926 2982 et
1952 2925 2340 2980 condonabitur
2366 2925 2482 2980 tibi.

1938 3016 2104 3072 XXV.
2130 3018 2184 3072 Si
2210 3017 2333 3088 quis
2357 3018 2612 3072 mentitus
2633 3016 2799 3074 fuerit
2821 3018 2960 3090 apud
2980 3029 3054 3086 te,
3078 3035 3149 3076 ne
3172 3021 3448 3090 irascaris,

1867 3109 1964 3164 sed
2004 3107 2165 3164 dicito
2195 3128 2207 3162 :
2237 3103 2458 3181 Ignosce
2488 3109 2643 3176 mihi,
2676 3125 2783 3165 non
2808 3119 3073 3171 revertar.

1940 3197 2128 3256 XXVI.
2153 3197 2269 3257 Non
2298 3201 2497 3273 pudeat
2518 3211 2569 3258 te
2591 3213 2834 3274 quaerere
2856 3220 2885 3257 a
2906 3210 2998 3259 tuo
3024 3206 3304 3277 magistro.

175 3297 326 3354 lilio.
354 3297 644 3356 Assuescat
669 3301 850 3374 lingua
881 3311 972 3358 tua
1015 3305 1196 3362 dicere
1221 3323 1234 3360 :
1283 3305 1502 3379 Ignosce
1529 3305 1664 3362 mihi
1711 3313 1765 3361 et
1791 3288 1836 3356 C
1937 3291 2150 3376 ΧΧἮῙ·
2181 3292 2238 3348 Si
2268 3295 2390 3364 (Illis
2417 3294 2717 3365 PUISaVem
2735 3292 2960 3366 Ianum
2983 3295 3133 3352 οθΠτΒ
3161 3304 3288 3364 tua:
3318 3296 3448 3353 ἀνω

177 3393 531 3461 superveniet
559 3395 656 3450 tibi
687 3395 979 3451 humilitas,

253 3481 349 3538 XI.
380 3483 513 3540 Cum
560 3487 766 3541 sederis
796 3487 849 3541 in
893 3487 1027 3544 cella
1056 3496 1170 3557 tua,
1199 3491 1264 3547 de
1301 3490 1474 3547 tribus
1501 3490 1764 3548 sollicitus

175 3583 343 3632 esto:
369 3592 558 3648 nempe
585 3578 652 3632 de
687 3579 1003 3636 assiduitate
1029 3581 1081 3636 in
1112 3583 1377 3651 oratione,
1417 3581 1767 3640 meditatione

172 3672 538 3744 psalmorum,
565 3682 620 3728 et
650 3689 816 3746 opere
840 3691 1096 3732 manuum
1125 3683 1361 3732 tuarum.

258 3760 373 3816 Xll.
415 3761 594 3834 Cogita
625 3755 764 3836 apud
797 3774 884 3822 te:
941 3767 1139 3838 Utique
1170 3757 1277 3824 non
1325 3785 1446 3826 sum
1491 3776 1767 3846 superstes

169 3855 236 3912 in
267 3856 372 3911 hoc
398 3857 614 3924 mundo,
643 3859 748 3914 nisi
775 3860 879 3915 hac
904 3859 1026 3927 die;
1071 3867 1125 3916 et
1165 3855 1414 3931 eripieris
1443 3876 1475 3916 a
1513 3869 1762 3931 peccato.

251 3945 389 4001 XIII.
423 3946 501 4003 Ne
538 3949 613 4005 sis
658 3949 857 4015 helluo,
906 3967 975 4008 ne
1023 3960 1351 4008 renoventur
1380 3952 1435 4008 in
1477 3961 1531 4009 te
1580 3953 1765 4023 priora

166 4046 405 4112 peccata
445 4046 555 4094 tua.
591 4035 671 4096 Ne
717 4042 897 4113 pigeat
933 4051 986 4099 te
1035 4042 1284 4112 laboris;
1330 4054 1384 4101 et
1430 4045 1498 4102 da
1543 4060 1766 4116 operam

168 4132 521 4190 meditationi
559 4133 914 4206 psalmorum,
967 4142 1022 4192 et
1056 4135 1308 4194 adveniet
1358 4137 1454 4195 tibi
1494 4139 1710 4210 requies
1736 4151 1768 4194 a

167 4223 317 4282 Deo.

255 4313 397 4372 XIV.
429 4315 573 4386 Coge
626 4317 860 4388 teipsum
891 4318 959 4374 ad
983 4316 1166 4374 ﬂetum
1211 4319 1268 4374 in
1313 4319 1670 4386 oratiombus,
1714 4329 1770 4375 et

167 4405 328 4463 Deus
351 4407 700 4463 miserebitur
727 4408 824 4473 tui,
857 4415 912 4466 et
935 4415 1096 4465 exuet
1121 4419 1173 4466 te
1206 4410 1424 4466 homine
1448 4418 1650 4467 vetere.

255 4496 372 4553 XV.
407 4497 577 4565 Scito,
615 4500 756 4569 quod
796 4500 968 4567 labor,
999 4509 1056 4558 et
1082 4510 1392 4572 paupertas,
1433 4509 1488 4556 et
1522 4501 1767 4573 peregri-

169 4592 357 4656 natio,
384 4599 438 4646 et
463 4591 697 4658 afllictio,
726 4601 781 4648 et
811 4592 1083 4650 silentium
1116 4594 1346 4650 afferunt
1366 4595 1721 4649 humilitatem
1747 4611 1761 4659 ;

168 4681 464 4738 humilitas
486 4687 664 4738 autem
693 4692 914 4754 peccata
938 4686 1117 4740 omnia
1148 4687 1434 4741 condonat.
1480 4685 1766 4742 Humilitas

167 4778 369 4826 autem
389 4782 487 4839 est,
518 4782 578 4828 ut
606 4771 769 4830 homo
792 4783 1000 4846 reputet
1038 4777 1273 4845 seipsum
1317 4784 1679 4846 peccatorem,
1710 4785 1766 4833 et

167 4859 467 4931 iniustum,
491 4872 545 4918 et
583 4881 651 4920 ne
676 4874 879 4920 statuat
913 4868 1137 4922 verbum
1181 4883 1358 4935 suum,
1385 4876 1440 4924 et
1485 4869 1768 4926 abscindat

165 4944 342 5008 suam
371 4953 882 5024 concupiscentiam,
910 4965 966 5012 et
987 4957 1186 5030 deligat
1208 4959 1392 5015 oculos
1432 4959 1498 5014 ad
1540 4968 1763 5028 terram,

164 5051 232 5100 et
275 5045 546 5100 sustineat
593 5046 867 5116 iniuriam,
916 5053 971 5104 et
1019 5048 1279 5114 laborem,
1313 5057 1368 5105 et
1411 5052 1534 5106 odio
1570 5050 1769 5108 habeat

161 5136 464 5202 honorem,
495 5144 553 5192 et
578 5141 838 5208 requiem,
870 5147 926 5196 et
971 5140 1115 5195 dicat
1140 5141 1196 5194 in
1225 5142 1510 5198 omnibus:
1542 5142 1764 5214 Ignosce

159 5226 314 5282 mihi
349 5243 364 5293 ;
394 5227 659 5284 beneﬂcio
700 5237 880 5286 autem
911 5231 1242 5288 humilitatis
1275 5227 1533 5304 fugantur
1557 5236 1761 5290 hostes.

245 5315 392 5370 XVI.
433 5317 704 5390 Perpetuo
756 5321 927 5379 tristis
973 5331 1130 5389 esto;
1164 5321 1212 5380 si
1248 5337 1377 5379 vero
1423 5324 1670 5379 venerint
1698 5324 1768 5380 ad

151 5416 223 5464 me
254 5406 483 5475 fratres,
509 5411 833 5470 exhilareris
873 5430 998 5470 cum
1046 5414 1173 5483 illis,
1219 5421 1282 5471 ut
1329 5414 1591 5472 inhabitet
1631 5416 1689 5472 in
1717 5423 1771 5473 te

149 5499 345 5555 timor
380 5499 499 5554 Dei.

245 5588 414 5647 XVII.
467 5591 527 5649 Si
567 5594 672 5649 iter
715 5594 910 5653 feceris
956 5614 1081 5655 cum
1126 5597 1406 5666 fratribus,
1458 5598 1651 5655 secede
1702 5598 1771 5656 ab

1792 4647 1846 4708 D

1868 3373 2062 3442 sedens
2104 3387 2371 3442 incumbis
2415 3387 2568 3458 operi
2597 3391 2710 3454 tuo,
2761 3387 2950 3444 desere
2994 3403 3129 3460 opus
3175 3396 3348 3457 tuum,
3393 3397 3452 3447 et

1869 3494 2001 3535 cura
2023 3478 2138 3547 ejus
2161 3480 2422 3548 requiem.

1942 3567 2175 3624 XXVIII.
2205 3569 2284 3625 Ne
2327 3569 2566 3641 loquaris
2590 3587 2713 3628 cum
2736 3586 3032 3644 quoquam,
3069 3587 3171 3631 nec
3197 3574 3454 3646 attendas

1869 3661 2052 3718 verbis
2083 3663 2396 3735 cujusquam
2428 3666 2546 3723 sine
2573 3666 2823 3722 utilitate.

1940 3753 2131 3810 XXIX.
2167 3756 2223 3811 Si
2256 3757 2464 3813 miserit
2493 3767 2544 3814 te
2568 3761 2829 3832 magister
2854 3769 2978 3820 tuus
3002 3764 3071 3820 ad
3092 3763 3201 3821 iter
3244 3763 3449 3824 facien-
3481 3766 3484 3769 ’

1871 3845 2018 3913 dum,
2049 3847 2258 3918 postula
2285 3849 2353 3904 ab
2389 3847 2480 3906 illo
2510 3852 2781 3922 quomodo
2815 3859 2867 3910 te
2893 3869 3070 3926 regas,
3108 3865 3164 3912 et
3191 3855 3451 3928 facjuxta

1871 3941 2184 3997 mandatum
2209 3941 2342 4011 ejus.
2377 3943 2454 4000 Ne
2492 3943 2790 4002 transferas
2815 3948 2999 4004 verba.
3045 3947 3103 4006 Si
3131 3951 3456 4011 custodieris

1871 4031 2057 4088 oculos
2089 4040 2210 4089 tuos
2253 4041 2310 4090 et
2342 4050 2502 4092 aures
2542 4044 2682 4106 tuas,
2731 4037 2956 4094 minime
2987 4040 3242 4110 peccabis
3269 4040 3450 4116 lingua

1873 4131 1984 4178 tua.

1941 4213 2112 4270 XXX.
2153 4215 2210 4272 Si
2237 4215 2567 4274 habitaveris
2594 4235 2717 4275 cum
2748 4217 2930 4290 aliquo
2967 4217 3158 4288 fratre,
3181 4231 3300 4278 esto
3325 4239 3453 4280 cum

1872 4305 1964 4364 illo
1993 4316 2052 4363 ut
2080 4309 2419 4382 peregrinus,
2445 4329 2547 4368 noc
2585 4314 2868 4385 praecipias
2897 4313 2976 4368 illi
3005 4314 3322 4385 quidquam,
3351 4332 3454 4372 nec

1872 4407 1927 4454 te
1954 4401 2288 4470 superiorem
2322 4401 2397 4456 illi
2424 4403 2614 4471 facias,
2647 4419 2747 4460 nec
2781 4403 3126 4474 praefidenter
3151 4419 3283 4475 agas
3328 4421 3454 4462 cum

1873 4491 2002 4559 illo;
2035 4500 2089 4546 et
2133 4494 2177 4547 si
2208 4496 2525 4565 praeceperit
2573 4497 2670 4551 tibi
2699 4495 2902 4565 aliquid
2939 4495 3082 4565 quod
3113 4495 3308 4565 nolles,
3358 4498 3454 4556 ab-

1873 4584 2059 4640 scinde
2084 4585 2416 4641 voluntatem
2445 4593 2613 4653 tuam,
2639 4595 2696 4643 et
2728 4603 2797 4643 ne
2842 4587 3132 4645 contristes
3169 4588 3342 4659 illum,
3383 4605 3456 4648 ne

1871 4680 2222 4737 abscindatur
2246 4697 2350 4754 pax
2373 4698 2406 4738 a
2445 4680 2600 4738 vobis
2629 4698 2646 4750 ;
2675 4689 2732 4740 et
2757 4681 2899 4740 scias
2923 4685 3068 4755 quod
3091 4683 3351 4742 obediens
3368 4695 3455 4744 est

1869 4772 2062 4843 major.

1946 4862 2136 4920 XXXI.
2167 4862 2225 4920 Si
2255 4864 2586 4922 habitaveris
2609 4881 2733 4923 cum
2771 4864 2942 4925 fmtre
2969 4866 3172 4939 aliquo,
3221 4874 3279 4924 et
3311 4867 3455 4924 dicet

1872 4953 2008 5010 tibi:
2043 4953 2273 5026 Coquito
2295 4973 2310 5022 ;
2336 4956 2462 5012 die:
2497 4955 2637 5024 Quid
2673 4958 2794 5014 vis?
2841 4966 2897 5014 et
2935 4959 2982 5015 si
3008 4959 3330 5017 electionem
3355 4961 3454 5015 tibi

1871 5045 2169 5117 reliquerit,
2199 5047 2440 5118 coquito,
2470 5048 2628 5120 quod,
2647 5048 2745 5124 tibi
2769 5051 2982 5109 venerit
3017 5049 3088 5108 ad
3111 5065 3306 5108 manus
3330 5065 3454 5106 cum

1872 5138 2066 5195 timore
2091 5138 2208 5195 Dei.

1944 5229 2159 5287 XXXII.
2207 5229 2344 5287 Cum
2368 5248 2399 5289 e
2426 5248 2618 5291 somno
2660 5235 2988 5310 surrexeris,
3017 5248 3117 5292 ora
3157 5239 3447 5303 antequam

1875 5323 2044 5380 ullum
2070 5340 2203 5394 opus
2234 5325 2492 5398 attingas,
2535 5334 2590 5383 et
2629 5327 2896 5385 meditare
2937 5326 3090 5400 prius
3111 5326 3274 5382 verba
3314 5325 3452 5391 Dei;

1876 5423 2006 5470 tunc
2030 5415 2320 5487 aggredere
2348 5416 2574 5489 impigre
2596 5431 2752 5487 opus.

1951 5503 2188 5560 XXXIII.
2220 5501 2476 5562 Hilariter
2499 5522 2725 5564 occurre
2754 5515 2958 5572 extero,
2985 5512 3042 5563 et
3069 5505 3243 5564 saluta
3267 5507 3451 5574 illum;

1878 5613 1949 5655 ne
1977 5598 2250 5655 discessus
2278 5608 2459 5654 vester
2487 5597 2555 5654 ab
2581 5597 2816 5654 invicem
2844 5597 2916 5654 sit
2939 5614 3064 5656 cum
3092 5599 3450 5663 detrimento;

145 5683 308 5747 illis,
333 5690 395 5737 ut
419 5683 585 5740 silere
610 5688 787 5757 possis
811 5705 826 5754 ;
858 5701 956 5745 nec
994 5698 1047 5746 te
1075 5702 1359 5747 convertas
1403 5692 1508 5747 huc
1536 5699 1591 5746 et
1615 5690 1767 5757 illuc,

141 5775 272 5833 sed
304 5775 572 5831 meditare
598 5778 836 5848 psalmos
863 5792 1001 5846 tuos,
1029 5791 1083 5838 et
1109 5801 1199 5839 ora
1224 5785 1288 5839 ad
1315 5785 1484 5839 Deum
1512 5783 1564 5837 in
1586 5789 1767 5838 mente

141 5880 276 5931 tua
351 5869 422 5925 Et
473 5885 853 5948 quemcunque
901 5872 1079 5933 locum
1127 5879 1404 5952 ingressus
1453 5873 1644 5947 fueris,
1695 5889 1766 5936 ne

1877 5700 1930 5746 et
1957 5705 2088 5747 cave
2110 5705 2178 5744 ne
2224 5689 2403 5745 statim
2433 5696 2594 5760 atque
2631 5688 2911 5746 advenerit
2953 5691 3021 5748 ad
3049 5699 3122 5759 te,
3150 5689 3454 5760 interroges

1874 5781 2027 5842 illum
2053 5781 2258 5836 inutilia
2286 5781 2404 5848 tibi,
2434 5782 2524 5837 sed
2551 5780 2766 5852 postula
2791 5782 2858 5838 ab
2891 5782 2981 5840 illo
3005 5791 3063 5840 ut
3086 5791 3225 5848 oret,
3257 5791 3311 5838 et
3331 5796 3452 5835 cum

1818 5871 2096 5967 hsederit,
2127 5871 2213 5931 dic
2404 5869 2683 5965 Quomodo
2726 5872 2891 5965 vales,
2919 5873 3100 5965 frater:
3115 5873 3248 5962 mit
3269 5877 3323 5955 et
3361 5876 3463 5926 ειη
