4004 6328
558 468 652 526 431

1556 467 1613 524 s.
1651 465 2014 524 acumen
2051 464 2340 522 ABBA'I‘IS
2363 439 2790 526 SANIANENSIS

3724 469 3842 526 452.

561 585 688 640 bibe
713 583 787 639 illi
815 583 1012 641 librum
1045 584 1278 654 aliquem
1308 583 1610 656 legendum.
1640 583 1698 639 Si
1723 599 1854 639 vero
1886 593 1972 639 est
1991 583 2141 638 defa—
2166 587 2218 646 Α
2243 591 2494 652 apponat,
2542 563 2790 652 quamvis
2833 561 3109 662 judicatus
3136 592 3204 637 ex
3245 596 3432 638 eorum
3461 583 3535 638 sit
3577 599 3840 656 numero,

563 679 764 748 tigatus
806 679 874 733 ab
905 679 1120 745 itinere,
1163 678 1416 749 permitte
1466 676 1542 732 illi
1570 678 1872 746 quiescere,
1916 684 1970 731 et
2017 675 2137 730 lava

561 770 727 840 pedes
754 769 891 839 ejus.
947 771 1004 825 Si
1039 779 1219 825 autem
1249 771 1498 841 loquetur
1535 768 1702 824 verba
1744 769 1943 835 inania,
1975 769 2062 822 dic
2089 769 2140 823 ei

563 880 688 919 cum
713 866 981 920 charitate
1007 883 1020 919 :
1050 865 1220 920 Parce
1243 865 1392 929 mihi,
1425 865 1592 920 frater
1618 864 1707 927 mi,
1739 863 1865 934 quia
1892 862 2142 917 inﬁrmus

559 971 701 1020 sum,
739 963 794 1010 et
837 972 947 1011 non
991 955 1142 1010 valeo
1192 956 1379 1010 audire
1409 956 1542 1010 haec.
1599 953 1654 1008 Si
1708 962 1885 1008 autem
1934 953 2141 1007 dissuta

558 1047 762 1102 fuerint
789 1046 906 1117 ejus
928 1048 1268 1112 vestimenta,
1299 1061 1501 1102 consue
1523 1047 1634 1101 illa.
1657 1044 1715 1100 Si
1739 1060 1868 1100 vero
1895 1045 2143 1100 inﬁrmus

557 1146 662 1203 est,
693 1146 748 1194 et
780 1137 896 1207 ejus
928 1139 1250 1193 vestimenta
1274 1147 1403 1192 sunt
1424 1138 1662 1203 sordida,
1694 1137 1815 1190 lava
1846 1136 1956 1190 illa.
1988 1136 2058 1190 At
2095 1136 2141 1190 si

554 1243 727 1299 vagus
758 1238 858 1292 est,
889 1237 943 1282 et
987 1227 1192 1282 fuerint
1239 1228 1380 1298 apud
1409 1236 1463 1283 te
1513 1229 1705 1293 sancti,
1741 1243 1810 1283 ne
1857 1228 2142 1298 permittas

556 1317 764 1388 ingredi
802 1320 869 1373 ad
895 1319 1038 1384 illos,
1067 1320 1163 1374 sed
1193 1317 1277 1373 fac
1303 1319 1352 1373 ei
1374 1319 1823 1383 misericordiam,
1859 1325 1915 1372 et
1934 1317 2144 1372 dimitte

554 1409 725 1464 illum.
753 1412 808 1465 Si
830 1422 913 1466 est
933 1419 1112 1468 autem
1135 1427 1361 1483 pauper,
1385 1429 1454 1467 ne
1480 1413 1686 1468 tristem
1707 1412 1858 1468 illum
1879 1413 2139 1480 dimittas,

553 1503 649 1558 sed
679 1503 745 1557 da
779 1505 828 1559 ei
856 1506 999 1574 quod
1029 1506 1363 1560 concesserit
1385 1505 1482 1560 tibi
1513 1505 1674 1562 Deus.

622 1593 864 1649 XXXIV.
893 1594 949 1649 Si
979 1596 1102 1664 quis
1132 1595 1303 1650 frater
1335 1596 1647 1665 deposuerit
1671 1595 1810 1668 apud
1833 1605 1886 1652 te
1916 1593 2139 1666 aliquid,

549 1698 624 1739 ne
647 1685 1008 1754 perscruteris
1045 1686 1372 1755 depositum,
1399 1686 1507 1742 nisi
1534 1688 1652 1757 ipso
1676 1695 1962 1757 prazsente.

622 1771 843 1829 XXXV.
874 1772 933 1828 Si
963 1775 1086 1844 quis
1109 1774 1390 1844 reliquerit
1413 1784 1465 1830 te
1492 1778 1547 1831 in
1572 1777 1704 1832 cella
1731 1793 1848 1843 sua,
1877 1785 1933 1832 et
1961 1791 2145 1849 egres-

551 1879 649 1919 sus
698 1863 884 1931 fuerit,
933 1882 1002 1922 ne
1033 1867 1210 1923 eleves
1252 1869 1424 1924 visum
1456 1871 1521 1924 ad
1551 1870 1987 1940 perspiciendum
2014 1870 2144 1940 quid

2241 674 2332 740 qui
2375 681 2429 726 te
2465 670 2737 741 judicant,
2785 671 2950 726 dicito
2990 671 3065 726 illi
3095 687 3221 727 cum
3264 673 3612 730 humilitate:
3668 675 3844 733 Parce

2241 762 2394 828 mihi,
2420 762 2590 817 frater
2613 765 2706 829 mi,
2731 762 2856 833 quia
2877 771 3134 832 peccator
3151 772 3207 818 et
3231 764 3477 820 inﬁrmus
3496 781 3644 832 sum,
3673 777 3730 822 et
3748 771 3847 824 ob-

2241 853 2434 908 noxius
2458 854 2562 908 illis
2587 870 2707 924 quae
2744 855 2901 920 dicis,
2930 870 3097 924 quare
3123 855 3213 909 illa
3241 856 3428 911 audire
3451 873 3565 912 non
3593 874 3844 928 possum.

2313 941 2497 996 XLVI.
2529 941 2733 997 Praefer
2756 943 2955 998 fratres
2979 953 3100 999 tuos
3126 943 3183 998 in
3216 944 3494 1011 omnibus,
3545 955 3604 999 et
3631 947 3680 1000 si
3726 948 3848 1016 quis

2243 1032 2452 1086 amicus
2475 1033 2792 1103 praestiterit
2822 1034 2919 1088 tibi
2942 1034 3196 1100 honores,
3225 1035 3390 1090 dicito
3416 1055 3430 1088 :
3483 1035 3728 1106 Propter
3753 1052 3850 1092 vos

2246 1121 2346 1176 hos
2372 1121 2505 1176 mihi
2535 1123 2789 1192 praestitit
2817 1123 3094 1190 honores;
3124 1139 3306 1194 neque
3333 1133 3519 1195 gustes
3543 1127 3849 1196 quidquam

2244 1213 2448 1282 absque
2474 1213 2656 1269 sociis.

2315 1303 2521 1359 XLVII.
2551 1303 2735 1360 Mutuo
2764 1303 2969 1375 aliquid
2997 1321 3028 1360 a
3055 1313 3110 1360 te
3154 1305 3452 1377 postulanti
3482 1321 3557 1361 ne
3585 1306 3849 1379 deneges.

2316 1395 2543 1451 XLVIII.
2592 1395 2670 1452 Ne
2716 1396 3054 1468 frequentius
3096 1398 3266 1453 corde
3304 1413 3492 1453 verses
3520 1399 3853 1454 memoriam

2243 1503 2454 1554 eorum,
2487 1502 2622 1557 quos
2645 1499 2866 1559 pr0pter
2900 1489 2997 1544 Dei
3023 1489 3347 1544 charitatem
3371 1489 3673 1544 deseruisti
3705 1505 3723 1554 ;
3767 1487 3854 1544 sed

2245 1579 2438 1634 mortis
2474 1588 2530 1633 et
2552 1581 2914 1636 damnationis
2959 1589 3252 1647 memento,
3282 1588 3340 1636 et
3383 1581 3527 1652 quod
3572 1579 3774 1637 nullus
3800 1580 3855 1636 il-

2245 1671 2420 1728 lorum
2445 1687 2511 1728 eo
2537 1683 2776 1745 tempore
2796 1673 2895 1728 tibi
2916 1688 3076 1743 opem
3092 1672 3237 1729 ferre
3261 1673 3480 1744 poterit.

2319 1763 2504 1818 XLIX.
2557 1763 2615 1819 Si
2651 1765 2778 1820 dum
2827 1764 3033 1820 sederis
3078 1765 3136 1820 in
3174 1764 3312 1821 cella
3356 1775 3469 1833 tua,
3527 1765 3856 1822 memineris

2247 1855 2393 1926 quod
2419 1853 2616 1924 aliquis
2642 1854 2738 1909 tibi
2790 1854 2932 1908 male
2971 1851 3188 1921 fecerit,
3231 1868 3392 1925 surge
3419 1855 3638 1921 statim,
3675 1861 3742 1909 et
3772 1871 3858 1910 ora

549 1953 608 2010 in
631 1971 696 2010 ea
725 1956 814 2022 sit,
847 1957 942 2012 sed
985 1959 1072 2014 dic
1097 1960 1149 2014 ei
1193 1959 1321 2014 dum
1364 1961 1676 2032 egreditur:
1720 1961 1796 2016 Da
1829 1961 1961 2016 mihi
2007 1977 2136 2032 opus

2257 1963 2346 2018 pro
2366 1946 2458 2001 illo
2486 1946 2540 1999 in
2571 1946 2732 2001 corde
2778 1955 2893 2012 tuo,
2924 1953 2985 2000 ut
3010 1954 3199 2014 parcat
3245 1945 3322 2000 illi
3365 1946 3548 2012 Deus;
3599 1946 3691 2000 ita
3718 1946 3857 2001 enim

550 2046 790 2116 aliquod,
835 2050 921 2104 cui
969 2064 1188 2120 Operam
1237 2067 1447 2115 navem,
1484 2051 1656 2108 donec
1707 2053 2036 2120 revertaris;
2089 2062 2146 2109 et

547 2136 809 2207 quidquid
841 2139 934 2193 tibi
958 2142 1280 2211 praeceperit
1302 2141 1587 2214 diligenter
1607 2143 1826 2213 perﬁce.

619 2229 861 2287 XXXVI.
891 2229 969 2287 Ne
992 2248 1116 2289 ores
1141 2249 1266 2288 cum
1293 2235 1509 2304 pigritia
1549 2245 1602 2290 et
1625 2236 1968 2307 indiligenter
1993 2252 2008 2300 ;
2039 2234 2146 2291 hac

545 2319 694 2374 enim
726 2322 938 2377 ratione
966 2339 1065 2393 pro
1095 2330 1164 2380 eo
1195 2326 1340 2396 quod
1387 2327 1499 2382 Deo
1526 2327 1760 2396 placeas,
1808 2328 1879 2381 ad
1927 2329 2145 2382 iracun-

545 2411 691 2466 diam
719 2427 842 2466 eum
889 2414 1254 2482 provocabis;
1303 2416 1398 2470 sed
1436 2425 1516 2472 sta
1549 2433 1673 2472 cum
1722 2418 1917 2474 timore
1947 2428 2001 2474 et
2029 2428 2146 2476 tre-

542 2516 719 2568 more,
747 2511 802 2558 et
826 2519 894 2558 ne
918 2504 1168 2560 innitaris
1191 2520 1367 2572 muro,
1405 2523 1507 2562 nec
1528 2509 1777 2565 remittas
1805 2512 1971 2580 pedes
1996 2520 2140 2579 tuos,

544 2601 608 2647 ut
628 2608 738 2646 uno
765 2603 896 2659 stes,
921 2603 974 2648 et
997 2595 1160 2649 alium
1185 2598 1465 2652 extendas.
1489 2597 1704 2655 Obsiste
1726 2601 2145 2671 cogitationibus

540 2685 672 2749 tuis,
703 2700 806 2740 nec
834 2686 1140 2755 permittas,
1171 2696 1231 2742 ut
1261 2688 1504 2743 sollicitae
1550 2691 1660 2746 sint
1706 2693 1773 2748 de
1818 2693 1984 2749 rebus
2022 2709 2144 2749 car-

542 2776 780 2843 nalibus,
809 2785 868 2831 ut
894 2778 966 2832 sit
1001 2787 1223 2848 accepta
1251 2781 1362 2835 Deo
1389 2783 1562 2838 oratio
1589 2791 1701 2840 tua.

615 2869 878 2925 XXXVII.
914 2869 972 2924 Si
1003 2879 1181 2926 autem
1222 2873 1464 2930 adfueris
1493 2876 1694 2942 missae,
1744 2878 1952 2933 custodi
1997 2878 2144 2950 cogi-

543 2962 785 3017 tationes
835 2970 974 3030 tuas,
1025 2970 1079 3016 et
1130 2978 1322 3020 sensus
1376 2974 1518 3033 tuos,
1566 2977 1622 3024 et
1657 2977 1767 3024 stes
1818 2986 2002 3026 coram
2033 2971 2142 3026 Deo

539 3052 808 3108 altissimo
855 3067 978 3108 cum
1031 3054 1264 3122 timore;
1312 3065 1372 3112 ut
1419 3059 1616 3130 dignus
1664 3059 1786 3127 ﬁas,
1830 3061 1921 3131 qui
1959 3075 2141 3116 sumas

539 3161 740 3218 corpus
767 3145 969 3202 Christi
994 3155 1049 3203 et
1075 3150 1395 3220 sanguinem
1422 3151 1560 3222 ejus,
1589 3161 1646 3208 et
1678 3168 1840 3210 sanes
1859 3154 2142 3225 passiones

540 3245 688 3296 tuas.

2245 2043 2428 2114 passio
2450 2057 2610 2112 quam
2649 2041 2766 2112 ejus
2793 2057 2957 2096 causa
2987 2040 3233 2110 patieris,
3261 2041 3556 2096 evanescit.

2315 2135 2378 2190 L.
2413 2134 2470 2190 Si
2491 2151 2690 2206 corpus
2721 2135 2925 2190 Christi
2978 2149 3195 2190 sumere
3237 2132 3389 2202 velis,
3421 2148 3557 2188 cave
3595 2149 3682 2190 ne
3713 2134 3858 2190 cordi

2247 2233 2340 2281 tuo
2389 2226 2472 2280 ira
2517 2233 2611 2281 aut
2651 2226 2838 2281 odium
2886 2225 3017 2281 insit
3071 2235 3261 2281 contra
3305 2227 3624 2296 quempiam
3653 2242 3673 2280 :
3726 2238 3788 2281 et
3819 2228 3855 2280 si

2247 2335 2411 2389 quem
2430 2319 2688 2376 adversus
2722 2328 2776 2375 te
2802 2321 3002 2374 iratum
3037 2320 3275 2384 noveris,
3305 2327 3430 2388 pete
3456 2320 3524 2373 ab
3558 2319 3664 2372 illo
3714 2321 3855 2389 prius

2245 2412 2486 2477 veniam,
2536 2410 2989 2481 quemadmodum
3042 2411 3299 2481 praecepit
3353 2410 3620 2466 Dominus
3677 2421 3855 2466 noster

2247 2500 2468 2573 (Matth.
2491 2501 2569 2574 v).

2317 2591 2402 2646 LI.
2433 2590 2492 2646 Si
2521 2599 2859 2663 oppugnatus
2883 2590 3053 2648 fueris
3081 2601 3245 2648 noctu
3275 2608 3307 2646 a
3333 2592 3579 2657 libidine,
3616 2609 3766 2649 cave
3795 2610 3855 2648 ne

2247 2683 2576 2752 cogitatione
2597 2690 2810 2752 repetas
2835 2683 3041 2754 Species
3069 2683 3190 2738 illas
3211 2684 3466 2750 interdiu,
3507 2700 3580 2740 ne
3609 2686 3854 2740 delecta-

2247 2778 2396 2832 tione
2419 2778 2804 2846 coinquinetur
2825 2792 2923 2832 cor
2945 2786 3095 2831 tuum
3119 2794 3135 2842 ;
3167 2777 3260 2832 sed
3279 2787 3568 2847 prosterne
3588 2785 3650 2833 te
3671 2794 3852 2833 coram

2246 2871 2382 2939 Deo,
2410 2881 2464 2928 et
2509 2873 2623 2941 ipse
2659 2873 3004 2928 miserebitur
3037 2871 3151 2927 tui:
3192 2871 3344 2926 novit
3384 2873 3586 2943 quippe
3622 2873 3854 2928 inﬁmi-

2245 2969 2410 3016 tatem
2433 2963 2733 3017 hominum.

2316 3053 2422 3107 LII.
2451 3053 2509 3108 Si
2532 3069 2754 3124 Operam
2788 3053 3003 3109 dederis
3042 3053 3211 3109 nimio
3231 3052 3437 3126 jejunio
3464 3063 3524 3109 et
3571 3057 3851 3111 continu:

2246 3146 2502 3212 orationi,
2539 3161 2608 3200 ne
2647 3145 2784 3202 ﬁdas
2816 3145 2960 3216 quod
2990 3147 3107 3201 haec
3140 3154 3195 3201 te
3235 3145 3520 3201 salvabunt
3547 3163 3563 3212 ;
3592 3149 3702 3202 sed
3730 3163 3853 3202 eon-

2245 3236 2353 3292 ﬁde
2373 3237 2516 3306 quod
2545 3237 2687 3292 Deus
2713 3236 3065 3293 miserebitur
3090 3236 3366 3294 alﬁictioni
3393 3239 3650 3310 corporis
3673 3241 3774 3305 tui,
3799 3253 3851 3295 et

611 3328 895 3387 XXXVIII.
927 3334 1067 3391 Dum
1105 3334 1323 3406 juvenis
1356 3352 1434 3404 es,
1466 3352 1536 3392 ne
1566 3335 1758 3392 induas
1785 3319 2137 3393 vestem‘ibo-
2168 3300 2213 3366 Ο
2244 3300 2549 3383 inﬁrmitati
2576 3337 2681 3383 tua!
2714 3329 3089 3400 opitulabimr-

537 3436 683 3484 nam,
710 3421 883 3480 donec
910 3428 1198 3496 pervenias
1226 3429 1294 3484 ad
1315 3437 1672 3484 senectutem.

608 3513 853 3570 XXXIX.
903 3515 961 3572 Si
989 3518 1092 3574 iter
1122 3518 1316 3575 feceris
1355 3536 1479 3575 cum
1511 3518 1715 3589 majore
1768 3531 1841 3589 te,
1887 3537 1955 3579 ne
1994 3539 2136 3595 prae-

535 3605 702 3662 cedas
743 3608 915 3664 illum.
959 3609 1018 3666 Si
1044 3612 1410 3668 assurrexerit
1437 3611 1612 3682 major
1645 3622 1700 3669 te
1742 3615 1812 3670 ad
1853 3615 2134 3686 alloquen-

536 3697 666 3752 dum
694 3699 854 3768 alios,
880 3718 948 3758 ne
989 3705 1139 3774 parvi
1171 3705 1335 3760 ducas
1362 3704 1533 3771 illum,
1563 3712 1621 3760 et
1649 3721 1870 3762 maneas
1897 3708 2131 3775 sedens;

533 3787 630 3843 sed
659 3797 742 3844 sta
771 3807 894 3847 cum
926 3792 1038 3858 illo,
1069 3795 1239 3850 donec
1267 3795 1364 3850 tibi
1394 3803 1454 3849 ut
1483 3796 1724 3851 resideas
1750 3797 2048 3867 praecipiat.

611 3882 723 3938 XL.
757 3883 894 3940 Cum
938 3889 1130 3942 urbem
1175 3898 1269 3944 aut
1308 3888 1564 3959 oppidum
1616 3891 1895 3962 ingressus
1943 3892 2132 3959 fueris,

541 3974 610 4029 ad
640 3982 842 4030 terram
889 3977 1100 4033 dimitte
1141 3981 1318 4035 visum
1354 3989 1526 4048 tuum,
1559 3997 1628 4037 ne
1675 3982 1791 4036 visa
1821 3983 1920 4038 abs
1945 3991 1999 4038 te
2024 3984 2134 4040 sint

533 4062 637 4118 tibi
667 4065 983 4121 certaminis
1011 4082 1174 4123 causa
1203 4069 1258 4122 in
1293 4067 1428 4123 cella
1465 4078 1577 4123 tua.

609 4153 744 4209 XLI.
790 4155 868 4210 Ne
916 4157 1154 4214 dormias
1197 4159 1250 4213 in
1284 4159 1420 4223 loco,
1475 4161 1528 4214 in
1565 4175 1671 4229 quo
1702 4162 1866 4218 corde
1906 4176 2134 4232 peccare

532 4247 716 4302 times.
739 4247 817 4302 Ne
846 4249 1099 4304 comedas
1134 4267 1254 4304 cum
1285 4251 1512 4305 muliere
1557 4265 1657 4306 nec
1704 4252 1935 4320 aspicias
1963 4253 2132 4320 illam,

531 4350 710 4408 neque
741 4340 906 4394 etiam
937 4341 1257 4395 vestimenta
1280 4340 1417 4409 ejus,
1449 4341 1492 4396 si
1517 4351 1689 4412 potes.

602 4429 766 4487 XLII.
803 4431 861 4487 Si
913 4433 1017 4488 iter
1060 4433 1254 4489 feceris
1307 4450 1429 4489 cum
1467 4450 1613 4503 sene,
1661 4452 1728 4491 ne
1757 4438 2040 4508 permittas
2075 4444 2137 4492 ut

529 4519 623 4575 ille
681 4533 865 4592 portet
909 4524 1227 4594 quidquam.
1281 4524 1337 4579 Si
1387 4535 1568 4580 autem
1623 4527 1834 4583 fueritis
1881 4530 2130 4600 juvenes,

529 4613 905 4682 unusquisque
946 4624 1126 4684 portet
1174 4625 1384 4686 partem
1423 4618 1680 4688 aliquam.
1716 4619 1772 4673 Si
1805 4637 1934 4675 vero
1967 4620 2131 4674 fuerit

531 4701 828 4770 modicum,
873 4713 1052 4773 portet
1095 4705 1227 4760 illud
1272 4710 1644 4778 unusquisque
1690 4725 1787 4778 per
1821 4710 2034 4775 horam,
2074 4720 2130 4764 et

530 4799 827 4866 praecedat,
878 4800 970 4870 qui
1014 4807 1229 4870 portat,
1283 4808 1337 4855 et
1383 4810 1585 4872 prmeat
1643 4801 1909 4869 infirmus,
1966 4811 2028 4857 ut
2084 4803 2132 4858 si

531 4887 710 4946 lassus
737 4891 939 4947 sederit
966 4893 1034 4948 ad
1077 4893 1397 4963 capiendam
1432 4895 1696 4964 requiem,
1742 4897 1976 4954 sedeatis
2003 4914 2127 4954 cum

530 4981 643 5038 illo.

602 5076 782 5133 XLIII.
832 5079 888 5134 Si
929 5094 1092 5150 quem
1119 5095 1303 5137 senem
1347 5083 1768 5156 interrogaveris
1814 5086 1881 5140 de
1922 5086 2128 5158 cogita.

529 5167 768 5225 tionibus
815 5173 942 5239 tuis,
999 5173 1151 5242 aperi
1208 5173 1331 5229 illas
1380 5174 1548 5232 libere
1599 5177 1679 5231 uti
1715 5192 1773 5232 se
1825 5175 2029 5231 habent
2075 5172 2126 5231 ei

529 5274 691 5330 quem
718 5272 807 5317 tua
829 5277 1028 5320 arcana
1059 5274 1401 5322 servaturum
1427 5269 1688 5335 conﬁdis;
1727 5284 1831 5322 nec
1857 5268 2126 5322 rationem

529 5348 735 5408 habeas
764 5355 912 5412 illius
940 5357 1034 5428 qui
1069 5367 1343 5429 provectae
1389 5362 1563 5416 aetatis
1612 5368 1716 5425 est,
1763 5359 1857 5414 sed
1905 5359 1996 5430 qui
2035 5360 2128 5415 do-

531 5441 733 5509 ctrina,
785 5460 972 5517 opere,
1018 5456 1075 5504 et
1117 5450 1385 5520 spirituali
1427 5451 1795 5520 experimento
1840 5451 2028 5522 pollet,
2059 5467 2128 5508 ne

531 5533 741 5591 referas
764 5538 1043 5610 damnum,
1067 5545 1112 5599 si
1141 5551 1440 5615 augeantur
1458 5543 1737 5612 passiones
1762 5552 1888 5600 tute.

602 5627 784 5686 XLIV.
813 5631 1070 5692 Adnitere
1095 5645 1158 5691 ut
1199 5637 1424 5691 multum
1473 5651 1597 5692 ores
1628 5646 1806 5702 noctu,
1840 5648 1898 5692 ut
1928 5637 2127 5694 illumi-

529 5729 692 5775 netur
714 5723 1018 5784 intellectus
1044 5737 1187 5784 tuus.
1221 5730 1441 5786 Pensita
1471 5740 1690 5802 peccata
1715 5739 1826 5798 tua,
1859 5741 1915 5787 et
1934 5729 2127 5802 depre-

530 5821 657 5866 care
686 5813 856 5871 Deum
880 5834 981 5888 pro
1009 5820 1135 5885 illis,
1167 5831 1224 5876 et
1262 5824 1377 5893 ipse
1407 5833 1591 5895 parcet
1622 5824 1735 5880 tibi.

603 5897 763 5962 XLV.
795 5905 856 5962 Si
893 5910 1015 5979 quis
1056 5911 1279 5970 fratrem
1309 5932 1464 5972 suum
1491 5926 1542 5974 te
1570 5925 1837 5990 pnesente
1877 5912 2126 5989 judicare
2159 5985 2168 5991 _
2204 5989 2206 5991 g

2309 3416 2439 3472 LIII.
2474 3417 2531 3472 Si
2577 3421 2768 3474 morbo
2807 3433 3092 3492 correptus
3137 3422 3326 3490 fueris,
3374 3439 3444 3479 ne
3483 3424 3695 3480 taedeat
3720 3434 3770 3480 te
3793 3435 3848 3479 et

2238 3510 2457 3566 deﬁciat
2482 3511 2705 3580 spiritus
2736 3523 2898 3577 tuus;
2931 3514 3027 3568 sed
3077 3515 3281 3586 gratias
3310 3529 3408 3585 age
3443 3514 3578 3582 Deo,
3606 3517 3760 3586 quod
3779 3518 3846 3572 de

2237 3609 2334 3657 tuo
2361 3603 2726 3658 emolumento
2756 3603 2826 3658 sit
2857 3604 3138 3660 sollicitus.
3183 3591 3192 3598 ’

2310 3695 2444 3751 LIV.
2479 3694 2615 3750 Dum
2646 3695 2862 3750 habitas
2890 3697 2944 3750 in
2968 3697 3104 3751 cella
3136 3705 3249 3761 tua,
3289 3698 3566 3754 constitue
3596 3701 3729 3756 cibo
3757 3708 3844 3755 tuo

2236 3787 2565 3857 praeﬁnitam
2611 3802 2946 3852 mensuram,
2983 3795 3040 3842 et
3087 3788 3346 3844 statutum
3397 3799 3642 3860 tempus,
3682 3801 3737 3845 et
3780 3806 3845 3845 ne

2237 3889 2538 3951 praetereas
2575 3878 2744 3946 illud;
2785 3886 2839 3933 et
2862 3879 2928 3934 da
2955 3881 3166 3950 corpori
3199 3889 3291 3935 tuo
3321 3891 3586 3950 quantum
3613 3883 3842 3954 indiget.

2238 3978 2300 4024 ut
2321 3970 2496 4026 valeat
2540 3955 2700 4024 orare
2729 3978 2783 4024 et
2813 3969 2988 4024 colere
3031 3969 3221 4024 Deum.
3251 3970 3308 4024 Si
3340 3986 3470 4026 vero
3498 3971 3733 4026 oblatus
3759 3973 3842 4030 tibi

2238 4060 2405 4116 fuerit
2425 4069 2580 4115 extra
2604 4061 2796 4116 cellam
2822 4069 2968 4115 tuam
2995 4059 3258 4116 delicatus
3284 4063 3458 4128 cibus,
3485 4079 3557 4118 ne
3581 4081 3656 4118 ao
3690 4067 3844 4119 satie-

2237 4162 2408 4210 tatem
2441 4171 2508 4210 ex
2528 4154 2618 4210 illo
2649 4169 2854 4222 sumas,
2887 4161 2948 4210 ut
2974 4155 3083 4210 cito
3113 4155 3313 4210 reverti
3346 4155 3531 4210 valeas
3554 4157 3621 4211 ad
3653 4158 3841 4212 cellam

2237 4254 2408 4300 tuam.

2308 4337 2421 4393 LV.
2453 4337 2509 4392 Si
2540 4337 2775 4394 severint
2801 4337 2857 4391 in
2889 4343 2942 4393 te
2979 4336 3177 4393 diaboli
3210 4336 3452 4394 laborem
3495 4355 3670 4409 quem
3709 4342 3843 4396 ferre

2237 4447 2347 4487 non
2370 4432 2570 4497 valeas,
2601 4448 2670 4486 ne
2709 4441 2960 4502 acceptes
2992 4431 3059 4486 ab
3101 4432 3216 4499 eis;
3262 4433 3524 4501 quoniam
3574 4447 3840 4506 occupant

2240 4541 2336 4580 cor
2380 4525 2613 4578 hominis
2659 4525 2984 4595 quibusdam
3035 4523 3195 4578 rebus
3240 4540 3376 4594 quas
3419 4540 3692 4593 superare
3742 4541 3838 4580 non

2239 4616 2406 4680 valet,
2437 4627 2494 4669 ut
2549 4617 2708 4671 taedio
2756 4616 2905 4670 illum
2941 4613 3177 4670 afﬁciant
3221 4625 3278 4670 et
3308 4615 3592 4672 deludant.
3652 4618 3841 4674 Omnia

2236 4723 2368 4763 sane
2427 4723 2616 4763 eorum
2672 4709 2887 4778 negotia
2939 4716 3065 4763 sunt
3110 4707 3227 4762 sine
3286 4721 3549 4762 mensura
3605 4723 3678 4764 ac
3733 4710 3841 4764 sine

2233 4800 2442 4855 ordine.

2305 4892 2436 4947 LVI.
2469 4892 2701 4948 Comede
2723 4891 2893 4948 semel
2923 4892 2977 4947 in
3008 4891 3115 4959 die,
3153 4893 3247 4949 sed
3276 4909 3386 4950 non
3410 4895 3477 4949 ad
3500 4893 3844 4948 satietatem.

2232 4985 2421 5040 Prmbe
2461 4985 2677 5056 corpori
2724 4992 2817 5039 tuo
2846 4993 3106 5054 quantum
3155 4985 3381 5057 indiget,
3423 4983 3590 5054 juxta
3617 4987 3848 5058 exigen-

2233 5079 2364 5132 tiam
2388 5086 2613 5133 naturae.

2299 5170 2455 5224 LVII.
2506 5169 2735 5225 Mediam
2775 5178 2992 5226 noctem
3041 5171 3110 5226 ad
3156 5170 3552 5243 invigilandum
3602 5170 3844 5226 orationi

2227 5264 2476 5328 decerno,
2512 5261 2738 5318 alteram
2783 5279 2913 5320 vero
2951 5264 3298 5320 medietatem
3336 5262 3549 5332 requiei
3589 5262 3844 5331 corporis

2225 5360 2324 5414 tui.
2371 5360 2675 5429 Antequam
2719 5367 2899 5414 autem
2946 5360 3189 5415 cubitum
3220 5373 3334 5426 eas,
3365 5357 3534 5429 vigila
3569 5373 3675 5428 per
3706 5359 3846 5413 duas

2228 5453 2392 5510 horas
2421 5455 2476 5509 in
2521 5453 2768 5510 oratione
2813 5461 2869 5509 et
2915 5452 3181 5520 laudibus,
3228 5461 3341 5508 tum
3385 5451 3609 5520 corpori
3648 5452 3842 5505 tuoda

2229 5546 2490 5615 requiem.
2521 5545 2580 5602 Si
2602 5547 2843 5617 pigretur
2865 5559 3062 5616 corpus
3083 5553 3252 5608 tuum,
3281 5543 3408 5599 dum
3429 5540 3498 5596 ad
3521 5543 3841 5597 orationem

2229 5637 2557 5705 surgendum
2606 5645 2708 5700 est,
2766 5635 2932 5690 dicito
2971 5634 3089 5688 illi:
3139 5634 3303 5689 Visne
3338 5632 3585 5702 requiem
3632 5644 3846 5701 caput

2230 5731 2334 5786 hoc
2363 5741 2618 5799 tempore,
2669 5729 2863 5784 deinde
2897 5729 3048 5783 abire
3095 5727 3163 5782 ad
3206 5727 3424 5797 longum
3456 5724 3786 5796 supplicium
3811 5722 3842 5776 ῗ

2232 5820 2420 5877 Nonne
2441 5826 2664 5889 priestat
2685 5828 2746 5873 ut
2774 5834 2966 5888 parum
2991 5817 3331 5883 hiclabores,
3362 5826 3475 5871 tum
3507 5817 3842 5885 requiescens

2234 5913 2344 5971 illic
2363 5912 2874 5991 .cuananctishin"
2889 5909 3590 5991 glernuu1__Tu11c__etiitn
3633 5903 3843 5961 statim
