4004 6328
209 405 319 468 λεδ
767 375 774 381 ’
893 396 1125 457 conm
1164 398 1623 457 REGULARUM.
1665 427 1734 442 -—
1771 399 1950 458 PARS
1989 401 2029 456 I.
2072 400 2377 460 necum
2411 401 2516 460 rp.
2559 404 2829 466 omam:
3377 416 3486 472 434

207 518 418 581 recedit
453 533 484 572 a
525 522 579 572 te
606 513 842 587 pigritia,
886 520 942 569 et
978 514 1225 569 adveniet
1247 513 1345 568 tibi
1375 514 1615 569 divinum
1642 515 1796 570 auxi-
1822 519 1877 580 Α
1969 513 2153 570 LXIV.
2197 518 2254 572 Si
2280 519 2514 574 volueris
2545 519 2727 591 egredi
2751 521 2820 575 ab
2849 520 3028 591 aliqua
3058 523 3223 591 cella,
3249 539 3382 582 eave
3412 543 3483 590 ne

207 610 360 670 nam.
1898 613 2145 672 asportes
2182 607 2383 677 aliquid
2423 623 2490 662 ex
2533 607 2646 676 ejus
2691 610 3052 679 supellectile,
3099 614 3194 668 sed
3237 615 3486 687 relinque

281 701 453 758 LVIII.
478 699 613 756 Cum
635 698 990 755 monachatus
1023 699 1330 754 institutum
1366 700 1644 771 amplexus
1681 699 1798 754 fue-
1899 692 2048 747 illam
2089 695 2248 751 alicui
2287 697 2441 752 fratri
2481 700 2742 769 pauperi,
2790 710 2845 756 et
2889 702 3031 758 Deus
3085 703 3342 774 largietur
3385 706 3496 761 tibi

209 795 285 851 ris
305 835 318 858 ,
348 793 668 848 manumitte
702 806 920 846 servum
952 799 1135 858 tuum;
1177 792 1301 862 qui,
1330 792 1375 846 si
1415 793 1793 847 monachatum
1897 799 2217 856 quocunque
2245 789 2463 845 abieris.

205 873 360 958 sequi
387 885 536 949 velit,
566 899 634 938 ne
661 884 947 952 permittas
973 893 1033 938 ut
1062 883 1269 937 habitet
1296 890 1496 938 tecum.
1967 875 2130 931 LXV.
2171 877 2248 933 De
2276 880 2422 935 nulla
2457 897 2516 936 re
2546 883 2620 938 ita
2647 883 2898 939 laetantur
2924 884 3151 949 diaboli,
3184 886 3346 942 sicuti
3383 886 3482 943 la:-

279 975 414 1030 le.
456 974 513 1028 Si
543 973 745 1028 abieris
771 974 839 1028 ad
867 973 1204 1027 vendendum
1233 988 1368 1042 opus
1394 988 1649 1027 manuum
1679 982 1796 1028 tua-
1900 972 2083 1018 tantur
2107 967 2173 1020 de
2195 982 2259 1020 eo
2289 971 2380 1037 qui
2411 972 2767 1039 cogitationes
2793 991 2920 1028 suas
2957 976 3292 1045 spiritualem
3321 993 3480 1032 suum

204 1083 347 1131 rum,
379 1081 446 1121 ne
475 1066 742 1134 disceptes
765 1065 831 1119 de
860 1064 1054 1134 pretio,
1079 1072 1141 1117 ut
1164 1063 1469 1117 saeculares.
1494 1063 1640 1118 Idem
1661 1079 1794 1133 quo-
1894 1057 2216 1127 magistrum
2245 1059 2404 1114 celat.
2431 1061 2510 1116 Ne
2539 1072 2698 1132 putes
2725 1073 2776 1120 te
2803 1065 3054 1121 Patribus
3083 1067 3316 1124 similem
3349 1083 3479 1125 eva-

202 1174 310 1228 que
339 1156 624 1229 priestabis
643 1196 657 1219 ,
687 1155 732 1210 si
763 1154 893 1224 quid
921 1168 1090 1208 emas.
1123 1153 1362 1224 Inopiam
1390 1165 1573 1208 rerum
1602 1153 1713 1208 Deo
1738 1161 1793 1210 te
1895 1160 2106 1210 Surum,
2141 1148 2244 1202 nisi
2274 1149 2519 1206 imitatus
2549 1152 2716 1208 fueris
2738 1169 2926 1210 eorum
2952 1155 3183 1213 labores.

201 1251 566 1322 propinquum
598 1245 776 1300 facere
805 1245 967 1300 scias.
1465 1263 1477 1272 -
1540 1252 1544 1254 ·
1965 1237 2144 1293 LXVI.
2185 1238 2352 1294 Serva
2389 1242 2615 1312 teipsum
2653 1259 2686 1298 a
2720 1245 2953 1312 divitiis,
2997 1261 3292 1319 earumque
3329 1264 3479 1306 amo—

277 1343 386 1400 LX.
431 1342 489 1398 Si
530 1339 835 1410 deposuerit
875 1339 1017 1409 apud
1058 1345 1112 1393 te
1151 1337 1321 1394 frater
1355 1338 1623 1410 quispiam
1658 1354 1784 1403 vas,
1891 1343 1984 1395 re,
2017 1331 2274 1398 quoniam
2304 1343 2660 1404 corrumpunt
2681 1333 2920 1392 fructum
2953 1339 3227 1394 monachi.

200 1433 402 1504 illoque
441 1431 766 1501 indigneris.
808 1444 877 1484 ne
915 1437 1108 1498 tangas
1155 1428 1320 1496 illud,
1358 1429 1462 1484 nisi
1503 1429 1620 1498 ipso
1653 1444 1788 1484 con-
1960 1421 2163 1477 LXV".
2207 1421 2263 1477 Si
2303 1440 2511 1495 pugnas
2551 1426 2810 1483 adversus
2846 1431 3196 1486 tentationem
3238 1431 3476 1502 aliquam

200 1525 365 1580 sulto.
1891 1529 2010 1584 quae
2034 1523 2086 1569 te
2116 1518 2414 1585 oppressit,
2449 1533 2518 1572 ne
2542 1518 2806 1584 desistas,
2848 1522 2943 1576 sed
2971 1531 3255 1592 prosterne
3297 1533 3350 1578 te
3385 1540 3477 1582 co-

273 1618 406 1674 LXI.
449 1617 506 1674 Si
545 1617 666 1688 quis
695 1615 864 1672 frater
899 1616 1173 1687 rogaverit
1203 1623 1264 1670 ut
1297 1615 1374 1670 illi
1405 1615 1605 1686 aliquid
1636 1630 1786 1672 emas
1889 1623 2006 1663 ram
2031 1608 2169 1674 060,
2195 1617 2249 1663 et
2277 1611 2362 1666 die
2396 1629 2408 1664 :
2439 1609 2643 1680 Adjuva
2673 1628 2781 1678 me,
2813 1613 3064 1680 Domine,
3092 1618 3346 1685 quoniam
3376 1632 3476 1688 ego

199 1711 328 1767 dum
358 1709 752 1782 peregrinaris,
796 1708 997 1774 facito;
1041 1709 1085 1763 si
1124 1716 1306 1764 autem
1346 1707 1543 1763 fratres
1583 1706 1785 1763 fuerim
1889 1697 2134 1753 infirmus
2163 1715 2270 1754 non
2311 1700 2465 1755 valeo
2500 1702 2769 1758 sustinere
2814 1703 2954 1758 hanc
2987 1719 3250 1775 pugnam;
3296 1716 3351 1762 et
3389 1707 3478 1762 ille

198 1807 376 1854 tecum
398 1841 412 1863 ,
444 1799 513 1854 sit
543 1801 596 1853 in
624 1800 912 1869 praesentia
935 1814 1145 1853 eorum.
1885 1790 2237 1859 opitulahitur
2265 1791 2382 1856 tibi,
2408 1792 2453 1846 si
2479 1809 2545 1848 ex
2567 1803 2717 1848 recto
2743 1795 2905 1849 corde
2930 1798 3260 1864 processerit
3283 1798 3475 1868 depre-

271 1890 424 1945 Lxu,
466 1889 524 1949 Si
567 1891 697 1960 quid
749 1890 845 1944 tibi
887 1899 1077 1943 ωυιυο
1107 1889 1293 1943 datum
1330 1888 1520 1953 fuerit,
1561 1889 1786 1944 restitue
1813 1879 1861 1938 B
1889 1881 2031 1934 catio
2060 1889 2171 1935 tua.
2203 1881 2260 1936 Si
2290 1883 2610 1949 certaveris,
2635 1892 2690 1939 et
2711 1885 2940 1950 viceris,
2971 1901 3038 1940 ne
3067 1886 3344 1954 glorieris,
3375 1903 3474 1943 ne-

197 1978 330 2035 illud
358 1996 480 2036 cum
509 1996 576 2036 eo
603 1980 771 2035 fueris
793 1995 955 2045 usus;
991 1995 1091 2034 nec
1125 1979 1369 2034 detineas
1407 1979 1535 2034 illud
1553 2020 1569 2046 ,
1611 1979 1785 2036 donec
1883 1987 1988 2041 que
2013 1973 2282 2038 conﬁdas;
2314 1976 2408 2029 sed
2432 1975 2527 2029 tibi
2552 1989 2704 2040 cave.
2729 1977 2982 2046 quoniam
3005 1977 3180 2034 hostis
3206 1977 3472 2034 difﬁcilio-

197 2073 299 2127 abs
323 2081 373 2128 te
401 2081 705 2144 repetatur;
736 2082 791 2127 et
817 2073 863 2129 si
886 2073 1016 2142 quid
1048 2071 1191 2127 illius
1218 2071 1472 2137 fractum,
1501 2075 1778 2131 resarcito.

1501 2075 1781 2131 resarcito.
1884 2076 2002 2116 rem
2030 2061 2211 2130 priore
2232 2077 2467 2133 pugnam
2494 2061 2548 2117 in
2572 2071 2627 2118 te
2657 2065 3071 2120 machinabitur.

194 2161 258 2216 Si
285 2164 412 2234 quid
445 2174 633 2220 mutuo
663 2164 822 2219 alicui
852 2163 1066 2228 dedisti,
1090 2178 1159 2218 ne
1186 2172 1400 2234 repetas
1424 2164 1576 2230 illud,
1608 2167 1653 2220 si
1683 2182 1785 2221 no-
1955 2151 2183 2206 LXVIII-
2227 2152 2284 2206 Si
2320 2153 2630 2223 deprecaris
2667 2155 2858 2219 Deum,
2889 2169 2959 2209 ne
2995 2156 3144 2211 dicas
3175 2174 3188 2208 =
3219 2156 3466 2221 Domino.

188 2255 343 2309 veris
381 2254 532 2308 illum
576 2269 681 2309 non
724 2268 882 2323 posse
919 2253 1235 2319 restituere,
1272 2253 1572 2323 praesertim
1610 2254 1656 2310 si
1691 2254 1783 2310 illo
1879 2263 2102 2304 remove
2128 2248 2230 2302 hoc
2259 2263 2291 2301 a
2316 2263 2438 2313 me,
2472 2256 2528 2302 et
2549 2248 2786 2303 concede
2809 2248 2940 2303 mihi
2966 2249 3095 2316 hoc;
3131 2249 3226 2304 sed
3256 2250 3420 2304 dicito
3455 2269 3466 2302 :

187 2341 296 2396 tibi
323 2357 458 2411 opus
489 2359 595 2398 non
623 2343 803 2398 fuerit.
1881 2340 2111 2395 Domine
2137 2341 2280 2395 Deus
2309 2355 2463 2395 meus
2481 2380 2498 2405 ,
2530 2350 2589 2395 tu
2620 2341 2727 2396 scis
2751 2341 2881 2411 quid
2908 2341 3041 2396 mihi
3068 2342 3238 2411 magis
3265 2341 3472 2396 condu-

266 2432 444 2488 LXIII.
487 2434 542 2490 Si
571 2451 818 2506 egressus
846 2433 959 2504 jam
991 2451 1021 2490 a
1050 2434 1183 2492 cella
1211 2442 1300 2490 tua
1321 2476 1336 2502 ,
1365 2445 1552 2506 postea
1577 2440 1778 2508 repetis
1879 2441 1989 2496 cat,
2019 2431 2273 2501 quocirca
2300 2429 2492 2499 adjuva
2521 2446 2607 2486 me
2627 2472 2642 2496 ,
2671 2441 2729 2486 et
2757 2447 2824 2486 ne
2849 2432 3133 2501 permittas
3156 2441 3216 2486 ut
3247 2447 3466 2500 peccem

191 2521 368 2588 illum,
399 2525 726 2579 et‘invenies
755 2525 990 2595 aliquem
1013 2525 1238 2582 fratrem
1261 2527 1373 2598 jam
1406 2528 1478 2582 ibi
1504 2529 1773 2597 habitare,
1880 2521 1997 2587 tibi,
2028 2529 2084 2576 et
2114 2537 2328 2592 peream
2360 2522 2414 2576 in
2442 2522 2682 2592 peccatis
2711 2521 2871 2586 meis,
2899 2521 3025 2591 quia
3061 2537 3181 2575 sum
3210 2529 3466 2590 peccator

191 2624 376 2683 quaere
402 2613 500 2669 tibi
529 2613 721 2680 aliam;
755 2624 810 2670 et
831 2631 963 2672 cave
983 2632 1052 2672 ne
1086 2617 1234 2671 illum
1263 2617 1389 2672 inde
1414 2618 1650 2689 eXpellas
1668 2660 1682 2685 ,
1708 2635 1776 2676 ne
1873 2604 2152 2678 inﬁrmus;
2181 2627 2280 2668 nec
2303 2613 2483 2668 tradas
2504 2627 2590 2666 me
2614 2611 2849 2667 inimicis
2874 2612 3030 2676 meis,
3053 2611 3304 2680 quoniam
3331 2625 3464 2663 con-

192 2708 381 2757 contra
412 2712 464 2759 te
490 2703 760 2759 irascatur
785 2705 945 2762 Deus.
975 2706 1044 2760 At
1075 2707 1120 2762 si
1148 2707 1261 2777 ipse
1290 2718 1482 2777 sponte
1509 2709 1657 2764 illam
1685 2725 1773 2766 re-
1878 2708 1988 2780 fugi
2022 2709 2088 2763 ad
2122 2717 2204 2773 te;
2236 2707 2408 2764 libera
2434 2722 2552 2773 me,
2579 2703 2837 2772 Domine,
2864 2707 2991 2777 quia
3022 2713 3076 2760 tu
3104 2721 3164 2761 es
3201 2703 3464 2759 fortitudo

193 2791 436 2863 linquere
469 2794 731 2861 voluerit,
751 2794 863 2864 jam
891 2795 1223 2865 justiﬁeatus
1253 2813 1342 2864 es;
1383 2799 1429 2853 si
1468 2806 1649 2855 autem
1683 2814 1773 2855 ac-
1877 2815 1999 2856 mea
2038 2806 2094 2854 et
2139 2813 2264 2870 spes
2292 2813 2442 2864 mea;
2473 2807 2530 2852 et
2557 2797 2650 2852 tibi
2685 2804 2770 2854 est
2794 2797 3067 2868 potentia,
3095 2803 3150 2851 et
3177 2795 3378 2867 gloria,
3407 2801 3462 2848 et

197 2886 396 2956 ceperit
434 2886 634 2957 aliquid
674 2903 743 2944 ex
783 2889 900 2961 ejus
933 2889 1294 2959 supellectile,
1334 2905 1404 2946 ne
1441 2891 1690 2963 requiras
1717 2891 1772 2948 id
1877 2890 2260 2955 beneﬁcentia,
2295 2899 2350 2945 et
2369 2890 2670 2960 gratiarum
2695 2878 2838 2944 actio
2866 2887 2922 2942 in
2945 2896 3231 2942 aeternum.
3260 2883 3458 2941 Amen.

191 2975 267 3032 ab
293 2974 401 3031 illo.
2223 2980 2450 3052 Explicit
2477 2980 2676 3054 Regula
2704 2980 2866 3035 Isaiae
2893 2979 3113 3033 abbatis.

197 3113 3441 3145 mw

1403 3213 1886 3277 SANCTORUM
1925 3212 2257 3276 PATRUM

268 3359 928 3512 SERAPIONIS,
1023 3367 1493 3514 MACARII,
1585 3371 2191 3515 PAPHNUTII,
2289 3363 3358 3520 MACARII‘ALTERIUS.

1195 3589 1602 3666 REGULA
1658 3588 1791 3663 AD
1870 3586 2436 3670 MONACHOS.

305 3807 398 3864 DE
438 3809 494 3866 S.
537 3808 937 3879 SERAPIONE,
969 3810 1431 3882 CASTERISQUE
1469 3812 1688 3870 HUJUS
1722 3812 2026 3869 REGULIE
2066 3807 2504 3868 AUCTORIBUS
2538 3806 2871 3865 VETERUM
2909 3803 3343 3863 TESTIMONIA.

1653 3933 1969 3951 -ῇ

1318 3994 1615 4062 Palladius,
1651 3997 1792 4053 Hist.
1818 3998 2087 4064 Lausiac.,
2119 4014 2233 4070 cap.
2266 3997 2318 4050 7.

243 4078 390 4159 Cum
423 4087 534 4136 toto
563 4097 712 4159 anno
739 4083 791 4137 in
828 4094 1016 4159 monte
1041 4085 1226 4159 Nitriae
1255 4087 1585 4159 habitassem
1615 4091 1756 4159 apud
1791 4091 1977 4147 beatos
2007 4099 2062 4145 et
2101 4097 2318 4145 sanctos
2353 4088 2571 4154 Patres,
2605 4100 2858 4158 magnum
2879 4085 3139 4144 Arsitium
3162 4128 3176 4151 ,
3207 4093 3262 4141 et
3289 4086 3452 4144 Puta-

141 4154 451 4232 pinaostum,
481 4161 536 4205 et
563 4151 879 4232 Hagionem,
911 4165 964 4211 et
987 4157 1267 4232 Cronium,
1288 4169 1342 4232 et
1357 4151 1730 4232 Serapione-in,
1755 4170 1809 4216 et
1830 4161 2013 4218 multis
2039 4161 2382 4232 antiquorum
2401 4151 2623 4216 Patrum
2652 4151 3021 4230 spiritualibus
3045 4159 3451 4216 narrationibus

145 4223 238 4278 'ab
262 4223 414 4296 ipsis
440 4236 614 4278 essem
643 4224 970 4294 stimulatus,
997 4228 1120 4283 veni
1150 4229 1206 4284 in
1228 4228 1474 4284 intimam
1493 4223 1859 4286 solitudinem.

1579 4321 1751 4388 Idem,
1781 4339 1896 4393 cap.
1926 4323 2047 4378 H7.

239 4407 500 4531 Ingressa
544 4415 628 4463 est
653 4407 947 4482 (Melania)
990 4411 1045 4465 in
1083 4420 1324 4468 montem
1357 4412 1579 4478 Nitriie,
1612 4422 1825 4468 sanctos
1861 4412 2053 4468 Patres
2089 4414 2415 4468 conveniens
2439 4412 2657 4467 beatum
2687 4412 2920 4477 Pambo,
2957 4420 3011 4467 et
3040 4412 3244 4467 Christi
3270 4413 3448 4468 famu-

239 4494 288 4531 rn
370 4487 578 4531 rsntium
597 4521 611 4531 .
645 4488 700 4531 et
725 4496 978 4531 marmum
1007 4481 1352 4531 Seraninnem
1372 4526 1387 4531 _
1422 4493 1665 4531 sanctum
1696 4500 1911 4531 niinmm
1942 4483 2302 4531 Panhnmium
2339 4493 2393 4531 et
2419 4483 2779 4531 venerabilem
2802 4482 3079 4531 lsidorum.

142 4479 288 4535 lum
319 4479 578 4534 Arsitium
597 4521 611 4545 ,
645 4488 700 4535 et
725 4479 978 4552 magnum
1007 4481 1352 4555 Serapionem
1372 4526 1388 4552 ,
1422 4493 1666 4540 sanctum
1696 4500 1911 4554 quoque
1942 4483 2304 4553 Paplmutium
2339 4493 2393 4538 et
2419 4483 2780 4538 venerabilem
2802 4482 3079 4537 lsidorum.

1217 4578 1470 4648 Ruﬁnus,
1510 4578 1652 4633 Hist.
1693 4577 1896 4645 ποίει,
1937 4576 2029 4631 lib.
2065 4593 2157 4644 ιι,
2195 4593 2310 4647 cap.
2349 4576 2402 4629 4.

239 4663 360 4720 Per
384 4666 524 4750 idem
550 4673 766 4750 tempus
790 4666 984 4750 Patres
1011 4669 1549 4750 monachorumgvitae
1575 4677 1634 4750 et
1657 4667 2022 4750 antiquitatis“
2028 4666 2224 4750 merito
2242 4707 2255 4731 ,
2286 4666 2579 4750 Macarius,
2609 4666 2958 4750 ct.lsi‘d‘orus,
2989 4666 3234 4750 aliusque
3268 4666 3446 4750 Maca-

140 4736 327 4810 rius,
363 4745 521 4810 atque
556 4736 897 4810 Heraclides,
930 4747 983 4794 et
1016 4738 1282 4805 Pambus,
1307 4740 1526 4795 Antonii
1557 4738 1802 4809 discipuli
1838 4754 1933 4807 per
1957 4736 2249 4810 Egyptum
2271 4778 2284 4803 ,
2324 4746 2380 4810 et
2405 4737 2640 4810 maxime
2669 4737 2721 4791 in
2761 4736 2946 4792 Nitriae
2972 4736 3171 4810 deserti
3199 4739 3445 4810 partibus

143 4807 456 4880 habentur
475 4807 575 4880 viri
594 4850 608 4873 ,
638 4808 731 4878 qui
766 4810 1100 4865 consortium
1129 4809 1251 4866 vita:
1276 4819 1331 4867 et
1364 4819 1579 4866 actuum
1617 4807 1725 4867 non
1761 4826 1886 4864 cum
1921 4807 2133 4865 exteris
2159 4808 2506 4874 mortalibus,
2540 4809 2635 4864 sed
2664 4823 2790 4864 cum
2819 4809 3068 4866 supernis
3097 4807 3302 4880 angelis
3346 4811 3445 4865 ba-

138 4878 306 4935 bere
336 4878 691 4936 credebantur

1569 4952 1599 5007 1
1604 4953 1772 5007 bidem
1790 4993 1805 5019 ,
1845 4969 1960 5024 cap.
2000 4954 2054 5008 8.

235 5041 501 5116 Florebat
533 5043 698 5115 igitur
718 5043 986 5116 Egyptus
1014 5061 1076 5100 ea
1103 5053 1422 5116 tempestate
1449 5061 1555 5101 non
1586 5045 1758 5101 solum
1787 5045 2014 5100 eruditis
2049 5045 2102 5100 in
2139 5045 2450 5101 Christiana
2491 5045 2828 5116 philosophia
2853 5045 3015 5104 viris.
3047 5060 3236 5100 verum
3271 5045 3439 5100 etiam

139 5114 382 5187 bisqui
406 5114 738 5187 per_vastam
767 5114 1005 5171 eremum
1037 5114 1461 5181 commanentes,
1490 5119 1641 5186 signa
1669 5125 1722 5169 et
1751 5116 1996 5186 prodigia
2023 5117 2311 5184 apostolica
2336 5114 2680 5187 simplicitate
2702 5114 2834 5170 vita:
2859 5125 2913 5170 et
2931 5116 3109 5170 cordis
3130 5116 3440 5187 sinceritate

139 5185 466 5240 faciebant.
502 5185 578 5238 Ex
618 5187 811 5256 quibus
842 5187 1056 5240 interim
1083 5202 1218 5256 quos
1245 5188 1344 5256 ipsi
1374 5188 1622 5248 vidimus,
1660 5195 1715 5240 et
1745 5185 1972 5254 quorum
2004 5187 2250 5256 benedici
2280 5185 2526 5242 manibus
2555 5187 2868 5250 meruimus,
2895 5187 2951 5240 hi
2977 5195 3103 5242 sunt
3135 5204 3148 5239 :
3174 5185 3440 5242 Macarius

135 5256 227 5313 de
253 5256 541 5324 superiore
569 5255 752 5312 eremo
773 5297 788 5322 ,
818 5257 955 5311 alius
982 5255 1246 5311 Macarius
1266 5255 1347 5312 ’de
1379 5259 1618 5312 infcriori
1638 5299 1652 5323 ,
1683 5257 1920 5312 Isidorus
1946 5257 2002 5310 in
2027 5255 2159 5312 Sciti
2179 5297 2194 5321 ,
2230 5257 2466 5314 Pambus
2487 5257 2542 5312 in
2569 5257 2803 5322 cellulis,
2832 5264 2938 5312 etc.

1296 5346 1590 5413 Palladius,
1627 5347 1766 5402 Hist.
1799 5346 2070 5413 Lausiac.,
2101 5366 2217 5420 cap.
2248 5349 2336 5403 9|.

224 5437 378 5512 Cum
418 5441 648 5510 quodam
673 5439 774 5512 die
818 5439 1169 5512 eonvenis_set_
1195 5437 1348 5509 (cum
1379 5438 1702 5512 Qronio,_et
1738 5437 1946 5512 Jacobo
1972 5438 2197 5510 claudo)
2227 5441 2389 5512 etiam
2426 5441 2762 5510 Paphnutius
2787 5448 3143 5512 cognomento
3175 5433 3449 5512 Cephala,

121 5511 247 5586 qui
281 5508 450 5586 dono:
465 5511 806 5582 cogitationis
837 5526 1018 5586 sacra:
1055 5508 1351 5580 Scriptura:
1385 5508 1594 5564 Veteris
1623 5508 1864 5586 Novique
1906 5508 2238 5586 Testamenti
2277 5508 2539 5586 pollebat,
2578 5508 2925 5586 totanrillam
2957 5508 3431 5581 interpretabatur,

119 5580 286 5642 6am
323 5580 664 5654 Scriptu'ram
695 5598 803 5638 non
834 5581 1054 5652 legisset
1088 5599 1099 5633 :
1143 5595 1206 5635 ea
1245 5589 1422 5635 autem
1458 5590 1574 5635 erat
1598 5580 1890 5646 modestia,
1926 5587 1986 5633 ut
2005 5580 2259 5636 virtutem
2287 5580 2660 5653 propheticam
2691 5582 2910 5636 celaret.

1578 5671 1759 5738 Idem,
1797 5688 1914 5743 cap.
1955 5669 2044 5724 20.

209 5767 498 5826 Narravit
527 5770 688 5841 nobis
715 5777 771 5827 et
793 5769 889 5826 Dei
917 5784 1105 5841 servius
1127 5767 1494 5841 Paphnutius,
1525 5766 1772 5840 pmclari
1803 5763 1962 5837 hujus
1993 5767 2164 5824 sancti
2199 5766 2483 5841 (Macarii)
2515 5766 2837 5835 discipulus,
2871 5769 3014 5840 quod
3044 5782 3167 5826 cum
3202 5767 3436 5838 quodam

109 5836 240 5898 die
273 5841 506 5899 sederet
529 5841 586 5898 in
607 5840 729 5898 aula
754 5851 972 5899 sanctus
1000 5836 1299 5906 Macarius,
1328 5847 1432 5896 etc.
