4004 6328
250 355 376 436 '437

935 361 1162 424 CODEX
1200 357 1658 422 REGULAR'UM.
1692 388 1764 400 —
1799 355 1980 414 PARS
2013 356 2056 415 Ι.
2100 359 2404 418 REGULIE
2438 360 2542 418 PP.
2583 361 2856 420 ORIENT.

3423 363 3526 420 458

263 490 365 564 vr).
389 487 487 544 [iis
509 499 637 558 ergo
659 480 826 542 tantis
848 480 1142 546 virtutibus
1164 478 1378 534 ﬁrmata
1396 475 1704 534 obedientia
1726 490 1844 532 ma-
1872 477 1927 539 Α
1948 485 2336 550 proponantur.
2370 475 2426 532 Si
2457 491 2585 533 vero
2610 478 3072 549 perseveraverint
3100 477 3382 551 pulsantes
3403 520 3418 546 ,
3447 482 3528 536 eis

263 593 500 655 gnopere
527 589 829 648 magnoque
857 573 1038 631 studio
1062 579 1328 628 teneatur.

1946 583 2055 625 non
2089 577 2317 641 negetur
2353 571 2657 642 ingressus;
2695 572 2786 628 sed
2814 572 2862 627 is
2896 573 2986 643 qui
3012 581 3210 645 praeest
3235 572 3397 629 Pater
3430 575 3530 629 htt-

261 671 394 728 Car.
432 670 493 725 γ.
526 667 796 724 Macarius
823 659 1521 736 didt,quqliter_spirituale
1545 658 1849 724 exercitium
1937 657 2176 730 jusmodi
2213 661 2460 718 homines
2501 662 2726 720 introire
2761 664 3069 735 permittat,
3098 670 3153 720 et
3186 663 3423 734 qualiter
3448 663 3535 718 vi-

501 737 565 793 ab
590 738 672 794 his
694 737 782 810 qui
809 731 1040 806 prwsunt
1073 731 1322 787 Patribus
1347 742 1605 787 teneatur.

332 831 604 900 Quoniam
638 829 870 892 fratrum
895 826 1127 900 insignia
1157 826 1418 880 virtutum
1438 865 1453 891 ,
1487 822 1851 880 habitationes

258 941 511 997 quoque,
551 923 638 982 vel
685 923 992 980 obedientia
1042 921 1291 1000 superius
1340 919 1646 990 conscripta
1692 924 1848 984 sunt,

260 1034 407 1080 nunc
441 1015 678 1087 qualiter
711 1013 991 1092 spirituale
1028 1014 1352 1070 exercitium
1391 1014 1458 1068 ab
1483 1013 1566 1069 his
1596 1012 1687 1084 qui
1714 1026 1853 1084 prae-

260 1115 387 1173 sunt
440 1106 694 1164 Patribus
751 1114 1000 1184 teneatur
1050 1106 1162 1164 Deo
1205 1103 1432 1176 juvante
1479 1104 1847 1160 ostendamus.

255 1199 514 1266 Debetis,
544 1199 637 1272 qui
659 1198 908 1272 maestis
938 1183 1152 1265 Patres,
1185 1197 1323 1254 tales
1346 1212 1444 1252 vos
1473 1196 1732 1260 exhibere
1750 1237 1764 1261 ,
1791 1203 1852 1250 ut

256 1289 552 1363 Apostolus
578 1288 656 1346 ait
684 1301 701 1342 :
737 1287 918 1344 Estote
940 1286 1112 1357 fama
1134 1285 1464 1342 credentibus
1499 1285 1553 1360 (Ι
1581 1284 1735 1341 Thes.
1763 1285 1803 1357 ι)
1832 1305 1844 1341 :

257 1383 364 1438 hoc
388 1389 507 1450 est,
535 1389 600 1446 ut
621 1396 718 1452 per
743 1380 1059 1452 qualitatem
1089 1381 1335 1452 mysticae
1367 1379 1585 1452 pietatis
1612 1387 1667 1440 et
1695 1394 1848 1435 seve-

255 1471 443 1536 ritatis
465 1471 698 1528 fratrum
726 1471 938 1537 animos
963 1472 1032 1526 ad
1060 1471 1301 1528 ccelestia
1325 1471 1390 1527 de
1417 1471 1648 1530 terrenis
1678 1472 1852 1542 eriga-

256 1562 351 1632 tis,
377 1562 591 1628 dicente
619 1561 878 1634 Apostolo
911 1579 924 1616 :
958 1561 1132 1634 Argue
1151 1603 1166 1630 ,
1190 1561 1404 1617 obsecra
1421 1603 1436 1630 ,
1466 1563 1703 1635 increpa,
1732 1579 1850 1628 cum

253 1652 402 1706 omni
427 1639 682 1724 patientia
718 1659 767 1706 et
795 1650 1034 1705 doctrina
1067 1649 1156 1722 (II
1196 1649 1330 1705 Tim.
1373 1650 1470 1723 ιγ).
1501 1651 1569 1707 Ει
1599 1650 1702 1706 alio
1731 1651 1850 1707 loco

254 1740 436 1813 inquit
474 1759 490 1797 :
538 1742 679 1814 Quid
715 1740 900 1808 vultis,
940 1741 994 1795 in
1030 1743 1179 1812 virga
1217 1743 1419 1797 veniam
1442 1727 1517 1796 'ad
1549 1759 1633 1797 vos
1655 1783 1668 1809 ,
1701 1761 1771 1798 an
1793 1744 1850 1798 in

1947 759 2057 815 tam
2095 749 2356 819 fratrum,
2389 753 2476 812 vel
2502 743 2760 825 Regulam
2791 762 2975 811 tenere
3000 754 3228 828 possint,
3257 753 3529 812 ostendat.

1948 841 2101 912 Quod
2133 844 2180 900 si
2213 843 2362 923 dives
2393 853 2509 913 est,
2532 853 2587 901 et
2621 847 2824 902 habens
2855 848 3051 904 multas
3087 847 3304 903 divitias
3339 847 3394 902 in
3432 863 3534 902 sae-

1951 936 2072 992 culo
2089 976 2106 1003 ,
2128 941 2184 990 et
2211 937 2451 992 converti
2478 937 2741 1006 voluerit,
2769 939 2926 994 debet
2945 939 3120 1009 primo
3153 938 3251 995 Dei
3285 937 3534 994 volunta-

1889 1092 1894 1107 ι
1947 1033 2060 1080 tem
2101 1025 2356 1096 implere,
2398 1036 2453 1083 et
2490 1029 2750 1100 consequi
2799 1031 3125 1101 praeceptum
3173 1029 3304 1086 illud
3345 1029 3534 1100 praeci-

1948 1129 2134 1184 puum,
2170 1116 2313 1185 quod
2341 1116 2668 1172 adolescenti
2693 1118 2845 1173 diviti
2873 1118 3069 1174 dicitur
3099 1135 3114 1173 :
3158 1115 3330 1174 Vende
3355 1119 3532 1173 omnia

1951 1207 2086 1264 bona
2112 1218 2204 1264 tua
2222 1250 2237 1275 ,
2264 1218 2313 1264 et
2348 1210 2417 1264 da
2443 1211 2760 1282 pauperibus
2779 1253 2793 1275 ,
2825 1220 2874 1265 et
2901 1210 3024 1266 tolle
3048 1227 3254 1266 crucem
3277 1219 3421 1265 tuam
3440 1251 3454 1277 ,
3483 1217 3534 1264 et

1950 1317 2162 1372 sequere
2192 1320 2274 1358 me
2311 1301 2503 1376 (Marc.
2535 1303 2612 1378 χ).
2646 1303 2852 1361 Deinde
2881 1303 3228 1360 instruendus
3250 1312 3337 1362 est
3368 1305 3439 1360 ab
3467 1319 3536 1360 eo

1950 1395 2043 1466 qui
2068 1405 2266 1466 praeest
2289 1397 2474 1463 Patre,
2497 1403 2557 1450 ut
2583 1396 2716 1452 nihil
2741 1397 2844 1451 sibi
2867 1395 3158 1468 relinquat,
3184 1395 3288 1451 nisi
3315 1410 3534 1454 crucem

1951 1485 2185 1557 Christi,
2218 1503 2380 1558 quam
2411 1496 2594 1556 tenet,
2621 1497 2675 1542 et
2708 1496 2967 1560 sequatur
3007 1487 3314 1544 Dominum.
3345 1486 3536 1544 Crucis

1949 1590 2080 1630 vero
2117 1576 2327 1648 fastigia
2369 1593 2489 1647 qua:
2527 1578 2756 1632 tenenda
2797 1585 2956 1642 sunt,
2996 1577 3172 1646 primo
3212 1575 3360 1632 omni
3408 1576 3536 1632 obe-

1953 1655 2153 1719 dientia
2196 1681 2302 1719 non
2342 1681 2494 1720 suam
2533 1665 2866 1722 voluntatem
2906 1664 3117 1732 facere,
3153 1666 3248 1722 sed
3287 1665 3532 1721 alterius.

1953 1751 2107 1829 Quod
2130 1756 2175 1810 si
2198 1755 2427 1810 voluerit
2449 1757 2779 1812 monasterio
2801 1763 3010 1827 partem
3033 1755 3297 1824 conferre,
3325 1755 3539 1812 noverit

251 1834 446 1905 spiritu
471 1832 898 1887 mansuetudinis
928 1830 993 1903 (I
1015 1831 1147 1885 ’Cor.
1180 1821 1299 1904 ivi)?
1334 1833 1740 1888 Decernendum
1767 1841 1846 1888 est

1954 1825 2061 1922 quo
2093 1845 2283 1900 ordine
2317 1847 2431 1902 sive
2471 1847 2615 1916 ipse,
2650 1847 2762 1903 sive
2799 1845 2914 1916 ejus
2952 1846 3150 1903 oblatio
3185 1846 3536 1918 suscipiatur.

254 1923 327 1980 ah
350 1923 462 1990 illo,
486 1923 579 1994 qui
604 1929 822 1994 praeest,
846 1921 1082 1991 qualiter
1101 1921 1247 1976 circa
1268 1923 1508 1993 singulos
1533 1924 1721 1978 debeat
1738 1924 1852 1994 pie-

1953 1933 2022 1989 Et
2061 1936 2106 1990 si
2151 1936 2382 2002 voluerit
2421 1938 2486 1992 de
2527 1937 2699 1993 servis
2737 1939 2852 1994 suis
2889 1953 3070 1994 secum
3106 1939 3162 1993 in
3205 1938 3538 1994 monasterio

253 2014 387 2070 tatis
416 2013 667 2069 affectum
699 2020 1040 2077 monstrare;
1074 2019 1128 2067 et
1162 2004 1396 2081 qualiter
1436 2019 1620 2069 tenere
1659 2015 1854 2070 debeat
1954 2026 2285 2094 conducere,
2329 2027 2541 2082 ηονθιιίι
2569 2025 2685 2095 jam
2727 2042 2836 2082 ηοη
2878 2043 3002 2084 eum
3049 2044 3264 2085 servum
3307 2028 3534 2096 habere,

252 2101 624 2175 disciplinam,
652 2118 765 2160 non
792 2103 1080 2158 immemor
1105 2103 1318 2158 Domini
1357 2105 1588 2161 dicentis
1618 2105 1730 2160 :‘In
1747 2116 1846 2178 qua

1954 2119 2049 2176 sed
2093 2118 2318 2175 fratrem
2345 2160 2362 2188 ,
2410 2127 2472 2175 ut
2512 2118 2568 2175 in
2614 2119 2867 2176 omnibus
2911 2120 3184 2192 perfectus
3223 2121 3536 2178 inveniatur

227 2201 507 2249 'mensura
537 2195 706 2249 mensi
735 2193 966 2264 fueritis,
993 2195 1290 2248 remetietur
1317 2195 1457 2250 vobis
1486 2195 1700 2268 (Matth.
1729 2197 1845 2268 vn).

252 2307 389 2364 Car.
421 2308 512 2388 VI.
552 2309 702 2366 Idem
730 2310 872 2388 ipse,
911 2318 969 2388 ut
1002 2310 1058 2388 in
1083 2311 1318 2388 oratione
1354 2312 1646 2388 astantibus
1672 2314 1848 2370 nullus

458 2379 571 2433 sine
589 2378 853 2450 prwcépto
874 2378 1076 2434 abbatis
1101 2379 1361 2450 psalmum
1391 2383 1645 2453 imponat.

325 2490 650 2558 Astantibus
701 2506 832 2561 ergo
886 2492 953 2548 ad
993 2492 1292 2548 orationem
1338 2493 1516 2554 nullus
1559 2507 1850 2566 praesumat

250 2579 376 2636 sine
403 2588 674 2652 praecepto
697 2581 786 2652 qui
813 2591 1011 2652 praeest
1024 2581 1201 2638 Patris
1222 2575 1416 2654 psalmi
1447 2584 1660 2640 laudem
1686 2588 1845 2642 emit-

253 2676 396 2738 tere.
437 2669 584 2738 Ordo
622 2669 727 2725 iste
768 2677 1038 2739 teneatur,
1068 2679 1128 2726 ut
1167 2672 1344 2727 nullus
1373 2672 1616 2728 Priorem
1651 2675 1702 2729 in
1734 2691 1849 2730 mo-

252 2761 500 2826 nasterio
536 2761 605 2817 ad
641 2763 892 2818 standum
930 2762 1014 2818 vel
1045 2763 1380 2832 psallendum
1415 2765 1604 2820 ordine
1636 2782 1844 2836 praesu-

250 2858 373 2907 mat
393 2851 734 2924 prazcedere,
766 2850 979 2907 dicente
1017 2850 1304 2908 Salomone
1337 2872 1349 2907 :
1380 2853 1524 2921 Fili,
1565 2856 1847 2926 primatum

250 2942 618 3016 concupiscere
640 2941 781 3009 noli;
811 2960 974 3014 neque
1007 2943 1312 2999 accubueris
1342 2945 1488 3014 prior
1513 2946 1568 2999 in
1594 2946 1843 3010 convivio,

250 3047 325 3087 ne
347 3033 513 3086 veniat
542 3031 728 3086 melior
760 3041 830 3099 te,
859 3041 906 3086 et
931 3033 1074 3087 dicat
1101 3033 1197 3087 tibi
1226 3047 1246 3085 ,ο
1275 3032 1475 3104 Surge,
1504 3043 1553 3088 et
1582 3034 1845 3104 confusio-

248 3138 375 3179 nem
399 3124 622 3194 patiaris
639 3125 704 3178 in
730 3124 815 3179 die
833 3123 929 3179 illa
951 3124 1104 3196 (Luc.
1131 3125 1265 3197 xw).
1296 3125 1363 3180 Et
1381 3127 1581 3182 iterum
1607 3128 1840 3183 dicitur:

1951 2207 2114 2263 homo
2146 2209 2254 2265 ille.

1949 2313 2079 2374 CAP.
2116 2315 2248 2371 VIII.
2287 2315 2558 2390 Idemque,
2586 2317 2816 2459 thalint‘er
2837 2320 3098 2392 peregrini
3122 2319 3345 2394 hospites
3369 2321 3539 2378 susci-

2431 2426 2434 2429 -
2775 2406 2858 2444 ur.

2431 2426 2434 2429 -
2624 2406 2713 2444 me
2719 2406 2858 2444 mur.

2020 2476 2379 2544 venientibus
2409 2478 2489 2536 eis
2526 2478 2706 2534 nullus
2743 2479 2850 2534 nisi
2891 2495 3067 2549 unus,
3103 2481 3193 2537 cui
3220 2495 3350 2537 cura
3390 2482 3536 2538 circa

1914 2562 1922 2568 ”
1949 2572 2219 2644 hospitale
2239 2573 2405 2628 fuerit
2428 2574 2690 2646 injuncta,
2719 2583 2993 2643 occurrat,
3021 2583 3075 2632 et
3104 2591 3422 2649 responsum
3445 2577 3537 2632 det

1947 2663 2312 2719 venientibus.
2336 2662 2525 2732 Orare,
2543 2664 2628 2719 vel
2648 2680 2838 2736 pacem
2869 2664 3064 2721 offerre
3091 2681 3198 2721 non
3231 2666 3392 2722 liceat
3416 2665 3534 2733 ulli,

1949 2755 2056 2812 nisi
2092 2757 2269 2827 primo
2290 2756 2542 2812 videatur
2569 2758 2637 2813 ab
2665 2773 2730 2812 eo
2759 2757 2850 2826 qui
2881 2765 3078 2828 prmest
3101 2757 3291 2823 Patre;
3327 2764 3383 2812 et
3412 2771 3538 2811 ora-

1949 2845 2097 2902 tione
2130 2846 2289 2902 simul
2316 2855 2537 2917 peracta
2557 2888 2571 2915 ,
2605 2855 2865 2918 sequatur
2897 2848 3087 2904 ordine
3109 2861 3207 2903 suo
3236 2847 3386 2917 pacis
3419 2845 3537 2902 oili-

1904 2946 1906 2948 '
1952 2939 2096 2994 cium
2123 2937 2371 2992 reddere.
2401 2937 2512 2993 Nec
2541 2939 2727 2994 licebit
2750 2939 2913 2994 alicui
2945 2937 3101 2995 fratri
3128 2955 3249 2995 cum
3278 2953 3537 3010 superve-

1948 3033 2132 3089 niente
2171 3031 2556 3097 sermocinari;
2618 3045 2724 3086 non
2767 3031 2839 3087 sit
2865 3029 2960 3085 ulli
2996 3046 3126 3086 cura
3165 3029 3534 3100 interrogandi

1949 3125 2092 3179 unde
2115 3123 2340 3187 venerit,
2373 3123 2440 3177 ad
2467 3123 2595 3192 quid
2625 3123 2850 3188 venerit,
2878 3121 2961 3178 vel
2988 3123 3201 3190 quando
3230 3120 3536 3176 ambulatu-

252 3191 582 3274 Noli'altum
606 3235 821 3291 sapere,
859 3191 1098 3275 sed‘time
1125 3191 1301 3292 (Rom.
1334 3219 1436 3292 ιι).
1469 3221 1622 3289 Quod
1656 3223 1702 3277 si
1733 3233 1844 3277 ιρι-ρ
1873 3191 1918 3257 C
1952 3229 2044 3270 rus
2072 3214 2140 3269 sit
2160 3255 2174 3281 ,
2205 3213 2309 3268 nisi
2335 3213 2435 3269 soli
2470 3191 2561 3283 tjui
2593 3222 2792 3285 praeest
2827 3215 3008 3282 Patri,
3052 3223 3145 3269 aut
3184 3214 3382 3284 quibus
3418 3214 3534 3283 ipse

249 3308 355 3364 dat
379 3310 425 3365 is
454 3311 546 3379 qui
584 3317 817 3382 praeest,
847 3319 1064 3381 Oportet
1098 3313 1334 3382 primum
1369 3313 1425 3367 in
1455 3315 1702 3370 notitiam
1729 3315 1845 3386 ejus

251 3399 476 3455 diﬂ‘erre
494 3442 508 3467 ,
538 3408 594 3456 et
621 3402 916 3457 secundum
946 3399 1064 3472 ejus
1087 3402 1374 3490 imperium
1403 3404 1626 3460 obedire
1649 3419 1845 3460 conve-

247 3488 368 3555 nit,
395 3488 611 3547 fratres.

253 3597 397 3655 CAP.
430 3595 541 3655 VH.
579 3599 726 3657 Idem
769 3599 913 3678 ipse,
946 3604 1206 3674 quomodo
1245 3605 1606 3660 examinentur
1639 3609 1729 3678 qui
1782 3625 1846 3662 ex

747 3673 941 3728 steculo
957 3681 1354 3730 convertuntur.
1650 3673 1661 3678 ⁷
1745 3735 1749 3740 ε

333 3758 576 3828 Qualiter
601 3771 732 3818 vero
761 3763 1096 3820 examinatio
1125 3779 1255 3835 erga
1281 3778 1376 3819 eos
1394 3804 1408 3829 ,
1442 3765 1533 3834 qui
1561 3764 1627 3820 de
1650 3767 1846 3822 mulo

249 3862 656 3912 convertuntur
683 3858 859 3913 teneri
883 3856 1107 3922 debeat,
1136 3857 1486 3913 ostendamus
1510 3858 1684 3914 vobis.
1715 3858 1847 3914 Am-

239 3946 512 4018 putanda:
539 3956 666 4004 sunt
691 3949 868 4019 primo
903 3950 972 4005 ab
999 3949 1372 4021 hujuscemodi
1406 3950 1606 4006 divitiae
1641 3953 1842 4008 StBCIlli.

239 4036 327 4092 Et
351 4036 398 4092 si
419 4039 540 4108 quis
567 4041 775 4112 pauper
797 4042 1042 4098 converti
1061 4042 1330 4110 videatur,
1357 4044 1524 4099 habet
1545 4052 1602 4100 et
1626 4045 1743 4116 ipse
1763 4046 1846 4102 di-

237 4123 418 4183 vitias
435 4168 449 4194 ,
475 4144 611 4198 quas
637 4135 922 4200 amputare
947 4133 1168 4198 debeat,
1205 4147 1341 4202 quas
1368 4133 1601 4204 Spiritus
1628 4145 1848 4192 sanctus

237 4221 491 4274 ostendit
524 4235 624 4291 per
663 4221 1007 4279 Salomonem
1051 4224 1237 4279 dicens
1281 4241 1295 4278 :
1333 4224 1469 4279 Odit
1509 4228 1687 4281 anima
1729 4245 1846 4283 mea

237 4325 535 4382 pauperem
553 4313 851 4383 superbum,
874 4323 923 4369 et
943 4314 1153 4370 divitem
1173 4315 1473 4371 mendacem
1498 4317 1668 4388 (Eccl.
1690 4320 1843 4391 xxv).

243 4399 330 4456 Et
353 4399 457 4456 alio
481 4401 602 4458 loco
617 4403 801 4459 dicit:
833 4403 984 4460 Sicut
1009 4405 1340 4462 vulneratum
1365 4408 1642 4478 superbum
1671 4407 1842 4482 (Psal.

1944 3305 2193 3380 jusserit.
2226 3305 2580 3364 Venientibus
2607 3321 2737 3361 vero
2772 3306 3031 3362 fratribus
3071 3305 3136 3360 ad
3171 3306 3360 3360 horam
3395 3304 3536 3359 refe-

1949 3398 2180 3462 ctionis,
2225 3413 2333 3451 non
2373 3397 2558 3452 licebit
2596 3397 2884 3468 peregrino
2922 3396 3079 3451 fratri
3112 3411 3233 3452 cum
3272 3396 3534 3451 fratribus

1949 3491 2301 3556 manducare,
2335 3489 2438 3544 nisi
2467 3506 2587 3544 cum
2612 3504 2677 3543 eo
2702 3489 2792 3559 qui
2821 3489 3242 3560 praeest,Patre,
3272 3496 3333 3544 ut
3364 3489 3538 3558 possit

1949 3582 2228 3637 aedificari.
2264 3581 2403 3635 Nulli
2433 3580 2618 3635 licebit
2637 3595 2760 3635 cum
2786 3595 2851 3634 eo
2877 3579 3047 3648 loqui,
3075 3593 3176 3633 nec
3198 3578 3422 3650 alicujus
3443 3595 3538 3632 au-

1951 3673 2129 3727 diatur
2159 3687 2360 3737 sermo,
2385 3671 2489 3725 nisi
2516 3671 2747 3736 divinus,
2776 3669 2869 3740 qui
2892 3685 2959 3726 ex
2979 3670 3176 3740 pagina
3203 3669 3535 3741 proferatur,

1951 3770 2005 3817 et
2034 3760 2150 3831 ejus
2179 3762 2268 3831 qui
2299 3769 2495 3832 praeest
2516 3759 2717 3829 Patris,
2749 3761 2833 3817 vel
2858 3762 3055 3832 quibus
3077 3760 3429 3833 ipsejusserit
3455 3762 3535 3821 lo-

1949 3853 2065 3924 qui,
2089 3862 2149 3907 ut
2172 3853 2376 3922 aliquid
2403 3854 2468 3908 de
2494 3854 2605 3908 Deo
2628 3853 2933 3908 conveniat.

1949 3964 2080 4022 Car.
2097 3965 2191 4021 IX.
2225 3963 2468 4032 Qualiter
2481 3965 2966 4090 jeju‘niorzmprdo
2995 3974 3258 4024 teneatur.
3274 3964 3532 4042 Paphnu-

2608 4053 2692 4090 ιιιε
2759 4054 2834 4090 κω
2862 4079 2876 4090 .

2587 4045 2692 4091 tius
2722 4045 2876 4092 dixit.

2020 4129 2210 4203 Magna
2237 4136 2294 4186 et
2323 4130 2476 4184 utilia
2499 4129 2567 4185 ad
2598 4130 2792 4186 animae
2822 4129 3051 4188 salutem
3082 4131 3226 4189 dicta
3250 4141 3394 4200 sunt,
3420 4131 3532 4188 fra—

1947 4229 2059 4277 tres
2085 4240 2096 4275 :
2124 4236 2225 4276 nec
2245 4221 2351 4275 hoc
2377 4219 2664 4276 tacendum
2681 4228 2784 4286 est,
2810 4222 3042 4291 qualiter
3057 4221 3384 4292 jejuniorum
3397 4224 3532 4280 ordo

1947 4313 2212 4367 tenendus
2253 4311 2343 4367 sit.
2387 4310 2499 4366 Nec
2527 4312 2678 4366 aliud
2712 4312 2839 4368 huic
2874 4313 3116 4368 ﬁrmitati
3158 4315 3532 4370 testimonium

1947 4403 2218 4467 convenit,
2266 4402 2562 4456 dulcissimi
2611 4401 2830 4468 fratres,
2875 4403 2982 4457 nisi
3011 4403 3167 4467 illud,
3189 4405 3332 4472 quod
3355 4403 3526 4459 dicit:

243 4493 544 4566 Lxxxvnr).
583 4493 753 4550 Debet
787 4509 919 4568 ergo
959 4497 1006 4553 is
1041 4499 1138 4568 qui
1180 4508 1378 4569 prmest
1419 4498 1600 4567 Pater,
1649 4516 1846 4574 magno
1869 4562 1917 4574 __
1951 4490 2143 4546 Petrus
2169 4500 2344 4545 autem
2366 4499 2414 4544 et
2427 4491 2660 4545 Joannes
2680 4491 3027 4546 ascendebant
3042 4493 3097 4547 in
3118 4492 3368 4562 templum
3388 4494 3530 4548 circa

241 4581 438 4639 studio
465 4562 608 4640 hanc
639 4562 898 4656 Regulam
937 4562 1126 4644 tenere
1163 4562 1271 4644 aut
1302 4590 1348 4645 si
1378 4562 1595 4661 pauper
1619 4562 1846 4647 conver-

1950 4587 2132 4642 horam
2182 4585 2435 4650 orationis
2486 4598 2680 4638 nonam
2729 4583 2863 4656 (Act.
2896 4584 3000 4656 m).
3043 4581 3214 4640 Debet
3251 4592 3380 4658 ergo
3428 4586 3530 4642 iste

247 4675 417 4740 titur,
439 4677 618 4747 primo
641 4686 880 4748 exponat
905 4681 1178 4735 sarcinam
1211 4682 1498 4752 superbiae,
1526 4689 1584 4737 et
1610 4683 1690 4738 sic
1717 4697 1844 4738 exa-

248 4765 500 4824 minatus
525 4770 866 4840 suscipiatur.
894 4771 1063 4828 Debet
1082 4779 1209 4829 ante
1231 4774 1410 4828 omnia
1439 4773 1715 4840 humiliter
1745 4775 1847 4830 im-

244 4857 389 4922 bui,
413 4866 472 4915 ut
499 4861 642 4928 quod
678 4876 934 4932 magnum
971 4869 1029 4918 et
1062 4861 1174 4919 Deo
1204 4873 1483 4935 acceptum
1519 4866 1845 4942 sacriﬁcium

246 4956 379 5017 est,
419 4965 570 5007 suam
608 4952 941 5008 voluntatem
983 4969 1092 5008 non
1129 4954 1296 5012 faciat
1341 4957 1710 5027 unusquisque
1754 4973 1847 5013 ve-

243 5050 470 5110 strum,
514 5043 742 5112 fratres;
778 5046 874 5106 sed
912 5048 981 5115 ad
1026 5061 1186 5102 omne
1239 5063 1374 5120 opus
1423 5049 1626 5106 bonum
1671 5050 1845 5122 parati

241 5140 453 5192 es'tote.
490 5133 762 5206 Quidquid
795 5135 1088 5204 acciderit,
1129 5145 1223 5192 aut
1253 5136 1459 5208 justum
1495 5137 1621 5209 quid
1659 5137 1843 5206 fuerit,

245 5237 532 5282 memores
579 5241 703 5284 esse
758 5226 968 5284 debetis
1022 5245 1035 5280 :
1091 5225 1161 5282 In
1213 5227 1548 5294 tribulatione
1593 5229 1847 5300 patientes

245 5313 443 5388 (Rom.
466 5315 598 5392 xu);
631 5318 687 5382 in
718 5319 974 5390 operibus
1012 5319 1245 5376 honesti.
1289 5320 1468 5376 Nolite
1506 5337 1592 5377 vos
1627 5320 1844 5376 invicem

244 5406 335 5465 ad
363 5408 692 5475 iracundiam
715 5428 1027 5483 provocare,
1057 5411 1148 5468 sed
1174 5430 1376 5485 semper
1404 5411 1540 5468 bona
1574 5413 1844 5468 sectamini

245 5499 426 5575 (Eph.
455 5501 553 5575 v1).
583 5501 742 5574 liqui
771 5505 905 5561 tales
927 5513 1075 5574 sunt,
1103 5521 1227 5563 cum
1252 5507 1316 5562 de
1337 5506 1519 5562 saeculi
1547 5507 1707 5577 hujus
1731 5506 1842 5562 ille-

243 5595 443 5652 cebris
482 5595 702 5654 liberari
733 5598 1030 5669 voluerint,
1066 5602 1452 5674 appropiantes
1491 5601 1840 5672 monasterio,

245 5687 599 5745 hebdomada
634 5703 739 5760 pro
770 5689 979 5749 foribus
1007 5691 1230 5766 jaceant
1273 5709 1287 5747 :
1331 5691 1464 5748 nulli
1505 5706 1625 5747 cum
1667 5691 1747 5746 eis
1777 5691 1844 5748 de

247 5782 522 5842 fratribus
543 5785 856 5858 jungantur,
886 5794 943 5846 et
974 5803 1188 5862 semper
1214 5790 1350 5847 dura
1389 5795 1446 5846 et
1470 5771 1736 5846 laboriosa
1762 5788 1843 5846 eis

1946 4677 2079 4734 ordo
2097 4677 2290 4742 teneri,
2322 4673 2542 4740 fratres,
2574 4682 2635 4730 ut
2654 4673 2800 4730 nullo
2828 4675 2930 4741 die,
2960 4673 3064 4730 nisi
3095 4677 3229 4732 hora
3250 4690 3413 4744 nona,
3434 4691 3526 4732 re-

1948 4771 2201 4828 ficiantur
2249 4767 2450 4824 fratres
2495 4767 2551 4823 in
2600 4769 2952 4837 monasterio,
2984 4780 3210 4842 excepta
3251 4769 3528 4826 Dominica

1949 4861 2036 4920 die
2062 4871 2118 4918 et
2165 4861 2610 4932 quinquagesima
2655 4859 3023 4918 Pentecostes.
3072 4861 3172 4918 Die
3200 4870 3380 4917 autem
3411 4861 3526 4916 'Do-

1948 4955 2148 5011 minica
2181 4953 2316 5008 nihil
2337 4951 2478 5006 aliud
2506 4961 2689 5024 agant,
2719 4953 2822 5009 nisi
2850 4955 2963 5009 Deo
2982 4961 3198 5013 vacent.
3223 4968 3292 5008 ne
3315 4966 3415 5024 pro
3429 4952 3527 5008 ali-

1951 5062 2059 5120 qua
2082 5046 2368 5102 occasione
2391 5059 2451 5100 se
2497 5045 2686 5111 velint,
2713 5055 2808 5101 aut
2824 5047 2958 5103 alios
2999 5061 3282 5106 exeusare.
3321 5045 3524 5102 Tamen

1949 5144 2242 5203 contestor,
2293 5137 2508 5205 fratres,
2562 5139 2706 5208 quod
2743 5138 2889 5193 nulla
2932 5139 3177 5209 operatio
3210 5139 3267 5194 in
3311 5135 3400 5194 die
3434 5137 3525 5193 illa

1949 5236 2138 5284 sancta
2165 5228 2548 5298 comperiatur,
2577 5228 2679 5283 nisi
2699 5237 2910 5284 tantum
2937 5231 3172 5301 hymnis,
3205 5236 3260 5284 et
3281 5230 3523 5300 psalmis,

1949 5331 2004 5376 et
2031 5321 2256 5376 canticis
2289 5321 2658 5392 spiritualibus
2685 5324 2799 5378 dies
2825 5322 2913 5377 illa
2945 5323 3317 5396 transigaturd

1976 5414 2104 5471 CAP.
2146 5414 2214 5469 X.
2245 5413 2396 5470 Idem
2417 5415 2546 5487 ipse,
2570 5416 2798 5490 qualiter
2831 5416 3023 5490 fratres
3047 5417 3232 5474 debent
3256 5421 3488 5492 operari.

2016 5508 2254 5579 Itemque
2291 5511 2654 5581 praecipimus.
2715 5511 2924 5567 Debent
2974 5525 3103 5587 ergo
3129 5512 3329 5572 fratres
3361 5516 3524 5572 istum

1946 5601 2190 5657 ordinem
2213 5608 2421 5657 tenere.
2450 5601 2494 5656 Α
2521 5602 2700 5673 prima
2736 5603 2870 5658 hora
2897 5619 3070 5676 usque
3096 5607 3163 5663 ad
3195 5609 3382 5663 horam
3415 5617 3528 5664 ter-

1945 5697 2078 5750 tiam
2099 5694 2211 5750 Deo
2236 5701 2430 5750 vacent
2459 5691 2657 5749 fratres
2682 5711 2698 5760 ;
2728 5711 2758 5750 a
2781 5697 2939 5752 tertia
2960 5713 3091 5755 vero
3114 5715 3286 5771 usque
3307 5701 3375 5756 ad
3428 5712 3528 5755 no-

1946 5804 2096 5856 nam,
2120 5787 2384 5860 quidquid
2410 5785 2711 5858 iniunctum
2739 5787 2905 5846 fuerit
2924 5805 2957 5846 a
2986 5789 3168 5858 Patre,
3199 5791 3316 5848 sine
3339 5788 3525 5860 aliqua
