4004 6328
527 315 636 392 ‘39.

523 449 958 509 murmuratione
997 448 1237 515 faciant;
1291 447 1602 504 meminisse
1628 446 1828 502 debent
1871 447 1949 511 hi,
1978 445 2102 516 qui»
2130 447 2185 509 Α

519 541 626 597 bus
661 538 981 615 injungitur,
1009 539 1215 595 dictum
1240 538 1483 609 Apostoli
1513 557 1526 591 :
1554 536 1746 592 Omnia
1766 553 1882 608 quia
1902 535 2099 606 facitis,

518 631 636 686 sine
665 633 1083 685 murmuratione
1108 631 1267 700 facite
1318 628 1484 702 (Phil.
1510 627 1594 699 ιι).
1641 628 1856 684 Timere
1905 627 2102 683 debent

519 721 654 776 illud
680 721 884 776 dictum
918 721 1156 776 terribile
1189 739 1201 774 :
1235 720 1414 775 Nolite
1434 735 1792 785 murmurare,
1833 718 1966 772 sicut
1991 717 2104 789 qui-

517 813 644 866 dam
669 831 850 868 eorum
881 821 1364 878 murmuraverunt,
1395 822 1443 866 et
1478 812 1543 866 ab
1581 812 1986 866 exterminatore
2011 825 2102 880 ρε-

515 905 720 958 rierunt
748 903 800 975 (Ι
842 901 965 958 Cor.
1015 903 1092 976 χ).
1145 903 1315 959 Debet
1341 903 1524 968 etiam,
1553 903 1646 973 qui
1683 909 1882 971 praeest
1900 900 2096 966 Pater,

512 1010 650 1065 opus
683 997 825 1066 quod
871 995 1176 1051 faciendum
1225 1003 1308 1050 est
1344 995 1437 1049 uni
1482 994 1785 1066 injungere,
1829 1001 1889 1047 ut
1916 993 2096 1048 czeteri

511 1089 634 1160 ejus
662 1099 957 1162 praecepto,
983 1090 1068 1146 cui
1084 1088 1385 1159 injunctum
1411 1089 1594 1156 fuerit,
1621 1087 1818 1143 fratres
1841 1086 2098 1144 obediant

509 1195 631 1236 sme
660 1183 896 1253 querela.

509 1293 640 1354 CAP.
677 1297 766 1352 XI.
797 1295 1036 1362 Qualiter
1057 1295 1340 1365 inﬁrmitas
1366 1292 1443 1349 vel
1465 1290 1783 1365 possibilitas
1815 1306 2094 1365 corporum

708 1369 772 1423 ab
800 1384 858 1421 eo
881 1369 971 1438 qui
995 1363 1181 1437 prreest
1215 1363 1378 1418 Patre
1416 1363 1776 1435 cognoscenda
1805 1363 1894 1416 sit.

579 1458 636 1513 Si
672 1458 794 1529 quis
827 1471 892 1512 ex
917 1456 1178 1512 fratribus
1203 1472 1301 1528 pro
1317 1454 1556 1524 jejunio,
1587 1453 1672 1508 vel
1696 1454 1950 1524 operibus
1974 1468 2094 1508 ma-

503 1539 676 1606 nuum
705 1567 950 1616 suarum,
982 1565 1103 1621 quae
1149 1547 1442 1619 Apostolus
1469 1545 1727 1618 praecepit
1758 1563 1770 1599 ε
1807 1542 2094 1616 Operantes

500 1643 748 1698 manibus
776 1644 995 1708 nostris,
1016 1659 1080 1696 ne
1104 1658 1256 1714 quem
1285 1650 1512 1695 vestrum
1533 1655 1870 1711 gravaremus
1894 1638 1946 1711 (Ι
1963 1637 2088 1692 Cor.

499 1734 621 1806 1v);
669 1736 718 1790 si
753 1735 800 1791 is
831 1736 923 1806 qui
961 1735 1083 1790 talis
1113 1743 1228 1802 est,
1276 1733 1445 1790 fuerit
1472 1732 1788 1788 infirmitate
1812 1732 2088 1798 obsessus,

1552 330 1609 388 S.
1645 325 2009 386 BENEDICTI
2046 323 2338 412 ABBATIS
2373 323 2785 384 ANIANENSIS

3688 335 3802 391 MO

2208 442 2361 510 Quod
2399 442 2446 498 si
2479 444 2886 514 praesumpserit
2913 445 3040 501 talia
3067 447 3268 516 facere,
3292 449 3508 506 noverit
3528 465 3586 507 se
3613 450 3674 508 in
3706 443 3804 526 ey-

2204 535 2348 592 nodo
2369 535 2764 606 episcoporum,
2788 545 2882 592 aut
2907 539 2963 593 in
2989 550 3258 597 conventu
3284 542 3515 600 fratrum
3554 561 3792 602 suorum

2203 626 2260 683 in
2282 627 2614 684 audientiam
2655 630 2841 687 venire
2871 649 2885 685 :
2916 641 2973 686 et
3003 640 3130 688 tunc
3160 635 3380 690 recedet
3404 643 3668 706 tanquam
3705 636 3806 705 ju-

2203 721 2324 777 nior
2368 737 2519 789 suus,
2572 722 2745 777 donec
2792 724 2862 779 ab
2889 725 3347 794 eocuiinjuriam
3375 728 3526 792 fecit,
3577 729 3801 784 veniam

2199 821 2370 884 petat,
2396 822 2581 870 utnon
2609 829 2708 884 per
2733 815 2902 885 ipsius
2927 817 3121 872 vitium
3145 819 3242 873 alii
3273 820 3651 889 despiciantur
3694 819 3802 872 Pa-

2200 914 2333 961 tres.
2364 905 2457 961 Ille
2478 921 2610 962 vero
2637 909 2935 964 monachus
2955 918 3188 979 quantos
3215 908 3415 964 fratres
3443 911 3497 964 in
3532 910 3646 964 alio
3675 925 3796 963 mo-

2198 998 2441 1053 nasterio
2467 998 2760 1065 invenerit,
2784 1007 2962 1055 tantos
2993 1015 3052 1054 se
3079 1000 3294 1054 noverit
3318 1000 3523 1054 habere
3548 999 3793 1069 priores.

2196 1089 2310 1144 Nec
2337 1090 2725 1145 attendendum
2763 1097 2865 1155 est,
2907 1092 3002 1161 qui
3037 1091 3141 1146 fuit
3169 1100 3372 1157 antea;
3403 1091 3499 1146 sed
3548 1091 3799 1160 proban-

2197 1181 2326 1237 dum
2353 1191 2454 1248 est,
2486 1183 2660 1252 qualis
2688 1197 2808 1238 esse
2834 1185 3081 1254 coeperit.
3119 1184 3416 1254 Susceptus
3446 1199 3581 1238 vero
3613 1184 3663 1239 si
3692 1184 3801 1239 ha—

2194 1271 2326 1328 bere
2345 1272 2560 1328 videtur
2585 1273 2810 1345 aliquid,
2838 1275 2952 1330 sive
2973 1275 3027 1330 in
3050 1275 3231 1341 rebus,
3257 1276 3372 1330 sive
3401 1277 3456 1330 in
3483 1275 3797 1340 codicibus,

2193 1363 2340 1420 ultra
2366 1365 2416 1420 ei
2441 1365 2720 1434 possidere
2766 1381 2873 1422 non
2905 1368 3109 1433 licebit,
3134 1375 3196 1422 ut
3243 1368 3418 1438 possit
3443 1383 3567 1424 esse
3612 1369 3799 1438 perfe-

2193 1461 2332 1520 ctus,
2358 1454 2504 1525 quod
2525 1455 2652 1509 alibi
2672 1471 2778 1511 non
2798 1456 2994 1527 potuit.
3021 1456 3411 1512 Residentibus
3442 1473 3578 1512 vero
3607 1457 3802 1511 fratri-

2191 1544 2316 1613 bus,
2343 1545 2387 1601 si
2415 1545 2579 1601 fuerit
2600 1547 2782 1618 aliqua
2811 1549 2879 1604 de
2925 1548 3224 1619 Scripturis
3263 1548 3502 1613 collatio,
3536 1558 3593 1604 et
3623 1548 3800 1604 fuerit

2191 1652 2260 1694 ex
2285 1637 2372 1694 his
2392 1637 2517 1694 talis
2540 1639 2728 1706 scitus,
2757 1654 2862 1694 non
2893 1639 2943 1694 ei
2973 1638 3158 1694 licebit
3179 1639 3384 1709 aliquid
3414 1639 3629 1705 dicere,
3685 1639 3803 1693 nisi

2189 1737 2524 1800 praeceptum
2552 1731 2602 1785 ei
2630 1728 2798 1786 fuerit
2835 1745 2868 1784 a
2888 1728 3072 1785 Patre.

496 1826 896 1897 providendum
917 1835 1001 1882 est
1017 1828 1086 1883 ab
1107 1842 1173 1884 eo
1189 1827 1279 1898 qui
1301 1832 1519 1898 praeest,
1542 1823 1776 1894 qualiter
1796 1822 1911 1894 ipsa
1932 1823 2086 1877 inﬁr-

2198 1839 2318 1898 [ΞΑΡ.
2341 1840 2477 1898 XIV.
2503 1841 2774 1926 Idemque,
2796 1842 3023 1926 qualiter
3035 1843 3212 1926 clerici
3218 1841 3453 1925 hospites
3466 1841 3806 1913 suscipiendi

497 1921 669 1977 mitas
690 1925 1043 1974 sustentetur.
1071 1918 1224 1987 Quod
1246 1917 1292 1974 si
1313 1918 1562 1973 infirmus
1590 1924 1674 1974 est
1692 1916 1874 1972 animo
1902 1917 2088 1986 hujus-

496 2012 651 2089 modi
678 2011 868 2078 frater,
894 2019 1105 2082 oportet
1135 2025 1258 2066 eum
1288 2011 1627 2083 frequentius
1648 2010 1882 2083 operari,
1909 2012 2090 2067 consi-

500 2105 744 2161 derando
768 2103 1107 2176 Apostolum,
1146 2105 1382 2174 qualiter
1406 2118 1604 2176 corpus
1635 2117 1792 2159 suum
1838 2103 2088 2158 servituti

481 2181 702 2268 "redigit
726 2195 778 2268 (Ι
815 2193 937 2251 Cor.
970 2193 1069 2266 ix).
1106 2193 1220 2251 Hoc
1241 2203 1424 2252 autem
1454 2195 1852 2252 observandum
1882 2200 1988 2260 est,
2028 2201 2092 2251 ut

496 2289 556 2344 in
577 2289 725 2344 nullo
752 2288 1092 2346 voluntatem
1122 2304 1274 2344 suam
1299 2288 1465 2344 faciat
1489 2287 1599 2343 ille.

497 2399 629 2458 CAP.
666 2400 779 2456 XII.
833 2400 1076 2466 Qualiter
1109 2400 1288 2481 ofﬁciis
1337 2398 1538 2523 tmutuis
1575 2412 1630 2452 se
1663 2397 1854 2467 fratres
1895 2410 2091 2461 prmue-

613 2514 618 2516 .
1205 2485 1333 2523 man
1362 2509 1376 2522 .

1205 2485 1376 2523 mant.

571 2560 633 2618 Si
655 2561 1002 2634 congregatio
1037 2559 1208 2615 multa
1237 2566 1339 2623 est,
1379 2557 1540 2614 debet
1572 2557 1619 2612 is
1646 2557 1738 2628 qui
1764 2565 1962 2628 praeest
1988 2555 2092 2611 Pa-

498 2659 590 2711 ter
638 2655 943 2731 disponere
984 2651 1476 2720 hebdomadarios,
1523 2659 1577 2707 et
1631 2651 1877 2706 ordinem
1930 2649 2089 2705 cilicii

498 2761 609 2818 quo
653 2745 758 2800 sibi
797 2745 1027 2800 invicem
1081 2744 1374 2799 succedant
1425 2745 1495 2799 ad
1535 2742 1984 2808 ministrandum;
2036 2752 2093 2798 et

499 2839 796 2895 decernere
815 2837 976 2894 debet
1002 2836 1113 2903 ille,
1139 2836 1408 2906 quomodo
1431 2835 1626 2891 debeat
1651 2849 1790 2899 esse,
1820 2834 1909 2903 qui
1931 2833 2091 2888 cella-

498 2928 644 2983 rium
698 2927 928 2982 fratrum
979 2927 1274 2983 contineat.
1323 2925 1496 2980 Debet
1542 2924 1665 2979 talis
1713 2923 2089 2978 tantummodo

499 3019 648 3090 eligi,
677 3019 769 3088 qui
796 3019 968 3088 possit
996 3019 1050 3074 in
1079 3017 1333 3074 omnibus
1347 3015 1485 3088 gulze
1511 3032 1622 3071 suae
1649 3015 2090 3087 suggestionibus

430 3166 442 3178 ,
500 3110 796 3185 dominari,
819 3119 873 3164 et
907 3110 1219 3181 evangelico
1241 3109 1431 3164 ordine
1460 3107 1721 3162 fratribus
1750 3107 1863 3162 suis
1885 3107 2089 3160 victum

500 3203 806 3274 gubernare
836 3222 849 3258 :
883 3203 974 3274 qui
997 3205 1187 3258 timeat
1207 3201 1360 3258 Iuda:
1383 3201 1727 3265 sententiam,
1760 3200 1853 3270 qui
1887 3199 1955 3254 ab
1988 3196 2092 3252 ini-

502 3293 580 3347 tio
608 3288 695 3348 fur
724 3292 844 3348 fuit.
882 3293 1113 3349 Studere
1154 3292 1319 3347 debet
1353 3291 1444 3361 qui
1475 3291 1602 3346 huic
1641 3288 1817 3344 ofﬁcio
1863 3289 2090 3358 deputa-

502 3391 616 3448 tur,
656 3393 715 3438 ιιι
742 3384 924 3438 audiat
955 3402 968 3437 :
1005 3383 1145 3450 Quia
1185 3383 1275 3453 qui
1314 3382 1438 3436 bene
1469 3381 1865 3445 ministraverit,
1899 3379 2092 3432 bonum

498 3477 724 3547 gradum
750 3478 973 3548 acquirit
1019 3475 1204 3543 (Joan.
1229 3473 1360 3544 XII);
1411 3481 1467 3528 et
1508 3473 1703 3527 anima:
1741 3487 1851 3526 sua)
1877 3470 2092 3526 lucrum

498 3566 634 3622 facit
660 3568 711 3640 (1
751 3568 883 3622 Tim.
910 3569 1015 3631 ιιι).
1051 3567 1221 3622 Nosse
1251 3567 1451 3622 debent
1481 3566 1644 3619 etiam
1694 3563 1915 3629 fratres,
1962 3563 2092 3634 quia

501 3665 760 3734 quidquid
785 3666 834 3718 in
865 3664 1194 3719 monasterio
1222 3670 1506 3727 tractatur,
1535 3661 1649 3716 sive
1684 3659 1738 3713 in
1768 3659 1932 3724 vasis,
1975 3658 2092 3712 sive

493 3755 555 3811 in
593 3756 952 3818 ferramentis,
999 3755 1083 3809 vel
1122 3741 1316 3810 caetera
1349 3755 1552 3816 omnia,
1579 3767 1696 3808 esse
1728 3751 2087 3807 sanctificata.

504 3847 705 3914 Siquis
729 3847 795 3901 de
825 3847 1084 3901 fratribus
1125 3846 1329 3916 aliquid
1371 3845 1706 3916 negligenter
1728 3843 2046 3897 tractaverit
2073 3882 2089 3908 ,

495 3951 712 4014 partem
747 3957 802 3996 se
835 3943 1034 3996 habere
1058 3942 1265 3995 noverit
1286 3957 1410 3995 cum
1434 3940 1525 3992 illo
1557 3953 1701 4008 rege,
1739 3937 1832 4008 qui
1860 3937 1914 3991 in
1942 3937 2091 3991 vasis

505 4035 700 4088 doinus
733 4034 831 4086 Dei
886 4033 1257 4098 sanctificatis,
1305 4049 1429 4088 cum
1465 4032 1578 4086 suis
1621 4031 1841 4085 bibebat
1886 4045 2088 4085 concu-

500 4126 670 4186 binis,
703 4136 756 4180 et
783 4124 999 4196 qualem
1026 4127 1224 4180 meruit
1253 4124 1546 4179 vindictam
1583 4121 1746 4194 (Dan.
1780 4122 1856 4194 v).
1889 4120 2088 4178 Custo-

505 4221 703 4277 dienda
741 4229 866 4276 sunt
908 4222 1013 4277 ista
1060 4227 1356 4290 praecepta,
1386 4227 1440 4274 et
1467 4234 1564 4290 per
1603 4215 1842 4289 singulos
1872 4215 1987 4271 dies
2035 4215 2090 4272 in

503 4326 666 4367 aures
692 4311 921 4368 fratrum
955 4310 1235 4367 recitanda
1262 4317 1406 4376 sunt,
1438 4316 1498 4363 ut
1523 4323 1632 4363 non
1663 4307 2092 4365 condemnentur

501 4405 558 4460 in
588 4405 829 4476 peccatis
855 4405 988 4460 suis.

501 4515 633 4572 CAP.
675 4514 810 4571 Xlll.
863 4514 1105 4582 Qualiter
1141 4515 1279 4570 inter
1319 4529 1374 4566 se
1411 4510 1942 4582 monasteriapacem
1987 4511 2086 4580 ﬁr-

740 4602 881 4641 mam
918 4586 1204 4651 obtineant,
1233 4584 1372 4639 alius
1403 4582 1674 4638 Macarius
1695 4581 1856 4636 dixit.

576 4678 847 4747 Quoniam
880 4678 1086 4733 veritas
1128 4683 1485 4748 protestatur,
1527 4689 1647 4746 qua:
1688 4673 1856 4728 dicit:
1891 4671 1959 4726 In
2003 4686 2092 4725 ore

505 4773 738 4830 duorum
763 4770 841 4826 uel
868 4771 1025 4824 trium
1044 4769 1252 4823 testium
1272 4768 1430 4823 stabit
1450 4783 1602 4822 omne
1639 4767 1849 4821 verbum
1873 4762 2089 4837 (Matth.

505 4860 699 4934 mn);
733 4860 999 4915 ﬁrmanda
1032 4874 1160 4930 ergo
1190 4856 1496 4927 estRegula
1515 4857 1757 4927 pictatis,
1782 4870 1885 4910 nec
1909 4860 2093 4908 tacen-

508 4954 640 5010 dum
661 4959 763 5024 est,
789 4951 1020 5024 qualiter
1055 4951 1197 5006 inter
1225 4965 1284 5006 se
1311 4949 1639 5005 monasteria
1668 4961 1854 5018 pacem
1880 4945 2094 5000 firmam

508 5046 808 5103 obtineant.
859 5043 977 5100 Non
1012 5043 1195 5098 licebit
1219 5043 1288 5097 de
1332 5041 1440 5095 alio
1474 5038 1825 5105 monasterio,
1850 5037 1970 5095 sine
1998 5051 2094 5092 vo-

509 5137 717 5194 luntate
742 5137 864 5208 ejus
891 5135 982 5206 qui
1009 5141 1205 5206 praeest
1238 5133 1435 5198 Patris,
1472 5132 1669 5188 fratres
1697 5132 1973 5204 recipere;
1997 5129 2092 5186 sed

512 5245 615 5287 nec
647 5231 830 5286 videre
852 5235 1088 5299 oportet,
1115 5227 1330 5282 dicente
1357 5226 1616 5297 Apostolo
1646 5244 1659 5279 :
1698 5223 1837 5292 Quia
1865 5225 1956 5296 qui
1978 5223 2092 5294 pri—

509 5336 656 5376 mam
674 5320 832 5390 ﬁdem
851 5320 1059 5374 irritam
1074 5318 1212 5388 fecit,
1228 5327 1303 5373 est
1315 5317 1517 5386 inﬁdeli
1539 5317 1768 5371 deterior
1783 5315 1835 5386 (Ι
1865 5314 1998 5368 Tim.
2011 5312 2089 5382 v).

513 5410 672 5480 Quod
701 5413 745 5468 si
771 5421 1027 5482 precatus
1055 5411 1221 5467 fuerit
1244 5410 1312 5466 ab
1332 5424 1398 5466 eo
1429 5410 1519 5480 qui
1560 5417 1757 5480 praeest
1796 5407 1978 5474 Patre,
2033 5414 2094 5463 ut

512 5506 573 5563 in
629 5507 736 5562 alio
783 5506 1114 5564 monasterio
1151 5504 1508 5578 ingrediatur,
1561 5501 1970 5557 commendetur
2024 5500 2093 5555 ab

511 5613 583 5656 eo
607 5599 657 5653 ei
695 5599 786 5670 qui
807 5607 1004 5668 praeest
1024 5597 1116 5653 ubi
1152 5611 1274 5653 esse
1303 5594 1590 5656 desiderat,
1624 5602 1680 5648 et
1726 5592 1806 5647 sic
1835 5591 2096 5662 suscipia-

513 5698 624 5747 tur.
675 5690 813 5746 Nam
843 5690 959 5746 sine
995 5689 1272 5745 voluntate
1298 5688 1389 5758 qui
1427 5699 1660 5756 praeesse
1689 5684 1849 5739 debet
1876 5683 1932 5737 in
1975 5698 2094 5738 mo-

515 5779 757 5839 nasterio
789 5777 989 5845 Patris,
1035 5779 1340 5837 nullatenus
1385 5776 1513 5835 alibi
1564 5771 1858 5844 recipiatur
1904 5769 2094 5829 frater.

2725 1914 2829 1977 sint
2857 1914 2913 1967 in
2943 1914 3283 1968 monasterio.

2265 2025 2402 2081 Cum
2417 2017 2570 2083 omni
2597 2025 2900 2082 reverentia
2925 2032 2987 2080 ut
3022 2024 3260 2080 ministri
3289 2023 3499 2090 altaris,
3557 2039 3677 2079 non
3725 2023 3800 2079 li-

2193 2117 2340 2173 cebit
2363 2117 2469 2174 nisi
2500 2117 2635 2189 ipsis
2661 2117 2969 2174 orationem
3008 2117 3300 2188 complere,
3331 2117 3446 2173 sive
3481 2117 3762 2173 ostiarius
3787 2158 3804 2182 ,

2192 2208 2309 2264 sive
2336 2209 2588 2265 minister
2609 2215 2694 2264 est
2728 2208 2917 2279 templi
2941 2207 3056 2263 Dei.
3085 2208 3241 2276 Quod
3262 2208 3309 2263 si
3333 2208 3514 2278 aliquo
3540 2223 3685 2262 casu
3733 2208 3808 2263 la-

2193 2314 2325 2372 psus
2349 2307 2453 2366 est,
2485 2308 2542 2355 et
2573 2300 2626 2355 in
2660 2315 2746 2367 eo,
2768 2299 2913 2371 quod
2938 2299 3160 2366 dicitur,
3205 2300 3463 2371 probatus
3507 2299 3759 2355 crimine
3785 2341 3803 2368 ,

2192 2407 2301 2448 non
2327 2391 2491 2447 liceat
2517 2391 2568 2446 ei
2591 2397 2716 2446 ante
2757 2405 2882 2446 eum
2914 2391 3005 2460 qui
3035 2399 3233 2461 praeest
3282 2390 3522 2456 Patrem,
3555 2390 3651 2446 vel
3710 2407 3802 2447 se-

2194 2483 2430 2540 cundum
2469 2481 2761 2552 complere.
2801 2479 2942 2536 Nulli
2966 2481 3312 2552 permittatur
3335 2478 3533 2536 clerico
3563 2479 3626 2533 in
3685 2495 3806 2536 mo-

2192 2575 2436 2631 nasterio
2465 2573 2736 2639 habitare,
2787 2573 2893 2629 nisi
2923 2573 2972 2628 ei
3002 2573 3376 2628 tantummodo
3402 2586 3564 2642 quem
3597 2571 3804 2642 lapsus

2192 2665 2402 2736 peccati
2433 2665 2502 2720 ad
2540 2663 2902 2719 humilitatem
2925 2662 3168 2728 deduxit,
3221 2670 3276 2717 et
3304 2669 3388 2716 est
3413 2660 3754 2717 vulneratus
3783 2703 3798 2727 ,

2193 2759 2330 2814 utin
2358 2757 2688 2814 monasterio
2711 2755 3030 2810 humilitatis
3068 2754 3336 2810 medicina
3378 2763 3632 2808 sanetur.
3671 2754 3805 2821 Haec

2192 2849 2350 2905 vobis
2389 2848 2620 2903 tenenda
2657 2845 2946 2910 sufﬁciant,
2993 2844 3214 2910 fratres,
3269 2844 3630 2900 custodienda
3663 2862 3804 2902 con~

2194 2941 2438 3008 veniant,
2462 2947 2518 2995 et
2536 2939 2690 2996 eritis
2714 2937 3219 3010 irreprebensibiles
3250 2937 3305 2992 in
3330 2936 3528 3007 populo
3557 2937 3689 2992 Dei.

2160 3084 2166 3089 -
2254 3054 2383 3108 CAP.
2416 3053 2532 3110 XV.
2568 3051 2810 3118 Qualiter
2834 3049 3002 3123 culpa:
3025 3049 3354 3120 singulorum
3379 3048 3744 3103 emendentur

2119 3189 2165 3252 ο
2267 3165 2377 3220 Nec
2404 3165 2508 3220 hoc
2538 3164 2824 3220 tacendum
2850 3171 2953 3230 est,
2979 3163 3212 3234 qualiter
3249 3163 3419 3234 culpae
3442 3123 3798 3234 singulorum

2197 3256 2571 3321 emendentur,
2598 3271 2698 3326 pro
2727 3255 2990 3326 qualitate
3011 3255 3180 3326 culpa:
3204 3254 3310 3310 erit
3335 3257 3799 3312 excommunica-

2198 3348 2294 3403 tio.
2322 3347 2463 3417 Ergo
2492 3346 2594 3402 iste
2641 3346 2775 3402 ordo
2814 3353 3085 3401 teneatur.
3139 3345 3199 3400 Si
3238 3345 3361 3416 quis
3402 3359 3470 3401 ex
3517 3345 3796 3400 fratribus

2197 3455 2503 3497 sermonem
2527 3440 2761 3496 otiosum
2815 3439 3098 3504 emiserit,
3129 3453 3198 3492 ne
3245 3453 3371 3493 reus
3413 3436 3482 3491 sit
3523 3437 3789 3501 concilii,

2195 3534 2540 3604 przecipimus
2585 3548 2709 3588 eum
2757 3521 2934 3586 tridui)
2988 3545 3020 3584 a
3071 3529 3301 3584 fratrum
3359 3530 3796 3600 congregatione

2195 3626 2280 3681 vel
2306 3625 2572 3695 colloquio
2599 3639 2720 3680 esse
2750 3623 3007 3688 alienum,
3035 3629 3096 3676 ut
3133 3621 3314 3678 nullus
3340 3636 3463 3676 cum
3485 3635 3555 3676 eo
3588 3621 3793 3692 junga-

2196 3725 2303 3772 tur.
2354 3714 2410 3770 Si
2442 3730 2570 3770 vero
2593 3714 2790 3784 aliquis
2819 3713 3188 3784 deprehensus
3227 3711 3392 3766 fuerit
3422 3711 3477 3765 in
3504 3712 3650 3776 risu,
3706 3710 3792 3765 vel

2195 3811 2251 3865 in
2279 3809 2608 3866 scurrilitate
2647 3810 2935 3873 sermonis,
2966 3808 3107 3863 sicut
3128 3807 3206 3861 ait
3225 3803 3542 3875 Apostolus,
3575 3821 3705 3876 quc
3721 3805 3790 3858 ad

2194 3918 2303 3956 rem
2351 3917 2453 3955 non
2497 3903 2757 3970 pertinent
2801 3899 3023 3971 (Ephes.
3054 3898 3145 3968 v),
3183 3897 3439 3968 jubemus
3464 3894 3790 3964 hujusmodi

2194 3996 2424 4050 duarum
2478 3993 2940 4050 hebdomadarum
2995 3993 3172 4064 spatio
3214 3990 3269 4045 in
3297 3989 3519 4044 nomine
3568 3988 3788 4044 Domini

2192 4089 2338 4142 omni
2362 4085 2569 4158 ﬂagello
2599 4087 2920 4142 humilitatis
2947 4084 3211 4149 coerceri,
3238 4083 3453 4138 dicente
3471 4081 3746 4152 Apostolo
3773 4097 3787 4135 :

2194 4176 2257 4234 Si
2281 4179 2396 4250 quis
2425 4178 2592 4249 frater
2616 4181 2918 4233 nominatur
2945 4175 3235 4231 iracundus
3263 4183 3354 4228 aut
3378 4172 3666 4243 superbus,
3692 4182 3786 4225 aut

2191 4268 2523 4336 maledictus,
2559 4269 2697 4324 hunc
2725 4277 2900 4323 notate
2929 4267 2979 4339 (I
3019 4265 3141 4321 Cor.
3171 4262 3260 4335 v),
3309 4272 3364 4318 et
3390 4277 3497 4317 non
3529 4261 3687 4318 odite
3730 4272 3790 4316 ut

2192 4360 2495 4426 inimicum,
2526 4360 2620 4416 sed
2643 4359 2904 4430 corripite
2929 4366 2990 4412 ut
3015 4357 3237 4412 fratrem
3263 4353 3349 4427 (II
3384 4352 3540 4408 Thes.
3572 4355 3688 4424 ιιι).
3725 4354 3791 4409 Et

2191 4449 2247 4505 in
2277 4449 2383 4505 alio
2411 4449 2531 4504 loco
2558 4467 2569 4503 :
2592 4447 2650 4504 Si
2681 4450 2798 4520 quis
2830 4448 2998 4518 frater
3018 4447 3174 4517 fuerit
3199 4453 3491 4516 prteventus
3523 4445 3583 4497 in
3603 4444 3790 4515 aliqua

2111 4547 2168 4610 1)
2191 4539 2401 4606 delicto,
2429 4557 2520 4596 vos
2554 4542 2642 4612 qui
2671 4538 2974 4612 spirituales
3006 4538 3149 4604 estis,
3181 4538 3424 4591 instruite
3465 4535 3790 4605 hujusmodi

2197 4631 2342 4705 (Gal.
2372 4633 2473 4704 vi),
2496 4641 2553 4690 et
2589 4633 2848 4706 corripite
2877 4631 3132 4698 fratrem;
3159 4631 3232 4686 ita
3258 4639 3316 4684 ut
3335 4645 3433 4700 per
3458 4628 3795 4686 humilitatis

2196 4722 2562 4794 frequentiam
2593 4741 2703 4781 non
2727 4725 3014 4797 reprobus,
3062 4721 3159 4780 sed
3181 4722 3446 4794 probatus
3470 4720 3527 4776 in
3557 4735 3796 4792 congre-

2195 4818 2415 4889 gatione
2436 4827 2766 4890 perseveret.

2195 4931 2326 4989 Car.
2367 4933 2507 4990 XV].
2554 4931 2626 4988 Ut
2663 4933 2777 4990 sine
2817 4944 3160 5056 peaonqrum
3185 4919 3482 4998 acceptione
3507 4927 3797 4998 aequaliter

2841 5019 2860 5056 ι
2941 5019 3016 5056 rce
3042 5017 3124 5056 ur.

2834 5017 3124 5074 Juatcetur.

2280 5123 2397 5179 Hoc
2425 5128 2555 5177 ante
2575 5118 2760 5176 omnia
2795 5117 3140 5188 praecipimus
3177 5112 3362 5179 vobis,
3395 5111 3488 5182 qui
3516 5112 3654 5168 huic
3679 5113 3797 5167 olli-

2201 5217 2287 5273 cio
2323 5212 2594 5286 przeestis,
2622 5218 2684 5264 ut
2710 5222 2958 5280 personae
2998 5222 3030 5261 a
3066 5205 3222 5260 vobis
3260 5217 3371 5259 non
3399 5201 3794 5272 accipiantur,

2203 5305 2300 5362 sed
2327 5303 2519 5374 aequali
2551 5301 2747 5356 affectu
2772 5313 2962 5356 omnes
3005 5296 3319 5367 diligantur,
3377 5300 3433 5349 et
3475 5307 3578 5362 per
3606 5309 3799 5350 com

2200 5399 2441 5470 ptionem
2463 5409 2654 5452 omnes
2675 5401 2959 5459 sanentur,
2986 5391 3112 5462 quia
3131 5387 3413 5459 inqualitas
3439 5386 3624 5456 placet
3651 5389 3799 5459 apud

2201 5493 2391 5556 Deum,
2433 5491 2648 5546 dicente
2690 5487 2958 5558 Propheta
3001 5504 3014 5540 :
3056 5483 3113 5540 Si
3147 5499 3262 5538 vere
3301 5491 3481 5552 utique
3516 5482 3800 5552 justitiam

2203 5584 2496 5657 loquimini,
2518 5580 2940 5655 justejudicate,
2972 5579 3073 5652 ﬁlii
3108 5577 3376 5633 hominum
3414 5573 3593 5646 (Psal.
3635 5579 3796 5648 Lvn).

2203 5677 2317 5733 Nec
2338 5675 2510 5732 latere
2536 5690 2634 5731 vos
2654 5675 2923 5741 volumus,
2957 5673 3082 5744 quia
3101 5671 3192 5741 qui
3218 5685 3324 5725 non
3348 5666 3579 5736 corripit
3603 5682 3800 5722 erran-

2204 5776 2337 5837 tem,
2376 5768 2590 5828 noverit
2617 5781 2676 5826 se
2701 5780 2802 5839 pro
2831 5781 2898 5824 eo
2917 5766 3182 5823 rationem
3213 5759 3577 5819 redditurum.
3607 5759 3798 5816 Esaia
