4004 6328
165 355 259 414 ιιι

831 342 1060 402 CODEX
1096 340 1550 400 REGULARUM.
1585 372 1658 389 --
1693 345 1875 407 PARS
1911 345 1936 406 ι
1971 341 2279 404 REGULE
2317 342 2423 402 PP.
2459 343 2736 406 ORIENT.

3303 343 3415 404 ΜΞ

167 469 346 528 fideles
379 472 435 520 et
460 461 586 520 boui
625 459 874 517 doctores
895 461 964 516 ad
999 473 1218 525 omnes;
1243 457 1498 528 corripite
1523 458 1733 528 inquie—
1756 459 2088 532 Acipietis,
2137 460 2192 516 in
2245 459 2462 516 nomine
2504 459 2715 526 Patris,
2758 465 2813 516 et
2859 455 3024 528 Filii,
3072 465 3130 517 et
3176 459 3417 536 Spiritu.

166 574 278 628 tos;
304 557 556 628 suscipite
603 555 846 610 inﬁmos
870 571 885 620 ;
914 553 1185 624 patientes
1204 559 1379 606 estote
1405 551 1474 606 ad
1505 565 1727 616 omnes;

164 664 219 712 et
243 658 472 724 quantos
504 646 716 704 fueritis
752 645 966 712 lucrati,
993 660 1094 716 pro
1114 645 1280 702 tantis
1303 643 1607 701 mercedem
1631 658 1728 700 ac-

173 793 1938 826 ,__________.________.._

1836 552 2030 608 sancti.

2013 640 2248 714 Explicit
2269 641 2470 715 Regula
2491 641 2716 700 Patrum
2735 645 2979 702 abbatum
3003 663 3234 704 xxxvm.

1947 794 3395 824 ...Ἥ

492 911 1017 1007 SEQUITUR
1065 912 1308 990 ALIA
1364 909 1786 990 PATRUM
1849 910 2258 990 REGULA
2317 913 2450 991 AD
2509 917 3081 1000 MONACHOS.

930 1156 1361 1219 OBSERVATIO
1394 1153 1667 1213 CRITICA
1703 1151 1771 1208 IN
1810 1150 2142 1209 REGULAM
2181 1152 2614 1225 SEQUENTEM.

761 1265 797 1284 ν

226 1385 306 1440 An
331 1383 449 1439 haec
474 1381 710 1439 secunda
728 1379 955 1436 Patrum
981 1378 1187 1450 Regula
1211 1377 1498 1448 compilata
1521 1376 1688 1450 fuerit
1703 1392 1742 1450 _a
1767 1378 2120 1450 suprarelatis
2154 1375 2692 1450 abbatibus,_meritog
2711 1377 3009 1444 dubitatur,
3038 1391 3182 1450 cum
3207 1391 3412 1450 nomen

159 1456 350 1512 nullius
393 1453 630 1508 auctoris
658 1451 1044 1522 praescribatur
1077 1468 1090 1503 :

1165 1450 1372 1504 uamvis
1398 1447 1644 1517 przefatio
1693 1447 1930 1502 fateatur
1979 1449 2164 1518 plures
2189 1455 2422 1518 sanctos
2452 1447 2641 1502 Patres
2681 1448 2735 1501 in
2767 1463 2934 1518 unum
2964 1448 3302 1512 convenisse,
3339 1449 3410 1504 ad

160 1525 506 1582 ordinandam
544 1517 803 1590 Regulam
853 1519 1116 1590 profectui
1145 1517 1378 1573 fratrum
1409 1534 1562 1588 aeque
1600 1533 1662 1572 ac
1695 1517 2106 1590 praepositorum
2136 1517 2481 1590 adaptatam;
2517 1526 2782 1590 quatenus
2819 1517 2872 1570 in
2923 1518 3237 1572 monasterii
3265 1519 3410 1590 regi:

158 1597 296 1653 mine
328 1604 434 1648 tam
461 1587 706 1662 superior
770 1587 890 1644 nam
924 1591 1148 1646 inferior
1168 1590 1284 1644 sine
1313 1587 1653 1644 haesitatione
1681 1588 1744 1641 ad
1775 1587 2109 1657 operantium
2133 1587 2428 1658 procedere
2457 1587 2653 1640 valeat.
2685 1587 2944 1656 Adeoque
2973 1597 3216 1657 apparet,
3271 1588 3417 1656 quod

161 1667 230 1715 sit
251 1666 676 1715 sunnlementum
713 1609 938 1715 aliterius
961 1661 1180 1715 Reaulae
1213 1676 1243 1714 a
1279 1668 1512 1715 quatuor
1533 1656 1772 1715 prmfatis
1798 1659 2084 1713 abbatibus
2113 1657 2474 1715 nrzescrintae:
2517 1657 2640 1715 auia
2667 1657 2782 1711 haec
2809 1671 3047 1715 praesens
3085 1657 3289 1715 Regula
3317 1672 3417 1715 pro

713 1678 742 1716 3

161 1667 230 1722 sit
251 1666 676 1789 supplementum

161 1751 308 1789 emno
347 1747 436 1788 ius
481 1749 676 1789 comno:

157 1751 308 1792 C(BI'IO

770 1661 938 1716 terius
961 1661 1180 1732 Regulae
1213 1676 1243 1714 a
1279 1668 1512 1738 quatuor
1533 1656 1772 1729 praefatis
1798 1656 2084 1738 abbatibus
2113 1656 2478 1738 prmscriptaeli
2490 1657 2640 1738 _quia
2667 1657 2782 1738 haec
2809 1656 3066 1738 praesens.
3085 1657 3289 1727 Regula
3317 1672 3418 1726 pro

347 1725 436 1788 itis
481 1735 776 1802 composita
799 1739 904 1794 est,
927 1740 988 1786 ut
1005 1725 1131 1800 pote
1162 1725 1787 1802 praescribens:tempora
1821 1737 1876 1783 et
1901 1725 2130 1802 moduni
2149 1725 2626 1802 recitandi‘Ofiicii
2657 1725 2826 1782 divini
2852 1766 2868 1792 ,
2898 1727 3100 1802 laboris
3131 1725 3413 1781 manuum.

157 1807 352 1862 Deinde
376 1797 681 1860 disserit'de
710 1797 1398 1865 infantium—submissione,
1429 1800 1494 1854 de
1523 1797 1758 1853 fraterna
1781 1799 2136 1864 correctione,
2161 1799 2226 1854 de
2246 1797 2464 1853 vitando
2484 1797 2629 1853 omni
2660 1797 3032 1851 murmurandi
3057 1811 3280 1865 genere,
3307 1805 3412 1852 etc.

159 1875 284 1945 Quae
301 1876 480 1946 omnia
506 1881 800 1944 praecepta,
824 1881 1030 1942 septem
1055 1885 1284 1926 numero
1305 1877 1360 1926 et
1381 1869 1597 1940 quidem
1629 1876 1713 1923 sat
1737 1869 2140 1941 compendiosa,
2167 1868 2452 1924 monachis
2473 1868 2529 1924 in
2557 1883 2846 1924 commune
2862 1867 3171 1946 viventibus
3191 1867 3417 1922 omnino

155 1945 464 2002 necessaria
493 1951 638 2000 sunt.

162 2081 3407 2116 Mm
3513 2112 3520 2120 l

634 2175 985 2236 INCIPIUNT
1025 2173 1369 2233 CAPITULA
1405 2172 1714 2231 REGULZE
1749 2172 1798 2228 A
1835 2171 2128 2231 SANCTIS
2161 2172 2508 2233 PATRIBUS
2544 2172 2910 2233 PROLATE.

1594 2311 1996 2328 —

213 2404 264 2453 1.
285 2401 362 2451 De
384 2399 703 2450 unanimitate
721 2398 989 2460 charitatis,
1027 2400 1080 2447 et
1102 2396 1166 2446 de
1189 2394 1440 2459 diligendo
1457 2405 1516 2446 ac
1538 2394 1732 2447 obtem-
1758 2401 1807 2462 Β
1834 2395 2133 2462 facultatem.

140 2462 364 2528 perando
388 2462 568 2514 abbati.

209 2525 260 2573 2.
292 2523 352 2572 Ut
373 2535 467 2572 non
491 2535 548 2572 se
573 2520 762 2571 fabellis
786 2525 918 2570 vanis
937 2522 1228 2583 destruant,
1270 2525 1323 2570 et
1344 2526 1396 2571 ut
1415 2519 1465 2568 in
1483 2525 1726 2571 conventu

140 2588 241 2640 nisi
261 2586 590 2645 interrogatus
612 2585 722 2644 quis
745 2585 987 2645 loquatur.

210 2651 262 2696 ὃ.
307 2646 370 2695 Ut
411 2643 691 2695 advenienti
724 2643 994 2708 peregrino
1019 2644 1138 2696 nihil
1176 2643 1287 2708 plus
1319 2643 1558 2694 exhibeat
1594 2647 1722 2707 quis,

141 2719 565 2772 quampccursum
585 2707 817 2772 humilem
839 2715 891 2757 et
917 2719 1129 2772 pacem._
1182 2707 1187 2708 ⁷
1310 2767 1344 2772 __
1491 2748 1508 2766 ,

211 2769 261 2819 ι.
280 2768 345 2820 Ut
368 2775 612 2832 praesente
633 2771 830 2820 seniore
852 2767 1090 2831 psallendi
1116 2767 1411 2832 ioquendive
1430 2779 1528 2818 non
1546 2767 1728 2819 habeat

156 2897 400 2934 b—

1898 2460 1946 2510 5.
1988 2458 2065 2509 De
2087 2469 2234 2522 cursu
2258 2457 2510 2522 orationis,
2537 2459 2592 2508 et
2613 2455 2751 2508 horia
2773 2455 3029 2521 aperandi,
3064 2467 3120 2509 ac
3155 2457 3221 2508 de
3243 2468 3413 2510 corre-

1832 2522 1999 2582 ctione
2022 2521 2432 2582 delinquentium.

1894 2585 1946 2633 6.
1975 2581 2050 2644 De
2070 2579 2272 2644 bis,'qut
2299 2583 2357 2630 ad
2380 2594 2504 2644 opus
2523 2580 2619 2644 Dei
2643 2579 2782 2631 tarde
2800 2583 3084 2632 occurrunt.

1895 2645 1942 2713 fl.
1973 2643 2038 2713 Ut
2063 2642 2217 2713 fgater
2237 2645 2322 2713 qui
2343 2642 2434 2706 pro
2456 2643 2852 2713 qnaiibet_culpa
2877 2645 3101 2704 arguitur
3122 2642 3414 2709 patientiam

1835 2705 2037 2767 habeat,
2063 2703 2118 2757 ἐι
2136 2711 2189 2757 ut
2208 2703 2267 2756 ad
2290 2703 2508 2776 mensam
2531 2703 2942 2776 nemo_loqua‘tur.

2355 2766 2636 2832 Expliaiunt
2663 2766 2903 2828 Capitula.

400 2898 3405 2925 mw

1182 2997 1577 3062 INCIPIUNT
1619 2998 1951 3060 PATRUM
1994 2998 2355 3066 REGULIE.

731 3199 890 3257 PRIE
897 3200 1100 3258 FATIO
1113 3245 1120 3256 .

212 3301 349 3358 Cum
377 3297 744 3354 resideremus
768 3295 822 3349 in
861 3311 1028 3349 unum
1055 3295 1109 3349 in
1141 3295 1362 3350 nomine
1382 3295 1594 3352 Domini
1623 3313 1720 3354 no-

133 3397 239 3455 stri
289 3393 415 3450 Jesu
463 3392 695 3457 Christi,
753 3391 1047 3446 secundum
1101 3391 1449 3448 traditionem
1495 3393 1720 3449 Patrum

129 3479 458 3544 sanctorum
501 3483 764 3546 virorum,
811 3480 988 3536 visum
1039 3490 1126 3558 est
1170 3482 1327 3537 nobis
1376 3485 1722 3539 conscribere

130 3579 226 3634 vel
260 3575 524 3647 Regulam
556 3575 831 3640 ordinare,
872 3588 992 3642 quae
1026 3575 1081 3628 in
1112 3575 1442 3630 monasterio
1467 3584 1717 3630 teneatur

126 3671 211 3726 ad
248 3666 550 3739 profectum
592 3665 859 3730 fratrum;
900 3673 961 3718 ut
1007 3678 1181 3733 neque
1229 3679 1328 3718 nos
1375 3664 1716 3729 laboremus;

123 3777 320 3832 neque
371 3767 590 3815 sanctus
627 3757 972 3829 prtepositus,
1025 3757 1116 3828 qui
1162 3758 1486 3813 constitutus
1532 3767 1614 3814 est
1664 3759 1717 3813 in

123 3854 280 3917 loco,
309 3851 702 3908 dubitationem
752 3849 989 3918 aliquam
1026 3849 1137 3918 pati
1178 3847 1389 3919 possit:
1421 3856 1484 3902 ut
1529 3862 1719 3904 omnes

122 3944 446 4007 unanimes,
493 3942 634 3999 sicut
663 3942 924 4010 scriptum
952 3947 1071 4005 est,
1101 3949 1156 3994 et
1183 3955 1346 3994 unum
1377 3941 1674 3996 sentientes
1700 3960 1712 3996 :

123 4035 369 4091 invicem
409 4034 740 4090 honorantes
769 4031 934 4103 (Phil.
970 4047 1008 4086 ιι
1038 4031 1079 4103 ),
1111 4045 1174 4086 ea
1203 4046 1324 4102 qua:
1355 4039 1558 4087 statuta
1591 4040 1719 4088 sunt

119 4143 159 4183 a
193 4126 425 4182 Domino
447 4125 565 4196 jugi
601 4123 976 4180 observatione
1003 4123 1326 4180 custodiant.

201 4219 246 4274 1.
281 4219 423 4272 Ante
451 4216 632 4272 omnia
657 4216 921 4271 habentes
947 4215 1293 4280 charitatem,
1329 4213 1713 4278 humilitatem,

118 4309 483 4382 patientiam,
511 4307 984 4363 mansuetudinem
1003 4347 1017 4370 ,
1057 4306 1142 4361 vel
1188 4313 1383 4360 caetera
1412 4318 1531 4373 qum
1561 4303 1720 4359 docet

117 4411 358 4460 sanctus
385 4398 679 4472 Apostolus
703 4398 840 4472 (Col.
881 4399 997 4472 ιιι);
1031 4398 1107 4454 ita
1141 4405 1201 4452 ut
1235 4409 1395 4452 nemo
1423 4397 1716 4467 quidquam

1751 3210 1795 3273 ρ
1829 3206 2020 3260 Deum.
2051 3205 2109 3261 In
2129 3214 2397 3262 conventu
2418 3206 2660 3262 omnium
2701 3205 2878 3262 nullus
2897 3203 3082 3275 junior
3106 3206 3399 3277 quidquam

1828 3298 1932 3352 nisi
1978 3299 2342 3369 interrogatus
2392 3299 2665 3368 loquatur.
2715 3297 2984 3354 Caeterum
3034 3298 3081 3352 si
3129 3298 3250 3366 quis
3297 3298 3416 3352 vult

1827 3390 2256 3446 consolationem
2303 3391 2572 3461 accipere,
2610 3391 2693 3447 vel
2720 3393 2947 3446 verbum
2974 3392 3182 3456 audire,
3229 3406 3412 3449 secre-

1829 3497 1943 3542 tum
1976 3496 2031 3542 et
2052 3496 2413 3558 Opportunum
2443 3495 2651 3557 tempus
2673 3487 2917 3557 requirat

1902 3577 1988 3632 lli.
2060 3577 2379 3633 Advenienti
2430 3577 2718 3648 peregrino
2781 3577 2915 3632 nihil
2971 3577 3091 3646 plus
3159 3577 3413 3633 exhibeat

1828 3683 1990 3738 quam
2015 3683 2231 3737 pacem,
2260 3668 2526 3736 reliquum
2561 3683 2665 3722 non
2695 3668 2770 3722 sit
2793 3668 2871 3722 illi
2891 3683 3019 3722 cura
3037 3708 3051 3734 ,
3081 3667 3224 3723 unde
3247 3682 3411 3722 vene-

1828 3762 1919 3826 rit,
1953 3777 2052 3830 pro
2101 3776 2208 3830 quo
2240 3761 2472 3824 venerit,
2512 3760 2595 3816 vel
2639 3762 2854 3830 quando
2895 3761 3268 3818 ambulaturus
3313 3761 3407 3825 sit,

1824 3868 1926 3908 nec
1951 3867 2010 3908 se
2031 3851 2220 3922 jungat
2239 3852 2304 3906 ad
2327 3850 2537 3906 fabulas
2557 3867 2680 3906 cum
2707 3851 2798 3907 illo

1896 3945 1984 4000 Ν.
2035 3944 2168 3999 illud
2208 3956 2423 4014 quoque
2461 3943 2854 4001 observandum
2895 3952 3000 4010 est,
3047 3952 3106 3998 ut
3143 3952 3412 4014 praesente

1821 4037 2037 4094 seniore
2083 4051 2428 4106 quocunque,
2460 4036 2543 4090 vel
2581 4038 2919 4106 praecedente
2957 4037 3010 4092 in
3046 4035 3234 4092 ordine
3264 4035 3412 4105 psal-

1821 4126 1986 4191 lendi,
2034 4141 2267 4196 sequens
2297 4141 2404 4182 non
2431 4126 2629 4184 habeat
2656 4127 2969 4184 facultatem
3001 4128 3300 4200 loquendi,
3326 4127 3409 4182 vel

1822 4217 2024 4286 aliquid
2054 4218 2414 4286 prmsumendi
2439 4257 2453 4282 ,
2496 4217 2600 4274 nisi
2631 4227 2841 4274 tantum
2878 4221 2925 4276 is
2959 4220 3048 4289 qui
3095 4220 3148 4274 in
3189 4219 3404 4284 ordine,

1821 4318 1881 4366 ut
1919 4309 2123 4364 dictum
2169 4317 2272 4374 est,
2324 4310 2631 4380 praecedere
2675 4311 2907 4366 videtur.
2958 4311 3072 4366 Hoc
3116 4326 3286 4380 usque
3335 4311 3404 4364 ad

1821 4400 1989 4453 imum
2017 4408 2143 4453 ante
2167 4400 2349 4455 omnia
2375 4400 2429 4454 in
2459 4401 2739 4468 oratione,
2779 4417 2873 4456 seu
2899 4402 2950 4456 in
2982 4416 3174 4470 Opere,
3205 4403 3319 4456 sive
3351 4401 3405 4458 in

115 4509 295 4552 suum
339 4493 598 4559 vindicet,
651 4492 744 4547 sed
776 4491 918 4546 sicut
965 4490 1227 4562 scriptum
1273 4496 1356 4544 est
1404 4488 1461 4542 in
1494 4485 1797 4548 ActibusD
1823 4505 2084 4561 responso
2131 4490 2310 4545 dando
2347 4491 2455 4545 erit
2480 4493 2823 4546 servandum.
2869 4491 2926 4546 Si
2949 4506 3078 4546 vero
3108 4493 3408 4564 simplicior

113 4583 534 4656 apostolorum,
579 4581 816 4638 habeant
845 4581 1028 4636 omnia
1074 4579 1382 4635 communia
1422 4575 1714 4650 (Act.'iv).

109 4676 226 4732 Ille
270 4689 402 4730 vero
428 4674 520 4745 qui
549 4674 874 4744 praepositus
900 4680 1002 4738 est,
1029 4671 1124 4726 Dei
1152 4669 1438 4740 judicium,
1480 4679 1536 4726 et
1567 4669 1715 4726 ordi-

108 4766 416 4824 nationem
454 4765 754 4821 sacerdotis
782 4765 835 4819 in
859 4764 1110 4820 omnibus
1152 4763 1363 4829 timere,
1398 4762 1626 4835 diligere
1660 4769 1717 4818 et

107 4856 400 4915 obaudire
446 4858 604 4914 debet
648 4854 945 4913 secundum
982 4856 1269 4911 veritatem
1301 4869 1315 4909 :
1346 4856 1472 4926 quia
1509 4855 1554 4911 si
1593 4855 1716 4927 quis

106 4951 286 5008 illum
335 4957 491 5020 putat
518 4965 576 5006 se
605 4964 882 5018 spernere,
928 4947 1101 5002 Deum
1137 4947 1346 5016 spernit
1371 4965 1384 5000 :
1413 4948 1556 5003 sicut
1581 4951 1717 5004 scri-

103 5050 283 5113 ptum
312 5048 396 5096 est
427 5058 439 5094 :
471 5039 573 5107 Qui
606 5055 693 5095 vos
723 5039 902 5103 audit,
933 5053 1014 5092 me
1042 5037 1210 5100 audit;
1260 5047 1308 5091 et
1336 5039 1423 5108 qui
1453 5055 1539 5093 vos
1568 5055 1716 5110 sper-

103 5133 226 5196 nit,
268 5146 355 5184 me
409 5132 608 5202 spernit
639 5144 658 5183 :
697 5129 769 5184 Et
819 5129 909 5200 qui
953 5143 1035 5182 me
1078 5129 1308 5198 spernit,
1352 5130 1549 5198 spernit
1598 5147 1718 5184 eum

1819 4580 2006 4647 fuerit,
2037 4580 2121 4634 vel
2150 4579 2460 4651 impeditior
2486 4595 2756 4647 sermone,
2781 4589 2837 4636 et
2864 4581 3077 4638 dederit
3097 4582 3300 4651 locum,
3328 4584 3404 4641 ita

1819 4670 2036 4726 demum
2061 4683 2296 4740 sequens
2323 4669 2592 4739 loquatur.
2625 4668 2818 4726 Omnia
2848 4681 3028 4727 tamen
3058 4673 3112 4728 in
3137 4675 3404 4732 charitate

1819 4761 1972 4830 flant,
2023 4777 2133 4818 non
2166 4777 2266 4834 per
2307 4762 2730 4830 contentionem,
2761 4764 2844 4820 vel
2873 4764 3110 4837 aliquam
3137 4783 3404 4839 praesum-

1815 4856 2075 4927 ptionem.

1892 4949 1956 5004 ν.
1989 4947 2195 5004 Cursus
2223 4960 2355 5003 vero
2399 4949 2708 5006 orationum
2745 4951 2831 5006 vei
2856 4951 3206 5023 psalmorum,
3262 4953 3406 5008 sicut

1818 5039 2020 5095 dudum
2050 5047 2312 5095 statutum
2354 5049 2462 5106 est,
2496 5041 2637 5096 ultra
2683 5049 2895 5113 tempus
2927 5044 3069 5099 istud
3103 5043 3402 5099 meditandi

1818 5129 2186 5200 operandiquc
2231 5131 2553 5186 servabitur.
2609 5132 2689 5187 ita
2727 5135 3131 5189 meditationem
3170 5134 3404 5190 habeant

1818 5221 2037 5287 fratres,
2065 5230 2126 5276 ut
2148 5237 2317 5291 usque
2352 5224 2418 5277 ad
2442 5223 2630 5280 horam
2659 5226 2952 5280 secundam
2981 5225 3198 5296 legant;
3246 5227 3289 5281 si
3322 5236 3402 5281 ta-

1819 5329 1944 5369 men
1981 5314 2128 5370 nulla
2176 5330 2339 5370 causa
2383 5318 2673 5382 exstiterit,
2721 5331 2829 5386 qua
2854 5331 3074 5370 necesse
3120 5316 3192 5370 sit
3238 5317 3400 5372 etiam

1818 5409 2181 5477 praetermissa
2222 5409 2569 5465 meditatione
2604 5409 2806 5480 aliquid
2849 5408 2967 5462 fieri
3006 5408 3060 5462 in
3091 5423 3396 5464 commune.

1815 5497 1947 5554 Post
1993 5500 2182 5554 horam
2223 5515 2353 5556 vero
2398 5501 2690 5556 secundam
2725 5499 3096 5570 unusquisque
3146 5499 3212 5554 ad
3261 5517 3396 5570 opus

1819 5607 1976 5647 suum
2005 5599 2228 5664 paratus
2253 5593 2325 5648 sit
2353 5607 2367 5646 :
2397 5600 2453 5648 et
2481 5607 2652 5662 usque
2678 5592 2745 5647 ad
2774 5591 2963 5647 horam
3001 5609 3195 5648 nonam
3241 5593 3371 5662 quid

1819 5685 1947 5758 quid
1971 5685 2267 5754 injunctum
2298 5685 2480 5749 fuerit,
2509 5685 2621 5738 sine
2647 5684 3062 5738 murmuratione
3081 5682 3160 5738 vel
3178 5683 3397 5738 limita-

1820 5775 1959 5834 tione
1984 5773 2152 5849 (Phil.
2183 5777 2246 5848 it)
2275 5774 2544 5848 perﬁciat,
2565 5775 2706 5834 sicut
2741 5775 2900 5836 docet
2925 5785 3144 5835 sanctus
3165 5775 3400 5848 Aposto-

98 5223 323 5294 quime
353 5223 493 5277 misit
529 5222 680 5293 (Luc.
731 5220 807 5295 ιι).
838 5221 914 5275 lta
959 5229 1020 5274 ut
1057 5219 1175 5274 sine
1221 5219 1391 5290 ipsius
1435 5221 1716 5278 voluntate

100 5315 316 5373 nullus
355 5313 524 5370 frater
553 5315 850 5386 quidquam
885 5321 1029 5384 agat,
1063 5325 1239 5382 neque
1265 5311 1495 5381 accipiat
1523 5311 1593 5366 ab
1619 5313 1718 5368 aii-

97 5423 233 5479 quo
265 5407 494 5478 aliquid,
520 5422 697 5478 neque
724 5407 835 5472 det,
859 5419 960 5461 nec
987 5418 1218 5475 usquam
1245 5418 1470 5474 prorsus
1498 5404 1720 5458 recedat

92 5502 241 5557 sine
269 5499 462 5554 verbo.

180 5591 258 5647 ll.
296 5590 666 5649 Observantes
693 5593 860 5648 etiam
894 5591 1020 5658 hoc,
1065 5597 1127 5645 ut
1152 5603 1261 5646 non
1289 5603 1348 5646 se
1374 5589 1606 5645 invicem
1639 5587 1718 5645 fa-

92 5683 271 5740 nulis
305 5683 465 5738 vanis
490 5683 791 5747 destruant,
839 5684 936 5740 sed
963 5682 1335 5753 unusquisque
1377 5697 1515 5753 opus
1561 5697 1717 5737 suum

90 5774 432 5834 meditetur
457 5785 515 5834 et
535 5777 836 5845 custodiat,
884 5781 943 5834 et
962 5771 1318 5849 cogitationes
1343 5772 1542 5834 habeat
1576 5776 1719 5848 apud
