4004 6328
579 431 684 490 445

1610 416 1668 476 S.
1703 419 2065 478 BENEDICTI
2098 417 2389 477 ABBATIS
2427 421 2840 479 ANIANENSIS

3725 429 3826 485 4M

583 542 689 597 lus.
730 539 788 595 Si
818 537 941 608 quis
978 542 1154 590 autem
1199 532 1640 598 murmuraverit,
1671 532 1754 588 vel
1788 535 2156 591 contentiosus
2195 607 2205 613 _
2253 539 2514 603 cautium;
2555 537 2682 606 quia
2730 553 2830 608 per
2871 553 3024 595 suam
3061 538 3446 613 negligentiam
3495 548 3552 598 et
3595 541 3742 601 alios
3777 546 3826 603 in

582 607 896 697 exstiterit,
931 637 1024 684 aut
1060 641 1334 698 opponens
1373 626 1427 680 in
1472 624 1652 693 aliquo
1686 626 2016 682 contrariam
2056 642 2152 682 vo-
2176 607 2229 668 Α
2252 631 2442 686 vitium
2485 631 2670 687 mittit.
2713 607 2772 686 In
2806 631 3004 702 vigiliis
3041 607 3436 694 absolvendum
3469 644 3573 702 est,
3609 638 3831 706 quando

580 725 844 781 luntatem
872 722 1176 794 praeceptis,
1213 721 1370 789 digne
1403 725 1678 774 correctus
1710 726 1817 774 tam
1862 719 1953 774 diu
1982 719 2150 776 absti-

584 826 733 884 neat,
782 815 1021 886 quandiu
1047 814 1131 868 vel
1163 812 1330 881 culpae
1358 809 1590 881 qualitas
1625 809 1950 880 poposcerit,
1981 810 2066 866 vel
2091 826 2151 867 se

579 910 893 983 ptrnitendo
939 905 1306 964 humiliaverit
1364 913 1527 974 atque
1583 903 1969 960 emendaverit.
2018 903 2152 960 Cor-

581 1011 764 1057 rectus
785 1009 1103 1067 aute‘m,non
1130 997 1325 1052 audeat
1355 1010 1585 1064 usquam
1620 993 1892 1058 recedere,
1927 994 1984 1049 Si
2028 995 2150 1065 quis

577 1108 709 1148 vero
749 1093 814 1147 de
854 1090 1131 1154 fratribus,
1164 1087 1251 1142 vel
1281 1087 1371 1156 qui
1414 1086 1467 1142 in
1499 1085 1648 1140 cellis
1676 1085 1998 1149 consistunt,
2033 1084 2151 1154 ejus

579 1184 756 1238 errori
786 1180 1143 1244 consenserit,
1179 1175 1464 1249 culpabilis
1497 1174 1602 1230 erit
1644 1181 1806 1244 atque
1842 1188 2152 1228 excommu-

578 1275 850 1329 nicatione
874 1271 1239 1343 dignissimus.

646 1363 735 1420 Vl.
757 1364 836 1419 Ad
868 1365 1058 1419 horam
1084 1376 1215 1416 vero
1251 1358 1513 1415 orationis
1554 1356 1681 1412 dato
1719 1370 1906 1426 signo,
1945 1355 1991 1410 si
2030 1355 2152 1426 quis

577 1473 684 1512 non
713 1455 892 1511 statim
921 1453 1286 1524 praetermisso
1313 1451 1458 1506 omni
1484 1465 1648 1520 opcre
1676 1449 1817 1519 quod
1847 1447 1958 1516 agit
1986 1447 2151 1520 (quia

572 1549 708 1602 nihil
739 1548 971 1602 orationi
1015 1543 1435 1617 prmponeudum
1472 1543 1576 1612 est)
1606 1551 1828 1617 paratus
1853 1539 2034 1606 fuerit,
2070 1540 2151 1596 fo-

575 1655 664 1693 ras
687 1639 1006 1694 excludatur
1037 1633 1464 1691 confundendus.
1505 1632 1736 1702 Operam
1765 1647 1899 1687 vero
1939 1633 2150 1688 dabunt

573 1728 766 1798 singuli
796 1727 1014 1792 fratres,
1046 1733 1105 1778 ut
1129 1733 1369 1794 tempore
1391 1737 1498 1794 quo
1524 1724 1700 1778 missa:
1742 1721 1895 1786 fiunt,
1925 1723 2039 1776 sive
2065 1724 2152 1778 die

573 1819 690 1876 sive
727 1825 906 1880 nocte,
941 1815 1156 1885 quando
1202 1814 1404 1870 diutius
1449 1813 1514 1868 ad
1563 1812 1862 1870 orationem
1902 1813 2148 1878 standum

2248 737 2436 778 omnes
2483 723 2839 788 conveniunt,
2877 725 3185 803 quicunque
3231 735 3488 804 gravatur
3530 744 3752 795 somno,
3781 739 3833 788 et

2247 812 2361 866 exit
2393 811 2561 878 foras,
2589 828 2696 867 non
2723 827 2781 868 se
2805 813 2999 869 fabulis
3026 826 3272 887 occupet,
3307 819 3401 874 sed
3429 821 3614 874 statim
3646 822 3830 878 redeat

2247 905 2316 966 ad
2344 918 2498 974 opus,
2531 905 2597 959 ad
2627 904 2770 975 quod
2801 907 3140 974 convenitur.
3170 909 3229 975 In
3268 913 3692 984 congregatione
3742 929 3830 969 au-

2250 1003 2359 1051 tem
2408 996 2524 1067 ipsa
2553 996 2645 1051 ubi
2677 996 2912 1068 legitur,_
2939 1014 3126 1054 aurem
3156 1016 3374 1071 semper
3413 1005 3492 1070 ad,
3521 1003 3831 1075 Scriptum

2247 1083 2507 1152 habeant,
2537 1093 2592 1141 et
2625 1086 2897 1152 silentium
2919 1089 3207 1145 observent
3233 1079 3445 1148 omnes.

2320 1180 2432 1234 Vll.
2461 1181 2574 1236 Hoc
2599 1181 2762 1237 etiam
2792 1183 3097 1238 addendum
3123 1183 3247 1249 fuit,
3279 1192 3338 1238 ut
3363 1184 3556 1252 frater,
3596 1187 3701 1258 qui
3745 1204 3832 1258 pro

2249 1268 2486 1337 qualibet
2532 1269 2690 1340 culpa
2732 1271 2976 1340 arguitur
3002 1271 3088 1327 Vel
3117 1273 3456 1343 increpatur,
3507 1276 3830 1346 patientiam

2249 1358 2472 1425 habeat,
2496 1368 2552 1415 et
2576 1376 2683 1416 non
2707 1362 3030 1431 respondeat
3069 1351 3350 1433 arguenti;
3379 1365 3478 1428 sed
3500 1366 3765 1430 humiliet
3781 1384 3833 1424 se

2250 1449 2306 1506 in
2334 1452 2602 1516 omnibus,
2641 1453 2937 1506 secundum
2957 1461 3285 1524 praeceptum
3314 1453 3530 1509 Domini
3554 1457 3831 1514 dicentia:
3915 1464 3932 1491 '

2253 1539 2390 1607 Quia
2439 1541 2578 1598 Deus
2630 1542 2913 1598 humilibus
2948 1544 3038 1598 dat
3082 1544 3332 1614 gratiam,
3375 1547 3615 1616 superbia
3665 1559 3833 1604 amat

2249 1633 2443 1688 resistit
2482 1632 2532 1705 (Ι
2557 1631 2702 1688 Petr.
2736 1633 2810 1706 v).
2849 1633 2938 1700 Et,
2965 1634 3055 1706 qui
3098 1651 3152 1690 se
3197 1633 3465 1702 humiliat,
3513 1637 3836 1692 exaltabitur

2251 1723 2401 1795 (Luc.
2439 1722 2573 1795 xiv).
2606 1723 2708 1792 Qui
2732 1740 2862 1780 vero
2889 1726 3085 1795 saepius
3105 1736 3388 1797 correptus
3417 1743 3528 1783 non
3558 1743 3617 1783 se
3649 1745 3830 1785 einen?

2250 1815 2482 1884 daverit,
2532 1815 2859 1872 novissimus
2893 1816 2948 1870 in
2979 1816 3166 1872 ordine
3189 1825 3336 1873 stare
3363 1815 3669 1888 jubeatur;
3703 1824 3835 1876 sicut

571 1915 677 1971 est,
701 1922 806 1960 non
836 1905 1111 1972 deficiant,
1136 1904 1222 1960 vel
1247 1904 1515 1974 superfluo
1531 1904 1679 1959 foras
1710 1905 1991 1970 recedant;
2023 1906 2144 1976 quia
2175 1960 2220 1980 ἢ
2251 1907 2510 1963 Dominus
2538 1908 2710 1963 dixit:
2735 1906 2814 1963 Sit
2857 1907 2951 1962 tibi
2989 1909 3121 1962 sicut
3151 1909 3386 1964 ethnicus
3431 1920 3478 1966 et
3519 1910 3837 1980 publicanus

570 1995 833 2064 scriptum
876 2002 960 2048 est
1005 1994 1060 2048 in
1098 1991 1388 2066 Evangelia
1425 2013 1438 2048 :
1473 1993 1686 2068 Oportet
1735 2005 1908 2050 autem
1946 1986 2147 2066 semper
2174 1986 2221 2020 ³³
2250 1997 2464 2070 (Matth.
2498 1999 2676 2070 xvm).
2706 1999 2788 2054 Ad
2811 2003 3268 2056 mensam‘autem
3307 2002 3631 2074 specialiter
3666 2005 3838 2060 nullus

571 2101 744 2151 orare,
780 2095 832 2139 et
875 2103 977 2139 non
1023 2085 1243 2155 deﬁcere
1288 2085 1463 2158 (Luc.
1508 2084 1708 2160 xvur).
1739 2085 1808 2142 Et
1845 2087 1949 2141 alio
1979 2087 2098 2143 loco
2126 2105 2158 2154 εγ
2247 2077 2502 2160 loquatur
2528 2129 2543 2158 ,
2613 2089 2718 2146 nisi
2770 2089 2863 2161 qui
2913 2097 3146 2161 praeest,
3198 2091 3284 2146 vel
3321 2092 3414 2163 qui
3468 2088 3840 2166 interrogatus

571 2176 698 2231 Non
734 2177 1036 2246 impediaris
1076 2187 1228 2232 orare
1260 2193 1480 2248 semper.
1532 2177 1590 2232 Si
1634 2167 1756 2248 quis
1809 2185 1986 2233 autem
2037 2189 2144 2234 non
2247 2179 2431 2236 fuerit.
3170 2181 3172 2183 ’
3473 2189 3475 2191 ’

566 2267 904 2329 necessitate,
935 2268 1032 2322 sed
1059 2253 1230 2337 magis
1257 2267 1390 2323 vitio
1422 2267 1820 2337 procedendum
1850 2269 2143 2338 putaverit,

2787 2292 3022 2367 Explicit
3047 2293 3260 2366 Regula.

567 2357 708 2413 cisat
746 2373 827 2424 se,
864 2373 988 2413 cum
1033 2360 1400 2430 deprehensus
1445 2358 1626 2424 fuerit,
1659 2359 1980 2428 culpabilem
2004 2359 2152 2429 judi-

577 2493 3831 2529 W

829 2608 1354 2704 SEQUITUR
1411 2614 1793 2691 TERTIA
1851 2611 2278 2695 RATBUM
2329 2612 2738 2692 REGULA
2793 2610 2929 2691 AD
2992 2607 3582 2693 MONACHOS.

1352 2853 1782 2912 OBSERVATIO
1818 2856 2090 2912 CRJTICA
2127 2856 2197 2908 ΙΝ
2234 2855 2569 2913 REGULAM
2607 2854 3047 2923 SEQUENTEM.

2088 2994 2340 3008 ῤ’·-

640 3075 874 3149 Haeeest
903 3077 1064 3133 tertia
1100 3076 1319 3131 Patrum
1356 3076 1416 3149 in_
1441 3091 1607 3131 unum
1644 3075 2079 3149 convenientium
2118 3075 2349 3143 Regula,
2387 3079 2443 3129 et
2472 3072 2701 3149 quidem
2727 3070 2963 3149 marime
2998 3071 3284 3128 cmuobitis
3316 3077 3647 3149 praescripta
3680 3099 3841 3140 τρου-

569 3155 678 3204 stat
698 3146 840 3226 _XIV
896 3149 1179 3226 praeceptis
1213 3156 1321 3202 tam
1353 3147 1418 3200 ad
1449 3147 1750 3226 monachos
1771 3162 1931 3226 quam
1963 3147 2189 3226 abbatcs
2213 3154 2266 3201 et
2289 3143 2914 3226 prmpositostirectis,‘
2938 3159 3170 3226 quorum
3210 3143 3481 3226 nonnulla
3502 3143 3739 3226 sapiunt
3768 3171 3840 3210 re-

571 3217 868 3274 centiorem
896 3211 1243 3288 'discip'linam
1286 3217 1661 3271 monasticam.
1707 3211 1842 3288 Nam
1878 3216 1933 3268 in
1961 3216 2219 3288 primmva
2253 3211 2374 3269 vitae
2403 3211 2722 3288 monasticae
2767 3211 3107 3288 institutione
3133 3216 3384 3288 monachi
3416 3219 3482 3271 ad
3513 3211 3837 3280 cléricatum

570 3288 933 3342 communiter
961 3284 1065 3342 non
1105 3287 1502 3357 evehebantur;
1537 3293 1696 3356 prout
1719 3287 1804 3341 hic
1834 3284 2156 3356 supponitur
2186 3301 2200 3339 :
2228 3301 2402 3357 neque
2428 3286 2622 3354 primis
2649 3284 2754 3339 illis
2779 3284 3016 3357 seculis,
3044 3286 3349 3357 praesertim
3375 3295 3630 3357 tempore
3669 3296 3838 3350 sancti

563 3357 805 3439 Antonii,
831 3357 1164 3439 Serapionis,
1187 3356 1487 3439 i’acbomii,
1513 3353 1827 3439 Paphnutii,
1853 3353 1986 3439 etc},
2014 3357 2188 3438 reperi
2199 3353 2844 3439 turARegulamonastica
2874 3353 3075 3439 L'atitw.
3096 3356 3297 3428 scripta
3323 3353 3836 3439 ;_quemadmodum

565 3436 622 3482 et
642 3430 757 3483 haec
785 3425 1091 3497 conscripta
1136 3428 1302 3483 fuisse
1332 3427 1543 3482 videtur
1570 3425 1638 3482 ob
1666 3427 1846 3482 varios
1890 3425 2253 3497 terminosab
2282 3425 2720 3497 Occidentalibus
2749 3425 2862 3480 sive
2897 3425 3129 3497 Latiuis_
3144 3425 3424 3483 manacbis
3464 3438 3842 3490 communiter

563 3499 818 3577 usitatos,
850 3499 942 3568 qui
964 3493 1089 3577 raro
1110 3499 1456 3577 inveniuntur
1485 3497 1541 3552 in
1577 3497 1798 3569 Regulis
1819 3513 1886 3553 ex
1909 3497 2090 3577 lingua
2115 3496 2437 3577 Egyptiaca
2458 3497 2543 3577 vel
2565 3493 2753 3577 Graeca
2775 3495 3072 3577 translatis.
3100 3495 3343 3577 Denique
3363 3501 3671 3577 novitatem
3703 3507 3842 3577 sapit

566 3566 925 3650 praescriptus.
941 3569 1093 3640 niger
1119 3569 1313 3650 cuculli
1335 3568 1500 3650 color,
1534 3566 1817 3650 comante
1842 3567 2099 3623 smeulum
2125 3566 2430 3650 septimum,
2460 3567 2816 3650 imotardius,
2848 3568 2947 3650 vix_
2973 3566 3198 3650 reperiri
3234 3570 3645 3650 possitaquuis
3661 3566 3840 3632 άεώε.

566 3636 811 3766 manus
844 3636 1317 3696 color'monacbis
1351 3640 1668 3712 designatus
1707 3639 1914 3707 fuisse;
1945 3653 2138 3694 recens
2164 3636 2311 3694 enim
2352 3648 2440 3695 est
2477 3636 2755 3695 distinctio
2796 3644 2988 3695 exorta
3025 3637 3172 3693 inter
3209 3636 3512 3698 monachos
3529 3636 3751 3718 ἀίει-οι
3786 3654 3837 3702 et

569 3722 603 3766 u
699 3727 744 3766 s.

569 3722 744 3768 M008.

574 3843 3830 3880 _———————————————————————-———-—————————-—‘

1059 3941 1408 4000 INCIPIUNT
1446 3941 1790 4002 CAPITULA
1825 3940 2132 4000 BEGULIE
2170 3941 2216 3998 A
2257 3941 2548 4001 SANC'I'IS
2585 3943 2929 4003 PATRIBUS
2967 3945 3341 4004 PROLATﬁ.

634 4140 679 4193 1.
698 4131 783 4192 De
804 4144 1077 4194 cmversis.

628 4203 677 4254 2.
701 4203 768 4268 Ut
796 4204 945 4254 abbas
968 4203 1085 4255 nihil
1110 4204 1198 4254 sibi
1223 4207 1468 4268 proprium
1486 4204 1720 4258 vindicet.

629 4269 677 4318 5.
699 4266 774 4317 De
801 4267 1110 4318 vestimentis
1125 4266 1489 4318 monachorum.

628 4332 674 4380 4.
709 4330 770 4380 Ut
793 4324 939 4393 nulla
961 4330 1139 4379 mulier
1179 4327 1238 4378 ad
1281 4330 1626 4382 monasterium
1658 4327 1738 4382 vel
1763 4339 1935 4393 agrum
1973 4341 2142 4382 mona-

564 4392 769 4444 chorum
793 4391 1011 4440 accedat.

2174 4151 2218 4215 ρ
2311 4147 2371 4216 ῼζ
2389 4145 2466 4216 Ut
2480 4149 2844 4216 nusquamsine
2871 4155 3116 4214 praecepto
3132 4153 3341 4203 senioris
3365 4155 3713 4216 egrediantur.

2317 4209 2394 4272 io.
2418 4209 2505 4272 De
2531 4209 2626 4272 bis,
2649 4213 2732 4272 qui
2753 4212 2816 4261 de
2840 4209 3135 4264 monasterio
3158 4219 3302 4266 exire
3323 4209 3588 4270 voluerint.

2315 4271 2394 4343 ii.
2503 4270 2650 4343 abbas
2667 4270 2777 4343 cum
2802 4273 3026 4343 fratribus
3053 4277 3234 4343 reﬁciat
3257 4281 3384 4328 omni
3412 4287 3664 4343 tempore.

2421 4332 2482 4382 Ut
2503 4333 2939 4406 nulluslmronachus
2969 4339 3017 4386 in
3061 4335 3340 4390 inﬁrmitate
3363 4332 3551 4403 poeitu's
3573 4354 3834 4406 parmula

2247 4395 2406 4444 studio
2429 4395 2811 4444 commendetur.

626 4455 676 4518 ξ.
701 4454 778 4518 l_)e
801 4451 1015 4518 lectione
1039 4456 1093 4518 et
1115 4455 1403 4518 operatione
1423 4453 1780 4504 monachorum.

625 4515 675 4579 β.
701 4514 779 4579 pe
801 4513 891 4579 bis,
917 4516 1001 4579 qui
1025 4515 1084 4579 ad
1108 4513 1229 4579 opus
1251 4515 1345 4566 Dei
1367 4518 1506 4567 tarde
1525 4519 1800 4567 occurrunt.

628 4577 678 4625 7.
699 4573 777 4626 De
795 4573 991 4626 silentio
1008 4577 1066 4624 ad
1084 4573 1317 4628 mensam.

627 4638 676 4687 8.
705 4635 770 4688 Ut
789 4634 848 4683 ad
870 4640 1145 4689 necessaria
1165 4638 1428 4702 quaerenda
1449 4639 1552 4690 bini
1570 4639 1651 4693 vel
1670 4640 1799 4692 terni
1817 4640 2090 4692 mittantur.

2313 4456 2388 4508 15.
2412 4456 2486 4506 De
2514 4453 2591 4505 his
2632 4458 2712 4518 qui
2739 4456 2915 4530 furtum
2939 4457 3132 4571 faciunt].

2314 4515 2391 4566 Η.
2425 4518 2486 4566 Ut
2506 4518 2668 4568 nullus
2689 4519 2889 4569 alterius
2929 4532 3098 4571 monac

2314 4515 2391 4588 1t.
2413 4518 2486 4589 .U‘t
2506 4515 2668 4568 nullus
2689 4519 2889 4569 alterius
2929 4515 3215 4572 monachum
3237 4523 3353 4575 sine
3373 4526 3625 4589 permissu
3653 4529 3832 4580 abbatis

2762 4642 3044 4708 Explicitmt
3067 4643 3311 4709 Capitula.

2247 4579 2496 4641 suscipiat.

570 4757 3807 4789 W

1859 4834 2154 4898 INCIPIT
2194 4836 2541 4902 REGULA.

633 5076 676 5133 Ι.
723 5075 859 5134 Cum
903 5075 961 5132 in
1006 5074 1226 5132 nomine
1272 5072 1526 5140 Domini,
1573 5086 1683 5130 una
1719 5088 1843 5130 cum
1881 5070 2222 5136 fratribusD
2249 5071 2453 5140 tribus,
2497 5071 2644 5128 velut
2688 5071 2894 5146 Regula
2943 5077 3205 5133 continet.
3245 5077 3400 5147 Quod
3448 5080 3498 5137 si
3549 5098 3833 5160 susceptus

563 5170 766 5228 nostris
806 5167 1270 5233 convenissemus,
1322 5166 1568 5238 inprimis
1605 5166 1807 5237 placuit
1846 5175 1908 5222 ut
1935 5167 2140 5239 Regula
2245 5162 2428 5230 fuerit,
2476 5180 2585 5220 non
2607 5166 2780 5222 solum
2824 5169 2888 5223 de
2923 5170 3225 5227 substantia
3265 5189 3427 5244 quam
3466 5175 3696 5252 intulit,
3743 5183 3834 5238 sed

459 5289 464 5296 κ
566 5269 624 5315 et
647 5261 890 5324 instituta
920 5259 1144 5314 Patrum
1169 5275 1269 5330 per
1295 5259 1540 5314 ordinem
1568 5259 1878 5330 legerentur
1905 5278 1918 5313 :
1947 5259 2141 5329 quibus
2244 5257 2408 5312 etiam
2436 5272 2537 5313 nec
2568 5259 2634 5314 de
2662 5260 2842 5331 seipso
2877 5263 2944 5317 ab
2972 5263 3062 5318 illa
3086 5264 3353 5334 judicabit
3381 5270 3545 5340 hora.

562 5351 722 5409 lectis
749 5354 967 5424 placuit,
998 5354 1042 5410 si
1078 5355 1144 5410 de
1172 5353 1368 5410 saeculo
1407 5353 1529 5423 quis
1554 5352 1611 5407 in
1640 5353 1967 5410 monasterio
2011 5367 2140 5408 con-
2314 5349 2378 5404 ll.
2423 5349 2618 5406 Abbati
2644 5367 2774 5407 vero
2801 5352 2934 5407 nulli
2963 5354 3122 5410 liceat
3151 5357 3254 5413 sibi
3279 5359 3580 5431 quidquam
3614 5367 3836 5439 proprie

562 5443 700 5499 verti
734 5444 988 5511 voluerit,
1021 5443 1224 5515 Regula
1262 5443 1312 5498 ei
1352 5443 1645 5498 introeunti
1675 5443 1905 5514 legatur,
1935 5452 1990 5498 et
2017 5457 2136 5497 om-
2243 5439 2543 5506 vindicare,
2568 5456 2690 5495 cum
2716 5441 2896 5497 omnia
2922 5443 3030 5498 Deo
3058 5448 3290 5517 propitio
3322 5450 3376 5503 in
3403 5451 3551 5508 illius
3575 5471 3830 5511 mam-ast

562 5551 664 5592 nes
693 5543 848 5591 actus
876 5537 1192 5594 monasterii
1240 5535 1314 5591 illi
1349 5535 1633 5607 pateﬁant.
1678 5533 1830 5603 Quod
1871 5535 1917 5590 si
1955 5535 2135 5590 omnia
2241 5539 2530 5602 potestate.
2581 5531 2638 5588 Si
2668 5534 2790 5604 quis
2827 5549 2988 5601 vero,
3020 5539 3163 5607 quod
3197 5539 3252 5594 in
3281 5541 3487 5612 Regula
3520 5544 3832 5617 junioribus

517 5631 522 5634 ’
563 5634 692 5697 apte
711 5628 1028 5696 susceperit,
1066 5627 1146 5684 sic
1179 5628 1336 5699 digne
1373 5642 1404 5680 a
1433 5624 1692 5682 fratribus
1721 5629 1775 5680 in
1803 5625 1992 5681 cellula
2018 5641 2136 5681 sus—
2245 5627 2566 5700 prohibetur
2587 5667 2601 5691 ,
2650 5626 2752 5682 sibi
2793 5627 2994 5701 aliquid
3029 5647 3097 5707 ex
3139 5635 3482 5708 successione
3517 5647 3826 5708 parentum.

563 5718 817 5790 cipiatur,
845 5727 959 5776 tum
985 5720 1031 5776 si
1057 5721 1292 5792 aliquam
1315 5720 1372 5776 in
1399 5718 1646 5776 cellulam
1685 5718 1916 5774 voluerit
1937 5716 2138 5775 inferre
2247 5732 2342 5772 seu
2369 5713 2607 5788 quolibet
2651 5717 2847 5774 donato
2884 5722 3118 5778 retinere
3143 5721 3584 5794 praesumpserit,
3642 5737 3698 5784 et
3726 5742 3830 5780 mn

565 5810 948 5875 substantiam,
976 5811 1034 5867 in
1054 5826 1241 5868 mensa
1265 5819 1499 5882 ponatur
1532 5825 1719 5868 coram
1742 5808 1994 5868 omnibus
2021 5807 2135 5874 fra-
2244 5811 2425 5866 omnia
2452 5808 2508 5865 in
2533 5823 2818 5868 commune
2841 5813 3116 5887 posuerit,
3158 5829 3190 5871 a
3235 5812 3493 5870 fratribus
3541 5825 3824 5890 arguatur.
