4004 6328
212 452 318 508 Ηὸ

887 442 1114 506 CODEX
1149 432 1716 502 REGULARUM.-:
1752 442 1933 501 PARS
1969 442 2013 501 ῐ.
2052 442 2359 504 REGULE
2396 441 2503 503 PP.
2542 440 2811 503 ORIENT.

3352 453 3456 513 446

217 565 274 621 Si
313 568 364 620 in
396 563 530 620 vitio
559 560 876 634 perstiterit,
925 561 978 616 in
1010 561 1257 614 notitiam
1296 558 1531 629 episcopi
1573 557 1784 614 defera-
1810 563 1864 624 Α
1888 558 2137 612 ebrietati
2178 574 2236 614 se
2268 559 2586 626 sociaverit;
2629 568 2721 614 aut
2748 559 2793 614 si
2816 558 2870 614 in
2897 558 3148 629 proximo
3175 567 3456 623 transmis-

218 666 340 722 tur;
373 657 464 726 qui
508 655 550 709 si
581 655 648 708 ab
677 653 927 722 episcopo
955 660 1234 722 correptus
1264 665 1365 706 nec
1409 650 1488 706 sic
1529 652 1786 708 emcnda-

217 751 380 816 verit,
409 748 724 818 deponatur.

285 839 370 895 lll.
399 837 733 896 Vestimenta
760 851 892 893 vero
927 834 1186 892 fratribus
1225 836 1529 893 necessaria
1573 838 1652 894 ita
1691 838 1786 894 ab—

213 933 314 988 bas
331 930 581 987 omnibus
599 930 850 985 ordinare
876 929 1056 996 debet,
1083 943 1204 1000 que
1229 930 1510 985 monachis
1529 931 1782 998 deceant;

213 1038 328 1080 non
352 1021 582 1081 diversis
616 1020 887 1078 coloribus
912 1021 1101 1087 tincta,
1142 1021 1385 1091 exceptis
1413 1021 1638 1078 cucullis
1665 1036 1788 1092 quae

215 1120 630 1183 comparantur,
667 1111 715 1167 si
755 1109 959 1166 fuerint
985 1111 1183 1182 nigra,
1218 1109 1297 1167 uti
1321 1125 1416 1168 eas
1438 1111 1635 1169 debere
1659 1127 1787 1168 cen-

211 1218 417 1260 scmus.

282 1294 373 1350 IV.
403 1292 847 1351 Familiaritntem
897 1293 1138 1350 omnium
1181 1293 1490 1362 mulierum,
1535 1302 1647 1352 tam
1689 1311 1788 1368 pa-

211 1394 428 1440 rentum
453 1399 614 1454 quam
641 1392 1041 1449 extranearum,
1057 1399 1158 1454 pro
1179 1385 1532 1441 custodienda
1565 1387 1676 1442 vita
1698 1388 1786 1442 vel

211 1475 470 1529 cavendis
516 1474 721 1543 laqueis
769 1473 986 1540 diaboli,
1037 1475 1106 1529 ab
1147 1474 1395 1530 omnibus
1438 1479 1786 1534 monasteriis

211 1566 297 1621 vel
318 1565 544 1622 culturis
582 1568 1000 1634 monachorum;
1035 1583 1129 1624 seu
1159 1568 1641 1640 frequentationem
1671 1587 1787 1627 mo-

210 1657 510 1730 nachorum
556 1671 586 1711 a
631 1657 976 1712 monasteriis
1017 1657 1350 1728 puellarum,
1396 1661 1537 1716 sicut
1580 1661 1786 1733 Regula

210 1746 392 1816 docet,
435 1749 720 1818 prohibere
756 1763 1062 1808 censemus.
1104 1750 1290 1822 Neque
1333 1752 1442 1808 ulla
1489 1755 1684 1810 mulier
1728 1757 1784 1811 in

210 1837 438 1906 interius
475 1840 672 1894 atrium
703 1841 1019 1897 monasterii
1059 1841 1265 1912 ingredi
1303 1845 1519 1898 audeat.
1553 1846 1708 1912 Quod
1739 1849 1785 1904 si

1886 665 2002 715 sus,
2048 666 2148 721 pro
2169 667 2266 705 sua
2294 651 2510 705 levitate
2543 650 2628 706 vel
2658 649 2798 722 gula,
2847 667 2954 707 non
2984 654 3164 707 statim
3199 655 3450 724 expedita

1882 743 2204 799 necessitate
2239 744 2308 797 ad
2355 743 2546 799 cellam
2596 745 2848 812 redierit,
2891 760 3014 802 cum
3050 745 3105 801 in
3153 746 3209 802 id
3230 747 3455 807 facinus

1882 833 2050 890 fuerit
2076 835 2341 901 detectus,
2371 843 2431 892 ut
2452 851 2686 892 canones
2711 838 2925 904 docent,
2959 847 3054 893 aut
3078 839 3299 907 triginta
3337 841 3454 899 die-

1883 924 1987 980 bus
2043 939 2075 979 a
2121 926 2498 981 communione
2548 935 2866 998 separetur,
2916 936 3012 984 aut
3060 929 3228 1002 virgis
3279 945 3454 990 casus

1883 1017 2220 1073 emendetur.

1880 1159 1889 1180 ,
1956 1109 2025 1164 Χ.
2058 1109 2210 1178 Quod
2240 1109 2286 1164 si
2310 1123 2436 1165 casu
2465 1109 2585 1180 quis
2609 1110 2780 1167 frater
2803 1113 2870 1169 de
2899 1112 3087 1170 cellula
3117 1129 3186 1170 ex
3219 1114 3455 1186 qualibet

1864 1189 2128 1262 'rscandali
2179 1220 2342 1260 causa
2367 1205 2516 1260 exire
2539 1205 2790 1274 voluerit,
2833 1207 2967 1262 nihil
2988 1210 3200 1280 penitus
3226 1208 3329 1264 nisi
3355 1223 3457 1263 nu-

1886 1296 2161 1369 galissimo
2187 1297 2441 1351 induatur
2463 1296 2806 1365 vestimento,
2849 1305 2906 1354 et
2945 1307 3098 1354 extra
3121 1298 3456 1355 communio-

1885 1371 2013 1442 nem
2039 1386 2268 1442 infidelis
2293 1387 2550 1442 discedat.

1955 1476 2047 1531 XI.
2079 1477 2210 1532 Illud
2238 1493 2450 1548 quoque
2491 1479 2776 1536 statuimus
2808 1487 2868 1534 ut
2899 1478 3118 1535 abbates
3152 1482 3297 1534 omni
3327 1486 3460 1533 tem-

1885 1584 2017 1640 pore
2056 1586 2177 1624 cum
2226 1568 2483 1624 fratribus
2509 1570 2755 1625 reficiant
2781 1587 2793 1622 :
2826 1569 2950 1639 quia
2979 1585 3044 1625 eo
3077 1577 3319 1638 tempore
3350 1583 3460 1638 quo

1886 1662 2086 1716 fratres
2134 1673 2227 1716 aut
2271 1675 2370 1730 pro
2419 1661 2746 1732 negligentia
2787 1674 3042 1732 arguere,
3096 1668 3190 1714 aut
3233 1658 3462 1734 spiritali

1886 1750 2084 1806 debent
2127 1765 2372 1806 sermone
2415 1751 2678 1817 imbuere,
2725 1749 2928 1822 absque
2956 1757 3105 1806 certa
3139 1748 3466 1821 necessitate

1887 1857 1946 1898 se
1970 1857 2248 1897 removere
2274 1857 2381 1897 non
2411 1842 2624 1898 debent.

209 1945 338 1986 cum
361 1904 587 1988 consilio
621 1933 706 1986 vel
726 1933 1002 1988 voluntate
1038 1904 1248 1988 abbatis
1272 1904 1660 1991 monasterium
1699 1937 1785 1993 vel
1812 1919 1861 1979 Β
1959 1936 2072 1996 ΧΠ.
2120 1935 2178 1996 Id
2221 1936 2385 1992 etiam
2428 1952 2527 2006 pro
2580 1935 2931 1992 custodienda
2982 1935 3127 1990 fama
3162 1904 3466 2005 specialiter

207 2022 430 2078 cellulas
457 2024 844 2079 monachorum
877 2023 1122 2093 quaedam
1160 2023 1325 2079 fuerit
1353 2027 1615 2096 ingressa,
1665 2043 1784 2082 me-

206 2113 318 2168 rito
346 2115 462 2183 ipse
487 2115 656 2169 abbas
700 2122 756 2169 et
792 2129 990 2169 nomen
1030 2115 1240 2171 abbatis
1274 2117 1527 2188 deponat,
1557 2126 1614 2173 et
1651 2120 1788 2176 infe-—

203 2204 411 2262 riorem
455 2219 517 2260 se
559 2204 814 2260 omnibus
857 2204 1186 2276 presbyteris
1223 2199 1578 2277 recognoscat
1593 2247 1609 2273 ,
1657 2209 1784 2278 quia

201 2295 341 2350 talis
367 2303 557 2350 sancto
595 2295 741 2366 gregi
771 2295 1009 2366 praeponi
1055 2295 1232 2361 debet,
1277 2296 1369 2366 qui
1400 2311 1496 2352 eos
1524 2299 1784 2354 immacu-

199 2383 351 2442 Iatos
377 2384 487 2440 Deo
512 2383 709 2439 offerre
733 2392 1024 2454 procuret;
1061 2399 1169 2439 non
1195 2399 1294 2456 per
1319 2385 1585 2457 quaslibet
1625 2387 1785 2444 fami-

196 2475 471 2534 liaritates
497 2462 709 2532 diabolo
730 2477 940 2531 sociare
959 2475 1194 2532 festinet.

1888 2027 2193 2090 statuimus,
2219 2035 2278 2080 ut
2301 2026 2476 2081 nullus
2505 2028 2801 2082 monachus
2826 2028 2882 2081 in
2913 2027 3226 2081 infirmitate
3254 2025 3466 2095 positus

1886 2118 2078 2173 relicto
2122 2119 2452 2172 monasterio
2497 2125 2780 2186 parentum
2830 2132 3047 2172 suorum
3092 2116 3274 2171 studio
3311 2130 3459 2170 com-

1885 2208 2173 2264 mendetur
2203 2227 2222 2260 -:
2253 2208 2376 2278 quis
2407 2207 2578 2279 magis
2603 2223 2725 2263 eum
2757 2207 3090 2263 stecularium
3132 2205 3469 2278 spectaculo—

1884 2311 2007 2352 rum
2033 2297 2154 2352 visu
2177 2305 2272 2352 aut
2296 2296 2483 2352 auditu
2509 2295 2673 2367 pollui
2693 2311 2996 2364 censemus,
3024 2310 3188 2354 quam
3207 2296 3276 2351 ab
3303 2294 3461 2367 aegri-

1884 2385 2074 2440 tudine
2101 2401 2261 2457 posse
2287 2387 2528 2458 purgari.

1956 2475 2089 2531 Xlll.
2132 2474 2190 2531 Si
2217 2478 2338 2548 quis
2364 2491 2494 2532 vero
2519 2477 2820 2533 monachus
2843 2475 3045 2532 furtum
3073 2476 3282 2542 fecerit,
3318 2475 3465 2550 quod

279 2566 344 2621 ν.
370 2565 632 2621 Matutino
660 2565 806 2620 dicto
831 2564 1029 2620 fratres
1063 2563 1278 2620 lectioni
1298 2573 1493 2621 vacent
1515 2579 1686 2638 usque
1713 2567 1785 2624 ad
1881 2571 2064 2642 potius
2099 2571 2442 2642 sacrilegium
2479 2572 2586 2627 dici
2626 2580 2826 2642 potest,
2866 2571 2922 2626 id
2963 2571 3272 2626 censuimus
3319 2569 3465 2624 ordi-

200 2658 398 2714 boram
443 2659 736 2713 secundam
767 2675 782 2713 :
813 2659 858 2714 si
889 2666 1070 2715 tamen
1114 2658 1259 2716 nulla
1301 2675 1463 2717 causa
1511 2662 1787 2720 exstiterit
1885 2665 2152 2732 nandum,
2187 2671 2247 2720 ut
2281 2663 2469 2736 iunior
2488 2664 2658 2736 virgis
2692 2678 2862 2720 casus
2899 2662 3036 2720 tanti
3071 2660 3315 2719 criminis
3343 2674 3471 2716 reus

202 2765 316 2820 qua
346 2764 568 2806 necesse
598 2751 668 2808 sit
695 2751 862 2806 etiam
903 2753 1270 2822 praetermissa
1309 2753 1542 2810 lectione
1579 2755 1785 2827 aliquid
1885 2773 2162 2829 nunquam
2200 2756 2439 2813 officium
2482 2756 2768 2813 clericatus
2799 2755 3062 2827 excipiat;
3104 2753 3152 2809 si
3191 2766 3319 2808 vero
3350 2751 3463 2821 jam

200 2840 327 2896 fieri
355 2842 408 2898 in
435 2857 742 2898 commune.
780 2843 910 2898 Post
944 2843 1131 2899 horam
1163 2847 1457 2902 secundam
1494 2849 1786 2919 nnusquis-
1886 2851 2121 2907 clericus
2164 2849 2222 2904 in
2259 2849 2314 2906 id
2343 2847 2551 2905 facinus
2597 2846 2762 2904 fuerit
2799 2848 3183 2917 deprehensus,
3228 2845 3464 2900 nominis

200 2945 316 3004 que
341 2933 407 2988 ad
433 2947 570 3003 opus
607 2948 765 2990 suum
797 2943 1021 3006 paratus
1058 2936 1129 2994 sit
1163 2952 1333 3009 usque
1364 2939 1430 2994 ad
1456 2938 1647 2996 horam
1689 2956 1788 2998 no-
1887 2941 2061 3012 ipsius
2095 2941 2355 3014 dignitate
2395 2939 2638 3011 privetur
2671 2955 2684 2992 :
2725 2937 2813 2994 cui
2855 2935 3106 2993 sufficere
3148 2941 3326 3006 potest
3363 2948 3466 3004 pro

199 3036 337 3092 nam
379 3039 393 3077 :
426 3024 570 3095 quod
612 3023 913 3096 injunctum
960 3026 1156 3096 fuerit,
1203 3030 1322 3085 sine
1359 3032 1789 3090 murmuratione
1889 3040 2046 3088 actus
2077 3032 2161 3088 sui
2199 3031 2438 3097 levitate,
2472 3029 2688 3101 impleta
2731 3027 3062 3100 paenitentia;
3096 3024 3468 3082 satisfactione

277 3113 468 3171 rﬁciat.

277 3129 468 3171 ructas.

196 3129 367 3261 peYl.
398 3204 480 3261 Ad
501 3205 693 3263 horam
717 3220 849 3266 vero
873 3206 1135 3268 orationis
1179 3213 1303 3269 dato
1335 3214 1507 3286 signo,
1555 3215 1648 3289 qui
1677 3233 1787 3276 non

1888 3123 2220 3178 communio.

1962 3214 2102 3271 XIV.
2137 3213 2458 3271 Monachum
2486 3212 2589 3269 nisi
2627 3211 2839 3284 abbatis
2865 3209 2948 3269 sui
2974 3208 3353 3282 antpermissu
3378 3213 3474 3262 aut

199 3296 392 3352 statim
437 3299 808 3370 praetermisso
854 3303 1001 3358 omni
1049 3319 1212 3375 opere
1267 3269 1414 3377 quod
1465 3269 1589 3378 agit:
1620 3308 1787 3380 (quia
1815 3269 1860 3336 C
1889 3305 2166 3362 voluntate
2220 3305 2288 3360 ad
2338 3303 2482 3361 aliud
2536 3281 2924 3359 monasterium
2978 3269 3468 3371 commigrentem,

198 3386 346 3446 nihil
382 3387 616 3458 orationi
655 3392 1072 3461 praeponendum
1107 3395 1214 3465 est)
1251 3406 1473 3466 paratus
1493 3398 1688 3467 fuerit,
1718 3402 1788 3458 ab

198 3480 404 3537 abbate
427 3481 512 3537 vel
533 3485 828 3554 praeposito
861 3487 1184 3556 corripiatur
1213 3506 1228 3544 :
1265 3496 1321 3544 et
1355 3491 1459 3547 nisi
1479 3498 1787 3562 prostratus

197 3571 428 3627 veniam
451 3573 688 3643 petierit,
711 3579 1228 3640 excommunicetur.

281 3658 397 3732 VII.
440 3661 521 3718 Ad
553 3678 796 3722 mensam
831 3675 1012 3724 autem
1048 3669 1358 3740 specialiter
1382 3670 1564 3727 nullus
1604 3672 1789 3743 loqua-

201 3757 326 3817 ιω,
478 3753 568 3824 qui
589 3765 802 3841 Mt,
831 3759 918 3814 vel
946 3759 1038 3829 qui
1069 3761 1431 3834 interrogatus
1460 3761 1640 3818 fuerit.

284 3840 415 3920 VIII.
467 3844 551 3899 Ad
600 3840 909 3904 necessaria
960 3853 1250 3921 querenda
1298 3853 1352 3908 in
1404 3852 1616 3920 cellula,
1670 3852 1788 3910 bini

203 3934 560 4006 egrediantur
579 3936 664 3993 vel
690 3940 827 3995 terni
855 3939 1050 3998 fratres
1078 3957 1094 3996 :
1123 3951 1181 3998 et
1204 3943 1280 4000 ita
1311 3942 1411 4012 illi,
1454 3946 1648 4015 quibus
1675 3960 1788 4003 crc-

203 4024 380 4091 ditur,
406 4042 514 4082 non
540 4029 632 4098 qui
656 4031 1040 4088 verbositatem
1064 4041 1161 4088 aut
1181 4034 1363 4110 gulam
1389 4043 1684 4092 sectantur.

1889 3396 2070 3453 nullus
2097 3397 2265 3452 abbas
2290 3405 2384 3450 aut
2423 3395 2718 3467 suscipere,
2764 3400 2858 3449 aut
2881 3391 3119 3448 retinere
3156 3393 3468 3460 praesumat.

1889 3487 2042 3556 Quod
2063 3490 2105 3544 si
2135 3489 2202 3544 ad
2231 3487 2616 3544 districtiorem
2652 3483 2910 3555 Regulam
2939 3496 3046 3537 non
3070 3495 3173 3551 pro
3207 3486 3362 3534 actus
3387 3476 3474 3534 sui

1887 3579 2108 3636 levitate
2137 3578 2448 3635 tendentem
2474 3577 2641 3632 abbas
2661 3589 2790 3630 suus
2812 3575 2986 3645 ipsum
3008 3572 3078 3627 ad
3102 3566 3336 3625 alterum
3354 3581 3475 3635 mo,

1887 3673 2187 3730 nasterium
2234 3671 2466 3726 transire
2496 3667 2834 3740 permiserit,
2874 3672 2936 3720 ut
2977 3663 3103 3719 inde
3145 3668 3332 3731 postea
3368 3659 3470 3715 sub

1887 3765 2068 3836 aliqua
2123 3762 2407 3818 occasione
2453 3759 2635 3831 egredi
2683 3768 3014 3829 praesumat,
3060 3751 3208 3808 nulla
3258 3748 3469 3806 ratione

1885 3851 2274 3925 permittimus.
2309 3849 2451 3906 Sane
2472 3850 2518 3908 si
2541 3847 2665 3919 quis
2691 3854 2813 3918 post
2832 3845 2975 3901 hanc
2993 3839 3462 3913 diligentissimam

1887 3945 2244 4009 sanctionem,
2276 3958 2383 3998 non
2416 3942 2709 3998 observare
2739 3953 2861 4008 quas
2889 3941 3016 3992 sunt
3049 3932 3297 4001 superius
3323 3942 3472 3986 com-

1883 4039 2174 4109 prehensa,
2198 4033 2629 4106 praesumpserit,
2670 4043 2824 4088 reum
2851 4043 2910 4084 se
2939 4024 3238 4082 divinitatis
3261 4021 3470 4093 pariter

278 4114 377 4171 IX.
421 4116 481 4172 Si
513 4120 634 4190 quis
669 4137 800 4178 vero
836 4133 992 4180 extra
1029 4127 1419 4182 conscientiam
1461 4128 1674 4185 abbatis
1701 4129 1786 4185 vel
1886 4140 1944 4186 et
1967 4126 2547 4196 fraternitatisjudicio
2574 4123 2816 4181 futurum
2845 4133 2966 4175 esse
2995 4121 3304 4188 cognoscat.
3397 4181 3402 4186 ο

201 4209 520 4280 praepositi,
561 4214 988 4287 qualemcunque
1015 4217 1192 4275 locum
1222 4233 1502 4287 egressus,
1541 4218 1680 4289 gulae
1701 4218 1790 4275 vel
2091 4219 2322 4292 Emplicit
2351 4216 2555 4290 Regula
2589 4232 2623 4290 ᾳ
2645 4215 2752 4272 SS.
2783 4210 3033 4268 Patribus
3053 4206 3283 4281 prolata.

637 4451 768 4567 8-
854 4438 1664 4574 MAGARII
1735 4453 3055 4572 ALEXANDBINI

1480 4630 1770 4689 ABBATIS
1805 4630 2208 4690 NITRlENSlS.

1101 4750 1585 4842 REGULA
1659 4755 1817 4842 AD
1890 4751 2570 4842 MONACHOS.

812 4957 905 5022 DE
937 4963 999 5022 S.
1028 4963 1335 5024 MACARIO
1379 4965 1688 5037 EJUSQUE
1719 4966 1786 5024 Β]

1893 4967 2005 5025 JLA
2043 4965 2377 5024 VETERUM
2412 4959 2850 5024 TESTIMONIA.

201 4335 3426 4375 ————__—._________._______________.__———————-—-—-t

1240 5127 1682 5201 Martyrologium
1713 5128 1868 5185 Rom.
1895 5131 2146 5201 postridie
2171 5127 2298 5184 Kal.
2321 5127 2449 5185 Jan.

277 5191 352 5254 In
373 5191 650 5254 Thebaide
669 5197 1116 5256 commemoratio
1136 5197 1196 5256 S.
1219 5191 1439 5254 Macarii
1461 5191 1809 5256 Alexandrini
1829 5191 2060 5257 abbatis.

1416 5269 1474 5325 S.
1505 5271 1895 5342 Hieronymus,
1924 5270 2145 5342 epistola
2170 5270 2261 5326 25.

285 5349 434 5427 Quid
454 5370 582 5418 ante
615 5377 726 5434 non
744 5363 930 5434 plures
953 5377 1125 5419 annos
1149 5361 1337 5418 Nitriae
1358 5371 1568 5434 gestum
1591 5364 1684 5428 sit,
1725 5361 2042 5419 referemus.
2072 5364 2303 5431 Quidam
2323 5377 2392 5419 ex
2417 5361 2693 5434 fratribus,
2719 5355 2935 5434 parcior
2952 5349 3127 5424 magis
3150 5359 3315 5434 quam
3329 5357 3475 5434 A813}-

193 5431 358 5506 gjior,
391 5443 605 5506 centum
631 5429 854 5500 solidos,
878 5449 1012 5506 quos
1043 5434 1149 5489 lina
1176 5429 1404 5489 texendo
1430 5429 2425 5506 acquisiverat,__moriensidereliquit.
2447 5433 2658 5506 Initum
2689 5440 2771 5506 est
2798 5429 2942 5506 inter
2969 5429 3475 5506 monachosconc‘t;

190 5484 358 5558 item
400 5484 1024 5574 (a;a“in"éa5ga‘naea
1043 5484 2618 5575 esse."'¢I.i..;,'ut";siissese'agiiiiis'iasiesgtt)'
2641 5484 2768 5575 quid
2803 5496 2947 5553 facto
2985 5507 3120 5575 opus
3167 5497 3362 5575 esset},
3386 5484 3477 5575 alii

185 5567 549 5655 pauperibus
579 5576 1019 5655 distribuendos;
1053 5567 1507 5655 Macarius-ntere,
1531 5585 1590 5655 _ct
1615 5573 1833 5640 Pambo,
1864 5586 1920 5630 et
1939 5575 2286 5655 Isidorus,_et
2309 5567 3479 5655 ceteri,nquos.Patres‘vocanth‘sanclg

186 5625 297 5774 Eis
327 5625 1776 5721 missusa;sissesisseinfestasse;
1790 5625 1919 5703 sua;
1939 5625 2172 5713 esset};
2186 5625 2439 5704 uigens;
2446 5625 2489 5699 ἶ
2501 5625 2743 5698 Ῥἓέιὶὶιξα
2785 5649 2879 5694 tua
2905 5648 3077 5694 tecum
3114 5625 3186 5691 έίι
3219 5634 3280 5690 επ
3301 5625 3478 5704 pcrdi-

225 5733 247 5770 τ
255 5732 288 5769 ο
296 5732 332 5768 η
337 5732 365 5769 ε
370 5733 418 5769 m
425 5755 438 5768 ο

225 5732 438 5770 Iouem.

1315 5787 1576 5858 Socrates,
1607 5788 1748 5845 Hist.
1787 5787 1912 5844 εισι.
1936 5788 2026 5843 lib.
2058 5804 2132 5856 tv,
2157 5807 2273 5861 cap.
2307 5789 2394 5846 18.

289 5877 566 5939 Macarius
591 5882 990 5943 Alexandrinus
1023 5899 1147 5944 cum
1171 5891 1368 5944 uetera
1401 5881 1620 5958 quidem
1651 5883 1833 5940 omnia
1868 5880 2124 5956 [Egyptio
2157 5880 2392 5938 Macario
2439 5884 2584 5935 esset
2621 5874 2832 5943 similis,
2861 5873 2916 5932 in
2944 5872 3050 5930 hoc
3073 5879 3256 5926 tamen
3289 5860 3474 5932 dispar
