4004 6328
501 342 611 403 447
1555 335 1616 394 S.
1654 330 2012 393 BENEDICTI
2046 327 2339 389 ABBATIS
2374 316 2785 397 ANIANENSIS
3064 376 3071 383 .
3652 324 3772 385 648

502 460 609 516 fuit
632 455 778 529 quod
806 455 873 529 iis
896 453 989 525 qui
1021 465 1144 529 eum
1162 440 1561 529 conveniebant
1598 449 1827 529 hilarem
1865 445 2237 529 eijueundum
2266 457 2325 499 se
2353 444 2612 517 praebuit,
2652 450 2709 498 et
2732 438 3043 497 urbanitate
3068 438 3308 512 quadam
3334 436 3514 497 faceta
3539 438 3769 496 adoles-

505 516 748 589 centulos
773 526 843 583 ad
866 516 1222 605 monasticam
1248 521 1461 577 vivendi
1492 520 1831 590 disciplinam
1863 516 2067 571 allexit.

1521 612 1871 677 Sozomenus,
1900 610 2044 666 Hist.
2081 610 2230 676 eccl.,
2261 609 2354 663 lib.
2387 624 2470 676 III,
2501 626 2618 680 cap.
2644 608 2730 663 15.

573 711 759 768 Altero
787 724 920 766 vero
944 708 1213 763 Macarius
1245 706 1335 760 diu
1359 713 1481 776 post
1503 706 1788 775 presbyter
1816 701 2013 776 factus,
2039 699 2357 776 omniaiere
2378 699 2501 753 vitae
2533 714 2598 754 ac
2623 697 2920 776 disciplina:
2937 693 3246 776 severioris
3269 696 3531 776 exercitia
3558 710 3767 767 exper-

504 788 603 849 tus,
619 767 986 854 esuiquorum
1009 777 1265 834 nonnulla
1295 767 1409 846 ipse
1434 767 1782 844 excogitavit,
1807 773 2053 843 quaedam
2078 773 2146 827 ab
2168 771 2288 826 aliis
2310 769 2700 854 accepta'omni
2728 767 3037 838 perfectiori
3065 768 3226 824 modo
3250 767 3516 823 excoluit.

1378 863 1500 919 Vita
1522 863 1582 919 S.
1614 862 1927 926 Posthumii,
1961 878 2078 932 cap.
2109 860 2164 927 7,
2186 859 2277 915 lib.
2303 878 2321 915 I
2346 860 2411 915 de
2439 858 2575 914 Vitis
2602 852 2846 914 Patrum.

575 962 714 1018 Nota
735 959 878 1016 facta
899 965 982 1015 est
1009 964 1194 1013 sancto
1213 955 1471 1020 Macario,
1514 954 1721 1009 scilicet
1746 952 1893 1009 beati
1916 951 2137 1006 Antonii
2175 950 2471 1019 discipulo,
2501 950 2846 1006 conversatio
2884 949 3208 1005 Posthumii.
3237 949 3375 1005 Nam
3396 948 3539 1004 idem
3571 947 3767 1004 Haca-

507 1034 624 1095 rius
649 1032 717 1089 ab
744 1029 939 1088 illustri
963 1029 1081 1085 viro
1104 1026 1340 1084 Antonio
1361 1025 1751 1079 monachorum
1778 1021 1894 1078 fere
1919 1022 2159 1093 quinque
2187 1021 2355 1076 millia
2380 1028 2696 1091 susceperat
2717 1021 3086 1092 gubernanda.

1245 1118 1412 1173 Jonas
1442 1115 1602 1172 abbas
1624 1117 1680 1172 in
1718 1113 1838 1168 Vita
1865 1112 1923 1168 S.
1954 1112 2177 1168 Joannis
2202 1111 2562 1178 Reomaensis,
2595 1111 2687 1166 lib.
2729 1128 2769 1178 ι,
2800 1128 2918 1183 cap.
2944 1110 2997 1165 7.

580 1221 875 1293 Regressus
901 1232 1030 1293 ergo
1058 1215 1127 1273 ad
1153 1213 1436 1293 praefatum
1472 1209 1913 1293 locumstuduit
1933 1208 2110 1263 denuo
2138 1206 2376 1264 salubria
2418 1207 2670 1276 dogmata
2716 1205 2817 1262 sub
2852 1204 3089 1277 regulari
3132 1213 3343 1273 tenore,
3373 1219 3538 1277 quem
3565 1206 3769 1262 beatus

505 1282 774 1347 Macarius
797 1282 1175 1362 Egyptiorum
1201 1282 1398 1339 indidit
1425 1282 1707 1337 monachis
1733 1282 2068 1335 ministrare.
2594 1318 2598 1322 Α

1524 1369 1646 1424 Vita
1677 1367 1742 1424 S.
1771 1366 2046 1423 Philiberti
2076 1366 2301 1432 abbatis,
2332 1366 2473 1437 apud
2503 1365 2740 1422 Surium.

582 1471 818 1543 Legebat
840 1469 1081 1543 studiose
1103 1465 1289 1522 Basilii
1312 1462 1602 1520 nraeclaras
1630 1460 2067 1526 constitutiones,
2097 1453 2318 1515 Macarii
2349 1458 2630 1531 Regulam,
2667 1459 2944 1517 Benedicti
2973 1459 3213 1527 decreta,
3242 1460 3563 1517 Columbani
3608 1462 3776 1519 ἰηεά-
3871 1523 3883 1537 ,

505 1551 1148 1669 tutSaabibi:iiseiiiaziiictus
1166 1606 1508 1671 Anianensis,
1541 1612 1596 1660 et
1624 1601 1951 1672 Smaragdus
1981 1601 2148 1657 abbas
2186 1599 2384 1670 saepius
2405 1600 2546 1672 hanc
2574 1599 2797 1655 Macarii
2827 1600 3088 1671 Regulam
3114 1600 3305 1665 citant,
3353 1607 3410 1656 et
3434 1601 3612 1656 multa
3640 1603 3773 1662 inde

501 1685 679 1757 capita
705 1682 794 1739 ille
815 1682 870 1738 in
891 1679 1251 1735 Concordiam
1275 1677 1607 1749 regularum,
1641 1673 1729 1730 hic
1756 1673 1811 1728 in
1828 1671 2244 1741 Expositionem
2271 1671 2471 1743 regulae
2495 1672 2670 1727 sancti
2699 1672 2976 1727 Benedicti
3007 1672 3401 1727 transcribunt.

516 1808 3452 1842 _______________________—____________.__.

1142 1898 1651 1963 OBSERVATIO
1692 1894 2016 1959 CRlTlCA
2056 1893 2140 1954 IN
2182 1888 2570 1954 REGULAM
2610 1889 3106 1965 SEQUENTEM.

579 2136 764 2212 Plures
790 2134 917 2191 olim
947 2134 1519 2212 exstiteruntabbates
1546 2132 1790 2212 Macarii,
1823 2138 1986 2212 atque
2006 2129 2123 2212 jam
2150 2144 2315 2212 supra
2345 2128 2399 2184 in
2419 2129 2631 2212 Regula
2660 2128 2973 2212 Serapionis
3001 2133 3109 2212 duo
3143 2134 3451 2212 specialiter
3477 2134 3781 2212 nominari.

501 2218 613 2273 tur,
662 2207 731 2261 ad
771 2221 1002 2276 quorum
1046 2206 1449 2262 distinctionem
1493 2203 1653 2276 hujus
1700 2200 1919 2276 Regulae
1948 2208 2137 2276 aucior
2173 2200 2380 2276 dicitur
2419 2200 2687 2256 Macarius
2729 2200 3325 2276 Aiexandrinus,:quia
3364 2206 3554 2276 forsan
3588 2209 3652 2263 in
3686 2212 3780 2266 illa

501 2270 720 2335 civitate
748 2270 908 2332 natus
932 2276 1017 2331 vel
1057 2276 1318 2332 educatus
1354 2282 1505 2341 erat,
1544 2270 1868 2345 priusquam
1898 2271 1953 2325 in
1992 2271 2339 2345 solitudinem
2378 2270 2848 2345 secesserat.‘___ﬂic
2883 2279 2967 2328 est
3001 2289 3131 2345 ergo
3167 2270 3436 2331 Macarius
3466 2276 3559 2332 ille
3586 2282 3781 2337 sancti

502 2348 722 2403 Antonii
755 2347 1080 2416 discipulus,
1112 2345 1199 2401 cui
1228 2344 1464 2416 moriens
1492 2340 1595 2398 hic
1619 2340 1999 2416 sanctissimus
2020 2340 2328 2416 abbas_fere
2357 2340 2597 2416 quinque
2622 2340 2860 2416 inillium
2879 2340 3278 2416 monachorum
3304 2346 3551 2415 regimen
3583 2348 3647 2402 in
3681 2349 3775 2405 Ni-

503 2419 622 2474 triae
642 2409 976 2472 monasterio
1001 2415 1246 2483 reliquit,
1283 2416 1331 2469 si
1358 2413 1492 2469 ﬁdes
1534 2413 1744 2468 auctori
1788 2412 1924 2483 Vita:
1965 2411 2139 2483 sancti
2178 2409 2480 2483 Posthumii
2512 2409 2814 2483 adhibenda
2847 2412 2937 2466 sit.
2990 2411 3104 2483 Hoc
3131 2428 3299 2468 unum
3333 2409 3546 2471 eértum
3574 2427 3675 2473 est
3703 2436 3774 2477 ex

504 2486 744 2542 Historia
763 2485 1050 2555 Lausiaca,
1076 2480 1225 2555 quod
1247 2491 1467 2555 sanctus
1491 2483 1758 2555 Macarius
1784 2480 2498 2555 Alexandrinusaliquando
2523 2481 2769 2546 visitans,
2802 2490 3046 2555 sanctum
3072 2482 3364 2555 Antonium
3402 2486 3681 2555 invisens,
3708 2492 3779 2547 ab

501 2556 594 2628 ille
624 2557 739 2611 haec
762 2554 931 2628 verba
959 2549 1196 2608 audierit
1220 2567 1234 2606 :
1271 2552 1484 2628 c_Video
1509 2552 1653 2623 quod
1684 2560 1903 2628 sanctus
1929 2550 2245 2628 Spiritusin
2274 2549 2327 2606 te
2354 2549 2609 2628 resides},
2642 2552 3075 2628 teq_ue_dein_ceps
3096 2562 3156 2608 ut
3188 2554 3429 2610 omnium
3455 2549 3780 2628 gratiarum

502 2642 534 2681 a
563 2627 673 2682 Deo
699 2626 835 2681 mihi
865 2638 1244 2696 concessarum
1292 2619 1891 2696 baerederii_aspieiam.
1924 2642 1942 2673 ι
1969 2619 2055 2696 Ἱῃ
2078 2621 2265 2675 eadem
2296 2619 2779 2696 quoque_Histori_a
2806 2619 3067 2696 Lausiaéa
3089 2631 3343 2696 narratur
3365 2619 3510 2696 quo'd
3544 2638 3778 2685 mortuo

502 2704 692 2752 sancto
716 2695 950 2750 Antonio
974 2694 1064 2749 hic
1088 2700 1272 2749 noster
1298 2701 1515 2748 sanctus
1546 2690 1829 2755 Macarius,
1856 2691 2204 2747 consulturus
2228 2700 2474 2747 sanctum
2500 2690 2873 2755 Pachomium,
2904 2690 3211 2759 incognitus
3232 2690 3529 2750 accesserit
3551 2696 3783 2755 Taben-

501 2782 605 2821 nas
632 2766 687 2821 in
713 2765 1007 2829 Thebaide,
1041 2764 1133 2819 ubi
1162 2762 1342 2833 aliquo
1370 2771 1611 2834 tempore
1639 2770 1882 2834 moratus
1912 2761 2349 2834 tantavirtutum
2373 2760 2672 2834 specimina
2702 2761 2893 2834 edidit,
2925 2762 3389 2834 u_t_Tabennarum
3413 2764 3588 2822 abbas
3626 2769 3778 2825 divi-

506 2837 656 2918 uitiis
687 2837 865 2918 ipsum
887 2830 1292 2918 agnoscensz'ei
1316 2830 1520 2916 gratias
1544 2833 1716 2905 egerit
1734 2848 1833 2918 pro
1860 2832 2115 2918 exhibitis
2132 2830 2435 2918 monachis
2450 2831 2562 2918 suis
2584 2831 3082 2918 iamisirigularibus
3101 2834 3439 2918 abstinentiae
3467 2838 3782 2918 omnisque

579 2901 857 2977 rfectionis
880 2901 1160 2977 eiemplis.
1191 2901 1341 2977 Hine
1360 2904 1558 2977 mirum
1580 2901 1819 2977 honest
1833 2902 1978 2977 quod
2004 2902 2214 2977 antiqui
2232 2910 2559 2977 praesentem
2584 2902 2768 2977 sancti
2783 2901 3006 2977 Macarii
3032 2903 3294 2977 Regulam
3326 2903 3381 2960 in
3406 2914 3559 2962 tanto
3587 2901 3782 2977 pretio

579 2921 857 2962 HCCIIOI’IIS
880 2921 1160 2974 exemptis.
1191 2921 1331 2959 mne
1360 2921 1558 2958 mirum
1589 2921 1697 2959 non
1725 2921 1808 2959 εει
1833 2921 1978 2972 quoa
2004 2921 2214 2971 ειιιιψιι
2232 2921 2559 2973 prmsemem
2584 2921 2758 2955 sancu
2783 2921 3006 2957 macaru
3034 2921 3294 2974 neguram
3326 2921 3381 2960 Ill
3406 2921 3559 2962 tanto

502 2921 814 3042 gibuerint,
845 2988 1076 3042 eamque
1103 2974 1479 3031 Occidentales
1510 2973 1763 3029 monachi
1806 2974 1860 3027 in
1898 2971 2287 3029 eelebrioribus
2320 2972 2434 3027 suis
2454 2972 2801 3042 monasteriis
2829 2972 3191 3028 excoluerint.
3235 2974 3328 3030 Sic
3351 2985 3573 3031 sanctus
3601 2977 3786 3034 Joan-

502 3060 623 3111 nes,
649 3041 963 3102 monasterii
987 3041 1315 3101 Reomensis
1352 3045 1562 3114 primus
1605 3043 1774 3114 abbas
1811 3050 1868 3114 et
1909 3043 2188 3114 fundator,
2234 3043 2332 3098 sub
2351 3042 2514 3114 serti
2545 3041 2730 3114 sterculi
2760 3043 3003 3114 exordio,
3031 3058 3096 3114 ex
3129 3044 3486 3102 celeberrimo
3512 3051 3786 3106 emnobio

502 3115 793 3187 Lirinensi
817 3116 874 3187 in
912 3130 1091 3187 suam,
1119 3131 1314 3170 novam
1351 3110 1652 3187 abbatiam_
1658 3112 1974 3187 introduxit
2019 3113 2163 3187 hanc
2192 3111 2379 3187 sancti
2412 3110 2632 3187 Macarii
2668 3111 3019 3187 Alexandrini
3045 3113 3306 3187 Reguiam
3326 3155 3342 3180 ,
3374 3125 3538 3187 prout
3560 3117 3629 3187 in
3659 3121 3785 3187 ejus

503 3186 626 3241 Vita
656 3186 799 3256 apud
822 3184 1212 3256 Mabillonium,
1237 3194 1368 3239 tom.
1393 3183 1438 3249 l,
1468 3200 1592 3256 pag.
1623 3182 1747 3256 655,
1769 3185 1847 3256 Ade
1873 3181 2077 3238 sanctis
2104 3180 2587 3256 Benedictinis,_(_le
2611 3183 2714 3256 hoe
2741 3191 2930 3256 saneto
2964 3180 3172 3256 Joanne
3200 3180 3465 3255 legimus:
3508 3205 3528 3238 ι
3551 3180 3789 3244 ὃῑηᾶαἰι

507 3251 830 3326 denuo'ipse
876 3255 1112 3327 salubria
1139 3256 1391 3327 dogmata
1419 3251 1519 3309 sub
1548 3251 1791 3327 regulari
1829 3262 2045 3327 ienore,
2084 3268 2248 3322 quem
2276 3253 2466 3327 matus
2495 3251 2766 3327 Macarius
2810 3251 3204 3327 Egyptiorum
3230 3251 3427 3327 indidit
3458 3260 3783 3326 monachis,

503 3321 837 3405 ministrare.
857 3346 888 3405 ⁵ι
929 3324 1041 3381 Nec
1065 3321 1630 3405 sane'desuntm'agni
1647 3323 1884 3378 nominis
1914 3321 2165 3405 auciores
2194 3322 2503 3405 apud‘saepie
2541 3321 3158 3405 laudatum_.Caline_tum
3193 3325 3395 3405 in_suis
3421 3321 3788 3405 Observatio;

506 3395 669 3451 nibus
696 3395 901 3451 criticis
924 3436 939 3461 ,
986 3395 1079 3465 qui
1122 3395 1437 3450 existimant
1487 3391 1802 3465 Lirinenses
1830 3394 2126 3465 monachos
2146 3392 2285 3465 hane
2311 3391 2583 3465 Regulam
2605 3392 2883 3465 cum‘aliis
2904 3402 3219 3449 sanctorum
3253 3395 3476 3452 Patrum
3507 3399 3791 3456 institutis

505 3465 575 3520 ab
605 3465 828 3521 exordio
856 3460 1090 3521 emnobii
1127 3465 1465 3530 observasse,
1497 3478 1624 3517 nam
1646 3463 1792 3534 nulla
1831 3462 1936 3517 alia
1965 3462 2217 3532 specialis
2232 3460 2446 3534 Regula
2475 3460 2674 3516 ibidem
2702 3462 3312 3534 observatareperitur;
3346 3466 3523 3522 donec
3550 3477 3788 3526 sanctus

503 3534 804 3608 Aigulphus
848 3536 1020 3608 Lirini
1058 3535 1228 3608 abbas
1252 3534 1515 3608 Regulam
1560 3533 1735 3608 sancti
1764 3531 2044 3608 Benedicti
2058 3531 2366 3608 introduxit
2389 3531 2534 3608 circa
2568 3547 2777 3608 annum
2797 3531 2935 3608 661ῘΔ
2965 3531 3037 3588 Ut
3062 3531 3125 3588 ut
3151 3535 3266 3608 btec
3288 3536 3420 3602 sint,
3456 3537 3566 3593 hoc
3598 3555 3784 3594 unum

506 3601 719 3676 cei-tuin
742 3614 830 3661 est
861 3606 1008 3676 quod
1053 3601 1436 3676 sanctissimus
1476 3602 2336 3676 monachorumpccidentalium
2381 3601 2694 3676 patriarcha
2739 3601 3064 3676 Benedictus
3099 3618 3169 3676 ex
3212 3604 3316 3661 hac
3340 3608 3516 3662 sancti
3547 3608 3787 3665 Macarii

510 3674 798 3756 Regulajn
829 3671 983 3731 suam
1014 3674 1247 3756 plurima
1285 3674 1597 3756 inseruerit,
1623 3682 1785 3756 prout
1811 3672 2032 3756 cuilibet
2059 3681 2350 3756 utramque
2381 3671 2645 3756 Regulam
2680 3673 2941 3756 atteniius
2968 3672 3168 3756 legenti
3204 3677 3507 3756 apparebit.
3546 3678 3789 3756 interea

507 3742 706 3817 prcéter
728 3745 868 3800 hanc
894 3742 1050 3800 suam
1072 3745 1336 3817 Regulam
1356 3744 1586 3817 triginta
1612 3742 1697 3799 sat
1719 3743 1997 3817 brevibus,
2018 3745 2112 3800 sed
2136 3743 2385 3817 nervosis
2404 3742 3041 3817 capitibu_s_constauten_t
3063 3742 3288 3817 scripsit
3307 3746 3470 3801 etiam
3492 3748 3566 3802 ad
3592 3765 3791 3805 mm

508 3811 641 3870 chos
668 3817 1018 3883 instruendos
1043 3811 1341 3885 epistolam
1356 3811 1459 3885 hic
1476 3814 1769 3879 insertam,
1801 3816 1854 3868 in
1890 3829 2029 3884 qua,
2060 3813 2200 3885 styio
2232 3811 2464 3885 figurato
2492 3820 2548 3867 et
2586 3812 2652 3866 ad
2680 3812 2973 3885 Proverbia
3004 3811 3308 3870 Salomonis
3338 3818 3667 3885 accedente,
3699 3835 3789 3875 re-

507 3885 797 3957 periuntur
843 3882 1039 3957 pauca,
1071 3882 1167 3941 sed
1199 3884 1719 3957 egregiapraacepta
1761 3882 1966 3957 contra
1997 3882 2212 3956 gulam,
2262 3882 2652 3957 impuritatem,
2690 3883 2976 3938 avaritiam
3003 3891 3060 3939 et
3086 3885 3402 3942 vanitatem.
3445 3882 3792 3946 Exis'tirhant

510 3954 755 4008 nonnulli
785 3953 1033 4024 quaedam
1059 3963 1169 4011 tam
1195 3953 1257 4010 iri
1275 3953 1479 4025 Regula
1511 3953 1671 4026 quam
1696 3954 1753 4008 in
1775 3953 2098 4024 epistola'ex
2128 3961 2318 4009 saneto
2338 3953 2664 4025 Hieronymo
2686 3960 2931 4039 mutuata
2966 3968 3107 4011 esse.

544 4086 3785 4114 mm

1252 4174 1690 4259 INCIPIT
1764 4173 2259 4260 REGULA
2299 4174 2403 4258 ~s.
2483 4173 3030 4274 MACARII,

1075 4333 1200 4416 Qui
1230 4334 1452 4398 habuit
1480 4334 1593 4397 sub
1628 4335 2032 4400 ordinatione
2065 4354 2182 4398 sua
2209 4338 2483 4421 quinque
2512 4335 2715 4401 millia
2739 4336 3203 4401 monachorum.

584 4564 627 4620 1.
667 4564 865 4620 Milites
892 4579 1022 4637 ergo
1044 4564 1248 4623 Christi
1272 4567 1352 4624 sic
1376 4568 1558 4626 taliter
1580 4585 1709 4627 suos
1727 4570 1926 4627 debent
1947 4584 2097 4627 com-
2123 4574 2176 4635 Α
2200 4570 2431 4643 quisque
2453 4571 2706 4628 omnibus
2727 4587 2786 4628 se
2804 4570 3115 4630 inferiorem
3141 4580 3493 4633 contemnat:
3526 4578 3676 4646 Quia
3700 4585 3793 4656 qui

512 4677 717 4736 ponere
763 4677 981 4733 gressus
1004 4702 1020 4729 ,
1064 4663 1388 4721 cbaritatem
1436 4666 1494 4720 in
1540 4680 1599 4721 se
1640 4666 2094 4738 perfectissimam
2198 4682 2253 4720 se
2280 4665 2496 4732 exultat,
2530 4664 2929 4732 humiliabitur;
2967 4675 3015 4722 et
3061 4667 3151 4739 qui
3196 4684 3252 4723 se
3284 4669 3553 4739 Itumiliat,
3591 4677 3796 4733 mlta-

513 4753 878 4818 continentes,
906 4751 1075 4807 Deum
1116 4770 1181 4809 ex
1215 4763 1323 4809 tota
1347 4754 1526 4810 anima
1547 4754 1785 4826 diligere,
1812 4763 1860 4811 et
1898 4771 1963 4811 ex
1990 4765 2094 4812 toto
2202 4756 2343 4812 bitur
2372 4757 2526 4829 (Luc.
2551 4757 2686 4830 xiv).

515 4846 696 4914 corde,
722 4853 771 4900 et
799 4861 864 4900 ex
892 4852 1005 4899 tota
1028 4846 1218 4900 virtute
1242 4863 1340 4901 sua
1362 4846 1556 4918 (Marc.
1583 4846 1706 4920 xu).
2272 4846 2364 4902 IV.
2404 4846 2740 4919 Prarceptum
2805 4849 3037 4905 senioris
3079 4859 3142 4905 ut
3193 4851 3423 4908 salutem
3475 4855 3792 4927 suscipias;

588 4939 651 4995 ll.
693 4939 927 4995 Invicem
959 4937 1102 4994 inter
1123 4937 1649 5010 seperfectissimam
1675 4948 1945 4998 sectantes
1964 4942 2097 4999 obe—
2203 4953 2313 4995 non
2343 4939 2734 4995 murmurando
2751 4940 2916 4995 ullam
2951 4956 3171 5013 operam
3193 4939 3397 4999 facias:
3428 4958 3541 5000 non
3571 4960 3800 5020 respon-

517 5031 775 5088 dientiam
796 5071 811 5098 ,
861 5029 1108 5102 paciﬁci,
1156 5031 1348 5097 mites,
1395 5030 1695 5098 moderati,
1726 5048 1833 5089 non
1857 5032 2096 5104 superbi,
2206 5031 2415 5088 sionem
2447 5040 2634 5087 contra
2657 5039 2987 5103 praeceptum
3012 5047 3259 5103 usurpes.

516 5138 624 5179 non
666 5122 943 5195 injuriosi,
995 5138 1105 5179 non
1145 5128 1500 5191 susurrones,
1540 5139 1650 5180 non
1679 5125 1961 5192 irrisores,
1992 5142 2101 5182 non
2279 5123 2342 5177 ν.
2382 5121 2499 5177 Νοη
2541 5130 2596 5178 te
2641 5123 2902 5189 extollas,
2940 5132 3035 5178 aut
3061 5123 3375 5194 magniﬁces
3410 5125 3650 5197 aliquam
3694 5129 3801 5187 uti-

517 5214 757 5281 verbosi,
793 5231 900 5271 non
928 5216 1341 5288 prazsumptuosi
1360 5258 1376 5285 ,
1408 5232 1516 5275 non
1547 5217 1650 5274 sibi
1680 5218 1977 5288 placentes,
2006 5219 2103 5275 sed
2206 5212 2313 5269 lem
2336 5227 2557 5282 operam
2588 5211 2786 5269 fecisse
2811 5231 2825 5268 :
2856 5229 2962 5269 non
2993 5215 3046 5268 in
3070 5215 3401 5284 acquirendo
3430 5216 3636 5287 aliquid
3661 5219 3796 5277 lucri

520 5308 633 5364 Deo
655 5307 742 5362 cui
770 5307 1005 5364 militant
1035 5310 1254 5366 Christo
1278 5325 1293 5365 :
1331 5325 1441 5366 non
1473 5310 1865 5379 blasphemiam
1894 5318 2105 5367 sectan-
2210 5307 2572 5378 congaudeas,
2601 5314 2695 5361 aut
2728 5307 2783 5361 in
2810 5307 3011 5363 damno
3035 5294 3392 5364 contristeris.

522 5407 645 5464 tes,
686 5413 789 5454 nec
837 5400 1078 5458 dicentes
1126 5403 1423 5474 quidquam
1467 5405 1669 5474 prater
1713 5403 1859 5472 quod
1906 5404 2107 5459 bonum
2282 5398 2370 5454 Vl.
2410 5397 2525 5453 Non
2555 5408 2609 5453 te
2647 5397 2987 5455 familiaritas
3009 5399 3117 5456 ulla
3158 5401 3435 5457 sarculatis
3466 5403 3671 5467 trahat,
3706 5402 3798 5458 sed

520 5501 644 5551 est:
678 5494 747 5548 ad
789 5494 1105 5564 obsequium
1128 5512 1237 5552 non
1263 5495 1437 5567 pigri,
1469 5494 1537 5549 ad
1573 5495 1872 5551 orationem
1908 5497 2104 5567 parati,
2210 5499 2325 5549 tota
2369 5491 2657 5548 delectatio
2687 5499 2778 5547 tua
2817 5492 2870 5547 in
2902 5492 3094 5551 cellula
3123 5495 3455 5551 demoretur.
3507 5495 3719 5552 Cellam
3744 5509 3799 5549 ut

521 5585 578 5641 in
625 5584 931 5641 humilitate
982 5588 1242 5658 perfecti,
1293 5588 1349 5643 in
1392 5586 1697 5643 obedientia
1721 5589 2020 5658 praecincti,
2052 5590 2107 5645 in
2207 5584 2520 5655 paradisum
2543 5583 2776 5650 habeas;
2816 5582 3016 5642 fratres
3042 5594 3165 5642 tuos
3196 5586 3508 5656 spirituales
3549 5597 3609 5642 ut
3637 5595 3799 5641 aeter-

519 5677 726 5752 vigiliis
751 5676 1035 5747 instantes,
1073 5681 1128 5736 in
1149 5679 1354 5751 jejunio
1387 5679 1607 5736 hilares.
2208 5696 2308 5738 nos
2336 5679 2578 5736 confidas
2613 5678 2814 5735 habere
2846 5689 3115 5752 parentes.

596 5763 685 5825 111.
720 5763 917 5827 Nullus
946 5782 1006 5828 se
1028 5768 1135 5833 alio
1158 5768 1447 5843 iustiorem
1472 5769 1798 5842 arbitretur;
1827 5772 1922 5832 sed
1942 5778 2107 5833 causa
2282 5770 2388 5829 Vll.
2427 5770 2782 5843 Praepositum
2812 5774 3129 5836 monasterii
3157 5775 3349 5836 timeas
3387 5783 3453 5834 ut
3484 5774 3792 5843 dentium,
