4004 6328
199 423 307 484 “9

874 420 1099 483 CODEX
1134 423 1272 484 REG
1281 422 1590 484 ULARUM.
1630 428 1702 468 -'-
1737 421 1920 483 PARS
1955 423 1998 482 I.
2039 421 2346 482 REGULE
2383 422 2490 483 PP.
2524 421 2796 482 ORIENT.

3342 425 3530 485 ὥθ’

200 537 395 610 diligas
425 541 487 591 ut
505 539 804 606 parentem.
867 534 1129 594 Similiter
1150 553 1363 612 quoque
1381 555 1570 596 omnes
1605 554 1766 612 opor-
1792 544 1846 606 Α
1867 547 1922 596 et
1945 555 2015 595 ne
2045 547 2258 596 avertas
2305 540 2538 603 oculum,
2582 547 2676 594 aut
2717 540 2934 594 inanem
2972 536 3215 594 dimittas
3245 555 3448 612 paupe-

200 638 280 686 tet
309 628 528 700 diligere
551 626 770 695 fratres,
799 643 924 686 cum
951 631 1148 701 quibus
1171 631 1336 687 etiam
1359 641 1410 688 te
1435 631 1663 689 conﬁdis
1685 633 1768 688 vi-

198 724 328 779 dere
353 722 579 793 gloriam
609 721 828 778 Christi.

272 813 399 869 VIII.
445 814 568 869 Non
619 815 790 870 oderis
826 815 1144 871 laboriosam
1180 832 1391 888 operam
1434 816 1602 889 (Eccl.
1631 816 1769 884 vn);

194 910 367 965 otium
395 924 608 980 quoque
635 925 704 964 ne
748 917 986 966 sectatus
1031 909 1216 964 fueris.
1277 910 1338 964 In
1370 911 1566 982 vigiliis
1587 909 1773 966 confe-

195 1009 336 1065 ctus,
368 1002 424 1053 in
453 1014 616 1070 opere
636 999 786 1069 justo
812 999 1057 1066 affectus,
1087 1001 1370 1056 ambulans
1394 1001 1548 1070 quasi
1573 1001 1776 1055 dormi-

194 1099 343 1156 tans,
369 1090 543 1145 lassus
569 1092 637 1145 ad
665 1100 895 1146 stratum
925 1102 1073 1147 tuum
1096 1092 1302 1158 venias,
1329 1100 1530 1148 etcum
1557 1091 1773 1148 Christo

193 1183 538 1252 requiescere
569 1191 620 1238 te
645 1184 856 1238 credas.

264 1272 358 1328 IX.
399 1273 737 1343 Cursumque
780 1275 1093 1330 monasterii
1141 1290 1302 1347 super
1337 1275 1519 1332 omnia
1558 1275 1772 1346 diligas.

195 1362 298 1430 Qui
325 1379 453 1418 vero
479 1365 674 1434 saapius
695 1381 854 1420 orare
880 1367 1146 1434 voluerit,
1187 1368 1496 1424 uberiorem
1536 1367 1774 1424 inveniet

193 1455 626 1516 misericordiam
655 1456 877 1513 Christi.

267 1547 332 1602 X.
371 1549 739 1620 Matutinoque
777 1551 918 1606 dicto
947 1552 1038 1606 .ita
1086 1552 1490 1608 meditationem
1536 1551 1778 1606 habeant

190 1639 393 1698 fratres
426 1659 598 1714 usque
634 1645 702 1700 ad
735 1645 925 1700 horam
959 1647 1292 1701 secundam:
1331 1645 1378 1702 si
1408 1653 1586 1699 tamen
1626 1643 1776 1698 nulla

193 1751 361 1793 causa
383 1738 676 1803 exstiterit,
723 1754 832 1808 qua
864 1754 1088 1796 necesse
1115 1740 1189 1794 sit
1217 1739 1383 1794 etiam
1407 1736 1776 1809 praetermissa

194 1833 546 1888 meditatione
576 1833 780 1902 aliquid
811 1834 930 1889 ﬁeri
956 1835 1010 1888 in
1035 1849 1338 1888 commune.

270 1922 360 1980 XI.
399 1924 532 1981 Post
575 1925 767 1980 horam
799 1940 929 1980 vero
975 1925 1265 1981 secundam
1309 1923 1680 1994 unusquisque
1710 1921 1779 1976 ad

192 2029 333 2086 opus
361 2031 521 2070 suum
561 2023 785 2086 paratus
815 2016 889 2070 sit
911 2031 1084 2084 usque
1127 2016 1193 2068 ad
1214 2016 1430 2068 'horam
1460 2027 1681 2077 nonam,
1721 2017 1782 2064 ut

192 2110 459 2181 quidquid
486 2109 785 2180 injunctum
811 2109 1006 2174 fuerit,
1042 2110 1152 2163 siue
1186 2108 1600 2160 murmuratione
1621 2103 1780 2175 per/i-

189 2199 326 2264 ciat,
357 2200 500 2254 sicut
528 2201 658 2255 dicit
688 2208 910 2254 sanctus
933 2197 1202 2268 apostolus
1233 2194 1400 2268 (Phil.
1433 2195 1519 2267 ιι).

272 2290 388 2344 XII.
428 2290 486 2344 Si
517 2291 637 2360 quis
657 2299 837 2346 autem
875 2287 1322 2352 murmuraverit,
1361 2286 1444 2340 vel
1471 2285 1778 2340 contentio-

188 2395 296 2435 sus
316 2381 610 2447 exstiterit,
638 2389 731 2436 aut
766 2380 1005 2436 referens
1035 2381 1092 2434 in
1117 2379 1300 2448 aliquo
1329 2377 1662 2433 contrariam
1694 2391 1782 2430 vo-

187 2467 463 2523 luntatem
494 2471 807 2540 praeceptis,
855 2470 1016 2540 digne
1047 2476 1329 2538 correptus
1366 2467 1663 2521 secundum
1693 2481 1780 2520 ar-

189 2559 421 2615 bitrium
446 2561 678 2616 senioris
702 2560 786 2615 vel
813 2561 1031 2615 modum
1058 2558 1249 2628 culpae,
1275 2559 1462 2612 tandiu
1486 2557 1778 2622 abstineat,

191 2651 440 2722 quandiu
468 2651 551 2707 vel
578 2652 749 2722 culpae
786 2651 1017 2722 qualitas
1040 2651 1374 2722 poposcerit,
1411 2650 1496 2705 vel
1519 2666 1576 2706 se
1600 2651 1780 2722 poeni-

191 2743 364 2798 tendo
387 2742 753 2799 humiliaverit
777 2783 793 2809 ,
835 2743 919 2798 vel
960 2743 1359 2808 emendaverit;
1398 2741 1472 2796 ita
1498 2749 1558 2797 ut
1596 2756 1780 2797 corre-

189 2841 325 2904 ptus
353 2849 461 2888 non
491 2834 688 2890 audeat
715 2849 944 2904 usquam
973 2834 1233 2889 recidere.

274 2924 408 2982 XIII.
451 2927 510 2983 Si
539 2929 660 2998 quis
689 2927 878 2995 frater,
916 2930 1001 2984 vel
1029 2930 1120 3000 qui
1166 2930 1221 2984 in
1245 2930 1484 2985 oratorio
1518 2937 1665 2995 sunt,
1693 2928 1781 2984 vel

190 3021 294 3093 qui
322 3037 419 3092 per
461 3023 684 3079 cellulas
721 3025 1064 3092 consistunt,
1116 3027 1424 3098 quicunque
1456 3026 1573 3097 ejus
1605 3027 1780 3083 errori

189 3114 558 3180 consenserit,
588 3115 874 3186 culpabilis
895 3115 1020 3171 erit.

276 3206 412 3262 XIV.
452 3208 534 3262 Ad
582 3207 774 3264 horam
827 3224 958 3265 vero
1003 3209 1270 3266 orationis
1319 3209 1445 3266 dato
1481 3209 1655 3280 signo,
1686 3207 1780 3278 qui

190 3316 309 3356 non
335 3302 516 3356 statim
538 3304 907 3373 praetermisso
931 3304 1079 3359 omni
1113 3318 1275 3374 opere
1312 3303 1455 3372 quod
1487 3303 1599 3372 agit
1622 3315 1783 3370 para-

191 3401 292 3447 tus
321 3391 507 3460 fuerit,
535 3393 683 3450 foras
707 3395 1060 3461 excludatur,
1101 3402 1162 3449 ut
1187 3393 1511 3459 erubescat;
1541 3391 1667 3462 quia
1694 3391 1781 3446 ni-

192 3482 279 3540 hil
306 3486 537 3541 orationi
569 3487 988 3557 praeponendum
1017 3496 1122 3543 est.

273 3574 395 3630 XV.
435 3575 660 3646 Operam
695 3577 806 3632 Deo
834 3579 1036 3634 dabunt
1073 3577 1272 3648 singuli
1311 3575 1509 3632 fratres
1542 3583 1785 3646 tempore

200 3682 320 3738 quo
349 3667 526 3722 missae
550 3669 602 3722 in
625 3669 822 3740 vigiliis
843 3670 1192 3744 observandis
1228 3668 1396 3734 ﬁunt,
1426 3667 1640 3737 quando
1670 3682 1786 3721 om-

198 3773 310 3812 nes
335 3759 694 3824 conveniunt,
729 3775 796 3814 ne
846 3760 1118 3815 deﬁciant.
1172 3757 1491 3827 Quicunque
1531 3764 1788 3826 gravatur

195 3863 399 3904 somno
425 3889 440 3915 ,
492 3858 649 3904 exeat
682 3849 862 3917 foras,
906 3865 1014 3904 non
1056 3865 1114 3904 se
1158 3848 1356 3904 fabulis
1397 3856 1662 3916 occupet:
1693 3847 1786 3903 sed

195 3938 387 3994 statim
413 3940 598 3995 redeat
619 3941 685 3996 ad
710 3955 864 4010 opus,
893 3955 1002 4011 quo
1023 3941 1361 3996 convenitur.
1401 3938 1459 3993 In
1495 3953 1788 4010 congrega-

195 4028 348 4082 tione
391 4037 571 4085 autem
600 4029 716 4100 ipsa
745 4029 833 4084 ubi
875 4029 1089 4100 legitur,
1129 4043 1290 4084 aures
1321 4042 1532 4098 semper
1561 4029 1628 4084 ad
1654 4027 1788 4083 scri—

195 4128 400 4190 pturas
428 4121 687 4187 habeant,
725 4130 782 4179 et
807 4122 1082 4177 silentium
1111 4120 1419 4177 observent.

275 4232 414 4287 XVI.
454 4232 569 4290 Hoc
610 4235 776 4290 etiam
811 4233 1194 4289 attendendum
1238 4231 1372 4298 fuit,
1405 4240 1469 4287 ut
1501 4231 1673 4287 frater
1694 4231 1788 4301 qui

195 4339 304 4395 pro
331 4325 573 4395 qualibet
609 4326 765 4397 culpa
799 4326 1047 4397 arguitur
1090 4324 1175 4379 vel
1205 4319 1545 4393 increpatur,
1581 4322 1789 4393 patien-

199 4417 336 4471 tiam
379 4416 576 4472 habeat
635 4424 692 4472 et
747 4432 852 4472 non
907 4415 1228 4486 respondeat
1267 4413 1514 4485 arguenti
1555 4428 1642 4479 se;
1696 4412 1792 4467 sed

198 4504 454 4560 humiliet
501 4521 560 4562 se
589 4506 643 4560 in
687 4506 941 4561 omnibus
962 4546 976 4569 ,
1011 4505 1306 4560 secundum
1331 4512 1658 4574 praeceptum
1687 4502 1788 4556 Do-

1873 645 2026 687 rem:
2056 646 2124 687 ne
2165 632 2306 688 forte
2349 631 2608 687 Dominus
2651 631 2706 684 in
2734 630 2947 701 hospite
2989 638 3081 684 aut
3123 629 3179 685 iu
3206 645 3448 702 paupere

1873 725 1942 780 ad
1972 733 2022 779 te
2044 725 2247 792 veniat,
2285 734 2342 780 et
2379 726 2560 780 videat
2597 731 2651 778 te
2675 723 3032 788 litesitantem,
3058 729 3113 777 et
3137 728 3453 777 contemna-

1872 817 1978 882 ris;
2016 815 2112 870 sed
2152 817 2404 872 omnibus
2451 815 2679 870 hilarem
2733 822 2788 870 te
2829 813 3084 878 ostende,
3126 821 3182 867 et
3219 812 3453 870 ﬁdeliter

1875 925 1993 980 age.

1942 1023 2084 1078 XXI.
2122 1021 2320 1078 Passus
2342 1020 2592 1090 injuriam
2618 1019 3086 1092 taceas.Injuriam
3113 1017 3314 1084 facere,
3339 1033 3447 1075 non

1873 1128 2036 1169 nosse
2057 1153 2074 1179 ,
2117 1111 2316 1168 factam
2351 1127 2512 1183 posse
2552 1111 2806 1166 tolerare.
2847 1109 2962 1164 Non
2995 1118 3048 1164 te
3081 1109 3262 1164 inania
3295 1109 3453 1164 sedu-

1875 1212 2002 1259 cant
2051 1203 2300 1266 consilia,
2351 1203 2446 1257 sed
2488 1201 2661 1272 magis
2707 1209 2760 1255 te
2800 1198 3103 1270 specialiter
3151 1198 3204 1251 in
3236 1196 3454 1252 Christo

1877 1294 2162 1352 conﬁrma.
2202 1292 2319 1348 Non
2342 1293 2438 1347 tibi
2464 1293 2703 1348 aestimes
2725 1291 2862 1346 ullos
2886 1289 3247 1360 proximiores
3268 1300 3457 1358 paren-

1876 1396 1962 1443 tes
1991 1399 2154 1454 quam
2183 1384 2276 1452 qui
2306 1392 2486 1438 tecum
2509 1391 2634 1436 sunt
2662 1381 2717 1434 in
2745 1379 2939 1436 cellula
2967 1379 3184 1434 fratres.

1947 1495 2113 1551 XXII.
2154 1495 2210 1550 Si
2259 1496 2327 1550 ad
2369 1495 2675 1551 necessaria
2705 1493 3028 1564 requirenda
3060 1506 3092 1548 e
3125 1487 3455 1546 monasterio

1876 1587 1992 1644 bini
2021 1589 2369 1659 egrediantur
2389 1587 2474 1643 vel
2497 1587 2638 1642 terni
2666 1585 2886 1650 fratres,
2916 1584 3051 1640 tales
3079 1584 3231 1648 ﬁant,
3262 1579 3458 1650 quibus

1879 1677 2140 1745 creditur,
2191 1679 2284 1747 qui
2329 1678 2580 1733 timorem
2621 1677 2718 1732 Dei
2764 1678 2819 1730 in
2855 1691 2912 1730 se
2947 1675 3152 1730 habere
3180 1671 3454 1736 videntur,

1878 1782 1985 1822 non
2014 1768 2107 1837 qui
2127 1768 2514 1822 verbositatem
2543 1774 2638 1822 aut
2665 1766 2846 1838 gulam
2872 1771 3207 1836 spectantur.

1802 1905 1853 1964 Β
1949 1879 2134 1934 XXIII.
2175 1880 2316 1948 Ergo
2361 1881 2407 1935 si
2452 1880 2574 1950 quis
2618 1880 2683 1934 de
2725 1877 2922 1934 saeculo
2972 1877 3040 1931 ad
3068 1873 3460 1964 monasterium

1881 1969 2127 2024 converti
2173 1969 2448 2034 voluerit,
2487 1968 2692 2040 Regula
2736 1968 2786 2023 ei
2825 1965 3120 2022 introeunti
3147 1963 3379 2034 legatur,
3408 1967 3464 2014 et

1881 2075 2069 2115 omnes
2096 2066 2250 2113 actus
2277 2059 2590 2113 monasterii
2641 2058 2715 2112 illi
2759 2057 3037 2128 pateﬁant.
3075 2054 3179 2121 Qui
3210 2054 3256 2108 si
3281 2049 3466 2106 omnia

1884 2157 2010 2220 apte
2045 2150 2386 2216 sustinuerit,
2419 2150 2499 2204 sic
2524 2149 2686 2220 digne
2711 2163 2743 2202 a
2771 2148 3032 2202 fratribus
3055 2144 3384 2214 suscipiatur
3409 2140 3466 2195 in

1881 2240 2232 2294 monasterio.

1952 2345 2140 2403 XXIV.
2183 2345 2316 2399 Nam
2343 2346 2389 2400 si
2419 2346 2654 2416 aliquam
2690 2347 2746 2401 in
2771 2344 2962 2402 cellula
3001 2326 3233 2401 voluerit
3260 2342 3464 2398 inferre

1881 2439 2262 2504 substantiam,
2300 2439 2353 2492 in
2382 2453 2566 2492 mensa
2588 2446 2820 2507 ponatur
2847 2451 3032 2492 coram
3072 2436 3322 2489 omnibus
3359 2433 3470 2487 fra-
3553 2421 3558 2433 ’

1880 2531 2074 2598 tribus,
2104 2530 2251 2583 velut
2283 2529 2484 2601 Regula
2513 2532 2772 2585 continet.
2837 2529 2938 2597 Qui
2968 2529 3015 2583 si
3041 2537 3326 2598 susceptus
3351 2527 3470 2583 fue-

1879 2621 1972 2685 rit,
1998 2636 2107 2675 non
2130 2620 2306 2675 solum
2339 2620 2406 2674 de
2432 2619 2732 2674 substantia
2763 2635 2926 2690 quam
2957 2619 3161 2684 intulit,
3189 2619 3284 2674 sed
3304 2618 3468 2674 etiam

1879 2727 1984 2767 nec
2011 2712 2078 2767 de
2103 2728 2162 2767 se
2186 2713 2303 2786 ipso
2328 2711 2396 2766 ab
2424 2712 2514 2767 illa
2537 2712 2806 2782 iudicabit
2832 2713 2987 2767 hora.
3028 2711 3164 2766 Nam
3189 2711 3236 2766 si
3259 2710 3469 2782 aliquid

1878 2803 2033 2872 prius
2082 2803 2324 2873 erogavit
2376 2802 2724 2872 pauperibus,
2769 2812 2862 2857 aut
2886 2801 3109 2857 veniens
3139 2800 3194 2856 iu
3223 2799 3469 2856 cellulam
3533 2821 3552 2838 ο

1882 2890 2084 2961 aliquid
2118 2891 2299 2945 intulit
2329 2890 2620 2957 fratribus,
2659 2892 2762 2961 ipsi
2802 2901 2982 2946 tamen
3015 2907 3122 2946 non
3146 2899 3231 2948 est
3258 2890 3469 2946 licitum

1882 2989 1942 3034 ut
1963 2979 2165 3049 aliquid
2190 2981 2388 3036 habeat
2423 2981 2478 3035 in
2505 2995 2600 3035 sua
2624 2988 2910 3049 potestate.

1953 3091 2123 3149 XXV.
2165 3093 2232 3147 Et
2257 3093 2304 3148 si
2352 3108 2419 3148 ex
2463 3092 2707 3164 qualibet
2735 3107 2901 3149 causa
2930 3093 3168 3150 scandali
3210 3101 3333 3164 post
3359 3101 3472 3151 ter-

1884 3179 2019 3236 tium
2041 3183 2182 3240 diem
2212 3184 2336 3239 inde
2361 3185 2513 3241 exire
2540 3185 2792 3252 voluerit,
2819 3185 2956 3240 nihil
2976 3187 3192 3257 penitus
3215 3187 3470 3258 accipiat,

1809 3262 1854 3326 C
1884 3273 1989 3329 nisi
2021 3275 2076 3328 in
2124 3285 2276 3330 veste
2326 3293 2434 3347 qua
2480 3278 2645 3334 venit.
2701 3277 2938 3353 Quodsi
2982 3293 3113 3334 casu
3167 3279 3470 3344 transierit,

1885 3365 2066 3420 nullus
2091 3367 2390 3421 haeredium
2425 3366 2543 3434 ejus
2575 3369 2724 3424 adire
2761 3370 2972 3424 debeat.
3015 3369 3169 3436 Quod
3197 3369 3242 3424 si
3273 3367 3470 3439 impul-

1885 3473 2010 3512 sare
2045 3457 2312 3525 voluerit,
2368 3459 2576 3530 Regula
2631 3461 2682 3515 ei
2729 3461 2956 3532 legatur,
3007 3469 3064 3515 et
3109 3461 3474 3515 confundatur

1887 3548 2136 3616 turpiter,
2164 3558 2220 3602 et
2249 3549 2492 3604 discedat
2515 3548 2805 3618 confusus,
2842 3550 2970 3620 quia
2998 3557 3055 3604 et
3077 3549 3154 3604 illi
3183 3565 3216 3605 a
3241 3563 3350 3617 quo
3379 3563 3471 3604 re-

1884 3639 2020 3708 petit
2045 3639 2224 3693 fuerat
2258 3639 2508 3694 recitata.

1958 3748 2145 3804 XXVI.
2192 3750 2334 3820 Ergo
2381 3765 2449 3812 ex
2499 3749 2739 3820 qualibet
2785 3765 2951 3806 causa
2992 3751 3114 3820 quis
3161 3751 3472 3822 peccaverit

1887 3840 2076 3907 frater,
2104 3843 2173 3897 ab
2199 3842 2442 3897 oratione
2470 3841 2832 3911 suspendatur
2866 3850 2920 3897 et
2938 3842 3160 3914 jejuniis
3185 3841 3471 3913 distringa-

1888 3939 1997 3986 tur.
2053 3931 2205 3998 Quod
2247 3933 2294 3987 si
2323 3948 2506 3988 coram
2553 3933 2808 3988 omnibus
2860 3932 3120 3990 fratribus
3169 3940 3474 4005 prostratus

1887 4024 2102 4080 veniam
2125 4024 2502 4094 postulaverit,
2535 4025 2838 4080 dimittatur
2866 4025 2961 4080 illi.

1959 4136 2170 4192 XXVII.
2213 4137 2348 4193 Nam
2402 4139 2449 4194 si
2493 4140 2548 4194 in
2593 4155 2688 4194 sua
2727 4140 2957 4195 voluerit
2983 4154 3336 4211 perseverare
3377 4154 3473 4197 ne-

1889 4230 2061 4301 quitia
2104 4242 2160 4286 et
2193 4232 2468 4302 superbia,
2511 4239 2568 4287 et
2610 4233 2756 4287 dicat
2799 4251 2812 4287 :
2866 4233 2966 4288 llic
2995 4249 3098 4304 ego
3139 4233 3338 4287 durare
3365 4247 3474 4288 non

1888 4338 2107 4393 possum
2133 4366 2148 4391 ,
2179 4327 2274 4380 sed
2303 4326 2566 4395 accipiam
2601 4327 2840 4381 casulam
2869 4341 3062 4389 meam,
3111 4334 3165 4380 et
3193 4340 3344 4389 eam,
3379 4325 3472 4378 ubi

1891 4412 2122 4467 voluerit
2150 4414 2410 4468 Dominus
2436 4456 2450 4481 ,
2481 4416 2731 4486 quisquis
2751 4417 2817 4471 de
2835 4414 3096 4469 fratribus
3114 4430 3238 4468 eum
3261 4415 3366 4468 hoc
3392 4414 3474 4468 di-

1892 4505 2040 4560 xisse
2064 4505 2217 4576 prius
2247 4507 2502 4574 audierit,
2551 4507 2759 4562 referat
2787 4508 3099 4579 praeposito,
3137 4517 3190 4562 et
3212 4507 3470 4578 praeposi-

198 4594 340 4650 mini
377 4595 606 4650 dicentis
642 4613 655 4649 :
690 4595 828 4661 Quia
877 4595 1021 4650 Deus
1067 4594 1352 4649 humilibus
1399 4595 1494 4648 dat
1537 4595 1783 4665 gratiam,

1894 4610 1980 4657 tus
2003 4602 2206 4656 abbati.
2247 4602 2427 4658 Abbas
2451 4618 2634 4659 coram
2659 4604 2911 4660 omnibus
2934 4603 3194 4660 fratribus
3219 4606 3470 4671 resideat,

196 4689 441 4758 superbis
469 4699 642 4744 autem
672 4689 865 4744 resistit
895 4688 1036 4760 (Jac.
1067 4687 1164 4761 tv).
1196 4687 1295 4754 Et,
1325 4688 1416 4758 qui
1447 4703 1502 4742 se
1522 4685 1787 4753 humiliat,

203 4778 530 4834 exaltabitur
559 4778 778 4850 (Matth.
810 4780 989 4851 xxm).
1045 4853 1050 4858 ι

278 4890 443 4948 XVII.
483 4893 585 4962 Qui
612 4909 745 4952 vero
774 4895 970 4967 saepius
995 4895 1288 4966 corripitur
1317 4903 1373 4952 et
1396 4909 1504 4951 non
1526 4909 1585 4951 se
1605 4909 1791 4950 emen-

196 4987 452 5053 daverit,
487 4988 816 5045 novissimus
861 4988 915 5044 in
947 4988 1138 5044 ordine
1162 4995 1310 5044 stare
1340 4987 1615 5058 iubeatur.
1664 4987 1788 5055 Qui,

198 5077 250 5133 si
285 5093 390 5135 nec
433 5078 513 5134 sic
545 5078 764 5150 quidem
816 5094 877 5135 se
914 5079 1319 5145 emendaverit,
1375 5087 1668 5135 extraneus
1696 5080 1792 5134 ha-

197 5169 427 5237 beatur,
454 5171 596 5227 sicut
623 5171 885 5227 Dominus
909 5170 1048 5226 dixit
1083 5188 1096 5225 :
1135 5170 1219 5227 Sit
1258 5171 1350 5226 tibi
1385 5173 1519 5227 sicut
1554 5171 1790 5227 ethnicus

194 5269 254 5314 et
289 5260 605 5333 publicanus
642 5260 858 5336 (Matth.
882 5263 1064 5334 xviii).

280 5369 466 5427 XVIII.
505 5373 590 5429 Ad
629 5387 875 5430 mensam
913 5381 1096 5428 autem
1146 5370 1452 5446 specialiter
1497 5361 1674 5428 nullus
1716 5371 1795 5429 lo-

192 5472 427 5536 quatur,
465 5463 569 5522 nisi
603 5467 698 5538 qui
734 5475 934 5538 praeest
962 5466 1048 5522 vel
1080 5466 1172 5537 qui
1211 5467 1576 5538 interrogatus
1605 5465 1789 5522 fuerit.

282 5553 430 5612 XIX.
469 5556 658 5614 Nullus
686 5573 747 5615 se
785 5559 840 5613 in
869 5572 962 5614 sua
989 5556 1182 5628 peritia
1210 5572 1386 5629 neque
1416 5558 1470 5613 in
1493 5573 1626 5614 voce
1653 5558 1797 5614 exal-

189 5653 313 5711 εει,
355 5647 451 5702 sed
477 5662 578 5719 per
602 5649 962 5705 humilitatem
1007 5658 1063 5704 et
1105 5649 1468 5706 obedientiam
1497 5649 1709 5706 laetetur
1737 5651 1794 5705 in

189 5740 466 5797 Domino.

283 5831 407 5888 XX.
450 5833 875 5907 Hospitalitatem
890 5847 1143 5895 sectantes
1161 5853 1259 5911 per
1278 5835 1458 5897 omnia
1481 5836 1653 5912 (Rom.
1668 5838 1793 5915 xu),

1891 4701 1946 4750 et
1971 4708 2096 4748 eum
2124 4694 2371 4750 exhiberi
2395 4695 2620 4766 jubeat,
2651 4705 2706 4750 et
2742 4695 2908 4766 virgis
2944 4708 3208 4767 purgetur
3233 4713 3245 4749 :
3273 4703 3329 4750 et
3352 4710 3475 4749 ora-

1892 4789 1968 4844 tio
1994 4790 2106 4855 ﬁat,
2148 4796 2204 4845 et
2244 4789 2322 4844 sic
2364 4789 2431 4844 ad
2481 4790 2917 4846 communionem
2961 4789 3275 4859 recipiatur.
3331 4787 3401 4841 Ut
3427 4785 3475 4841 si

1890 4882 2012 4952 quis
2034 4897 2168 4938 sane
2186 4897 2295 4937 non
2320 4883 2642 4939 emendatur
2671 4883 2946 4950 doctrina,
2989 4883 3156 4953 virgis
3191 4888 3472 4952 purgetur.

1963 4995 2196 5054 XXVIII.
2236 4996 2389 5065 Quod
2431 4997 2479 5053 si
2521 5013 2650 5054 casu
2694 4999 2815 5068 quis
2857 4998 3028 5053 frater
3054 4997 3120 5052 de
3147 4994 3476 5051 monasterio

1892 5089 2044 5145 exire
2071 5089 2325 5155 voluerit,
2352 5088 2486 5144 nihil
2505 5092 2722 5161 penitus
2747 5091 2999 5160 accipiat,
3025 5089 3130 5143 nisi
3161 5090 3215 5141 in
3246 5085 3472 5140 notatis-

1892 5185 2035 5242 simo
2077 5171 2426 5251 vestimento,
2479 5195 2535 5240 et
2577 5194 2733 5240 extra
2781 5183 3216 5240 communionem
3245 5178 3476 5234 inﬁdelis

1899 5277 2156 5335 discedat.
2196 5278 2330 5332 Nam
2354 5279 2526 5349 quieti
2554 5289 2608 5334 et
2646 5277 2859 5351 paciﬁci
2901 5275 3176 5333 excelsum
3216 5273 3478 5344 diripiunt

1894 5384 2153 5442 regnum,
2199 5380 2255 5425 et
2299 5371 2396 5426 ﬁlii
2440 5380 2822 5443 computantur
2855 5370 3119 5425 Altissimi
3151 5367 3364 5442 (Matth.
3396 5365 3476 5440 v),

1897 5472 1953 5519 et
1979 5465 2245 5535 pretiosas
2289 5464 2707 5538 splendidasque
2755 5466 3024 5537 accipient
3066 5477 3331 5524 coronas:
3378 5461 3478 5516 ﬁlii

1898 5566 2078 5613 autem
2095 5559 2442 5614 tenebrarum
2468 5560 2521 5612 in
2537 5560 2806 5615 exteriora
2832 5560 2985 5615 ibunt
3002 5567 3290 5616 tormenta.
3307 5555 3480 5626 Super

1896 5667 2049 5722 quem
2073 5653 2416 5724 requiescam,
2446 5652 2574 5706 dicit
2600 5652 2874 5717 Dominus,
2903 5655 3004 5709 nisi
3023 5671 3180 5725 super
3201 5647 3475 5724 humilem,

1898 5754 1948 5800 et
1969 5746 2224 5817 quietum,
2255 5754 2304 5800 et
2327 5756 2628 5801 trementem
2659 5764 2919 5804 sermones
2946 5765 3088 5804 meos
3124 5747 3260 5821 (Isa.
3293 5741 3477 5814 vat)?

1971 5834 2162 5893 XXIX.
2205 5835 2409 5905 Quarta
2439 5846 2494 5894 et
2531 5846 2684 5897 sexta
2713 5837 2848 5897 feria
2897 5841 2989 5914 qui
3013 5840 3316 5908 infringuut
3338 5833 3481 5909 jeju-
