2002 3164
282 184 333 214 451

781 185 810 214 S.
829 185 1009 213 BENEDICTI
1028 186 1171 214 ABBATIS
1189 186 1393 216 ANLXNENSlS

1854 190 1912 221 452

283 240 375 273 nium,
397 238 472 268 Iudae
493 241 662 281 aestimantur
681 240 839 276 participes,
866 241 911 276 qui
929 242 1065 268 Christum
1079 244 1104 273 Α
1118 242 1183 269 tidcs
1201 244 1312 277 probata
1335 244 1427 275 fuerit,
1451 243 1496 278 qui
1517 242 1551 271 ad
1564 243 1707 273 utilitatem
1717 247 1747 276 et
1756 245 1911 274 necessita-

283 285 402 313 tradidit.

317 329 402 358 XXX.
423 331 489 358 Illud
500 332 581 359 etiam
594 332 784 360 attendendum
797 331 864 365 fuit,
878 336 908 360 ut
923 333 992 375 intra
1010 340 1068 360 mo-

281 376 431 404 nasterium
446 376 589 404 artiﬁcium
605 384 658 405 non
672 376 753 405 faciat
766 377 849 411 ullus,
863 378 914 406 nisi
929 377 972 405 illo
990 377 1066 412 cujus

1120 292 1173 315 tem
1184 289 1341 316 monasterii
1358 289 1438 316 faciat
1449 289 1521 323 quod
1534 289 1632 324 poterit
1646 288 1745 317 facere.

1275 357 1390 392 Explicft
1405 356 1505 392 Regula
1521 356 1607 384 sancti
1623 356 1744 385 local“.

833 443 1028 493 EPISTOLA
1049 462 1169 492 BEATI
1191 461 1361 493 MACARII

922 512 1004 542 Data
1025 511 1067 542 ad
1086 511 1262 542 monachos.

315 598 460 634 Lignorum
471 598 548 634 copia
558 599 696 635 ingentem
713 598 815 626 excitat
826 597 962 624 ﬂammam
976 606 982 624 :
998 597 1070 624 mul-

280 644 367 672 titudo
380 649 469 672 autem
484 652 608 673 escarum
619 645 719 672 emittit
735 644 992 679 concupiscentiam.
1007 643 1070 670 Pes-

281 690 349 717 sima
365 691 584 725 concupiscentia
598 698 723 717 escarum
742 693 772 717 et
790 690 972 716 inobedientia
984 697 1068 724 gene-

279 740 321 763 rat
337 740 462 763 mortem.
482 735 607 771 lndigens
624 739 719 763 venter
736 735 764 762 in
776 735 945 762 orationibus
956 734 1068 770 vigilan-

278 780 343 808 tiam
358 784 486 816 praestat,
503 785 532 808 et
542 788 671 808 coronam
685 780 782 809 animm
798 780 931 815 acquirit;
948 781 1067 815 repletus
1081 801 1105 830 Β

277 830 380 860 autem,
395 834 520 857 somnum
532 826 635 854 inducit
649 827 849 862 gravissimum.
868 826 967 854 Oculus
981 827 1067 862 gulosi

279 872 405 899 convivia
424 876 569 904 scrutatur,
592 873 686 900 oculus
703 876 792 900 autem
813 873 965 907 sapientum
983 873 1068 901 medi-

277 922 352 945 tatur
372 917 580 945 continentiam.
606 918 809 946 Formidolosus
831 918 909 946 miles
933 918 1068 946 horrescit

276 963 310 990 ad
325 963 428 995 tubam,
444 971 505 997 qua:
522 963 621 992 bellum
641 963 791 999 significat,
805 968 832 992 et
843 964 954 1000 gulosus
965 965 991 992 si
1004 964 1066 992 abs-

276 1009 420 1037 tinentiam
443 1010 635 1046 praedicantem
661 1011 789 1044 audierit,
809 1019 863 1038 non
884 1011 999 1039 libenter
1016 1019 1066 1038 au-

277 1054 385 1082 scultat.
406 1055 528 1084 Flamma
540 1065 600 1085 cum
614 1057 769 1089 marcescit,
786 1056 915 1085 elucescit
927 1057 1026 1085 iterum
1043 1057 1066 1086 si

276 1101 413 1135 acceperit
424 1100 545 1136 lignum;
563 1105 591 1128 et
607 1100 690 1129 libido
704 1102 791 1136 sopita
803 1110 911 1129 rursum
926 1102 1024 1129 crescit
1038 1101 1066 1130 in

275 1147 426 1175 saturitate.
447 1147 504 1175 Non
526 1148 681 1175 miserearis
704 1149 831 1183 corpori,
860 1148 883 1175 si
906 1148 1066 1176 lassitudine

275 1192 426 1220 defecerit:
443 1200 529 1228 equus
549 1193 721 1222 consentiens
748 1194 871 1228 indigens
893 1201 991 1228 corpus
1015 1201 1066 1221 nec

275 1244 446 1265 ascensorem
472 1233 563 1273 dejicit
585 1246 714 1273 unquam.
755 1238 979 1273 Concupiscentia
996 1239 1065 1275 gulae

274 1288 361 1311 mater
375 1288 417 1311 cst
432 1283 560 1312 libidinis.
581 1284 675 1312 Oleum
696 1285 780 1311 nutrit
796 1285 919 1319 lampada
937 1284 1063 1318 lucernae,

272 1336 299 1359 et
312 1332 401 1367 ignem
426 1332 580 1360 reaccendit
603 1332 786 1360 confabulatio
808 1332 940 1359 mulieris.
967 1331 1064 1359 Facies

274 1376 397 1403 mulieris
419 1377 518 1412 sagitta
542 1381 584 1404 est
613 1377 781 1411 truculenta;
808 1377 894 1412 inﬁgit
917 1377 1013 1404 vulnus
1036 1376 1063 1404 in

273 1422 401 1450 animam.
423 1423 457 1451 Ut
472 1431 606 1451 venenum
624 1423 686 1459 fuge
704 1424 949 1452 contabulationem
966 1423 1062 1450 mulie-

1119 596 1195 632 gligit
1208 603 1215 623 :
1231 596 1297 623 nihil
1310 597 1452 632 possidens
1463 599 1611 626 monachus
1623 603 1684 634 post
1701 607 1768 635 opus
1784 600 1912 629 modera-

1119 646 1175 669 tum
1191 642 1358 671 orationibus
1373 648 1400 671 et
1415 643 1576 672 lectionibus
1591 649 1677 672 vacat.
1695 645 1804 673 Avarus
1818 655 1912 674 mona-

1119 687 1186 714 chus
1209 688 1375 715 thesaurizat
1397 689 1448 716 sibi
1466 689 1535 716 iram
1560 690 1586 717 in
1611 690 1654 717 die
1680 690 1792 718 ultionis
1814 701 1820 718 :
1842 692 1912 718 nihil

1119 732 1259 766 possidens
1280 733 1427 761 monachus
1452 734 1618 762 thesaurizat
1641 735 1668 762 in
1693 736 1779 768 caelo,
1795 741 1823 764 et
1838 737 1913 765 dabit

1119 778 1225 806 laudem
1239 786 1299 807 cum
1314 780 1416 814 angelis
1433 780 1497 808 Deo.
1509 777 1640 808 Gloriatio
1651 782 1788 814 monachi,
1805 782 1911 817 patien-

1119 825 1156 851 tia
1167 825 1194 851 in
1208 824 1425 853 tribulationibus
1436 826 1502 861 ejus.
1516 824 1646 854 Gloriatio
1663 826 1803 859 monachi,
1817 826 1911 862 ionga~

1118 871 1229 898 nimitas
1244 879 1305 899 cum
1315 871 1459 899 charitate.
1477 871 1608 899 Gloriatio
1618 873 1745 899 monachi
1757 872 1856 904 nullas,
1867 880 1913 900 res

1117 918 1258 951 praesentis
1272 918 1334 945 vita:
1344 918 1492 953 possidere.
1512 918 1645 945 Gloriatio
1657 918 1797 952 monachi,
1813 918 1912 954 vigilia

1117 966 1144 989 et
1154 961 1234 990 ﬂetus
1246 963 1273 990 in
1287 961 1466 990 orationibus.
1486 962 1619 990 Gloriatio
1629 960 1767 995 monachi,
1783 969 1913 990 mansue-

1118 1010 1182 1037 tudo
1196 1013 1224 1037 et
1241 1010 1329 1037 cordis
1342 1009 1488 1037 silentium.
1508 1010 1639 1037 Gloriatio
1649 1009 1789 1042 monachi,
1803 1010 1911 1044 quando

1117 1055 1260 1083 Dominum
1275 1063 1307 1083 ex
1319 1059 1375 1083 toto
1387 1056 1468 1082 corde
1480 1055 1613 1087 dilexerit,
1629 1059 1655 1082 et
1662 1055 1822 1090 proximum
1833 1062 1910 1082 suum

1117 1107 1245 1136 tanquam
1270 1102 1399 1136 seipsum.
1430 1099 1561 1129 Gloriatio
1583 1101 1719 1133 monachi,
1740 1101 1910 1128 abstinentia

1116 1155 1240 1176 escarum
1252 1151 1280 1174 et
1289 1156 1304 1174 ει
1319 1148 1487 1183 multiloquio
1500 1147 1607 1183 linguae.
1620 1146 1753 1174 Gioriatio
1769 1147 1910 1179 monachi,

1117 1193 1224 1228 quando
1231 1193 1383 1227 proximum
1395 1201 1472 1220 suum
1484 1193 1553 1220 sicut
1560 1193 1676 1228 seipsum
1684 1192 1799 1227 patitur.
1807 1191 1909 1220 Gloria-

1116 1239 1153 1265 tio
1165 1239 1300 1272 monachi,
1316 1240 1424 1274 quando
1437 1240 1519 1266 verba
1529 1239 1588 1274 ejus
1601 1239 1728 1274 operibus
1744 1243 1907 1266 consonant.

1116 1282 1247 1312 Gloriatio
1262 1285 1397 1318 monachi,
1411 1285 1517 1320 quando
1532 1286 1557 1312 in
1573 1285 1632 1312 loco
1643 1293 1692 1312 suo
1706 1290 1869 1320 permanet,
1884 1290 1909 1311 et

1116 1332 1169 1358 huc
1186 1331 1303 1366 illucque
1320 1339 1373 1358 non
1386 1335 1508 1367 vagatur.
1529 1330 1660 1359 Gloriatio
1679 1330 1828 1362 monachi,
1852 1331 1909 1358 lon<

1116 1376 1270 1411 ganimitas.
1290 1376 1365 1404 Sicut
1379 1377 1482 1411 lampas
1495 1376 1521 1403 in
1536 1376 1595 1404 loco
1612 1376 1766 1409 tenebroso,
1781 1375 1858 1403 sicut
1873 1376 1909 1403 sui

1116 1422 1235 1454 radians,
1252 1422 1291 1449 sic
1303 1422 1451 1449 monachus
1465 1428 1554 1449 mente
1575 1421 1664 1449 sobria
1681 1425 1709 1449 et
1719 1422 1806 1449 corde
1822 1421 1910 1458 perri-

275 1468 324 1501 ris,
349 1469 372 1495 si
394 1473 484 1496 castus
499 1476 559 1496 esse
572 1469 688 1497 volueris
702 1479 707 1496 ε
730 1470 892 1498 absconsum
905 1477 1021 1505 namque
1036 1470 1063 1496 in
1077 1476 1099 1507 ρ
1116 1468 1162 1504 gili
1174 1468 1201 1495 in
1218 1472 1337 1503 tempore
1352 1468 1446 1496 salutis
1468 1476 1532 1496 suae.
1565 1468 1641 1496 Sicut
1661 1468 1766 1503 pondus
1781 1468 1854 1495 salis
1867 1469 1910 1496 dc-

274 1513 314 1540 eis
327 1518 368 1540 est
379 1521 513 1541 venenum
527 1516 675 1543 bestiarum
688 1517 895 1551 nequissimum.
916 1517 1000 1551 Magis
1016 1524 1063 1551 ap-

273 1559 424 1594 propinqua
448 1560 502 1596 igni
518 1562 624 1589 ardenti
638 1569 719 1597 quam
735 1562 840 1590 mulieri
853 1563 974 1591 novellae.
996 1563 1063 1591 Cum

273 1604 312 1631 sis
328 1604 450 1639 juvenis,
470 1605 531 1641 fuge
552 1607 682 1642 impetum
698 1607 815 1635 libidinis
830 1612 857 1636 et
870 1608 1065 1636 confabulatio-

273 1657 336 1676 nem
352 1649 482 1678 mulieris.
513 1651 565 1685 Qui
580 1653 753 1687 repleverunt
768 1658 889 1682 ventrem
900 1675 906 1687 ,
923 1659 951 1682 et
965 1655 1064 1690 promi-

274 1698 367 1722 serunt
382 1695 552 1730 castitatem,
572 1698 623 1725 sibi
638 1700 813 1726 mentiuntur.
834 1700 932 1728 Forma
946 1700 1063 1736 pulchri-

274 1741 379 1768 tudinis
403 1742 481 1777 pejus
515 1751 596 1778 quam
619 1745 736 1779 procella
760 1746 917 1781 submergit.
954 1746 1062 1782 Species

273 1787 395 1816 mulieris
417 1788 440 1816 si
461 1790 546 1818 semel
567 1795 685 1819 mentem
695 1793 864 1827 contriverit,
881 1793 962 1820 etiam
977 1794 1063 1828 ipsam

271 1837 389 1861 mentem
413 1839 587 1864 contemnere
609 1838 764 1872 persuadet.
795 1838 830 1867 Ut
848 1839 920 1866 enim
939 1839 961 1867 si
978 1839 1062 1874 paleis

271 1883 427 1907 remoretur
438 1881 520 1916 ignis,
534 1883 638 1910 excitat
648 1882 794 1917 ﬂammam,
808 1884 848 1912 sic
861 1884 991 1911 memoria
1004 1892 1063 1912 mu-

271 1924 346 1952 lieris
381 1933 543 1961 permanens
573 1930 714 1957 succendit
738 1930 994 1965 concupiscentiam.
1026 1930 1062 1958 Ut

271 1970 347 1996 enim
369 1972 510 1999 cumulata.
529 1974 607 2001 navis
624 1974 757 2002 undarum
779 1975 833 2002 ictu
856 1976 995 2008 obruitur,
1023 1976 1062 2003 sic

272 2016 356 2043 multa
387 2019 528 2051 possidens
553 2021 703 2048 monachus
727 2029 781 2049 non
807 2022 963 2049 salvabitur.
989 2022 1061 2049 Nihil

271 2062 414 2096 possidens
426 2064 574 2094 monachus
587 2065 687 2093 athleta
700 2066 888 2101 insuperabilis
900 2076 906 2093 ι
920 2066 987 2093 nihil
996 2074 1060 2101 pos—

273 2108 365 2136 sidens
377 2111 524 2138 monachus
542 2120 637 2140 cursor
653 2112 730 2145 levis,
745 2112 875 2140 velociter
889 2112 923 2140 ad
937 2113 1060 2140 bravium

271 2153 421 2182 vocationis
443 2157 575 2190 pervenit.
605 2157 711 2186 Avarus
727 2158 875 2186 monachus
888 2159 995 2193 operari
1015 2166 1060 2185 ne-
1073 2148 1100 2178 D

317 2196 1073 2211 ᾖ*

1112 1514 1206 1549 primit
1234 1514 1322 1541 virum
1347 1514 1498 1548 inﬁrmum,
1523 1514 1562 1541 sic
1590 1521 1699 1541 somnus
1726 1513 1907 1541 monachum.

1115 1559 1191 1586 Sicut
1206 1559 1290 1594 spinae
1306 1564 1334 1586 et
1350 1559 1440 1587 tribuli
1459 1567 1525 1595 agro
1539 1560 1644 1594 opimo,
1663 1559 1703 1587 sic
1717 1564 1745 1586 et
1760 1560 1909 1595 cogitatio-

1114 1612 1162 1634 nes
1175 1610 1267 1641 turpes
1289 1606 1413 1641 pessimae
1436 1606 1463 1632 in
1476 1606 1558 1633 corde
1574 1605 1707 1633 monachi.
1742 1604 1824 1632 Sicut
1836 1606 1908 1632 tinea

1113 1651 1277 1678 exterminat
1288 1652 1478 1678 vestimentum
1490 1671 1498 1684 ,
1522 1651 1562 1678 sic
1579 1650 1770 1677 distractione:
1782 1650 1908 1677 animam

1113 1697 1250 1724 monachi.
1272 1696 1331 1724 Noli
1353 1701 1382 1725 te
1401 1697 1465 1724 dare
1476 1697 1509 1724 ad
1525 1696 1686 1731 colloquium
1698 1695 1860 1727 mulierum,
1876 1702 1909 1722 ne

1113 1743 1163 1770 ﬁas
1176 1747 1317 1778 separatus
1331 1751 1347 1769 a
1363 1750 1446 1778 regno
1459 1742 1523 1775 Dei,
1545 1746 1574 1769 et
1590 1749 1624 1769 ne
1637 1741 1705 1768 velis
1719 1741 1816 1768 dicere
1828 1749 1836 1767 :
1855 1740 1909 1767 Lo-

1112 1796 1181 1824 quar
1206 1796 1266 1816 cum
1288 1788 1415 1821 muliere,
1433 1792 1462 1816 et
1474 1787 1589 1815 mundus
1607 1795 1676 1814 sum.
1697 1786 1852 1814 Monachus
1866 1793 1907 1813 sa-

1112 1835 1189 1870 piens
1201 1835 1258 1861 suis
1277 1834 1401 1862 manibus
1423 1837 1560 1869 operatur,
1580 1837 1607 1860 et
1623 1833 1722 1860 victum
1742 1832 1794 1859 sibi
1817 1832 1908 1867 quoti-

1113 1881 1223 1908 dianum
1241 1880 1368 1915 acquirit,
1382 1883 1409 1908 et
1420 1880 1542 1907 lucratus
1555 1883 1596 1907 est
1610 1878 1746 1906 orationes
1761 1882 1787 1904 et
1797 1878 1907 1914 jejunis

1112 1935 1177 1960 sua;
1201 1928 1224 1955 si
1247 1931 1336 1954 autem
1350 1927 1383 1954 ab
1398 1927 1451 1954 alio
1463 1925 1598 1961 acceperit
1612 1926 1710 1953 victum
1721 1945 1728 1957 ,
1754 1925 1824 1959 quid
1844 1932 1908 1960 pro-

1111 1974 1172 2001 dest
1185 1974 1257 2008 quod
1277 1976 1337 2001 orat
1348 1976 1375 2000 et
1387 1973 1498 2008 vigilat?
1513 1972 1589 2000 Sicut
1601 1971 1786 1999 mercenarius
1802 1971 1905 2002 malus,

1111 2020 1199 2047 nudus
1222 2019 1328 2051 evadit;
1343 2019 1405 2053 quia
1423 2019 1554 2054 scriptum
1574 2021 1639 2045 est:
1660 2017 1752 2043 melius
1775 2021 1815 2043 est
1843 2017 1906 2043 dare

1111 2074 1190 2101 quam
1208 2065 1323 2100 accipere
1340 2066 1408 2101 (Act.
1426 2065 1482 2101 xx).
1502 2064 1553 2098 Qui
1566 2064 1647 2100 legis,
1666 2063 1785 2099 intellige
1803 2063 1835 2090 in
1852 2064 1905 2091 Do-

1111 2112 1187 2139 mino
1200 2119 1317 2146 semper.

1277 2157 1392 2193 Explicit
1406 2157 1517 2192 epistola
1527 2157 1595 2184 beati
1609 2155 1729 2184 Macarii.

658 2237 996 2295 SANCTI
1034 2238 1493 2298 PAGEOMII

885 2311 1029 2339 ABBATIS
1047 2310 1283 2339 TABENNENSIS

428 2361 626 2426 REGULA
666 2364 733 2427 AD
775 2363 1066 2436 MONACHOS,
1111 2363 1406 2436 PRZECEPTA,
1453 2364 1732 2429 EPISTliLAi.

643 2443 730 2484 (Vide
744 2445 872 2486 hujusce
888 2445 1079 2485 Patrologiw
1104 2449 1220 2476 tomum
1236 2447 1361 2483 XXIII,
1384 2446 1444 2477 col.
1462 2447 1528 2488 85.)

707 2536 1042 2595 sane-r1
1080 2509 1465 2596 onstum

880 2611 1025 2639 ABBATlS
1043 2611 1281 2639 TABENNENSIS

416 2658 725 2711 DOCTRINA
753 2662 834 2709 DE
860 2661 1280 2726 INSTITETIONE
1304 2663 1753 2707 MONACHORUM.

318 2748 365 2778 DE
380 2748 410 2779 S.
428 2750 585 2781 ORSlESIO
603 2749 759 2784 EJUSQUE
777 2747 918 2777 REGULA
938 2747 1015 2776 SIVE
1034 2747 1207 2776 DOCTRINA
1226 2749 1421 2778 MONASTICA
1440 2752 1607 2783 VETERUM
1627 2751 1852 2784 TESTIMONIA.

819 2817 918 2845 Auctor
937 2817 1001 2846 Vita:
1017 2818 1048 2847 S.
1064 2819 1212 2853 Paclwmii,
1228 2828 1286 2855 cap.
1301 2820 1345 2849 55.

303 2861 446 2905 Petronius
460 2864 551 2905 paucis
564 2865 658 2893 diebus
673 2863 971 2905 totamafraternitatem
985 2865 1139 2905 gubernans
1154 2869 1181 2894 ct
1198 2866 1242 2895 hic
1256 2866 1283 2894 iu
1296 2873 1364 2901 pace
1379 2866 1522 2897 defunctus
1536 2873 1589 2903 est,
1605 2868 1766 2905 relinquens
1780 2873 1847 2905 post
1866 2876 1905 2899 se

267 2896 358 2929 Virum
375 2896 475 2933 justum
490 2903 518 2928 et
531 2906 672 2938 acceptqu
686 2900 741 2930 Deo
757 2899 908 2942 orsiesiutn
923 2896 1043 2929 nomine.
