4004 6328
216 359 325 419 4δὸ

881 359 1110 421 consx
1145 354 1598 420 REGULARUM.
1636 389 1709 402 —
1739 354 1920 419 pass
1949 358 1990 418 ι.
2030 357 2335 419 necum
2371 358 2480 438 re.
2517 356 2793 417 omnm.

3337 369 3448 440 454

1191 463 1490 530 Gennadius
1525 471 1757 540 Massil.,
1799 459 1980 527 Iliun.
2021 471 2214 538 Script.
2252 488 2369 543 cap.
2405 469 2460 527 9.

290 562 559 645 Orsiesius
587 567 881 645 monachus
901 607 918 634 ,
948 571 1227 645 amborum
1247 609 1262 636 ,
1299 571 1352 624 id
1379 568 1762 645 estpacliomil
1790 575 1844 623 et
1871 567 2137 645 Theodori
2159 567 2405 645 _collega,
2439 568 2525 624 Vir
2562 567 2618 645 in
2655 568 2861 645 sanctis
2893 557 3191 645 ﬁeripturis
3222 573 3290 628 ad
3326 587 3450 645 per-

219 633 420 689 fectum
451 635 774 703 instructus,
823 641 1127 709 composuit
1156 633 1353 696 librum
1382 640 1563 696 divino
1588 639 1863 696 conditum
1889 638 2036 703 sale,
2077 639 2241 694 totius
2280 633 2346 694 ue
2377 633 2689 696 monasticae
2721 633 3033 710 disciplinis"
3057 633 3442 701 instrumentis

220 713 591 760 constructum
625 725 636 760 :
667 715 721 761 et
748 714 808 763 ut
829 709 1144 763 simpliciter
1171 711 1368 763 dicam.
1404 718 1570 763 totum
1600 723 1734 763 nene
1762 708 1816 763 in
1846 723 1910 763 eo
1945 705 2112 763 Vetus
2152 717 2209 763 et
2234 655 2442 763 iiovum
2471 710 2876 763 Testamentum
2903 714 3298 763 comnendiosis
3329 716 3440 763 dis-

220 713 591 780 constructum
625 715 721 780 :_et
748 714 808 763 ut
829 705 1144 778 simpliciter
1171 711 1368 774 dicam,
1404 718 1570 766 totum
1600 723 1734 780 pene
1762 708 1816 763 in
1846 723 1912 771 eo
1941 705 2112 780 Vetus
2152 717 2209 763 et

2282 724 2442 793 ovum
2471 710 2876 793 Testamentum
2903 714 3298 793 compendiosis
3329 716 3440 793 dis:

216 775 620 860 sertatioonibusz
643 777 796 860 juxta
822 775 1205 860 monachorum
1230 782 1488 860 duntaxat
1515 775 1912 846 necessitatem,
1939 778 2210 833 invenitur
2229 782 2538 851 expositum
2565 799 2578 836 :
2605 796 2766 854 quem
2787 791 2966 846 tamen
2990 775 3110 839 vice
3132 784 3446 844 testamenti

213 859 384 915 prope
407 845 548 900 diem
570 845 748 903 obitus
777 851 889 904 suis
916 849 1177 906 fratribus
1200 850 1414 905 obtulit.

292 913 526 973 Sanctus
549 916 872 976 Benedictus
888 918 1115 976 Arriana:
1141 921 1309 977 abbas
1336 921 1532 992 sapius
1559 921 1698 977 hanc
1723 918 1949 977 Orsiesii
1979 919 2279 975 doctrinam
2303 919 2490 978 laudat
2514 923 2572 978 in
2596 922 2898 980 Concordia
2920 923 3271 997 Regularum.

219 1041 2496 1063 “Wa

969 1107 1399 1186 OBSERVKTIO
1435 1125 1707 1184 CRITICA
1740 1125 1809 1182 IN
1841 1125 2177 1183 REGULAM
2216 1126 2636 1196 SEQUENTEM

287 1309 560 1368 Habemus
585 1307 674 1364 hic
697 1308 870 1363 sancti
898 1308 1119 1366 Orsiesii
1145 1309 1466 1375 doctrinam,
1493 1309 1691 1365 merito
1713 1323 1746 1363 a
1770 1307 2050 1364 Gennadio
2077 1303 2379 1372 laudatam;
2408 1305 2535 1377 quia
2561 1306 2651 1361 illa
2681 1307 2864 1363 divino
2893 1307 3110 1366 condita
3143 1309 3254 1365 sale
3281 1310 3452 1368 totius

216 1381 532 1439 monasticae
581 1379 876 1450 disciplinas
923 1381 1300 1446 instrumenta,
1352 1391 1464 1436 tam
1491 1380 1859 1450 superioribus
1898 1394 2065 1450 quam
2078 1377 2436 1450 interioribus
2463 1377 2626 1450 scitu‘
2639 1380 2972 1450 necessaria,
3015 1381 3444 1450 comprehendit.

216 1454 348 1520 Qua:
380 1451 534 1522 proin
565 1457 618 1522 et
647 1447 845 1519 [tegula
875 1451 1170 1506 monastica
1199 1452 1303 1522 dici
1335 1460 1532 1520 potest,
1557 1447 1782 1522 ’ut'pote
1804 1447 2210 1522 compendiosis.
2234 1447 2328 1503 sed
2362 1447 2680 1503 necessariis
2706 1450 2988 1522 praeceptis
3016 1447 3270 1522 essacra
3299 1449 3452 1522 Scrig

255 1515 639 1591 tura'collectis
669 1515 1136 1591 etfmonachorum
1167 1521 1286 1574 usui
1313 1515 1556 1591 apprime
1579 1515 2091 1591 adaptatisirelerta.
2121 1518 2252 1572 Erat
2270 1528 2464 1591 autem
2489 1515 3002 1591 sancttlsiOrsie—sius
3030 1517 3254 1575 dilectus
3274 1521 3449 1576 sancti

255 1538 377 1576 tura
403 1538 639 1574 conecus
669 1538 722 1572 et
748 1538 1136 1576 inonacnorum
1167 1538 1285 1574 llSlll
1313 1538 1556 1591 apprime
1579 1538 1844 1590 adaptatis
1873 1538 2091 1575 reterta.
2121 1538 2252 1572 erat
2283 1538 2464 1574 autem
2489 1538 2707 1572 sanculs
2733 1538 3002 1574 ursiesrus
3030 1538 3254 1575 allectus
3274 1538 3448 1576 sancu

213 1538 494 1647 Bachomii
526 1589 838 1660 discipulus,
879 1607 910 1644 a
938 1607 1044 1660 quo
1073 1591 1336 1646 moriente
1362 1593 1689 1646 constitutus
1715 1598 1796 1645 est
1823 1587 2420 1660 Tabennarumabbas,
2451 1593 2613 1660 atque
2632 1588 3034 1660 totiusordinis
3063 1605 3266 1660 praeses
3285 1604 3448 1659 gene-

192 1662 382 1727 ,ralis,
414 1661 557 1734 quod
581 1657 812 1734 ofﬁcium
842 1657 1086 1734 piissime
1124 1677 1219 1730 per
1246 1663 1681 1734 quenquennium
1711 1662 1948 1732 peregit;
1999 1660 2093 1715 sed
2130 1658 2504 1734 deﬁcientibus
2541 1657 2749 1734 viribus
2783 1657 3170 1734 si-bidillidens
3190 1700 3214 1734 ,_
3248 1657 3461 1734 tantam

216 1727 608 1803 rnonacliorun}.
635 1727 1030 1803 multitudinem
1059 1727 1217 1802 posse
1241 1727 1345 1787 rite
1369 1727 1690 1803 gubernare,
1711 1727 2003 1803 'indnianus
2032 1732 2200 1803 sancti
2235 1729 2500 1784 Theodori
2519 1769 2534 1788 ,
2569 1727 2818 1798 discipuli
2847 1729 3013 1803 etiam
3047 1730 3218 1803 sancti
3248 1727 3462 1784 Pacbo—

193 1802 333 1872 ‘mii,
367 1816 559 1872 munus
585 1795 686 1872 hoc
715 1798 1011 1872 resignavit
1037 1795 1181 1872 {quo
1206 1795 1418 1872 tandem
1447 1811 1663 1872 mortuo
1679 1795 1742 1857 ret
1767 1801 1896 1856 illud
1923 1817 2065 1872 anno
2092 1800 2196 1872 365
2223 1812 2560 1872 reassutnere
2586 1795 2808 1872 coactus
2836 1806 2937 1853 est.
2970 1799 3211 1872 Denique
3236 1807 3460 1854 sanctus

215 1871 485 1949 Orsiesius
534 1870 685 1924 senio
713 1874 773 1949 et
800 1867 1391 1949 laborib_u_s‘confectus
1434 1871 1844 1949 sanetissimam‘
1868 1871 2102 1923 animam
2140 1871 2262 1949 Deo
2306 1869 2539 1949 reddist
2579 1867 2724 1949 circa
2763 1867 3094 1949 annumqb68
3115 1908 3129 1932 ,
3161 1876 3329 1949 atque
3357 1883 3457 1949 per

201 1942 434 2011 modum
466 1939 776 1995 testamenti
807 1942 1088 2011 monachis
1117 1941 1238 2011 suis
1257 1941 1487 2011 reliquit
1515 1944 1655 1996 hanc
1677 1937 1978 2011 doctrinam
2004 1941 2315 2000 asceticam,
2348 1940 2459 2011 sive
2489 1938 2749 2011 Regulam
2777 1939 3127 2011 monasticam
3159 1938 3227 1992 56
3256 1937 3454 2011 capiti-

211 2010 318 2067 bus
345 2019 714 2083 constantem,
748 2017 802 2064 et
825 2009 1043 2065 eximiis
1074 2010 1318 2068 consiliis
1359 2007 1732 2083 spiritualibus
1766 2008 2058 2077 refertam,
2088 2024 2252 2081 quam
2279 2024 2347 2064 ex
2375 2007 2563 2064 Graaco
2589 2009 2645 2062 in
2678 2007 2932 2064 Latinum
2961 2022 3266 2065 sermonem
3295 2007 3464 2063 vertit

213 2087 442 2137 sanctus
469 2077 845 2151 Hieronymus.

853 2205 3464 2232 *Ἢ

361 2294 754 2379 INCIPIT
828 2294 1346 2376 DOCTBINA
1417 2295 2435 2479 ATQOUBPgIEgﬁGTATUS
2509 2295 2873 2377 PATRIS
2946 2299 3323 2383 NOSTBI

285 2632 326 2691 l.
361 2631 523 2701 Audi,
551 2626 740 2702 Israel,
770 2629 1021 2692 mandata
1038 2633 1192 2715 vitae;
1216 2589 1434 2688 auribus
1461 2631 1702 2704 percipe,
1727 2638 1784 2688 et
1807 2634 1860 2694 A
1887 2631 2182 2692 tradamur.
2226 2631 2452 2700 Quando
2495 2652 2817 2708 peccamus,
2858 2659 2966 2700 non
3000 2652 3255 2715 putemus
3285 2642 3460 2706 Deum

203 2723 452 2797 intellige
476 2724 842 2795 prudentiam.
875 2724 1014 2791 Quid
1038 2711 1352 2792 est,'1s_rael,
1378 2723 1516 2794 quod
1553 2723 1608 2777 in
1642 2731 1784 2778 terra

203 2812 544 2872 inimicorum
573 2815 668 2869 es?
706 2813 1014 2871 Inveterasti
1055 2816 1111 2870 in
1141 2823 1281 2869 terra
1309 2814 1515 2879 aliena;
1549 2829 1790 2870 comma-.

203 2907 418 2965 culatus
443 2924 496 2962 es
524 2924 642 2985 cum
676 2907 929 2974 mortuis;
966 2917 1298 2978 comparatus
1337 2925 1390 2962 es
1430 2924 1548 2962 cum
1587 2907 1668 2962 his
1695 2908 1786 2980 qui

201 2999 270 3056 in
294 2996 497 3070 inferno
527 3009 671 3067 sunt,
700 3010 748 3054 et
772 2995 1095 3073 dereliquisti
1119 3002 1315 3072 fontem
1356 3000 1644 3072 sapientice.
1679 2997 1786 3054 Per

200 3090 350 3148 viam
384 3089 476 3145 Dei
501 3089 548 3145 si
585 3089 928 3159 ambulasses,
960 3091 1185 3162 forsitan
1211 3090 1523 3146 habitaveris
1556 3091 1608 3144 in
1635 3106 1780 3161 pace.

201 3175 368 3236 Disce
405 3194 544 3250 ergo,
577 3177 688 3246 ait,
721 3179 809 3234 ubi
839 3183 914 3234 est
951 3175 1226 3251 prudentia
1259 3190 1368 3246 tua,
1408 3179 1495 3233 ubi
1523 3189 1596 3235 est
1636 3179 1786 3250 forti-

203 3267 341 3324 tudo
370 3266 550 3340 gloria:
592 3281 746 3342 atque
781 3269 1011 3338 virtutis,
1047 3265 1138 3325 ubi
1180 3279 1253 3325 est
1284 3269 1649 3342 intelligentia,
1696 3269 1785 3324 uln

202 3359 301 3416 lea:
326 3360 614 3429 oculorum,
649 3370 698 3416 et
723 3379 846 3434 pax.
875 3361 977 3428 Qui
1003 3361 1194 3417 invenit
1225 3361 1395 3416 locum
1421 3362 1557 3433 ejus,
1593 3371 1641 3416 et
1667 3362 1785 3433 quis

202 3450 476 3521 ingressus
517 3460 590 3506 est
631 3452 700 3506 ad
728 3449 995 3507 thesauros
1025 3451 1168 3507 illius
1199 3452 1347 3525 (Bar.
1388 3451 1510 3522 lli)?
1548 3453 1674 3510 Haec
1700 3452 1782 3509 lo-

205 3544 483 3615 quebatur
527 3545 736 3601 Baruch
771 3554 993 3618 propter
1022 3562 1113 3602 eos
1153 3547 1243 3616 qui
1279 3547 1334 3601 in
1373 3554 1577 3601 terram
1608 3544 1784 3616 Baby-

206 3632 361 3690 lonis
390 3643 444 3690 et
478 3635 815 3693 inimicorum
841 3655 1061 3694 suorum
1084 3638 1230 3694 ducti
1259 3647 1383 3694 sunt
1418 3639 1474 3694 in
1506 3637 1787 3709 captivita-

208 3743 363 3796 tem,
395 3731 518 3802 quia
556 3731 842 3787 noluerunt
884 3733 1270 3806 prOphetarum
1315 3732 1589 3803 suscipere
1635 3745 1789 3786 man-

205 3821 362 3890 data,
420 3830 476 3879 et
517 3824 670 3880 ‘obliti
711 3832 836 3880 sunt
879 3825 1014 3896 legis
1057 3823 1175 3891 Dei,
1227 3817 1344 3895 quae
1386 3824 1512 3878 data
1567 3828 1649 3877 est
1689 3837 1788 3892 per

208 3915 456 3989 Moysen.
491 3917 696 3974 idcirco
725 3918 932 3974 induxit
953 3919 1096 3975 Deus
1124 3934 1284 3989 super
1303 3934 1395 3974 eos
1416 3931 1604 3988 pmnas
1627 3924 1787 3985 atque

206 4007 493 4078 supplicia,
543 4019 596 4064 et
639 4009 967 4080 captivitatis
1020 4011 1257 4066 subdidit
1292 4011 1421 4082 jugo
1471 4028 1484 4063 :

206 4117 343 4176 ergo
372 4117 467 4159 eos
506 4109 568 4157 ut
608 4119 766 4167 suos,
815 4112 871 4158 et
909 4103 1064 4174 quasi
1104 4111 1258 4172 pater
1301 4100 1439 4157 ﬁlios
1470 4101 1786 4167 emendans,

204 4193 509 4265 nolensque
537 4195 716 4266 perire
745 4203 1048 4261 correctos,
1076 4195 1175 4252 sed
1201 4194 1412 4251 salvare
1441 4196 1664 4266 cupiens
1692 4209 1791 4264 per

206 4285 611 4355 pcenitentiam.

281 4395 346 4454 ll.
389 4397 544 4455 Unde
595 4407 650 4455 et
693 4415 791 4456 nos
833 4398 1252 4469 apostolicorum
1297 4397 1554 4455 debemus
1600 4397 1792 4453 memi-

208 4494 359 4549 nisse
396 4493 724 4558 verborum,
756 4493 848 4564 qui
875 4494 954 4548 ait
989 4508 1006 4546 :
1047 4490 1108 4547 Si
1135 4489 1464 4552 naturalibus
1492 4489 1654 4546 ramis
1687 4504 1792 4544 non

205 4586 457 4656 pepercit,
477 4601 568 4640 nec
597 4584 743 4640 nobis
767 4593 942 4655 parcet
967 4582 1144 4654 (Rom.
1176 4583 1276 4654 χι),
1301 4590 1356 4637 et
1391 4581 1486 4636 Dei
1520 4589 1792 4651 praecepta

206 4677 482 4747 complere
509 4676 830 4750 negligimus
840 4676 868 4747 ?.
891 4674 1020 4730 Haec
1049 4675 1226 4728 omnia
1247 4673 1302 4727 in
1316 4673 1501 4744 figuris
1526 4673 1791 4742 continge-

210 4768 342 4821 bant
363 4766 465 4824 illis
509 4783 526 4823 :
573 4768 767 4838 scripta
807 4775 929 4836 sunt
968 4774 1141 4832 autem
1173 4764 1246 4820 ad.
1279 4763 1662 4835 correptionem
1695 4779 1792 4822 n.0-

204 4867 403 4925 stram,
434 4859 486 4913 in
510 4875 639 4930 quos
662 4859 791 4928 ﬁnes
817 4856 1129 4912 sazculorum
1153 4855 1466 4910 devenerunt
1491 4851 1542 4924 (Ι
1559 4852 1680 4907 Cor.
1705 4858 1784 4924 χ).

205 4951 277 5006 Et
302 4949 379 5004 illi
403 4950 624 5021 quidem
664 4950 728 5006 de
757 4949 894 5014 urbe
918 4945 1068 5022 Iudae
1092 4945 1342 5001 translati
1361 4952 1490 5001 sunt
1511 4945 1565 4998 in
1601 4944 1794 5000 urbem.

202 5039 613 5110 Chaldaeorum,
643 5040 699 5095 in
732 5039 892 5094 terris
916 5045 1184 5116 mutantes
1210 5036 1330 5091 loca
1359 5054 1372 5091 :
1406 5049 1505 5091 nos
1533 5043 1714 5090 autem
1741 5033 1791 5090 si

201 5131 357 5190 Deus
390 5131 587 5187 viderit
621 5130 989 5204 negligentes,
1028 5128 1084 5183 in
1123 5127 1322 5190 lutum“
1342 5126 1538 5184 saeculo
1573 5127 1794 5184 amitte-r

202 5239 334 5279 mus
353 5223 632 5280 civitatem
655 5232 932 5290 nostram;
961 5228 1020 5278 et
1042 5221 1287 5277 laetitiam
1309 5219 1645 5288 deserentes,
1677 5227 1792 5275 tra-

200 5315 404 5371 demus
425 5329 713 5386 poenarum
737 5313 1075 5387 captivitati,
1103 5313 1500 5385 perdemusque
1532 5311 1786 5386 gaudium

1884 2723 2187 2778 consentire
2215 2725 2415 2780 nostris
2461 2730 2733 2798 peccatis,
2768 2734 2894 2802 quia
2922 2750 3029 2790 non
3068 2739 3254 2794 statim
3283 2742 3461 2797 vindiv

1883 2819 2000 2878 cat;
2033 2812 2127 2866 sed
2158 2811 2287 2868 illud
2313 2815 2631 2886 cogitemus,
2663 2824 2806 2892 quod
2835 2824 2944 2879 cito
2975 2835 3237 2885 exeuntes
3258 2830 3328 2887 de
3353 2847 3457 2889 sae-

1882 2899 2006 2955 culo
2050 2903 2422 2970 separabinmr
2466 2907 2520 2962 in
2551 2908 2734 2974 futuro
2766 2929 2797 2969 a
2835 2915 3088 2974 Patribus
3115 2928 3170 2975 et
3199 2919 3458 2982 fratribus

1883 2991 2106 3056 nostris,
2133 2993 2227 3064 qui
2258 2992 2436 3052 locum
2465 2999 2707 3056 victoriae
2733 3004 3030 3072 possident.
3071 3008 3243 3075 Quem
3275 3021 3329 3066 et
3356 3026 3458 3070 nos

1884 3083 2201 3139 habebimus
2227 3125 2244 3152 ,
2276 3086 2323 3142 si
2352 3087 2567 3145 illorum
2594 3091 2924 3152 voluerimus
2952 3099 3165 3155 calcare
3205 3100 3454 3172 vestigia,

1883 3182 1939 3230 et
1968 3174 2096 3230 illud
2123 3180 2421 3248 attendere,
2443 3184 2586 3252 quod
2613 3187 2886 3255 apostolus
2906 3189 3105 3247 Paulus
3132 3193 3221 3248 hic
3242 3209 3459 3264 quoque

1884 3275 2100 3323 sanctos
2125 3285 2157 3324 a
2192 3272 2568 3341 peccatoribus
2594 3285 2826 3346 separat,
2872 3288 2928 3336 et
2954 3280 3117 3338 tradit
3149 3284 3462 3355 delinquen-

1887 3367 1966 3414 tes
1977 3357 2032 3412 in
2045 3358 2312 3418 interitum
2332 3366 2526 3432 carnis,
2542 3375 2598 3420 ut
2611 3368 2827 3438 spiritus
2846 3370 3024 3427 saluus
3043 3372 3137 3441 ﬁat
3162 3373 3214 3446 (Ι
3237 3373 3360 3429 Cor.
3379 3373 3458 3445 v).

1883 3448 2081 3508 Beatus
2107 3453 2268 3509 homo
2307 3456 2400 3526 qui
2442 3457 2596 3514 timet
2622 3460 2934 3529 Dominum,
2968 3472 3026 3519 et
3048 3479 3208 3535 quem
3236 3466 3464 3537 corripit

1885 3551 1947 3597 ut
1969 3546 2302 3615 emendetur,
2329 3556 2386 3604 et
2411 3549 2584 3621 legem
2612 3567 2766 3608 suam
2794 3555 2951 3612 docet
2971 3571 3116 3621 eum,
3140 3567 3199 3612 ut
3220 3558 3464 3614 ambulet

1887 3637 1942 3691 in
1970 3639 2239 3696 mandatis
2266 3640 2382 3710 ejus
2407 3645 2659 3700 omnibus
2687 3646 2876 3704 diebus
2895 3648 3024 3704 vita}
3044 3662 3189 3717 suae;
3222 3650 3316 3722 qui
3349 3665 3460 3707 non

1886 3738 2193 3788 murmurat
2219 3747 2321 3802 pro
2344 3743 2570 3805 peccato
2595 3751 2713 3792 SUO.

1955 3840 2045 3898 IV.
2085 3842 2271 3912 Itaque
2294 3852 2349 3900 et
2366 3860 2467 3901 nos
2486 3856 2792 3904 scrutemur
2808 3849 2928 3905 vias
2952 3859 3192 3919 nostras,
3221 3859 3278 3910 et
3319 3868 3467 3924 gres-

1889 3947 1985 3988 sus
2008 3935 2257 4005 proprios
2285 3937 2668 4008 dijudicemus;
2714 3951 3159 4014 revertamurque
3184 3945 3252 3999 ad
3281 3945 3463 4000 Domi-

1535 4009 1788 4065 Θτιιάίθηε
1814 4015 1862 4075 Β
1889 4039 2040 4090 num,
2070 4033 2125 4078 et
2160 4024 2400 4082 levemus
2427 4042 2549 4082 cum
2577 4031 2828 4087 manibus
2853 4034 3052 4088 nostris
3072 4009 3241 4088 corda
3275 4041 3465 4091 nostra

1891 4113 1946 4168 in
1977 4115 2249 4170 excelsum
2275 4127 2329 4172 et
2354 4118 2410 4172 in
2446 4119 2646 4174 omium
2688 4135 2704 4174 :
2739 4127 2799 4176 ut
2832 4122 2886 4176 in
2919 4123 3005 4178 die
3030 4119 3221 4191 iudicii
3249 4123 3467 4193 adjutor

1891 4214 2075 4261 noster
2101 4207 2194 4272 sit,
2221 4215 2405 4264 etnon
2425 4210 2818 4266 confundamur
2842 4227 2969 4268 cum
2990 4214 3264 4283 loquimur
3285 4214 3467 4269 inimi-

1889 4297 1970 4350 cis
1996 4299 2198 4352 nostris
2226 4299 2280 4354 in
2306 4309 2484 4368 porta,
2505 4302 2599 4356 sed
2627 4304 2798 4372 magis
2832 4303 2979 4373 digni
3007 4304 3179 4358 simus
3214 4303 3343 4358 illud
3369 4318 3470 4357 au-

1891 4386 2010 4440 dire
2036 4405 2050 4439 :
2080 4387 2289 4457 Aperite
2312 4399 2508 4459 portas,
2536 4400 2594 4445 ut
2621 4392 2950 4461 ingrediatur
2985 4391 3208 4462 populus
3246 4393 3336 4462 qui
3372 4407 3468 4446 cu-

1891 4475 2049 4530 stodit
2069 4476 2340 4546 justitiam
2369 4488 2418 4534 et
2456 4482 2722 4534 veritatem
2757 4479 2949 4551 (ludit.
2987 4481 3099 4552 xv).
3139 4479 3237 4535 Cui
3266 4480 3470 4537 veritas

1891 4566 2040 4624 cordi
2090 4574 2206 4632 est,
2254 4575 2309 4622 et
2349 4569 2440 4635 qui
2477 4569 2718 4639 possidet
2759 4585 2978 4639 pacem,
3028 4571 3207 4627 dicere
3241 4579 3423 4642 potest
3447 4584 3468 4627 :-

1891 4654 2028 4723 Quia
2056 4655 2111 4710 in
2136 4663 2187 4710 te
2207 4657 2562 4726 speravimus,
2595 4657 2841 4726 Domine,
2869 4661 2924 4714 in
2951 4667 3233 4716 aatsrnum.
3265 4660 3466 4717 Recor-

1891 4745 2081 4803 demur
2119 4747 2374 4812 Domini.,
2412 4757 2470 4806 et
2505 4749 2838 4808 Hierusalem
2879 4751 3146 4807 ascendat
3170 4767 3334 4823 super
3373 4766 3469 4806 cor

1890 4849 2152 4908 nostrum.
2206 4838 2283 4896 Ne
2331 4842 2708 4898 obliviscamur
2750 4843 2894 4901 illius
2931 4844 3187 4908 hominis,
3240 4846 3308 4899 de
3351 4857 3460 4912 quo

1891 4933 2150 5004 scriptum
2185 4942 2268 4989 est
2307 4953 2321 4989 :
2362 4934 2674 4991 Benedictus
2701 4937 2855 4993 homo
2895 4937 2987 5008 qui
3020 4935 3236 5004 conﬁdit
3269 4935 3324 4989 in
3361 4933 3444 4987 Do

1890 5027 2051 5092 mino,
2084 5027 2235 5097 cujus
2263 5036 2338 5082 est
2362 5043 2476 5098 spes
2505 5030 2561 5084 in
2581 5046 2660 5086 eo.
2686 5028 2803 5087 Erit
2829 5029 2984 5100 quasi
3001 5028 3202 5100 lignum
3229 5025 3467 5096 fructife-

1891 5135 2006 5173 rum
2029 5120 2190 5189 juxta
2219 5136 2401 5189 aquas,
2427 5129 2476 5176 et
2499 5121 2567 5174 ad
2591 5121 2860 5178 humorem
2889 5118 3047 5175 mittit
3067 5117 3270 5172 radices
3292 5133 3418 5171 suas
3445 5134 3464 5172 :

1890 5223 1995 5262 non
2014 5208 2234 5275 timebit,
2263 5225 2377 5263 cum
2403 5219 2557 5263 (estus
2587 5208 2871 5275 advenerit,
2892 5206 3198 5276 habebitque
3217 5204 3468 5275 fronden-

1888 5306 1966 5352 tes
1984 5308 2238 5364 ramos,et
2252 5299 2308 5354 in
2331 5307 2555 5370 tempore
2566 5299 2816 5358 siccitatis
2843 5298 3043 5362 virebit,
3063 5296 3461 5364 pomasollicita

199 5375 624 5478 sempiternum,
647 5407 792 5479 quod
803 5375 1004 5479 patres
1025 5375 1195 5464 nostri
1216 5412 1270 5462 et
1292 5375 1488 5460 fratres
1507 5375 1694 5462 labore
1714 5375 1793 5460 in?
1817 5378 1863 5444 ο
1892 5390 2212 5460 gemmam-
2242 5386 2409 5479 σναιξς
2431 5406 2522 5443 σον
2540 5390 2595 5443 in
2621 5389 2880 5454 omnibus,
2904 5397 2953 5453 et
2974 5387 3130 5442 Ιιοηιο
3156 5396 3254 5479 ᾅδει
3271 5395 3320 5443 εί
3344 5386 3466 5458 qu“

193 5502 397 5559 stabili
423 5512 762 5574 repererunt.

278 5590 369 5648 ill.
407 5579 576 5664 Igitur
618 5609 728 5650 non
759 5608 859 5650 nos
886 5593 1073 5650 vincat
1093 5591 1321 5657 oblivio,
1349 5606 1453 5648 nec
1475 5590 1794 5663 patientiam

195 5681 311 5740 Dei
342 5683 715 5743 existimemus
766 5687 1154 5758 ignorantiam,
1187 5685 1282 5756 qui
1313 5684 1515 5741 idcirco
1549 5690 1793 5740 sustenta

196 5783 267 5839 et
297 5773 498 5850 diliert,
540 5786 602 5835 ut
651 5777 719 5834 ad
763 5777 986 5838 meliora
1023 5777 1270 5836 conversi
1314 5777 1643 5835 cruciatibus
1683 5791 1792 5836 non

1891 5478 2154 5549 cognoscit
2179 5495 2296 5550 eum
2311 5480 2336 5533 ?
2350 5477 2492 5551 Ergo
2515 5479 2776 5533 Dominus.
2793 5485 3034 5542 scrutaris
3056 5478 3217 5533 corda
3228 5486 3278 5535 et
3293 5495 3464 5545 renes,

1888 5579 1946 5626 ut
1969 5569 2186 5626 reddam
2215 5571 2492 5642 unicuique
2514 5569 2801 5626 secundum
2825 5569 2938 5624 vias
2961 5585 3088 5626 suas
3119 5565 3258 5644 (Jer.
3293 5567 3459 5640 xvn).

1959 5681 2026 5738 V.
2069 5681 2472 5742 Meminerimus
2530 5680 2745 5747 nostri,
2785 5694 2887 5736 nec
2917 5687 3326 5736 contemnamus
3373 5677 3466 5734 de-

1890 5777 2022 5838 licta
2048 5793 2166 5848 quae
2195 5777 2452 5846 fecimus;
2482 5783 2540 5832 et
2560 5773 2774 5847 singula
2806 5773 3067 5833 mandata
3087 5771 3271 5833 Patris
3285 5765 3468 5836 δοιοί
