4004 6328
507 357 614 416 ‘55

1520 350 1577 408 S.
1619 347 1984 407 BENEDICTI
2019 348 2313 408 ABBATIS
2350 344 2758 406 AMANENSIS

3682 347 3793 403 λεδ

508 484 566 530 et
601 484 791 530 eorum
835 469 927 540 qui
966 481 1067 526 nos
1093 469 1413 533 docuerunt,
1440 468 1606 522 corde
1634 467 1864 523 sollicito
1887 475 2093 538 pertra-
2111 451 2171 530 Ἀ
2193 465 2390 529 rimini,
2413 464 2552 536 quod
2581 463 2771 535 pingue
2793 465 2868 514 est
2893 473 2997 513 non
3022 454 3358 524 immolastis,
3385 465 3434 511 et
3457 458 3604 528 quod
3635 458 3793 527 inﬁr-

509 573 717 620 ctemus
744 580 756 615 :
789 575 898 616 non
923 559 1097 615 solum
1123 560 1406 615 credentes
1432 557 1489 611 in
1512 557 1755 623 Christo,
1786 557 1883 612 sed
1907 566 1963 612 et
1990 572 2089 628 pro

510 655 629 725 ipso
650 654 940 724 patientes,
969 659 1026 707 et
1050 651 1285 708 scientes
1313 649 1445 704 illud
1479 650 1544 704 de
1567 665 1673 720 quo
1705 649 1902 704 dicitur
1925 665 1939 704 :
1967 647 2090 721 Spi-

509 747 641 798 ritus
685 728 859 800 vultus
888 743 1052 798 nostri
1081 741 1318 797 Christus
1351 740 1611 794 Dominus
1646 739 1863 812 (Thren.
1895 739 1993 812 tv).
2023 740 2093 795 Et.

508 837 635 892 alibi
662 855 675 890 :
707 836 942 890 Lucerna
969 835 1183 905 pedibus
1208 835 1336 888 meis
1357 833 1441 887 lex
1463 842 1580 899 tua,
1611 841 1660 886 et
1686 831 1860 886 lumen
1890 833 2090 886 semitis

508 928 656 981 meis.
687 927 754 984 Et
773 927 1002 980 iterum:
1040 924 1322 995 Eloquium
1348 923 1561 978 Domini
1587 922 1861 992 viviﬁcavit
1892 939 1991 987 me,
2014 929 2089 988 et,

509 1016 619 1072 Lex
650 1017 858 1071 Domini
896 1015 1236 1070 immaculata
1258 1055 1273 1081 ,
1311 1023 1610 1069 convertens
1652 1013 1876 1068 animas.
1934 1013 2094 1067 Man—

509 1111 691 1164 datum
731 1109 941 1163 Domini
980 1107 1247 1174 lucidum,
1283 1106 1592 1160 illuminans
1634 1104 1810 1159 oculos
1859 1103 2089 1174 (Psalm.

509 1201 716 1273 cxvm).
749 1202 818 1255 Et
850 1199 1160 1270 Apostolus,
1182 1197 1314 1264 Lex,
1339 1197 1532 1268 inquit,
1559 1206 1766 1261 sancta,
1791 1203 1840 1250 et
1870 1193 2095 1248 manda-

509 1299 620 1346 tum
661 1301 920 1357 sanctum,
949 1300 998 1344 et
1028 1291 1259 1360 justum,
1293 1288 1564 1359 ethonum
1599 1287 1777 1358 (Rom.
1811 1285 1928 1356 vn).
1963 1283 2094 1352 Qua:

508 1382 688 1439 omnia
715 1381 1100 1452 intelligentes,
1128 1379 1276 1450 digni
1305 1378 1512 1434 erimus
1535 1377 1726 1432 audire
1756 1395 1768 1430 :
1799 1374 1932 1431 Cum
1961 1375 2096 1428 ceci-

507 1474 638 1528 derit
683 1475 864 1544 justus
901 1489 1007 1526 non
1053 1469 1320 1536 allidetur,
1365 1470 1491 1541 quia
1533 1467 1791 1522 Dominus
1837 1474 2095 1523 sustentat

506 1580 722 1620 manum
769 1564 914 1618 illius
964 1561 1191 1634 (Psalm.
1239 1561 1447 1634 xxxvr).
1490 1562 1558 1617 Et
1605 1563 1844 1617 iterum:
1889 1559 2093 1632 Septies

506 1656 654 1710 cadet
677 1656 877 1726 justus,
906 1663 955 1708 et
982 1661 1213 1724 resurget
1239 1652 1291 1726 (Ι
1317 1653 1462 1708 Petr.
1487 1653 1592 1726 ιιι).

580 1745 670 1801 Ἦ.
707 1745 862 1802 Nunc
896 1760 1044 1816 ergo,
1078 1744 1298 1812 fratres,
1341 1745 1452 1800 Deo
1482 1757 1674 1814 agente
1698 1746 2003 1817 'patientcr,
2041 1751 2096 1798 et

509 1853 611 1894 nos
647 1839 713 1893 ad
761 1837 1135 1908 paenitentiam
1179 1846 1546 1908 provocante,
1595 1837 1660 1893 de
1701 1837 1854 1907 gravi
1901 1849 2093 1892 somno

507 1927 842 1998 evigilemus,
874 1929 998 1998 quia
1029 1928 1372 1984 adversarius
1393 1938 1578 1982 noster
1597 1928 1748 1998 quasi
1770 1927 1849 1982 leo
1881 1927 2092 1997 rugiens

508 2019 692 2073 circuit
715 2035 954 2090 quarens
980 2034 1131 2090 quem
1169 2018 1376 2072 devoret
1407 2017 1460 2090 (ι
1483 2015 1629 2072 Petr.
1654 2015 1729 2090 v),
1770 2017 1858 2072 cui
1892 2017 2094 2073 acriter

509 2111 873 2167 resistendum
919 2119 1028 2179 est,
1064 2120 1121 2165 et
1165 2111 1449 2166 sciendum
1477 2110 1663 2166 eadem
1705 2111 1872 2165 etiam
1915 2118 2092 2166 certa-

507 2205 656 2260 mina
688 2204 889 2259 nostris
913 2203 1158 2260 evenisse
1184 2200 1498 2271 majoribus.
1530 2201 1647 2257 Non
1671 2201 1988 2257 deﬁciamus
2013 2201 2092 2258 la-

507 2297 764 2354 borantes
780 2296 1152 2367 iacientesque
1179 2296 1442 2350 virtutum
1477 2295 1705 2360 semina,
1735 2303 1796 2349 ut
1823 2295 1878 2349 in
1907 2293 2090 2350 futuro

505 2390 702 2460 gaudia
730 2398 936 2446 metere
978 2389 1269 2460 possimus,
1311 2388 1700 2456 audiamusque
1727 2384 1955 2441 Paulum
1987 2389 2087 2443 do-

507 2490 718 2536 centem
748 2499 762 2535 :
797 2481 875 2536 Tu
904 2491 1084 2536 autem
1107 2480 1200 2550 qui
1223 2478 1453 2535 servasti
1477 2477 1803 2542 doctrinam,
1828 2478 2090 2534 eruditio-

510 2589 658 2641 nem,
699 2575 955 2641 studium,
996 2574 1333 2645 patientiam,
1379 2571 1835 2642 persecutionem,
1883 2578 1938 2626 et
1966 2585 2090 2626 san-

506 2675 716 2724 ctorum
743 2667 990 2739 exempla
1016 2674 1289 2723 sectantes
1317 2679 1735 2737 permaneamus
1764 2663 1820 2718 in
1846 2678 1912 2719 eo
1945 2661 2090 2732 quod

505 2759 787 2829 cmpimus,
811 2761 1071 2815 habentes
1101 2758 1398 2828 principem
1426 2765 1481 2812 et
1502 2755 1858 2826 perfectorem
1882 2753 2084 2810 Jesum.

503 2846 873 2923 Intelligamus
900 2866 1111 2906 comam
1143 2851 1338 2920 capitis
1367 2850 1538 2906 nostri
1569 2850 1624 2904 in
1659 2849 1768 2914 via,
1806 2857 1866 2902 ut
1893 2849 1966 2903 sit
1989 2865 2093 2903 un-

502 2949 762 3013 guentum
790 2943 847 2996 in
871 2943 1038 2997 barba
1065 2952 1252 2997 nostra
1271 2981 1286 3005 ,
1319 2948 1378 2996 ut
1404 2941 1470 2996 ad
1497 2956 1650 2996 oram
1674 2939 1957 3010 perveniat
1998 2955 2090 2994 ve-

504 3033 767 3098 stimenti,
793 3041 854 3087 ut
888 3032 1158 3103 possimus
1180 3031 1408 3102 implere
1435 3031 1706 3096 universa,
1737 3046 1858 3101 qua:
1888 3031 2088 3100 scripta

506 3134 631 3180 sunt
655 3124 886 3197 (Psalm.
916 3126 1143 3197 cxxxu).

579 3217 688 3273 VII.
728 3217 1087 3288 Quapropter,
1106 3233 1139 3274 ο
1160 3217 1326 3274 duces
1352 3225 1408 3274 et
1433 3216 1708 3288 prmpositi
1735 3216 2092 3271 monasterio-

507 3324 629 3365 rum
671 3325 737 3364 ac
776 3304 1079 3375 domorum,
1109 3310 1306 3380 quibus
1347 3310 1537 3366 crediti
1568 3319 1695 3366 sunt
1727 3311 1994 3375 homines,
2035 3317 2091 3366 et

505 3401 648 3470 apud
677 3416 814 3473 quos
843 3401 1192 3457 inveniuntur
1214 3401 1279 3467 T,
1311 3402 1422 3458 sive
1444 3403 1504 3467 E,
1535 3403 1649 3457 sive
1675 3402 1742 3469 A,
1774 3402 1912 3457 utin
1939 3416 2089 3458 com-

504 3509 667 3549 mune
712 3494 908 3559 dicam,
943 3495 1138 3564 quibus
1183 3495 1374 3551 crediti
1411 3503 1539 3550 sunt
1577 3494 1842 3562 homines,
1885 3495 2084 3564 singuli

504 3587 851 3642 cum‘turmis
877 3587 989 3642 suis
1021 3595 1337 3658 exspectent
1367 3585 1663 3642 Salvatoris
1685 3587 2000 3651 adventum,
2028 3594 2090 3640 ut

507 3681 818 3751 conspectui
860 3680 1004 3735 illius
1040 3691 1292 3736 ornatum
1338 3681 1506 3736 armis
1542 3679 1840 3736 exercitum
1876 3693 2089 3749 praepa-

505 3782 646 3828 rent.
680 3773 758 3828 Ne
785 3771 1118 3844 refrigeretis
1144 3788 1238 3828 eos
1279 3773 1336 3827 in
1366 3773 1706 3838 carnalibus,
1737 3780 1792 3827 et
1825 3769 2089 3841 spiritalia

505 3880 614 3920 non
635 3865 884 3919 tribuatis
898 3865 1148 3919 alimenta
1159 3903 1172 3916 .
1189 3863 1297 3917 Aut
1317 3877 1534 3916 rursum
1547 3861 1787 3918 doceatis
1802 3859 2085 3930 spiritalia,

506 3963 561 4010 et
606 3956 662 4010 in
707 3955 1016 4010 carnalibus
1053 3953 1323 4024 adligatis,
1361 3953 1419 4008 in
1461 3955 1603 4009 escis
1630 3952 1883 4007 videlicet
1927 3959 2092 4020 atque

506 4047 727 4103 vestitu.
776 4045 884 4102 Sed
919 4054 974 4102 et
1014 4046 1288 4118 spiritales
1313 4053 1368 4102 et
1409 4045 1659 4101 carnales
1691 4044 1843 4099 cibos
1886 4044 2093 4114 pariter

506 4137 745 4204 tribuite,
769 4146 826 4192 et
849 4137 1051 4192 nullam
1077 4138 1216 4194 detis
1241 4137 1322 4193 eis
1349 4136 1690 4192 occasionem
1725 4134 2088 4204 negligentiae.

505 4230 616 4285 Aut
651 4247 770 4300 qua:
806 4240 890 4287 est
919 4231 1022 4286 ista
1051 4229 1285 4298 justitia,
1331 4237 1391 4283 ut
1433 4227 1631 4282 fratres
1677 4225 1862 4280 labore
1891 4224 2093 4295 afﬂiga-

506 4337 648 4388 mus,
679 4330 734 4376 et
769 4322 872 4393 ipsi
900 4322 1014 4377 otio
1041 4319 1333 4376 vacemus?
1374 4326 1469 4372 aut
1507 4318 1587 4372 eis
1617 4315 1807 4386 iugum
1837 4317 2092 4388 impona-

507 4427 668 4478 mus,
717 4413 862 4483 quod
910 4413 1014 4483 ipsi
1061 4412 1226 4480 ferre;
1247 4425 1355 4466 non
1394 4423 1700 4480 possumus.
1737 4403 1990 4478 Legimus
2036 4408 2094 4462 in

506 4501 798 4572 Evangelia
899 4502 1019 4568 Qua
1062 4518 1308 4558 mensura
1339 4502 1504 4555 mensi
1546 4500 1754 4569 fueritis
1794 4499 2094 4554 remetietur
2115 4530 2172 4592 Β

507 4595 648 4651 vobis
670 4579 883 4668 (Matth.
908 4595 1028 4666 vn).
1055 4594 1208 4650 Unde
1235 4603 1290 4649 et
1315 4588 1556 4650 laborem
1582 4601 1637 4648 et
1666 4591 1948 4661 refrigeria
1966 4606 2092 4646 cum

509 4689 642 4760 ipsis
669 4689 964 4743 habeamus
986 4688 1314 4753 communia,
1337 4701 1440 4743 nec
1459 4685 1753 4754 discipulos
1781 4699 1967 4740 servos
1992 4699 2096 4754 pu-

509 4789 708 4847 temus,
743 4789 799 4835 et
846 4779 1062 4836 illorum
1092 4779 1368 4837 tribulatio
1412 4781 1482 4836 sit
1525 4788 1711 4834 nostra
1752 4777 1980 4843 laetitia;
2026 4793 2098 4834 ne

510 4873 850 4946 evangelicus
887 4888 986 4929 nos
1023 4888 1147 4929 cum
1174 4871 1465 4928 Pharisaais
1490 4870 1790 4942 corripiat:
1832 4868 1923 4925 Va:
1946 4871 2095 4926 vobis

509 4966 840 5040 legisperitis,
864 4969 954 5038 qui
976 4965 1151 5039 ligatis
1175 4984 1337 5022 onera
1354 4963 1729 5038 importabilia,
1753 4973 1801 5020 et
1829 4965 2092 5037 imponitis

508 5076 571 5114 ea
595 5078 751 5132 super
782 5063 1026 5115 humeros
1054 5061 1346 5128 hominum,
1382 5069 1431 5115 et
1471 5059 1571 5132 ipsi
1602 5075 1666 5115 ne
1690 5059 1854 5132 digito
1884 5059 2096 5132 quidem

509 5152 714 5206 audetis
739 5154 991 5224 attingere
1021 5151 1238 5226 (Matth.
1269 5151 1452 5225 xxui).

585 5242 713 5298 VIII.
763 5243 902 5301 Sunt
934 5245 1099 5317 aliqui
1139 5247 1479 5303 attendentes
1526 5255 1871 5316 semetipsos,
1920 5227 2100 5300 utvi-

508 5341 698 5390 ventes
735 5331 890 5403 juxta
919 5336 1234 5393 mandatum
1271 5335 1369 5391 Dei
1415 5336 1518 5392 sibi
1553 5335 1869 5405 loquuntur,
1921 5341 1976 5389 et
2018 5333 2098 5390 dis

510 5433 640 5483 cunt
671 5445 684 5482 :
716 5425 854 5494 Quid
877 5429 1010 5485 mihi
1037 5438 1120 5486 est
1144 5445 1269 5486 cum
1294 5429 1451 5484 aliis?
1489 5428 1603 5500 Ego
1622 5443 1755 5484 vero
1778 5435 1839 5483 ut
1862 5429 2096 5484 serviam

508 5517 643 5586 Deo,
666 5528 722 5576 et
751 5522 1004 5578 mandata
1030 5521 1148 5591 ejus
1178 5521 1457 5593 impleam,
1500 5535 1612 5576 non
1638 5518 1704 5574 ad
1739 5534 1828 5575 me
1861 5519 2099 5590 pertinet

509 5613 638 5683 quid
662 5613 752 5669 alii
774 5615 993 5670 faciant.
1018 5615 1132 5673 Hoc
1155 5616 1408 5674 Ezechiel
1434 5615 1658 5686 corripit
1678 5615 1864 5671 dicens
1891 5634 1905 5670 :
1935 5613 1980 5669 0
2001 5632 2098 5686 pa-

510 5713 674 5760 stores
710 5705 909 5774 Israel,
943 5710 1179 5780 nunquid
1229 5708 1529 5780 semetipsos
1562 5716 1785 5781 pascunt
1820 5707 2099 5780 pastores?

511 5809 683 5854 nonne
710 5813 825 5856 oves
853 5811 1069 5870 pascunt
1093 5801 1117 5858 ?
1137 5799 1270 5857 Ecce
1292 5799 1375 5856 lac
1403 5799 1723 5873 comedistis,
1748 5808 1796 5858 et
1819 5799 1956 5857 lanis
1977 5815 2098 5871 ope-

2191 573 2334 613 mum
2359 565 2434 611 est
2454 571 2559 608 non
2587 551 2956 622 confortastis;
2985 549 3124 619 quod
3163 548 3389 618 fractum
3412 557 3489 602 est
3517 564 3627 602 non
3652 548 3797 618 ligi-

2190 650 2320 714 stis;
2359 645 2499 718 quod
2525 642 2733 699 errabat
2761 657 2866 695 non
2895 639 3214 703 reduxistis;
3250 638 3391 710 quod
3418 647 3651 708 perierat
3687 655 3797 691 non

2191 737 2486 810 quccsistis‘;
2535 733 2673 806 quod
2705 732 2839 802 forte
2876 740 2989 785 erat
3013 730 3208 800 fecistis
3250 727 3427 782 labore
3457 728 3711 797 deﬁcere,
3748 739 3797 781 et

2193 827 2508 898 dispersistis
2534 841 2648 880 oves
2678 839 2842 889 meas,
2873 838 2932 876 eo
2960 820 3100 892 quod
3129 837 3234 874 non
3263 818 3516 872 haberent
3548 826 3797 886 pastores

2195 921 2414 992 (Ezech.
2443 918 2652 992 χχχιιι).
2683 918 2982 989 Propterea
3011 917 3126 986 ipse
3154 915 3418 971 Dominus
3450 912 3640 968 veniet
3665 928 3794 972 eum

2193 1013 2498 1069 senioribus
2537 1019 2593 1068 et
2623 1011 2957 1081 principibus
2991 1008 3126 1073 suis,
3161 1014 3216 1062 et
3256 1005 3626 1076 complebitur
3657 1005 3796 1059 illud

2195 1104 2251 1160 in
2293 1105 2449 1160 nobis
2492 1123 2505 1159 :
2549 1104 2837 1158 Exactores
2875 1102 3031 1156 vestri
3076 1099 3454 1170 deprwdantur
3486 1114 3602 1163 vos,
3627 1107 3675 1152 et
3704 1099 3794 1167 qui

2195 1207 2455 1268 repetunt,
2484 1213 2661 1252 errare
2685 1213 2772 1250 vos
2794 1196 2995 1266 faciunt
3020 1193 3176 1266 (Isai.
3205 1193 3309 1264 ιιι).
3335 1192 3478 1258 Quin
3500 1193 3682 1262 magis
3705 1207 3798 1245 au-

2196 1289 2314 1345 dire
2341 1291 2600 1346 debemus
2630 1308 2644 1344 :
2677 1289 2841 1344 Beata
2865 1298 3029 1353 terra,
3057 1287 3208 1357 cujus
3233 1303 3327 1340 rea:
3348 1287 3494 1356 [ilius
3524 1299 3542 1336 :
3576 1287 3793 1356 ingenui

2195 1389 2245 1436 et
2282 1382 2538 1453 principes
2572 1383 2650 1435 tui
2678 1382 2734 1436 in
2763 1390 2991 1452 tempore
3031 1380 3308 1435 comedunt
3351 1380 3408 1435 in
3449 1380 3794 1450 fortitudine,

2196 1483 2245 1530 et
2271 1491 2377 1529 non
2402 1474 2790 1544 confundentur
2813 1469 2987 1545 (Eccl.
3016 1471 3096 1543 ς).

2266 1564 2360 1618 IX.
2399 1563 2548 1631 Ideo,
2586 1579 2620 1619 ο
2653 1564 2838 1629 homo,
2881 1577 3050 1632 usque
3083 1562 3152 1617 ad
3188 1577 3349 1617 unam
3377 1561 3647 1626 animam,
3676 1574 3801 1630 qua:

2197 1653 2296 1710 tibi
2313 1653 2520 1709 credita
2541 1661 2644 1718 est,
2659 1666 2880 1708 monere
2899 1667 3008 1709 non
3029 1665 3213 1707 cesses
3236 1659 3292 1707 et
3309 1651 3509 1706 docere
3523 1666 3651 1721 qua:
3673 1665 3800 1705 san-

2198 1751 2286 1799 cta
2308 1751 2454 1810 sunt,
2479 1753 2534 1798 et
2560 1744 2790 1814 teipsum
2811 1744 3078 1799 bonorum
3098 1759 3325 1813 operum
3347 1745 3599 1805 praebere
3619 1757 3801 1798 exem-

2120 1821 2169 1881 Β
2195 1836 2376 1908 plum,
2400 1843 2458 1892 et
2487 1850 2682 1892 cavere
2709 1851 2872 1906 quam
2897 1837 3167 1902 maxime,
3201 1852 3272 1892 ne
3302 1835 3534 1890 alterum
3566 1850 3726 1889 ames
3749 1844 3801 1889 et

2194 1929 2428 1985 alterum
2448 1930 2651 1997 oderis,
2671 1931 2766 1986 sed
2789 1938 2845 1985 et
2864 1929 3075 1986 cunctis
3093 1929 3349 1985 exhibeas
3369 1928 3750 1998 aequalitatem
3781 1943 3796 1980 :

2191 2035 2262 2077 ne
2281 2018 2423 2077 forte
2450 2036 2612 2091 quem
2636 2029 2694 2075 tu
2722 2020 2901 2091 diligis
2922 2021 3067 2077 Deus
3089 2021 3284 2085 oderit,
3312 2029 3370 2074 et
3394 2033 3564 2090 quem
3591 2027 3658 2073 tu
3680 2018 3801 2073 ode-

2191 2112 2272 2172 ris
2296 2117 2439 2172 Deus
2459 2116 2663 2187 diligat.
2687 2114 2830 2170 Nulli
2855 2114 3072 2178 erranti,
3084 2129 3182 2185 pro
3199 2113 3431 2169 amicitia
3453 2112 3799 2178 consentias,

2192 2215 2250 2262 et
2264 2207 2492 2263 alterum
2511 2203 2748 2278 premas,
2762 2216 2818 2262 et
2843 2207 3070 2263 alterum
3083 2207 3354 2274 subleves,
3370 2215 3424 2262 et
3434 2205 3802 2277 pereatlabor

2192 2307 2340 2354 tuus.
2375 2298 2636 2355 Sedentes
2655 2301 2709 2355 in
2723 2299 2856 2355 locis
2882 2299 3286 2366 humilioribus,
3310 2299 3368 2354 in
3393 2299 3605 2368 quibus
3634 2297 3800 2352 Pater

2192 2399 2382 2446 noster
2426 2392 2676 2462 praecipit
2725 2392 2942 2462 penitus
2998 2407 3107 2448 non
3157 2392 3454 2448 sedendum
3482 2432 3498 2456 ,
3560 2398 3799 2446 caveant

2190 2482 2472 2553 praepositi
2525 2483 2848 2548 domorum,
2894 2498 2964 2538 ne
3005 2482 3236 2539 forsitan
3271 2472 3505 2554 quilibet
3543 2497 3700 2536 unus
3740 2496 3802 2536 ex

2191 2573 2455 2631 fratribus
2503 2576 2793 2645 praaposito
2836 2573 3090 2644 iniuriam
3141 2575 3359 2641 fecerit,
3401 2582 3456 2629 et
3499 2574 3693 2629 iratus
3718 2574 3802 2630 ille

2193 2663 2472 2720 discernat
2499 2680 2564 2719 ac
2592 2666 2738 2720 dicat
2764 2683 2777 2720 :
2810 2665 2950 2733 Quid
2979 2655 3157 2722 causa:
3210 2666 3385 2720 habeo
3411 2664 3480 2719 ad
3507 2665 3801 2718 hominem

2195 2759 2664 2828 contemptorem?
2695 2758 2882 2813 Faciat
2909 2759 3053 2829 quod
3078 2758 3224 2824 vult,
3257 2758 3324 2812 ad
3352 2771 3438 2811 me
3472 2770 3589 2809 non
3623 2757 3802 2825 perti-

2193 2856 2316 2916 net;
2372 2864 2474 2904 nec
2507 2865 2631 2905 eum
2671 2865 2898 2916 moneo,
2936 2866 3036 2906 nec
3072 2858 3347 2905 errantem
3381 2848 3645 2916 corrigo,
3685 2849 3800 2903 sive

2195 2937 2451 3006 salvetur,
2482 2941 2595 2995 sive
2625 2949 2839 3011 pereat,
2873 2942 2940 2997 ad
2977 2957 3064 2996 me
3099 2956 3207 2996 non
3247 2940 3501 3010 pertinet.
3534 2939 3580 2993 Ο
3608 2940 3801 3004 homo,

2195 3032 2326 3102 quid
2352 3031 2469 3088 haec
2496 3033 2769 3104 loqueris?
2797 3034 3040 3107 Intellige
3059 3049 3168 3105 quo
3195 3033 3380 3090 furore
3409 3034 3707 3103 supereris
3753 3042 3801 3087 et

2195 3125 2381 3180 odium
2408 3127 2695 3197 occupavit
2724 3142 2821 3182 cor
2851 3135 3022 3193 tuum,
3052 3135 3110 3181 ut
3134 3126 3310 3198 magis
3337 3135 3429 3180 tuo
3455 3126 3597 3180 vitio
3632 3140 3799 3195 quam

2196 3231 2294 3271 suo
2319 3227 2542 3288 peccato
2588 3217 2758 3274 frater
2795 3229 3011 3289 pereat;
3053 3219 3141 3274 cui
3185 3219 3350 3274 debes
3379 3219 3716 3289 ignoscere,
3751 3228 3803 3274 et

2189 3325 2315 3365 eum
2345 3311 2620 3380 suscipere
2648 3312 3028 3380 pmnitentem,
3059 3320 3122 3367 ut
3150 3312 3330 3382 possis
3352 3311 3484 3366 illud
3512 3311 3800 3382 evangeli-

2188 3417 2312 3458 cum
2339 3403 2556 3457 dicere:
2587 3402 2805 3456 Dimitte
2828 3401 2975 3456 nobis
3006 3402 3182 3457 debita
3207 3413 3411 3470 nostra,
3444 3405 3593 3457 sicut
3621 3413 3678 3458 et
3704 3419 3800 3456 nos

2189 3493 2499 3548 dimittimus
2527 3494 2845 3549 debitoribus
2880 3496 3071 3549 nostris
3095 3493 3310 3567 (Matth.
3338 3493 3439 3566 vt).
3466 3494 3528 3551 Si
3553 3510 3699 3567 ergo
3720 3496 3801 3551 vis

2188 3591 2250 3638 ut
2287 3583 2430 3639 Deus
2461 3593 2679 3654 peccata
2709 3594 2801 3640 tua
2833 3585 2936 3641 tibi
2963 3585 3235 3652 dimittat,
3261 3594 3317 3641 et
3346 3593 3404 3642 tu
3431 3585 3664 3642 dimitte
3688 3586 3797 3641 fra-

2189 3675 2260 3730 tri
2289 3683 2381 3730 tuo
2401 3676 2662 3747 quidquid
2684 3677 2816 3734 illud
2841 3687 2926 3734 est
2947 3677 3092 3748 quod
3120 3679 3175 3734 in
3205 3686 3258 3734 te
3278 3679 3550 3748 peccavit,
3579 3694 3804 3736 memor

2189 3769 2334 3825 illius
2381 3773 2685 3842 praecepti:
2721 3773 2805 3828 Ne
2849 3775 3024 3830 oderis
3067 3776 3290 3845 fratrem
3338 3785 3484 3828 tuum
3531 3775 3588 3829 in
3642 3776 3802 3829 corde

2190 3867 2280 3913 tuo
2303 3858 2456 3930 (Luc.
2484 3861 2583 3932 ιιι).
2615 3861 2684 3916 Et
2709 3861 3016 3919 Salomonis
3045 3865 3318 3920 mouentis
3351 3862 3600 3919 :‘Suscita
3627 3866 3799 3919 civem

2191 3958 2340 4004 tuum
2374 3967 2471 4021 pro
2497 3968 2598 4022 quo
2637 3953 2963 4024 spopondisti
2985 3955 3166 4027 (Prov.
3191 3955 3290 4028 vi).
3325 3955 3391 4010 Et
3420 3956 3625 4009 iterum
3663 3975 3679 4008 :
3719 3955 3799 4010 Ne

2193 4054 2355 4093 cesses
2377 4040 2584 4095 erudire
2595 4042 2892 4112 parvulum,
2910 4046 2954 4099 si
2973 4046 3112 4099 enim
3134 4047 3282 4116 virga
3303 4045 3628 4116 percusseris
3652 4062 3798 4110 eum,

2193 4146 2298 4185 non
2322 4132 2576 4186 morietur
2602 4125 2993 4207 (Ρνουζκκιιι).
3028 4135 3246 4207 Moysen
3287 4151 3505 4206 quoque
3541 4137 3796 4191 ausculta

2194 4227 2460 4283 dicentem
2493 4247 2506 4282 :
2545 4228 2884 4301 Correptione
2919 4234 3166 4304 corripies
3193 4235 3495 4305 proximum
3529 4247 3710 4298 tuam,
3741 4252 3801 4289 ne

2194 4317 2387 4372 habeas
2401 4329 2668 4388 peccatum
2683 4337 2778 4391 pro
2791 4339 2852 4376 eo
2871 4322 3056 4394 (Leuit.
3082 4325 3219 4394 Xix).
3243 4325 3322 4380 Ne
3335 4325 3554 4380 eveniat
3574 4342 3799 4381 rursum

2195 4409 2324 4466 illud
2363 4411 2668 4469 Salomonis
2695 4429 2710 4468 :
2745 4413 2850 4480 Qui
2879 4404 2990 4470 non.
3013 4419 3250 4488 praedicit
3279 4417 3422 4486 ﬁlio,
3449 4428 3508 4472 ut
3533 4436 3589 4473 se
3613 4430 3796 4474 custo-

2196 4500 2308 4556 diat
2331 4519 2365 4556 a
2381 4503 2778 4573 perditionibus,
2802 4506 3363 4563 velociterdissolvetur
3392 4507 3584 4581 (Prov.
3610 4512 3757 4584 ιιι).

2274 4591 2343 4648 Χ.
2383 4593 2585 4650 Omnes
2613 4597 2809 4666 quibus
2837 4596 3069 4654 fratrum
3095 4615 3224 4655 cura
3251 4602 3544 4656 commissa
3575 4612 3687 4668 est,
3715 4618 3800 4673 pa-

2200 4696 2325 4745 rent
2347 4703 2406 4745 se
2433 4690 2684 4746 adventui
2713 4691 3009 4749 Salvatoris
3050 4702 3105 4750 et
3149 4693 3498 4752 formidoloso
3528 4695 3798 4752 tribunali

2199 4780 2335 4852 ejus.
2378 4781 2436 4839 Si
2465 4785 2612 4839 enim
2637 4799 2738 4854 pro
2766 4799 2826 4840 se
2854 4784 2970 4856 ipso
3005 4786 3232 4842 reddere
3270 4788 3540 4843 rationem
3571 4788 3798 4858 plenum

2199 4882 2288 4931 est
2316 4873 2650 4931 discriminis
2675 4890 2739 4931 ac
2765 4875 2996 4943 timoris,
3025 4883 3080 4933 et
3103 4887 3306 4948 quanto
3328 4878 3505 4948 magis
3525 4893 3632 4948 pro
3665 4879 3801 4934 alte-

2198 4965 2314 5021 rius
2337 4965 2494 5036 culpa
2523 4967 2707 5023 subire
2733 4967 3069 5034 cruciatum,
3109 4976 3166 5024 et
3209 4969 3450 5026 incidere
3483 4970 3546 5025 in
3593 4987 3799 5026 manus

2199 5055 2297 5112 Dei
2322 5057 2588 5112 viventis?
2615 5043 2728 5114 Ne‘c
2753 5073 3044 5131 possumus
3068 5059 3364 5118 obtendere
3396 5062 3796 5133 ignorantiam,

2199 5165 2323 5208 cum
2352 5150 2612 5222 scriptum
2639 5152 2714 5208 sit
2742 5171 2756 5208 :
2789 5153 2956 5210 Omne
2985 5155 3184 5226 factum
3213 5155 3358 5211 Deus
3385 5155 3613 5210 adducet
3636 5157 3698 5210 in
3713 5158 3798 5227 jac

2199 5245 2358 5312 dicio,
2384 5245 2442 5301 in
2465 5246 2702 5303 omnibus
2726 5264 2843 5319 qua:
2874 5247 3105 5319 neglecta
3130 5258 3272 5315 sunt,
3299 5249 3406 5304 sive
3441 5248 3663 5314 bonum,
3692 5251 3799 5303 sise

2200 5339 2397 5396 malum
2428 5340 2598 5415 (Eccl.
2634 5341 2757 5414 xii).
2802 5341 2871 5397 Et
2911 5343 2968 5398 in
3003 5342 3264 5413 Apostolo
3289 5343 3558 5414 legimus:
3595 5340 3798 5396 Omnes

2198 5447 2292 5486 nos
2316 5441 2510 5504 oportet
2531 5432 2860 5503 manifestari
2888 5443 3007 5488 ante
3033 5434 3264 5488 tribunal
3287 5426 3507 5507 Christi,
3539 5441 3602 5488 ut
3626 5449 3799 5487 unus-

2197 5525 2414 5596 quisque
2441 5525 2655 5595 recipiat
2674 5541 2769 5594 pro
2790 5540 2849 5578 eo
2868 5524 3008 5596 quod
3037 5534 3279 5596 operatus
3305 5533 3380 5580 est
3397 5567 3411 5590 ,
3439 5524 3548 5579 sire
3569 5523 3794 5588 banum,

2200 5616 2308 5672 sive
2334 5615 2532 5671 malum
2559 5615 2646 5688 (II
2666 5616 2788 5671 Cor.
2821 5616 2897 5687 v).
2922 5617 3088 5673 Isaias
3118 5633 3329 5690 quoque
3352 5618 3495 5674 diem
3522 5617 3798 5673 constitu-

2199 5712 2313 5761 tam
2356 5705 2660 5778 signiﬁcat,
2694 5706 2749 5762 in
2796 5722 2902 5777 qua
2927 5707 3266 5778 iudicaturus
3307 5709 3376 5764 sit
3413 5709 3559 5764 Deus
3599 5707 3796 5763 orbem

2150 5806 2373 5885 _terra:.
2400 5798 2452 5857 in
2479 5799 2712 5878 iustitia,
2743 5799 2925 5861 dicens
2956 5820 2980 5876 _:
3017 5802 3152 5863 Ecce
3181 5804 3289 5860 dies
3313 5802 3525 5861 Domini
3567 5803 3769 5858 insana
