4004 6328
189 375 289 428 457

845 378 1074 458 conss
1115 379 1580 436 REGULARUM.
1623 410 1693 421 —

1829 381 1909 438 BS
1945 384 1985 438 Ι.
2028 385 2331 447 ΒΕΟΙΠΛΕ
2359 392 2463 449 PP.
2503 395 2778 454 ORIENT.

3326 417 3432 474 458

190 486 302 540 bilis
316 486 448 541 venit
461 485 655 554 furoris
671 498 716 542 et
733 490 1088 560 irw,utponat
1111 494 1281 548 orbem
1299 506 1450 549 terra:
1464 495 1517 548 in
1532 495 1754 560 deserto,
1784 499 1836 554 A
1863 497 1972 553 rint
2001 501 2054 554 in
2078 503 2294 560 homine
2321 507 2450 575 Dei,
2479 513 2570 581 qui
2606 530 2711 568 non
2741 516 2911 574 solum
2941 523 3201 600 sollicitus
3225 539 3309 584 est
3335 548 3434 601 pro

199 589 234 601 ,ι
260 579 739 601 ---κά-Δ--ᾼ---Α-.--μ
769 582 962 601 JA_AI'
1034 584 1045 595 ο
1146 586 1160 601 \
1204 585 1236 601 ﬁ
1279 587 1290 598 ο
1507 587 1518 598 ο
1707 589 1718 599 ι
1993 595 2023 601 .-
2249 599 2259 601 -
2335 600 2338 601 ,

189 589 234 632 et
256 579 430 648 perdat
451 590 744 649 peccatores
760 582 822 635 de
835 599 892 635 eo
911 582 962 654 (1
966 584 1063 638 sai.
1082 586 1185 655 ιιι).
1204 585 1416 641 Scimus
1430 587 1554 656 quia
1578 589 1757 641 omnia

187 685 302 738 qure
328 669 380 721 in
410 669 526 740 lege
557 671 758 740 scripta
786 680 928 738 sunt,
956 683 1008 728 et
1030 678 1416 754 prophetarum
1440 679 1596 733 nobis
1616 681 1756 733 vati-

185 760 319 815 cinia
345 761 727 830 przedixerunt,
761 773 980 820 sanctus
1007 782 1218 837 quoque
1241 767 1404 823 Pater
1430 777 1613 824 noster
1637 784 1760 823 cru-

185 850 325 912 divit,
361 865 460 905 nos
490 866 610 906 esse
634 856 945 912 retinendos
979 867 1032 913 et
1066 859 1371 915 reddituros
1395 861 1660 915 rationem
1693 862 1758 915 de

183 939 421 1008 singulis,
449 957 617 1010 quare
639 961 746 1000 non
773 945 1062 1003 fecerimus
1081 964 1160 1012 ea,
1195 958 1290 1004 aut
1313 951 1662 1021 negligentius
1682 951 1759 1007 l'e-

181 1034 428 1088 cerimus.
451 1033 870 1105 Loquiturenim
887 1030 1250 1095 cui'traditum
1271 1050 1393 1096 esta
1417 1042 1578 1096 Patre
1599 1058 1758 1098 omne

174 1119 453 1188 judicium,
467 1131 522 1177 et
537 1125 735 1180 veritas
757 1127 933 1181 erudit
951 1129 1231 1182 veritatem
1249 1143 1263 1181 :
1285 1128 1407 1183 Non
1422 1133 1611 1201 putetis
1631 1132 1755 1201 quia

178 1228 266 1281 ego
285 1229 471 1267 accuso
495 1231 584 1268 vos
605 1215 673 1268 ad
699 1216 947 1281 Patrem;
975 1227 1050 1271 est
1071 1218 1160 1288 qui
1179 1235 1266 1271 vos
1293 1229 1497 1273 accuset
1525 1219 1749 1290 Moyses,

177 1300 230 1354 in
271 1320 368 1372 quo
389 1321 475 1357 vos
494 1309 732 1374 speratis.
759 1305 817 1360 Si
837 1309 974 1361 enim
993 1309 1266 1363 crederetis
1291 1309 1464 1380 Moysi
1481 1351 1495 1377 ,
1524 1312 1756 1366 credere-

177 1391 241 1444 tis
265 1403 309 1444 et
332 1393 467 1446 milii
488 1409 506 1447 :
536 1394 600 1447 de
621 1411 702 1448 me
719 1397 856 1448 enim
876 1395 966 1450 ille
985 1399 1194 1467 scripsit
1226 1398 1407 1468 (Joan.
1438 1398 1534 1470 ιν).

243 1480 332 1535 XI.
371 1481 450 1535 Ex
485 1485 681 1552 quibus
719 1486 970 1540 omnibus
1000 1487 1257 1543 discimus
1284 1529 1299 1554 ,
1331 1492 1473 1560 quod
1503 1501 1751 1561 0p0rteat

175 1588 270 1628 nos
296 1583 441 1629 stare
489 1585 613 1632 ante
658 1579 894 1652 tribunal
923 1579 1143 1647 Christi,
1169 1591 1224 1636 et
1263 1584 1331 1638 de
1377 1577 1601 1655 singulis
1639 1603 1744 1641 non

173 1663 337 1717 solum
361 1666 642 1734 operibus,
691 1669 785 1723 sed
827 1679 883 1724 et
917 1673 1337 1743 cogitationibus
1369 1674 1604 1743 iudicari
1633 1695 1646 1731 :
1689 1687 1746 1733 et

169 1765 290 1824 post
308 1757 570 1812 rationem
595 1760 718 1814 vitae
752 1770 966 1827 nostrae,
1000 1766 1162 1819 etiam
1201 1782 1298 1836 pro
1319 1768 1438 1823 aliis
1461 1771 1551 1838 qui
1582 1771 1738 1828 nobis

169 1846 352 1900 crediti
402 1848 512 1902 sint
557 1850 862 1906 reddituros
901 1868 1022 1908 esse
1065 1857 1318 1911 similiter
1356 1861 1638 1914 rationem.
1672 1861 1739 1916 Et
1765 1842 1813 1902 Β

165 1934 269 1990 hoc
303 1952 410 1992 non
446 1940 621 1995 solum
650 1942 718 1996 de
745 1942 1054 2013 Praepositis
1091 1947 1376 2002 domorum
1417 1950 1739 2006 audiendum

163 2038 267 2092 est,
299 2032 394 2086 sed
425 2042 482 2087 et
509 2033 575 2088 de
599 2037 1054 2090 monasteriorum
1080 2040 1435 2109 principibus,
1459 2051 1515 2096 et
1543 2043 1609 2098 de
1637 2044 1744 2098 sin-

161 2121 300 2189 gulis
352 2122 612 2180 fratribus
659 2127 750 2197 qui
803 2137 1125 2198 reputantur
1173 2132 1227 2186 in
1272 2133 1484 2202 plebem
1541 2155 1555 2189 :
1615 2139 1740 2208 quia

157 2225 348 2267 omnes
379 2215 610 2270 invicem
641 2217 838 2272 debent
863 2235 958 2274 sua
994 2236 1155 2275 onera
1187 2232 1434 2290 portare,
1477 2234 1537 2280 ut
1563 2228 1738 2282 adim-

143 2300 340 2371 pleant
363 2302 535 2374 legem
561 2305 762 2362 Christi
791 2307 932 2378 (Cal.
963 2310 1060 2381 τι),
1086 2319 1140 2364 et
1169 2314 1391 2367 audiant
1416 2315 1736 2385 Apostolum

148 2391 484 2446 scribentem
513 2396 579 2449 ad
616 2396 997 2452 Timotheum:
1036 2396 1080 2450 0
1123 2398 1408 2467 Timothee,
1445 2405 1736 2474 depositum

147 2484 380 2549 custodi,
403 2486 638 2541 devitans
662 2490 916 2559 profanas
941 2508 1121 2546 vocum
1151 2494 1423 2559 novitates,
1453 2508 1499 2549 et
1528 2502 1733 2569 profes-

145 2579 348 2631 sionem
377 2579 503 2648 falsi
529 2584 754 2638 nominis
775 2587 1007 2640 scientia:
1029 2588 1081 2658 (Ι
1114 2588 1245 2643 Tim.
1273 2591 1370 2661 γι).
1412 2593 1478 2646 Et
1510 2610 1608 2647 nos
1633 2597 1731 2651 ba-

145 2667 341 2723 bemus
384 2670 684 2741 depositum
733 2691 762 2729 a
815 2677 925 2731 Deo
971 2680 1228 2734 traditum
1255 2723 1270 2745 ,
1321 2688 1732 2744 couversa.ione

145 2758 400 2826 fratrum,
433 2778 532 2832 pro
557 2766 754 2834 quibus
795 2768 1101 2826 laborantes
1144 2783 1198 2828 et
1235 2787 1616 2845 exspectamus
1643 2782 1728 2835 fn-

143 2858 275 2905 tura
301 2854 521 2920 praemia
547 2874 559 2909 :
593 2871 660 2910 ne
690 2856 917 2915 forsitan
946 2862 1161 2917 dicatur
1185 2875 1239 2918 et
1270 2869 1424 2923 nobis
1460 2887 1472 2922 :
1508 2870 1731 2928 Dimitte

139 2940 394 3010 populum
443 2945 620 3011 istum,
661 2959 716 3002 ut
760 2951 910 3005 abeat
953 2951 1150 3023 (Exod.
1191 2957 1276 3027 v);
1326 2969 1381 3013 et
1411 2963 1729 3021 traditiones

139 3029 326 3085 Patris
349 3035 520 3088 nostri
544 3037 920 3096 deserentibus
947 3042 1229 3114 ingeratur
1255 3062 1270 3100 :
1307 3047 1412 3114 Qui
1434 3051 1624 3106 habent
1649 3054 1724 3108 le-

136 3139 261 3192 gem
301 3141 402 3178 non
442 3139 693 3184 noverunt
731 3147 834 3195 me,
857 3143 1088 3202 pastores
1114 3149 1329 3207 egerunt
1356 3141 1509 3210 impie
1554 3145 1607 3196 in
1647 3162 1725 3200 me

136 3211 277 3283 (Jer.
302 3214 381 3284 ιι).
409 3215 560 3273 Unde
588 3219 723 3275 alios
749 3223 974 3291 corripit
1002 3225 1188 3281 dicens
1214 3245 1228 3281 :
1263 3227 1378 3298 Ego
1412 3230 1534 3284 dedi
1557 3233 1722 3289 lucre-

133 3306 360 3361 ditatem
401 3327 568 3364 meam
623 3314 679 3366 in
718 3332 876 3369 manu
916 3327 1039 3384 tua,
1085 3330 1142 3374 tu
1184 3331 1356 3377 autem
1398 3343 1500 3380 non
1535 3329 1723 3385 dedisti

130 3393 307 3449 ullam
353 3400 770 3456 misericordiam
803 3417 822 3456 :
865 3423 1011 3462 senes
1051 3415 1350 3480 aggravasti
1379 3416 1510 3487 juga
1561 3420 1717 3491 (lsai.

127 3485 332 3556 XLVII).
367 3487 518 3554 Quod
540 3500 595 3545 et
620 3509 719 3548 nos
745 3511 853 3550 non
881 3498 1054 3554 solum
1085 3502 1291 3568 audire,
1333 3508 1532 3562 verum
1555 3514 1719 3569 etiam

123 3578 439 3649 intelligere
470 3599 690 3642 necesse
717 3597 801 3642 est
848 3609 861 3643 :
909 3592 1001 3660 qui
1032 3595 1176 3648 enim
1207 3597 1420 3667 ignorat
1447 3602 1720 3670 ignorabi-

117 3681 248 3724 tur.
284 3670 349 3724 Et
375 3671 429 3725 in
465 3674 567 3730 alio
588 3677 704 3733 loco
732 3681 994 3750 scriptum
1023 3693 1108 3739 est
1140 3704 1152 3738 :
1185 3686 1324 3752 Quia
1362 3700 1417 3743 tu
1446 3695 1718 3751 scientiam

113 3777 306 3815 meam
331 3764 584 3834 repulisti,
607 3779 656 3824 et
683 3787 777 3842 ego
816 3773 1059 3844 repellam
1095 3785 1165 3842 te,
1197 3796 1260 3831 ne
1281 3783 1573 3839 sacerdotio
1595 3786 1717 3855 fun-

112 3855 275 3922 garis
322 3857 450 3909 mihi
479 3855 650 3929 (Osete
679 3862 776 3933 ιν).

197 3941 315 3996 XII.
353 3944 538 4015 Itaque
561 3989 576 4013 ,
619 3949 816 4006 fratres
846 3954 1185 4022 charissimi,
1213 3959 1302 4028 qui
1345 3962 1711 4021 coenobiorum

108 4032 295 4086 vitam
321 4042 376 4088 et
398 4048 670 4109 praecepta
699 4047 982 4100 sectamini
1008 4088 1023 4112 ,
1055 4058 1194 4106 state
1222 4053 1276 4106 in
1302 4065 1519 4124 arrepto
1546 4061 1710 4114 semel

106 4125 426 4192 proposito,
456 4137 510 4183 et
536 4130 755 4202 implete
779 4150 913 4205 Opus
937 4137 1055 4204 Dei,
1090 4148 1149 4194 ut
1177 4141 1356 4207 Pater,
1384 4147 1473 4214 qui
1503 4150 1710 4217 primus

105 4213 357 4268 instituit
409 4221 657 4276 cmnobia
703 4226 943 4293 gaudens
989 4245 1088 4298 pro
1141 4233 1298 4287 nobis
1347 4213 1599 4305 Iollan—tur
1640 4242 1709 4295 ad

103 4306 410 4366 Dominum
442 4327 459 4366 :
499 4313 651 4370 Sicut
678 4319 876 4385 tradidi
909 4321 1004 4384 eis,
1040 4324 1120 4378 sic
1144 4325 1351 4380 vivunt.
1383 4327 1537 4394 Quod
1564 4331 1706 4387 idem

100 4406 167 4452 et
210 4399 507 4470 Apostolus
535 4407 712 4464 adhuc
741 4411 796 4463 in
825 4426 1051 4480 corpore
1092 4419 1419 4473 constitutus
1449 4421 1707 4491 loqueba-

99 4498 202 4543 tur
233 4509 248 4544 :
283 4491 472 4548 Laudo
501 4505 675 4552 autem
714 4517 833 4568 vos,
869 4505 1008 4573 quod
1036 4507 1091 4559 in
1117 4509 1356 4563 omnibus
1396 4515 1704 4571 meministis
1729 4546 1784 4606 Β

93 4584 236 4645 mei,
274 4593 324 4637 et
361 4590 497 4643 sicut
539 4593 739 4648 tradidi
761 4597 1263 4666 _vobis.traditiones
1290 4621 1432 4660 meas
1473 4610 1704 4664 custodi-

88 4674 203 4726 stis
235 4672 293 4742 (Ι
322 4674 443 4730 Cor.
469 4680 570 4750 ιι).

172 4767 328 4820 Χιιι.
370 4769 434 4825 Et
463 4789 557 4830 vos
600 4793 730 4850 ergo
773 4786 1224 4842 monasteriorum
1263 4789 1557 4862 principes,
1609 4811 1696 4851 es-

81 4867 254 4913 stote
294 4859 539 4929 solliciti,
593 4869 928 4941 et'adbibete
970 4889 1186 4930 omnem
1232 4895 1416 4934 curam
1444 4859 1544 4950 pro
1587 4884 1698 4939 l'ra-

80 4948 286 5003 tribus
331 4966 454 5006 cum
497 4955 690 5012 timore
731 4967 785 5015 et
825 4961 1036 5030 iustitia
1081 4967 1220 5021 Dei:
1255 4986 1356 5025 nec
1397 4948 1694 5029 abutamini

74 5047 381 5107 potestate
429 5043 485 5097 in
517 5049 799 5117 supplicia,
846 5053 941 5107 sed
977 5057 1283 5124 exemplum
1322 5063 1560 5129 prazbete
1599 5081 1694 5121 vos

72 5132 324 5186 cunctis
348 5141 404 5188 et
428 5138 645 5196 subdito
671 5144 850 5214 gregi;
883 5146 1024 5201 sicut
1051 5157 1108 5202 et
1137 5150 1396 5209 Dominus
1430 5167 1617 5213 noster
1636 5161 1691 5214 in

67 5223 360 5279 omnibus
379 5230 685 5299 exemplum
709 5250 767 5289 se
787 5237 1036 5305 praebuit,
1060 5241 1152 5309 qui
1173 5244 1353 5310 posuit
1379 5249 1532 5315 quasi
1562 5266 1692 5306 oves

61 5313 379 5371 familias:
403 5328 463 5373 ut
488 5323 850 5382 misereamini
877 5333 1026 5402 gregi
1053 5333 1208 5389 vobis
1235 5313 1461 5403 credito,
1490 5348 1546 5394 et
1571 5359 1686 5397 me-

58 5407 374 5464 mineritis
422 5417 730 5483 apostolica:
773 5423 1074 5490 sententiae,
1117 5427 1171 5481 in
1215 5444 1321 5497 qua
1361 5430 1438 5484 ait
1478 5449 1491 5484 :
1545 5432 1696 5489 Nihil

53 5499 344 5554 subtraxi
362 5543 378 5567 ,
403 5513 457 5556 ut
505 5523 610 5562 non
652 5515 1021 5569 annuntiarem
1047 5519 1191 5572 vobis
1210 5536 1424 5574 omnem
1454 5522 1694 5578 volunta-

51 5601 184 5644 tem
217 5590 354 5646 Dei.
386 5595 455 5650 Et
480 5598 678 5654 iterum
709 5622 722 5656 :
759 5604 883 5659 Non
908 5611 1106 5663 cessavi
1135 5611 1463 5682 deprecando
1497 5633 1691 5671 unum-

48 5698 358 5752 quemque
386 5697 631 5755 vestrum,
669 5703 716 5746 et
757 5695 988 5752 docendo
1032 5718 1119 5755 vos
1163 5703 1368 5773 publice
1407 5704 1543 5773 (Act.
1573 5709 1686 5780 xx).

45 5767 292 5830 Videte
326 5787 529 5846 quanta
561 5783 766 5840 viscera
821 5797 874 5843 et
929 5803 1129 5860 quanta
1163 5767 1544 5856 misericordia
1570 5767 1688 5856 fue-

507 5873 784 5942 Ps'mOL.
829 5881 988 5945 Clll.
1135 5871 1140 5876 I

1861 595 2111 648 omnibus
2150 599 2413 666 ecclesiis,
2443 605 2536 657 sed
2563 605 2781 677 languet
2810 625 2932 664 cum
2957 597 3352 688 languentibus,
3383 635 3436 678 et

1859 684 2098 738 omnium
2145 691 2375 745 sustinet
2416 696 2712 762 passiones.
2756 698 3056 760 Caveamus
3076 748 3090 771 ,
3119 724 3187 763 ue
3214 726 3311 780 per
3341 730 3435 768 no-

1857 780 2026 827 stram
2060 777 2436 848 negligentiam
2462 785 2656 856 aliquis
2677 793 3094 862 scandalizetur,
3117 807 3172 853 et
3193 813 3428 871 corruat,

1859 874 1911 919 et
1930 867 2313 925 obliviscamur
2335 877 2620 933 verborum
2658 882 2868 939 Domini
2901 885 3222 958 Salvatoris,
3248 897 3341 966 qui
3372 899 3429 952 in

1856 953 2144 1027 Evangelio
2172 959 2437 1030 loquitur:
2459 966 2785 1042 Pater,quos
2812 977 2998 1033 dedisti
3019 983 3168 1048 mihi,
3193 953 3295 1039 non
3313 1006 3431 1058 per-

1855 1044 1968 1099 didi
2000 1064 2065 1102 ex
2093 1051 2166 1104 eis
2194 1069 2503 1126 quemquam
2536 1060 2717 1130 (Joan.
2749 1068 2902 1138 xvn).
2954 1044 3164 1127 Nullam
3194 1044 3429 1134 animam

1855 1149 2285 1211 contemnamus,
2313 1163 2382 1203 ne
2407 1151 2634 1222 quisque
2658 1170 2755 1224 per
2778 1168 3018 1217 nostram
3049 1167 3297 1223 duritiem
3331 1187 3429 1241 pe-

1855 1239 1990 1284 reat.
2033 1232 2090 1286 Si
2133 1236 2276 1290 enim
2319 1240 2516 1309 aliquis
2551 1255 2776 1315 propter
2812 1265 2913 1306 nos
2949 1253 3113 1310 fuerit
3157 1232 3426 1329 mortuus,

1853 1413 2004 1479 Quod
2034 1418 2249 1486 quidem
2285 1429 2340 1476 et
2364 1422 2528 1480 Pater
2565 1439 2750 1485 noster
2773 1432 3142 1493 indesinenter
3169 1442 3321 1498 nobis
3343 1459 3430 1499 so-

1848 1505 1995 1560 lebat
2031 1508 2327 1579 inculcare,
2369 1524 2422 1570 et
2461 1523 2736 1586 monebat,
2766 1540 2832 1580 ne
2861 1527 2992 1582 illud
3023 1532 3294 1602 eloquium
3327 1536 3430 1591 im-

1845 1600 2083 1667 pleretur
2133 1605 2187 1660 in
2234 1609 2392 1664 nobis
2440 1628 2452 1663 :
2511 1611 2722 1683 Singuli
2781 1622 3078 1688 opprimunt
3128 1600 3426 1695 proximum

1845 1710 1996 1747 suum
2027 1709 2047 1746 :
2091 1705 2148 1753 et
2190 1698 2386 1755 iterum
2415 1721 2428 1756 :
2468 1703 2528 1758 Si
2554 1707 2768 1762 invicem
2802 1713 3047 1768 mordetis
3072 1726 3121 1770 et
3142 1718 3423 1787 devoratis,

1844 1784 2008 1838 videte
2045 1803 2108 1840 ne
2151 1789 2439 1846 adinvicem
2492 1801 2874 1854 consumamini
2921 1801 3064 1874 (Gal.
3091 1804 3166 1878 v).
3212 1808 3288 1862 Ex
3313 1826 3422 1880 quo

1843 1886 2066 1942 apparet
2105 1881 2249 1947 quod
2291 1883 2382 1952 qui
2439 1885 2661 1944 alterius
2696 1903 2876 1947 servat
2918 1896 3186 1963 animam,
3235 1909 3420 1954 custos

1841 1964 2037 2019 anima:
2062 1982 2173 2023 sua:
2203 1971 2292 2026 sit.
2575 1966 2577 1970 ’

1911 2073 2050 2132 XIV.
2094 2077 2200 2134 Sed
2253 2092 2309 2137 et
2359 2101 2454 2141 vos
2504 2089 2594 2157 qui
2643 2094 2862 2147 secundi
2904 2097 3037 2152 estis
3082 2105 3420 2170 monasterii,

1838 2165 2045 2234 primos
2070 2186 2164 2224 vos
2189 2174 2441 2230 exhibete
2471 2179 2788 2245 virtutibus,
2822 2199 2890 2238 ne
2923 2187 3046 2255 quis
3072 2189 3204 2244 vitio
3239 2201 3421 2248 vestro

1838 2269 2043 2324 pereat.
2090 2261 2168 2316 Ne
2209 2264 2500 2322 incurratis
2543 2270 2594 2323 in
2642 2271 2768 2325 illud
2806 2278 3153 2344 opprobrium
3188 2281 3240 2333 in
3276 2283 3420 2351 quod

1838 2349 2184 2427 incurritille
2211 2359 2301 2424 qni
2324 2361 2557 2414 comedit
2591 2370 2646 2415 et
2685 2363 2817 2419 bibit
2844 2382 2965 2420 cum
2997 2370 3184 2434 ebriis,
3217 2381 3272 2426 et
3293 2349 3417 2429 _non

1836 2439 1984 2494 dedit
2015 2443 2066 2496 in
2116 2453 2354 2515 tempore
2393 2466 2491 2504 suo
2531 2457 2812 2508 conservis
2859 2458 3060 2512 cibaria
3091 2476 3106 2513 :
3151 2461 3222 2515 Et
3253 2467 3420 2519 veniet

1835 2529 2089 2588 Dominus
2111 2536 2164 2589 in
2191 2536 2276 2590 die
2294 2542 2397 2607 qua
2425 2556 2529 2593 non
2551 2554 2746 2611 sperat,
2772 2556 2821 2598 et
2850 2547 2903 2600 in
2933 2548 3064 2601 liora
3088 2567 3192 2620 qua
3232 2555 3413 2620 nescit,

1832 2631 1890 2674 ut
1915 2622 2111 2679 dividat
2139 2645 2279 2694 eum,
2309 2640 2357 2683 et
2384 2643 2542 2700 ponat
2585 2646 2784 2704 partem
2810 2638 2925 2707 ejus
2956 2657 3071 2694 cum
3108 2644 3412 2713 hypocritis,

1833 2716 1921 2770 ubi
1958 2719 2112 2786 fletus
2153 2730 2200 2773 et
2240 2723 2440 2776 stridor
2473 2733 2548 2778 est
2587 2725 2826 2782 dentium
2868 2729 3084 2801 (Matth.
3117 2737 3288 2805 XXIV).
3337 2736 3414 2792 Ne

1831 2824 1963 2877 quos
2005 2813 2374 2880 apprehendat
2412 2830 2443 2869 e
2475 2817 2627 2871 vobis
2655 2818 2849 2873 similis
2878 2823 3276 2892 condemnatio,
3317 2829 3413 2884 sed

1830 2917 1952 2958 cum
1981 2911 2220 2973 tempora
2271 2909 2517 2962 venerint
2557 2911 2820 2982 refrigerii
2851 2929 3158 2972 mereamur
3183 2921 3406 2977 audire:

1828 2992 1997 3063 Euge,
2015 3013 2159 3051 serve
2181 2999 2312 3052 bone
2333 3009 2382 3053 et
2409 3001 2579 3069 ﬁdelis
2607 3019 2625 3055 .'
2654 3005 2776 3074 quia
2799 3024 2956 3077 super
2973 3012 3237 3066 modicum
3259 3015 3412 3083 fuisti

1827 3080 2020 3148 ﬁdelis,
2047 3101 2205 3155 supra
2238 3087 2405 3143 multa
2434 3098 2483 3144 te
2514 3095 2828 3150 constituam
2847 3137 2860 3163 ,
2891 3097 3032 3152 intra
3069 3101 3125 3154 in
3153 3080 3408 3172 gaudium

1751 3203 1796 3265 Ο
1827 3171 2040 3230 Domini
2060 3178 2137 3230 tui
2161 3177 2313 3249 (Luc.
2340 3181 2476 3254 xu).

1897 3283 2006 3338 XV.
2049 3288 2156 3343 Vos
2183 3305 2398 3362 quoque
2423 3293 2705 3368 Praepositi
2731 3303 3012 3359 domorum
3045 3307 3401 3378 singularum,

1821 3376 1994 3442 parati
2016 3387 2189 3434 estote
2220 3383 2288 3436 ad
2314 3389 2746 3454 respondendum
2777 3395 3028 3450 omnibus
3053 3376 3150 3465 qui
3179 3415 3210 3452 a
3251 3400 3404 3457 vobis

1820 3465 2040 3535 exigunt
2054 3471 2317 3527 rationem
2332 3490 2495 3543 super
2507 3493 2568 3532 ea
2585 3477 2688 3533 ﬁde
2702 3497 2822 3550 quae
2835 3483 2887 3537 in
2902 3484 3055 3539 vobis
3070 3493 3173 3540 est.
3189 3485 3404 3545 Moneta

1818 3572 1912 3610 eos
1923 3560 2015 3627 qui
2031 3560 2319 3619 inordinati
2334 3576 2484 3632 sunt;
2501 3572 2854 3628 consolamini
2870 3577 3237 3645 pusillanimes
3253 3596 3267 3644 ;
3284 3595 3404 3636 sus-

1817 3648 1984 3703 tinete
2021 3652 2298 3720 inﬁrmos;
2327 3659 2602 3726 patienter
2631 3663 2774 3734 agite
2798 3666 2865 3721 ad
2892 3681 3102 3732 omnes,
3136 3677 3191 3725 et
3219 3672 3402 3729 audite

1815 3739 2128 3810 Apostolum
2161 3758 2471 3806 monentem
2496 3771 2508 3806 :
2541 3753 2740 3819 Et,'vos
2761 3767 2953 3828 patres,
2982 3760 3142 3816 nolite
3166 3763 3236 3816 ad
3263 3764 3398 3820 iram

1812 3846 2095 3898 provocare
2117 3836 2257 3904 ﬁlios
2301 3849 2514 3905 vestros,
2537 3845 2629 3897 sed
2649 3846 2872 3900 enutrite
2892 3847 3012 3903 illos
3034 3851 3090 3903 in
3118 3851 3398 3924 disciplina

1812 3931 1860 3974 et
1880 3924 2237 3983 admonitione
2253 3929 2467 3986 Domini
2496 3933 2713 4005 (Ep/tes.
2739 3937 2837 4006 γι),
2871 3948 2926 3993 et
2950 3941 3144 3998 scitote
3165 3944 3289 4014 quia
3311 3946 3398 4000 cui

1809 4009 1928 4079 plus
1951 4013 2133 4068 datum
2156 4027 2254 4082 est,
2277 4020 2395 4088 plus
2417 4034 2684 4091 quaeretur
2703 4026 2767 4079 ab
2788 4044 2882 4092 eo;
2907 4039 2954 4082 et
2976 4031 3061 4083 cui
3084 4009 3204 4101 plus
3226 4034 3396 4088 credi-

1811 4108 1920 4153 tum
1945 4112 2040 4167 est,
2070 4106 2295 4175 amplius
2330 4110 2568 4180 exigetur
2613 4112 2764 4182 (Luc.
2795 4118 2915 4190 xu).
2951 4119 3060 4176 Nec
3092 4129 3300 4178 tantum
3329 4139 3392 4180 ea

1809 4195 2181 4264 consideretis,
2196 4215 2317 4269 qua:
2334 4203 2488 4259 vobis
2506 4207 2735 4274 prosint,
2753 4211 2849 4265 sed
2863 4211 2954 4265 illa
2969 4228 3088 4281 quae
3103 4216 3391 4283 proximis,

1809 4293 1863 4339 et
1899 4287 2188 4358 impleatur
2212 4292 2267 4345 in
2288 4295 2442 4350 vobis
2467 4295 2750 4368 Scriptura
2777 4302 2961 4359 dicens
2991 4322 3003 4357 :
3041 4303 3181 4369 Quia
3202 4324 3288 4361 vos
3312 4325 3392 4362 se-

1807 4379 2028 4447 quimini
2069 4385 2422 4455 unusquisque
2459 4389 2738 4444 utilitatem
2777 4393 2961 4447 domus
3007 4411 3146 4461 sum,
3192 4397 3390 4452 idcirco

1809 4470 2085 4524 continebit
2101 4472 2284 4528 caelum
2299 4491 2467 4529 rorem
2486 4495 2663 4545 suum,
2676 4492 2724 4535 et
2741 4492 2882 4536 terra
2904 4500 3008 4537 non
3029 4484 3174 4538 dabit
3186 4487 3388 4556 fructus

1808 4578 1948 4625 suos,
1971 4565 2222 4632 quoniam
2246 4567 2560 4636 ingravastis
2585 4582 2768 4625 contra
2805 4589 2885 4627 me
2909 4591 3172 4632 sermones
3195 4588 3388 4638 vestros

1809 4651 1956 4726 (Reg.
1988 4654 2048 4725 ι).
2082 4655 2287 4710 Dicitur
2307 4665 2363 4711 et
2383 4658 2510 4714 alibi
2536 4678 2548 4713 :
2585 4660 2723 4726 Quia
2743 4680 2847 4718 non
2873 4665 3068 4735 fecistis
3090 4670 3183 4723 uni
3205 4686 3270 4725 ea;
3289 4672 3388 4725 mi-

1807 4745 1962 4800 nimis
1986 4747 2136 4813 meis,
2161 4765 2254 4802 nec
2279 4749 2409 4803 mihi
2442 4750 2637 4820 fecistis
2659 4751 2872 4825 (Matth.
2898 4759 3048 4830 xxv).

1876 4877 2010 4935 XVI.
2053 4880 2260 4952 Saepius
2289 4882 2490 4952 dicam,
2531 4894 2586 4941 et
2613 4889 2802 4944 eadem
2839 4902 3081 4962 repetam
3125 4912 3139 4949 :
3183 4895 3383 4970 Cavete

1802 4987 1872 5026 ne
1897 4973 2032 5028 alios
2057 4975 2309 5045 diligatis,
2346 4986 2402 5032 et
2429 4979 2561 5034 alios
2585 4982 2844 5049 oderitis;
2881 5000 2948 5040 ne
2988 4986 3380 5056 buncgsusten-

1802 5065 1946 5129 tetis,
1979 5073 2034 5120 et
2076 5066 2225 5121 illum
2258 5069 2576 5140 negligatis;
2610 5082 2667 5127 et
2691 5090 2878 5130 cassus
2901 5075 3206 5131 inveniatur
3224 5077 3379 5132 labor

1797 5168 2007 5225 vester,
2047 5169 2101 5214 et
2135 5162 2311 5216 omnis
2341 5164 2507 5219 sudor
2529 5177 2754 5236 pereat;
2800 5177 2856 5222 et
2890 5167 3106 5236 quando
3135 5168 3376 5226 exieritis

1798 5251 1863 5305 de
1886 5266 2110 5321 corpore
2150 5261 2204 5308 et
2233 5253 2299 5308 de
2327 5258 2510 5310 mundi
2543 5257 2701 5326 hujus
2733 5257 2949 5313 turbine
2973 5257 3217 5324 liberati,
3242 5274 3370 5330 por-

1796 5352 1910 5396 tum
1944 5359 2038 5399 vos
2077 5347 2395 5414 putaveritis
2432 5349 2628 5418 quietis
2659 5350 2894 5413 intrare;
2925 5355 3054 5402 tunc
3083 5348 3372 5406 inveniatis

1799 5434 2075 5504 injustitite
2108 5437 2408 5510 naufragia,
2441 5449 2495 5495 et
2518 5441 2571 5494 in
2603 5456 2706 5510 qua
2735 5455 2987 5494 mensura
3015 5443 3186 5497 mensi
3214 5445 3368 5509 estis,

1799 5529 2114 5584 remetiatur
2145 5532 2294 5588 vobis
2322 5535 2389 5589 ab
2433 5549 2498 5590 eo
2539 5534 2631 5604 qui
2659 5547 2918 5603 personas
2949 5533 3002 5587 in
3028 5532 3232 5602 judicio
3262 5552 3367 5591 non

1795 5623 2009 5692 accipit.
2042 5623 2100 5678 Si
2131 5627 2256 5695 quid
2305 5627 2546 5693 mortale,
2581 5635 2673 5680 aut
2700 5627 2901 5696 aliquid
2930 5628 3276 5699 turpitudinis
3300 5630 3370 5682 ob

1792 5714 2174 5786 negligentiam
2205 5715 2620 5785 Przepositornm
2650 5719 2703 5772 in
2740 5717 2988 5773 domibus
3020 5720 3366 5774 commissum
3429 5761 3436 5766 .

1794 5800 1976 5873 fuerit,
2031 5816 2153 5878 post
2184 5808 2392 5864 illorum
2447 5810 2662 5878 propria
2717 5809 3002 5880 supplicia,
3043 5810 3366 5878 Praepositus

2892 5902 2966 5963 15
