4004 6328
597 415 703 472 459

1606 403 1671 462 s.
1709 398 2072 461 BENEDICTI
2108 394 2399 457 ABBATIS
2436 370 2849 456 ΑΝιΑΝΕΝειε

3761 397 3867 456 ιω

596 544 813 607 quoque
836 542 962 584 reus
988 524 1262 583 tenebitur
1290 522 1531 580 criminis
1563 539 1577 576 :
1610 521 1752 593 quod
1776 523 1933 577 nobis
1961 537 2172 592 semper
2196 514 2251 584 Α
2344 522 2485 595 XIX.
2529 502 2633 577 Sed
2650 530 2718 582 .et
2745 536 2843 577 vos
2874 532 3062 576 omnes
3089 519 3318 587 fratres,
3346 521 3439 591 qui
3469 520 3706 590 subjecti
3733 524 3866 578 estis

598 632 801 683 sancta:
827 619 1105 677 memoriae
1128 617 1293 673 Pater
1316 621 1502 672 noster
1527 613 1733 669 solebat
1764 614 2031 685 ingerere.

667 713 830 772 XVII.
872 712 1232 781 Quamobrem
1259 724 1383 765 cum
1413 708 1559 765 omni
1588 706 1839 763 cautione
1881 712 1937 760 et
1975 704 2173 761 sollici-

592 808 787 867 tudine
810 804 1005 880 singuli
1032 802 1382 859 commissum
1405 799 1507 855 sibi
1531 814 1747 871 gregem
1768 795 2091 861 custodiant,
2118 802 2174 850 et

592 902 880 960 imitentur
904 906 1151 973 pastores
1193 892 1259 949 de
1301 888 1614 964 Evangelio,
1648 890 1715 945 ad
1749 903 1884 959 quos
1911 904 2019 947 non
2051 888 2174 945 dor—

597 996 849 1060 mientes,
876 989 971 1048 sed
999 987 1281 1061 vigilantes
1308 984 1454 1040 venit
1474 982 1711 1053 Angelus
1741 980 1859 1047 Dei,
1901 988 1957 1037 et
1984 980 2175 1035 Salva-

597 1087 737 1143 toris
759 1085 839 1141 eis
867 1079 1205 1138 annuntiavit
1234 1078 1524 1132 adventum
1557 1072 1710 1145 (Luc.
1737 1071 1821 1144 ιι).
1854 1071 1956 1138 Qui
1983 1078 2038 1126 et
2057 1071 2174 1140 ipse

596 1178 837 1251 loquitur
861 1194 874 1229 :
916 1171 1109 1227 Pastor
1143 1168 1306 1225 bonus
1333 1168 1564 1221 animam
1598 1176 1749 1218 suam
1771 1162 1914 1234 ponit
1941 1178 2035 1231 pro
2062 1162 2171 1216 ovi-

601 1270 698 1327 bus
721 1269 829 1325 suis
851 1285 871 1325 ;
899 1266 989 1341 qui
1016 1273 1191 1318 autem
1219 1257 1572 1315 mercenarius
1598 1263 1671 1310 est
1688 1296 1702 1320 ,
1734 1270 1841 1307 non
1868 1260 1943 1305 est
1967 1259 2168 1322 pastor,

597 1364 753 1436 cujus
784 1377 887 1416 non
910 1365 1031 1413 sunt
1057 1373 1195 1420 oves,
1228 1352 1362 1408 videt
1385 1350 1564 1420 lupum
1595 1345 1901 1409 venientem,
1924 1354 1975 1398 et
2003 1344 2175 1436 dimit-

596 1435 668 1511 tit
682 1470 910 1527 gregem,
937 1459 984 1506 et
1013 1448 1178 1520 fugit,
1218 1454 1267 1500 et
1295 1444 1449 1514 lupus
1495 1441 1631 1510 rapit
1659 1454 1807 1503 eum,
1842 1446 1997 1507 atque
2021 1435 2175 1491 deva—

594 1557 732 1614 stat,
760 1547 884 1621 quia
912 1541 1267 1600 mercenarius
1297 1544 1392 1601 est,
1417 1543 1465 1590 et
1492 1549 1597 1587 non
1620 1531 1690 1584 ad
1711 1545 1830 1584 eum
1859 1528 2080 1621 pertinet
2111 1527 2176 1582 de

595 1618 781 1696 ovibus
802 1636 984 1710 (Joan.
1019 1632 1140 1704 xu).
1180 1629 1258 1684 De
1283 1627 1440 1682 bonis
1466 1632 1645 1679 autem
1674 1620 1983 1691 pastoribus
2014 1618 2175 1673 Luca:

594 1731 786 1788 scribit
818 1726 1043 1784 historia
1081 1741 1094 1777 :
1136 1720 1307 1776 Erant
1336 1728 1507 1773 autem
1542 1718 1775 1787 pastores
1819 1711 2173 1774 observantes,

594 1833 642 1881 et
669 1820 1017 1878 custodientes
1046 1810 1252 1885 vigilias
1290 1810 1456 1865 noctis
1491 1823 1647 1879 super
1680 1814 1887 1876 gregem
1908 1812 2094 1863 suum;
2123 1805 2172 1852 et

595 1866 811 1986 ungelus
837 1909 1049 1965 Domini
1076 1866 1211 1960 venit
1240 1900 1308 1956 ad
1335 1917 1443 1965 eos,
1472 1906 1519 1952 et
1548 1866 1717 1968 gloria
1742 1893 1842 1947 Dei
1869 1886 2175 1986 circumful—
2200 1866 2249 1936 Β

594 1982 800 2069 εἱίεοε,
827 2012 877 2057 et
898 2002 1181 2054 timuerunt
1202 1995 1387 2048 timore
1414 2004 1636 2059 magno;
1660 1986 1890 2054 dixitque
1912 1982 1985 2035 eis
2013 1995 2173 2049 ange-

594 2098 711 2152 lus:
735 2092 912 2149 Nolite
932 2091 1144 2145 timere:
1164 2100 1278 2139 ecce
1300 2074 1437 2137 enim
1453 2076 1748 2148 evangelise
1768 2074 1909 2129 vobis
1921 2071 2174 2143 gaudium

593 2200 862 2259 magnum,
883 2181 1022 2254 quod
1040 2179 1138 2234 erit
1169 2175 1311 2231 omni
1332 2170 1524 2245 populo
1561 2183 1579 2221 :
1610 2169 1738 2241 quia
1758 2174 1834 2221 est
2032 2162 2175 2259 vobis

592 2256 750 2335 natus
779 2274 1046 2336 Salvator,
1085 2269 1174 2342 qui
1204 2275 1279 2321 est
1308 2263 1550 2320 Christus
1578 2260 1835 2315 Dominus
1866 2258 1925 2311 in
1967 2256 2177 2310 civitate

593 2367 785 2425 David.
810 2364 881 2420 Et
906 2362 1065 2433 hujus
1087 2360 1165 2414 rei
1186 2359 1392 2428 signum
1410 2354 1509 2407 erit
1530 2350 1695 2414 vobis,
1709 2346 1979 2402 invenietis
1998 2343 2178 2433 infan-

594 2468 698 2513 tem
716 2454 904 2528 pannis
930 2432 1225 2506 involutum
1259 2454 1309 2501 et
1327 2444 1555 2515 positum
1575 2441 1633 2494 in
1652 2437 1903 2510 praesepio
1923 2434 2073 2528 (Luc.
2090 2432 2173 2505 ιι).

593 2522 737 2604 Num
761 2544 837 2599 illi
858 2542 960 2598 soli
986 2552 1052 2596 eo
1073 2546 1316 2608 tempore
1337 2531 1632 2604 pascebant
1642 2540 1789 2591 oves,
1804 2534 1862 2581 et
1881 2538 1981 2595 per
1999 2522 2178 2579 deser-

593 2648 713 2694 tum
743 2634 1115 2705 sequebantur
1140 2624 1393 2698 gregem?
1427 2620 1535 2677 Sed
1568 2619 1695 2689 quia
1725 2617 1827 2673 soli
1854 2623 2012 2671 erant
2032 2613 2179 2705 solii-

592 2728 711 2795 citi,
740 2730 795 2783 et
822 2701 1125 2779 naturalem
1151 2714 1388 2771 noctium
1406 2720 1661 2767 sommm
1686 2705 2061 2761 insidiantium
2096 2701 2179 2756 lu-

590 2832 787 2894 porum
806 2816 970 2871 timor
993 2809 1306 2882 superabat,
1337 2804 1539 2860 idcirco
1559 2799 1735 2894 primi
1749 2797 1938 2894 audire
1967 2807 2179 2894 merue—

592 2888 753 2978 runt,
783 2907 928 2980 quod
969 2907 1025 2961 in
1046 2903 1226 2959 vicino
1252 2899 1325 2956 sit
1361 2916 1375 2952 :
1412 2906 1468 2951 at
1494 2892 1866 2962 Hierosolyma
1904 2888 2179 2980 dormiens

592 2978 898 3075 ignorabat.
933 2995 1088 3053 Unde
1109 3000 1165 3047 et
1202 2987 1373 3044 David
1398 2986 1533 3041 dicit
1560 3001 1575 3038 :
1608 2982 1745 3037 Ecce
1771 2997 1878 3035 non
1916 2978 2175 3043 dormiet,

592 3095 685 3168 qui
708 3090 930 3148 custodit
951 3084 1120 3143 Israel
1142 3081 1316 3157 (Psal.
1339 3078 1488 3151 cxx).
1516 3076 1705 3146 itaque
1722 3082 1781 3130 et
1798 3088 1898 3128 vos
1923 3086 2046 3168 cum
2068 3077 2179 3124 tre-

592 3164 747 3243 more
773 3192 829 3240 et
852 3183 1041 3237 timore
1072 3177 1312 3247 vigilate,
1337 3174 1625 3243 operante:
1660 3175 1901 3223 vestram
1925 3164 2173 3229 salutem,

592 3292 651 3343 et
694 3282 930 3339 scientes
956 3276 1101 3348 quod
1143 3269 1517 3330 universitatis
1557 3265 1850 3329 Dominus,
1884 3277 1983 3334 per
2017 3274 2179 3330 quem

591 3377 771 3435 omnis
792 3389 923 3431 caro
948 3379 1231 3441 receptura
1263 3372 1349 3421 est
1381 3360 1642 3433 quidquid
1672 3367 1897 3428 operata
1924 3364 2028 3420 est,
2058 3362 2182 3425 post

594 3466 1049 3527 resurrectionem
1069 3459 1201 3516 solis
1220 3454 1482 3529 apostolis
1506 3449 1778 3523 apparuit,
1804 3455 1864 3502 et
1886 3444 2027 3502 dixit
2052 3458 2183 3514 apo-

588 3562 856 3621 stolorum
878 3554 1130 3630 principi,
1157 3552 1318 3607 Petro
1346 3567 1363 3603 ς
1393 3545 1581 3603 Simon
1614 3541 1858 3606 Joannis,
1889 3538 2068 3609 diligis
2099 3553 2181 3630 ins
2234 3560 2243 3564 ~

590 3653 712 3727 plus
737 3651 858 3707 his?
880 3627 1174 3718 Despondit
1196 3643 1246 3697 ei
1272 3655 1291 3695 :
1317 3639 1564 3703 Domine,
1591 3642 1648 3690 tu
1670 3632 1773 3688 scis
1817 3630 1944 3703 quia
1970 3646 2083 3727 ego“

591 3718 699 3815 ligo
742 3748 812 3798 ts.
850 3739 1001 3794 Dicit
1046 3737 1096 3791 si
1144 3733 1302 3791 Iesus
1338 3744 1358 3783 .'
1403 3727 1573 3785 Pasce
1618 3740 1782 3796 agnos
1822 3738 1982 3815 meos.
2036 3718 2181 3815 Dicit

593 3810 654 3888 si
692 3842 906 3889 rursum
950 3825 1181 3883 secundo
1216 3837 1235 3876 :
1285 3821 1475 3879 Simon
1511 3817 1742 3873 Joannis
1765 3854 1784 3882 ,
1832 3813 2011 3884 diligis
2050 3810 2180 3866 me?

598 3920 891 3993 Respondit
926 3919 975 3973 ei
1001 3937 1021 3974 :
1052 3916 1254 3980 Etiam,
1291 3911 1537 3974 Domine,
1579 3917 1637 3963 tu
1660 3906 1765 3963 scis
1793 3905 1919 3977 quia
1959 3902 2180 3973 diligant

596 4023 666 4070 te.
694 4013 836 4067 Dicit
852 4012 901 4065 ei
924 4022 943 4062 :
965 4006 1131 4062 Pasce
1153 4020 1272 4060 oves
1294 4018 1436 4057 nscas
1461 3998 1517 4071 (1
1522 4014 1646 4053 oan.
1665 3994 1806 4066 ιιι).
1835 3993 2018 4049 Tertio
2044 4006 2182 4061 prm-

597 4104 746 4174 eepit
768 4110 832 4157 ut
851 4108 1101 4172 pasceret
1122 4111 1254 4152 oves
1280 4111 1295 4148 :
1321 4101 1378 4149 et
1406 4093 1462 4147 in
1490 4090 1585 4144 illo
1607 4088 1860 4145 omnibus
1892 4085 2049 4140 nobis
2075 4085 2180 4139 hoc

598 4196 833 4267 iniunxit
876 4192 1135 4257 cilicium,
1178 4197 1240 4244 ut
1282 4178 1571 4255 diligenter
1594 4195 1884 4253 pascamus
1916 4191 2047 4234 oves
2077 4178 2181 4232 Do-

595 4291 755 4358 mini,
791 4297 849 4347 et
883 4289 943 4343 in
986 4286 1076 4341 die
1113 4279 1444 4339 visitationis
1475 4277 1593 4348 eius
1627 4291 1726 4345 pro
1768 4275 1955 4330 labore
1993 4287 2059 4327 ac
2086 4286 2181 4325 ου-

597 4386 775 4442 stodin
819 4380 1162 4451 recipiamus,
1195 4389 1319 4446 qum
1341 4371 1498 4428 nobis
1525 4370 1579 4425 in
1616 4366 1910 4439 Evangelia
1930 4363 2181 4436 promisit

596 4476 822 4535 dicens?
842 4472 1025 4538 Pater,
1052 4469 1166 4525 solo
1188 4477 1245 4523 ut
1270 4468 1344 4522 ibi
1371 4480 1490 4521 sum
1517 4478 1632 4534 ego,
1651 4471 1702 4517 et
1723 4462 1813 4516 isti
1832 4461 1937 4516 sint
1953 4472 2175 4513 meum.

2204 3225 2253 3293 ϐ

2273 631 2371 687 per
2412 614 2657 670 ordinem
2707 612 2893 669 liberte
2939 614 3258 680 servitutis,
3310 613 3549 668 habetote
3596 615 3865 669 accinctos

2275 706 2476 760 lumbos
2516 713 2707 759 vestros
2731 746 2746 772 ,
2803 712 2849 758 et
2905 704 3148 759 ardentes
3195 704 3440 759 lucernas
3480 706 3537 761 in
3575 707 3864 773 manibus,

2274 800 2471 857 similes
2519 816 2785 856 servorum
2835 799 2925 871 qui
2978 807 3275 870 exspectant
3341 798 3616 854 dominum
3667 816 3865 869 suum,

2273 895 2484 969 quando
2528 902 2819 949 revertatur
2859 892 2923 947 de
2968 892 3200 963 nuptiis,
3255 901 3313 945 ut
3360 909 3479 946 cum
3524 893 3727 947 venerit
3754 933 3770 958 ,
3824 903 3867 948 et

2272 986 2582 1061 pulsaverit,
2614 985 2791 1040 statim
2826 984 3067 1056 aperiant
3106 984 3173 1037 ei.
3216 979 3368 1037 Beati
3401 984 3569 1049 servi,
3614 1001 3752 1055 quos
3792 1001 3868 1037 ue-

2276 1079 2423 1133 niens
2458 1076 2718 1133 Dominus
2756 1075 3009 1130 invenerit
3050 1073 3327 1146 vigilantes
3349 1072 3499 1145 (Luc.
3533 1074 3639 1145 ιι).
3694 1073 3797 1133 Sic
3821 1084 3867 1133 et

2275 1170 2429 1224 vobis
2453 1168 2568 1235 lict,
2598 1167 2643 1223 si
2674 1167 2864 1238 longus
2891 1167 3045 1220 labor
3070 1162 3445 1220 lassitudinem
3472 1181 3579 1219 non
3609 1174 3866 1236 operetur

2274 1259 2333 1314 in
2360 1259 2533 1324 vobis,
2555 1254 2885 1313 vocabimini
2917 1256 2986 1312 ad
3015 1256 3238 1311 caeleste
3268 1256 3579 1311 convivium
3607 1265 3669 1311 et
3692 1257 3863 1328 auge-5

2276 1352 2664 1407 ministrabant
2691 1350 2863 1407 vobis.
2911 1346 3005 1405 Hm
3033 1357 3161 1403 sunt
3190 1349 3649 1420 repromissioues
3680 1360 3863 1405 custo-

2274 1442 2537 1498 dientium
2576 1440 2834 1495 mandata
2861 1439 2995 1507 Dei,
3039 1448 3094 1497 et
3129 1441 3232 1496 ista
3260 1440 3485 1511 praemia
3515 1436 3865 1509 futurorum,

2278 1533 2513 1591 Gaudete
2543 1535 2600 1588 in
2617 1533 2880 1599 Domino;
2923 1550 3134 1588 rursum
3156 1534 3298 1600 dico,
3320 1534 3547 1604 gaudete
3571 1528 3749 1606 (Phil.
3776 1536 3864 1606 tv).

2277 1623 2518 1695 Subjecti
2546 1622 2802 1679 Patribus
2835 1639 2958 1679 cum
2989 1623 3137 1678 omni
3168 1620 3508 1688 obedientia;
3557 1622 3685 1679 sine
3724 1639 3867 1678 mur-

2275 1717 2693 1784 murationibus,
2721 1726 2775 1770 et
2801 1716 3217 1787 cogitationibus
3241 1715 3429 1782 variis,
3456 1710 3866 1785 simplicitatem

2277 1808 2473 1867 anima:
2498 1808 2565 1861 ad
2598 1806 2740 1863 bona
2767 1822 2932 1879 opera
2959 1805 3328 1878 perferentes,
3372 1816 3434 1861 ut
3472 1806 3628 1878 pleni
3660 1809 3868 1865 virtuti-

2276 1899 2379 1954 bus
2414 1906 2471 1952 ct
2500 1898 2695 1955 timore
2722 1896 2855 1964 Dei,
2904 1897 3052 1971 digni
3083 1896 3392 1955 elliciamini
3422 1899 3731 1969 adoptione
3760 1898 3863 1954 Dei.

2277 1990 2507 2061 Arripite
2538 1998 2744 2044 scutum
2774 1984 2921 2061 ﬁdei,
2959 1989 3015 2042 in
3047 2003 3150 2063 quo
3179 1989 3396 2062 possitis
3429 2007 3615 2045 omnes
3655 1993 3867 2061 sagittas

2277 2079 2476 2135 diaboli
2519 2080 2763 2135 ardentes
2821 2082 3178 2152 restinguere,
3224 2091 3273 2136 et
3321 2078 3564 2153 gladium
3604 2080 3867 2153 Spiritus,

2276 2171 2416 2243 quod
2454 2179 2530 2227 est
2567 2170 2778 2225 verbum
2817 2168 2916 2226 Dei
2961 2168 3178 2245 (Ephes.
3205 2168 3305 2246 v1).
3360 2171 3547 2227 Estote
3584 2176 3867 2244 prudentes

2277 2267 2414 2331 sicut
2451 2275 2730 2337 serpentes,
2776 2270 2824 2321 et
2867 2265 3130 2339 simplices
3172 2267 3307 2322 sicut
3347 2266 3611 2323 columba
3658 2268 3865 2339 (Matth.

2278 2355 2356 2431 ι).
2399 2352 2599 2412 Audite
2624 2354 2851 2411 Paulum
2879 2354 3189 2428 loquentem
3213 2375 3225 2412 :
3264 2354 3416 2425 Filii,
3445 2356 3670 2414 obedite
3695 2378 3865 2431 parcn-

2278 2448 2416 2502 tibus
2444 2442 2583 2519 (Col.
2612 2445 2721 2520 ιιι),
2761 2454 2817 2501 et
2851 2448 3126 2517 possidete
3163 2449 3393 2504 salutem
3431 2448 3765 2506 animarum
3786 2468 3865 2508 re-

2279 2545 2538 2605 strarum,
2562 2551 2661 2608 per
2683 2552 2777 2593 eos
2801 2537 2895 2608 qui
2919 2539 3074 2594 vobis
3096 2539 3371 2613 praepositi
3398 2548 3550 2596 sunt.
3589 2534 3672 2597 Et
3699 2544 3754 2597 in
3779 2542 3866 2597 alio

2279 2644 2492 2700 quoque
2528 2626 2648 2684 loco
2689 2628 2954 2699 scriptum
2995 2637 3121 2686 est:
3165 2628 3494 2703 Acquiescite
3540 2633 3867 2705 principibus

2279 2720 2461 2776 vestris
2493 2729 2543 2774 et
2574 2719 2915 2791 subjicimini,
2938 2721 3062 2792 quia
3094 2722 3195 2794 ipsi
3218 2720 3434 2793 vigilant
3460 2738 3564 2795 pro
3591 2726 3867 2779 animabus

2279 2814 2499 2881 vestris,
2554 2815 2809 2868 rationem
2852 2812 3122 2869 reddentes
3161 2832 3258 2887 pro
3300 2814 3439 2869 vobis
3490 2814 3548 2887 (Ι
3590 2812 3734 2871 Cor.
3778 2817 3867 2888 ιιι).

2278 2904 2350 2961 Et
2376 2920 2589 2976 semper
2614 2904 2746 2959 illud
2779 2904 2994 2973 timete,
3033 2904 3176 2978 quod
3202 2902 3345 2961 idem
3369 2906 3683 2978 Apostolus
3713 2907 3868 2980 loqui-

2280 3003 2408 3052 tur:
2443 2993 2714 3066 Templum
2736 2992 2850 3065 Dei
2888 2998 3034 3064 estis,
3076 3006 3124 3051 et
3157 2995 3386 3069 Spiritus
3412 2994 3643 3053 Domini
3679 3002 3867 3054 habitat

2280 3092 2338 3146 in
2387 3090 2546 3145 vobis.
2606 3086 2668 3144 Si
2716 3089 2833 3161 quis
2881 3098 3056 3144 autem
3104 3088 3354 3162 templum
3402 3088 3503 3144 Dei
3556 3092 3866 3159 violaverit,

2282 3181 2544 3253 disperdet
2584 3176 2733 3236 illum
2766 3181 2909 3237 Deus
2944 3180 3280 3256 (Ephcs.1v).
3319 3174 3386 3239 Et
3412 3183 3619 3245 iterum
3648 3203 3666 3239 :
3708 3184 3869 3242 Nolite

2283 3276 2594 3331 contristare
2616 3271 2874 3345 Spiritum
2898 3284 3137 3329 sanctum
3158 3274 3276 3340 Dei,
3314 3276 3368 3329 in
3391 3292 3495 3345 quo
3522 3274 3740 3347 signati
3766 3277 3869 3332 estis

2282 3367 2338 3421 in
2365 3364 2506 3420 diem
2532 3364 2900 3436 redemptionis
2914 3366 3053 3437 justi
3068 3366 3263 3436 judicii
3291 3358 3505 3438 (Ibid).

2352 3454 2473 3511 XX.
2515 3453 2743 3511 Servate
2774 3456 3092 3527 pudicitiam
3128 3457 3374 3529 corporis
3406 3458 3579 3514 vestri
3599 3498 3622 3525 ,
3668 3471 3734 3516 ut
3768 3463 3873 3517 sitis

2282 3548 2466 3605 hortus
2496 3548 2796 3615 conclusus,
2832 3548 2951 3621 fons
2983 3549 3222 3620 signatus
3248 3549 3421 3623 (Cant.
3445 3553 3551 3627 γι).
3600 3550 3720 3619 Qui
3745 3555 3873 3610 cuia
3978 3562 3979 3567 “

2282 3651 2439 3697 natus
2479 3657 2544 3696 ea:
2580 3639 2693 3696 Deo
2735 3656 2841 3694 non
2879 3650 3077 3712 peccat,
3119 3642 3368 3713 quoniam
3407 3661 3583 3699 semen
3632 3646 3789 3702 illius
3823 3649 3871 3700 is

2281 3751 2342 3789 eo
2382 3743 2654 3806 permanet
2698 3728 2751 3805 (1
2778 3730 2940 3786 Joan.
2972 3730 3077 3804 ιιι).
3124 3728 3271 3787 Idem
3308 3732 3546 3790 Joannes
3583 3735 3870 3809 loquitur:

2281 3824 2467 3884 Scriba
2502 3826 2663 3892 vobis,
2689 3826 2927 3896 juvenes,
2960 3823 3210 3896 quoniam
3246 3825 3406 3896 fortes
3437 3829 3586 3893 estis,
3624 3843 3682 3885 et
3715 3846 3871 3887 sem

2281 3917 2381 3972 Dci
2420 3919 2479 3973 in
2520 3917 2660 3971 vobis
2692 3924 2983 3987 permanet,
3009 3924 3058 3970 et
3083 3915 3279 3971 vicistis
3304 3916 3601 3989 malignum
3632 3918 3695 3991 (Ι
3718 3922 3866 3977 lea.

2281 4007 2366 4080 ιι).
2391 4008 2527 4064 Cum
2564 4016 2619 4064 et
2643 4023 2737 4064 vos
2765 4006 3004 4065 viceritis
3046 4007 3347 4076 inimicum,
3390 4008 3503 4064 Deo
3531 4011 3707 4067 vobis
3744 4027 3871 4083 pm

2280 4102 2444 4157 bente
2481 4100 2776 4166 auxilium,
2815 4109 2943 4154 tunc
2972 4108 3031 4155 et
3057 4100 3172 4170 ipse
3200 4098 3384 4156 dicet:
3422 4098 3646 4155 Eruam
3690 4121 3782 4158 eos
3818 4102 3874 4155 ds

2279 4192 2524 4263 inferno,
2576 4200 2625 4246 et
2668 4190 2920 4246 redimam
2962 4207 3047 4245 eos
3088 4190 3153 4244 de
3190 4200 3379 4247 morte.
3432 4178 3538 4245 Ubi
3569 4202 3688 4259 est,
3716 4211 3873 4257 mors,

2280 4284 2540 4339 contentio
2550 4282 2672 4338 tua?
2685 4282 2775 4336 ubi
2796 4291 3073 4350 est,mors,
3086 4276 3329 4336 stimulus
3345 4292 3464 4337 tuus
3489 4281 3707 4354 (Oscae,
3720 4285 3879 4357 nn)?

2284 4372 2342 4430 Si
2375 4388 2508 4429 vero
2542 4381 2776 4429 mortem
2812 4373 3192 4429 devorabimus
3217 4414 3235 4440 ,
3282 4375 3683 4445 superabimus
3721 4393 3879 4440 eam.

2282 4472 2337 4520 et
2377 4463 2589 4520 dicetur
2616 4462 2815 4519 nobis:
2854 4463 3003 4521 Mors
3046 4465 3094 4520 ei
3135 4481 3461 4537 nequaquam
3508 4466 3881 4524 donsinabiw

598 4568 671 4624 Et
706 4568 902 4622 iterum
947 4581 962 4618 :
1013 4561 1111 4616 Ubi
1138 4575 1233 4631 ego
1257 4573 1397 4624 sum,
1429 4556 1518 4611 ubi
1554 4562 1603 4608 et
1634 4553 1877 4609 stilistcr
2080 4547 2177 4646 θιςὶι
2204 4576 2258 4646 D
2285 4554 2583 4630 (Rom.vi):
2608 4556 2865 4627 quoniam
2891 4571 3061 4646 mors,
3086 4571 3193 4627 qua
3218 4565 3444 4626 peccato
3467 4560 3691 4614 mortui
3718 4555 3883 4614 semei

598 4658 786 4734 (Joan.
818 4656 940 4726 ιιι).
981 4652 1356 4723 Respiciamus
1376 4650 1444 4705 ad
1476 4646 1745 4718 promissa
1774 4650 1831 4698 et
1855 4641 1921 4695 ad
1956 4638 2178 4710 praemia

604 4748 830 4814 creduli,
876 4744 1089 4802 facilius
1121 4756 1338 4798 omnem
1376 4739 1719 4812 perferamus
1755 4734 2022 4796 laborem,
2063 4744 2180 4784 sm—

599 4843 853 4909 bulantes
899 4840 1040 4897 sicut
1090 4836 1387 4895 ambulavit
1426 4836 1543 4905 ipse
1578 4829 1858 4896 Dominus,
1905 4825 2002 4896 qui
2047 4838 2177 4895 pro-

603 4936 802 4992 missor
833 4938 919 4991 est
940 4928 1307 5002 prtemiorum.

675 5024 861 5087 XVIII.
901 5023 1012 5081 Vos
1035 5035 1250 5101 quoque
1286 5019 1380 5089 qui
1416 5014 1638 5075 secundi
1672 5012 1806 5073 estis
1844 5012 2181 5085 singularum

603 5118 920 5184 domorum,
956 5113 1318 5171 humilitatem
1348 5105 1633 5167 sectamini
1659 5114 1714 5167 et
1738 5104 2091 5173 modestiam,
2126 5113 2182 5160 et

606 5206 815 5281 singula
847 5212 1118 5279 prmoepta
1151 5203 1419 5276 majorum
1444 5202 1570 5258 vitae
1596 5202 1899 5258 communis
1935 5215 2181 5257 normam

2283 4663 2490 4714 sumus,
2522 4648 2577 4702 in
2605 4646 2762 4703 nobis
2791 4638 3005 4702 mortua
3032 4657 3147 4713 est,
3176 4655 3233 4703 et
3260 4648 3392 4712 vita,
3426 4664 3539 4718 qua
3570 4649 3633 4705 in
3658 4651 3883 4707 Christo

2283 4740 2536 4808 vivimus,
2579 4756 2793 4811 semper
2834 4740 3065 4794 vivimus
3090 4738 3262 4812 (Rom.
3291 4737 3413 4813 vn).
3464 4740 3577 4809 Qui
3625 4744 3793 4799 enim
3835 4743 3885 4795 in

2284 4846 2449 4888 carne
2476 4830 2724 4898 moritur,
2747 4828 3136 4902 justiﬁcabitur
3160 4848 3191 4886 a
3216 4839 3462 4901 peccato.
3511 4831 3887 4904 Nequaquam

2286 4923 2427 4979 ultra
2450 4922 2695 4978 vivamus
2724 4921 2778 4976 in
2808 4920 3091 4978 desideriis
3123 4921 3437 4989 hominum,
3472 4924 3578 4978 sed
3609 4925 3895 4996 reliquam

2284 5017 2451 5072 vitam
2483 5016 2539 5071 in
2565 5020 2841 5071 voluntate
2877 5006 2974 5073 Dei
3011 5015 3341 5085 expleamus.
3388 5013 3493 5083 Qui
3526 5015 3755 5073 timetis
3788 5019 3894 5074 Do~

2286 5109 2493 5162 minum
2522 5116 2728 5162 armate
2755 5122 2852 5164 vos
2880 5106 3160 5173 castitate,
3192 5113 3252 5160 ut
3282 5105 3470 5163 audire
3498 5111 3895 5165 mereamini:

2301 5200 2398 5261 Vos
2432 5212 2607 5259 autem
2637 5220 2742 5259 non
2772 5205 2895 5261 estis
2931 5204 2987 5257 in
3019 5220 3200 5269 carne,
3231 5203 3321 5259 sed
3352 5204 3409 5259 in
3434 5206 3641 5275 spiritu
3665 5206 3899 5281 (Ibit).

604 5305 811 5369 putate,
836 5305 898 5355 ut
923 5297 982 5357 in
1005 5295 1116 5355 illis
1138 5292 1531 5351 conservandis
1558 5300 1767 5349 vestras
1796 5290 2025 5349 servetis
2059 5289 2179 5344 ani-

608 5403 750 5454 mas,
776 5396 833 5446 et
856 5387 1060 5448 similes
1086 5386 1209 5447 sitis
1237 5385 1288 5441 ei
1325 5385 1417 5458 qui
1470 5383 1547 5440 ait
1570 5398 1586 5439 :
1619 5385 1810 5440 Anima
1838 5400 1953 5438 mea
1982 5384 2036 5437 in
2062 5398 2180 5436 ma—

2286 5295 2355 5351 Et
2377 5295 2568 5351 scitote
2589 5295 2730 5367 quod
2757 5293 3013 5367 perlectis
3040 5294 3281 5369 perfecta
3306 5295 3655 5362 tribuantur,
3683 5308 3753 5354 et
3783 5301 3900 5355 ina-

2284 5388 2445 5445 nibus
2481 5388 2774 5449 reddantur
2804 5386 3023 5453 inania,
3060 5384 3219 5459 juxta
3259 5401 3580 5445 sermonem
3626 5390 3901 5463 Evange-

2282 5480 2483 5537 licum:
2513 5479 2616 5545 Qui
2639 5480 2812 5545 habet,
2830 5479 3041 5536 dabitur
3059 5480 3130 5546 ei,
3153 5489 3199 5535 et
3226 5480 3557 5547 abundabit;
3583 5485 3683 5553 qui
3708 5498 3906 5540 ante:

2284 5588 2387 5626 non
2425 5571 2598 5636 habet,
2642 5579 2690 5624 et
2733 5569 2871 5641 quod
2914 5570 3183 5625 videbatur
3222 5570 3437 5636 habere,
3480 5571 3801 5641 auferetur
3845 5576 3906 5627 sb

2282 5679 2341 5717 eo
2364 5661 2557 5736 (Marc.
2580 5659 2675 5734 ιν).
2710 5661 2990 5718 Imitemur
3013 5662 3249 5733 virgines
3273 5662 3575 5732 sapientes,
3599 5679 3751 5734 quae
3778 5680 3905 5723 casn

2283 5770 2481 5825 sponso
2510 5753 2807 5812 thalamum
2834 5754 3045 5826 ingredi
3074 5762 3413 5819 meruerunt,
3438 5770 3565 5825 qua:
3592 5754 3915 5814 habebam

2282 5845 2341 5900 in
2361 5843 2506 5902 vasis
2533 5845 2646 5901 suis
2671 5852 2727 5901 et
2748 5844 3089 5916 lampadibus
3111 5843 3289 5902 oleum
3314 5845 3586 5902 bonorum
3610 5859 3911 5915 opes-pm.

608 5478 763 5537 nibus
807 5482 935 5536 meis
982 5494 1186 5550 semper
1226 5475 1400 5552 (Psal.
1437 5475 1646 5546 cxvm).
1704 5476 1871 5532 Filius
1919 5475 2184 5548 gioriﬁcet

608 5568 842 5637 Patrem,
879 5578 934 5626 et
966 5568 1224 5626 laetemini
1254 5567 1522 5623 fructibus
1547 5565 1748 5622 vestris
1775 5584 1787 5620 :
1820 5566 1946 5636 quia
1974 5566 2180 5636 absque

609 5660 864 5730 operibus
905 5667 960 5716 et
996 5658 1263 5715 fructibus
1289 5657 1469 5714 nullus
1496 5657 1709 5712 Domini
1738 5657 1995 5711 societate
2033 5655 2184 5711 tarta-

610 5751 796 5806 bitur:
837 5758 901 5807 ut
936 5766 1060 5806 cum
1088 5750 1392 5807 habueritis
1418 5747 1657 5805 fructum
1692 5747 1749 5803 in
1774 5748 2023 5818 Domino,
2064 5749 2182 5820 ipso

614 5841 828 5904 haerede
848 5848 905 5899 et
923 5841 1200 5900 coherede
1224 5840 1525 5913 potiamini.
