4004 6328
185 449 284 508 681

833 456 1060 514 CODEX
1097 455 1547 534 REGULARUM.
1588 489 1657 498 ——
1692 447 1872 512 PARS
1908 457 1948 513 Ι.
1990 459 2294 518 REGULA'I
2333 458 2438 520 PP.
2478 465 2750 526 ORIENT.

3318 473 3425 530 ιδε

180 561 358 623 Porro
381 567 556 626 stultae
577 545 1079 640 virgines'clausam
1110 572 1329 627 thalami
1355 570 1574 640 januam
1607 583 1763 637 repe-
1793 568 2035 629 A‘vestra
2063 567 2218 643 (Luc.
2246 575 2392 648 xvr);
2425 577 2683 633 fratribus
2709 573 3099 646 laborantibus,
3125 588 3181 635 et
3201 568 3424 652 jejuniis

184 665 402 724 rernnt,
442 661 568 730 quia
598 665 722 720 ante
751 663 962 732 nuptias
992 679 1184 733 parare
1219 663 1319 719 sibi
1348 663 1522 719 oleum
1561 664 1745 718 nolue-

183 760 310 804 runt
335 745 550 821 (Matth.
574 751 722 823 xxv).
771 745 900 808 Herc
928 753 984 808 in
1014 753 1184 826 ﬁgura
1220 755 1580 825 contingebant
1609 753 1748 820 illis;

179 846 375 914 scripta
401 855 517 898 sunt
541 847 676 899 enim
706 847 774 900 ad
799 849 1167 902 correctionem
1196 860 1425 902 nostram
1448 845 1499 918 (Ι
1525 847 1645 902 Cor.
1669 846 1746 922 Χ),

180 939 239 987 ut
268 935 531 989 evitemus
559 944 762 1004 vetera,
791 945 846 991 et
871 953 1148 992 servemus
1172 948 1436 1010 pl‘IIBCt‘pla
1466 941 1745 1010 sapientis,

177 1026 269 1094 qui
315 1021 430 1078 ait:
469 1021 578 1079 Fili
615 1025 715 1093 mi,
760 1023 806 1080 si
843 1030 1048 1098 sapiens
1093 1027 1251 1098 fuerit
1292 1046 1382 1082 cor
1422 1039 1588 1096 tuum,
1616 1030 1749 1084 [atti-

173 1114 359 1187 ﬁcabis
397 1135 488 1172 cor
519 1137 710 1184 meum,
737 1127 784 1173 et
815 1122 1290 1176 commemorabunt
1323 1122 1463 1178 labia
1495 1141 1609 1178 mea
1639 1142 1749 1179 ser-

172 1225 352 1263 mones
381 1219 496 1263 tuas
528 1203 708 1282 (Prov.
739 1210 917 1279 xxtn),
957 1209 1003 1265 si
1041 1219 1219 1266 tamen
1250 1214 1384 1267 recti
1411 1212 1634 1268 fuerint.
1682 1215 1749 1270 Et

173 1293 408 1356 iterum:
445 1299 567 1356 Non
607 1295 880 1356 a’muletur
913 1315 1003 1356 car
1039 1317 1186 1358 tuum
1224 1315 1543 1375 peccatores,
1575 1307 1664 1360 sed
1693 1308 1748 1360 in

172 1394 356 1448 timore
389 1394 487 1448 Dei
522 1405 629 1449 este
664 1404 773 1448 tota
805 1395 921 1462 die,
967 1406 1015 1450 et
1051 1397 1149 1452 Dei
1185 1398 1383 1452 cultum
1417 1400 1627 1454 observa
1654 1401 1747 1469 ju-

169 1487 304 1555 giter
329 1477 512 1559 (Prov.
540 1489 719 1560 χχιιι).

242 1569 383 1632 XXI.
427 1569 724 1650 Vigilemus
763 1581 1054 1646 attentius,
1097 1589 1151 1636 et
1192 1582 1427 1637 Sciamus
1457 1583 1600 1652 quod
1629 1598 1746 1637 ma-

167 1686 330 1741 gnam
371 1663 527 1726 nobis
575 1671 716 1726 Deus
760 1673 1076 1740 praestiterit
1124 1673 1353 1744 gratiam
1402 1687 1498 1743 per
1523 1672 1742 1727 Patrem

166 1770 416 1818 nostrum
460 1762 853 1827 Pachomium,
901 1771 962 1817 ut
1017 1761 1455 1818 renuntiaremus
1504 1762 1738 1826 smculo;

164 1847 224 1906 et
262 1867 473 1906 omnem
516 1849 934 1906 sollicitudinem
980 1852 1206 1917 mundi,
1256 1861 1313 1906 et
1353 1867 1514 1906 curas
1555 1867 1738 1906 rerum

161 1948 507 2003 saecularium
533 1963 633 2018 pro
661 1945 831 2000 nihilo
854 1960 1198 2014 poneremus.
1233 1944 1363 2010 Quae
1389 1945 1548 1998 nobis
1578 1960 1739 2000 occa-
1765 1905 1816 1981 ﬁ

160 2041 248 2095 sio
278 2041 465 2095 relicta
497 2048 613 2105 est,
652 2046 714 2092 ut
747 2039 1044 2092 habeamus
1073 2037 1366 2106 quidquam
1393 2037 1669 2106 proprium
1711 2054 1742 2092 a

155 2129 406 2186 funiculo
444 2145 618 2199 usque
656 2127 723 2184 ad
763 2129 1141 2200 corrigendum
1177 2128 1574 2194 ealceamenti;
1619 2144 1742 2184 cum

155 2221 465 2276 habeamus
490 2220 841 2289 Praepositos,
873 2219 964 2289 qui
994 2233 1090 2288 pro
1118 2217 1274 2272 nobis
1305 2233 1429 2272 cum
1461 2219 1654 2273 timore
1687 2226 1743 2274 et

151 2325 404 2372 tremore
445 2305 658 2371 solliciti
703 2323 829 2370 sunt
872 2322 983 2368 tam
1028 2314 1082 2367 in
1112 2313 1259 2376 cibo,
1309 2322 1365 2368 et
1403 2314 1636 2380 vestitu,
1687 2322 1742 2369 et

148 2407 470 2477 corpusculi
500 2407 789 2476 languore,
828 2405 873 2458 si
900 2402 1039 2458 forte
1067 2402 1383 2468 obvenerit,
1417 2411 1478 2458 ut
1507 2405 1562 2458 in
1593 2404 1740 2460 nullo

151 2501 476 2562 timeamus,
519 2505 573 2552 et
610 2513 707 2566 per
731 2496 1074 2551 occasionem
1102 2494 1283 2550 carnis
1311 2495 1505 2549 animm
1533 2496 1740 2550 emolu-

152 2601 338 2647 menta
359 2590 681 2659 perdamus?
704 2587 885 2643 Liberi
908 2601 1111 2648 sumus,
1131 2584 1322 2657 jugum
1345 2587 1409 2641 de
1433 2586 1736 2642 cervicibus

152 2686 360 2742 nostris
388 2683 675 2738 mundanae
711 2681 988 2738 servitutis
1019 2681 1347 2750 abjecimus;
1391 2696 1488 2735 cur
1517 2685 1736 2734 rursum

151 2776 404 2832 volumus
449 2773 650 2829 reverti
696 2775 763 2827 ad
801 2773 1062 2828 vomitum
1108 2780 1382 2838 nostrum,
1435 2779 1490 2826 et
1534 2771 1735 2841 aliquid

152 2869 360 2924 habere
384 2867 525 2921 unde
555 2865 773 2921 solliciti
804 2866 994 2930 simus,
1022 2872 1075 2919 et
1105 2866 1247 2934 quod
1275 2864 1503 2934 perdere
1529 2873 1737 2919 metua-

148 2958 310 3014 mus?
336 2956 418 3012 Ad
441 2972 579 3027 quos
607 2971 741 3010 usus
767 2954 1094 3024 superﬂuum
1117 2955 1416 3025 palliolum,
1447 2964 1537 3009 aut
1564 2955 1736 3024 epulre

147 3050 443 3115 lautiores,
486 3056 580 3103 aut
618 3048 812 3104 melior
838 3048 1052 3103 lectus?
1101 3063 1224 3102 cum
1261 3047 1443 3102 omnia
1485 3047 1540 3102 in
1580 3063 1731 3102 eom-

147 3156 319 3195 mune
351 3141 458 3195 sint
485 3147 820 3210 praeparata,
861 3146 914 3192 et
948 3138 1084 3192 nihil
1118 3153 1280 3193 cruce
1308 3137 1510 3193 Christi
1543 3139 1732 3195 durius

146 3235 246 3300 sit,
273 3234 425 3303 juxta
452 3247 616 3303 quam
639 3234 882 3286 viventes
909 3231 1097 3286 Patres
1126 3231 1299 3285 nostri
1328 3230 1732 3286 srdilicaverunt
1756 3261 1803 3340 α

146 3340 255 3381 nos
294 3339 451 3394 super
483 3323 895 3378 fundamentum
933 3321 1298 3391 apostolorum
1343 3328 1398 3376 et
1440 3323 1730 3391 propheta-

147 3429 309 3481 rum,
356 3422 413 3469 et
458 3413 859 3484 evangeliorum
897 3413 1271 3482 disciplinam,
1317 3428 1437 3482 quae
1483 3414 1728 3485 angulari

144 3507 460 3563 continetur
491 3505 669 3575 lapide
705 3505 932 3560 Domino
967 3502 1096 3560 Iesu
1127 3503 1345 3559 Christo
1375 3505 1591 3575 (Ep/tes.
1622 3505 1682 3576 ιι)
1710 3523 1724 3561 :

138 3613 319 3669 quem
353 3606 635 3666 sequentes
664 3597 730 3651 de
761 3594 1044 3651 mortifera
1083 3595 1364 3650 altitudine
1412 3596 1479 3650 ad
1509 3596 1728 3651 vitalem

140 3689 533 3744 descendimus
571 3688 959 3753 humilitatem,
1005 3687 1220 3743 divitias
1258 3697 1573 3758 paupertate
1602 3704 1724 3743 mu-

141 3786 352 3843 tantes,
381 3788 436 3833 et
460 3777 679 3834 delicias
706 3773 939 3847 simplici
967 3778 1107 3832 cibo.

216 3870 383 3925 XXII.
422 3868 617 3936 Nolite,
647 3873 874 3925 obsecro
898 3885 1017 3934 vos,
1047 3869 1293 3924 oblivisci
1323 3870 1490 3925 semel
1520 3859 1725 3941 arrepti

137 3962 429 4034 prepositi,
452 3969 505 4016 et
533 3961 849 4016 traditiones
874 3960 1052 4015 Patris
1077 3960 1251 4015 nostri
1278 3961 1452 4016 scalas
1474 3970 1724 4032 putemus

133 4054 213 4110 ad
259 4054 521 4109 caelorum
569 4069 733 4124 regna
778 4054 1080 4109 tendentes.
1139 4051 1218 4109 Ne
1247 4054 1564 4111 desideretis
1603 4071 1722 4126 quae

135 4157 273 4203 ante
299 4147 571 4204 caleastis.
629 4147 838 4202 Sullicit
868 4149 1022 4204 nobis
1051 4149 1283 4213 habere,
1330 4149 1472 4218 quod
1516 4150 1720 4205 homini

131 4242 280 4295 satis
306 4249 410 4305 est,
440 4240 547 4294 duo
576 4240 916 4301 levitonaria,
951 4248 1005 4293 et
1038 4239 1200 4293 alium
1231 4231 1498 4303 attritum,
1529 4247 1583 4294 et
1610 4241 1723 4309 paL

129 4331 328 4386 liolum
363 4331 564 4386 lineum
584 4371 600 4396 ,
642 4331 776 4386 duos
801 4330 1061 4396 cucullos,
1095 4345 1285 4385 zonam
1316 4331 1536 4394 lineam,
1567 4333 1720 4402 galli-

131 4436 259 4487 cas,
290 4421 504 4490 pellem,
542 4427 596 4474 et
626 4421 854 4492 virgam.
907 4419 1004 4474 Cui
1035 4419 1394 4474 ministerium
1421 4418 1635 4487 aliquod
1667 4427 1720 4474 et

129 4513 476 4582 dispensatio
497 4520 578 4567 est
601 4512 804 4567 credita
832 4511 1167 4576 monasterii,
1190 4518 1241 4566 et
1265 4510 1310 4566 si
1331 4527 1396 4565 ex
1419 4525 1480 4564 ea
1508 4511 1716 4566 lucrum

1851 676 1909 721 et
1958 668 2291 723 continentia
2317 711 2332 737 ,
2379 679 2434 725 et
2482 671 2788 726 incessabili
2841 666 3028 726 labore
3080 673 3420 730 sudantibus.
3459 692 3462 696 '

1848 743 2057 812 Idcirco
2088 755 2265 814 videte
2293 776 2387 816 eos
2420 760 2473 815 in
2503 759 2696 831 gaudio
2725 771 2890 832 atque
2924 763 3138 831 laetitia,
3181 765 3270 834 qui
3300 767 3427 822 reli-

1847 856 2081 918 querunt
2125 858 2449 918 praesentem
2496 853 2699 919 vitam,
2746 860 2806 907 ut
2847 853 3082 909 futuram
3127 871 3426 928 conseque-

1847 950 2083 996 rentur:
2124 957 2221 996 vos
2269 953 2451 998 autem
2498 944 2553 998 in
2600 946 2851 1015 squalore
2895 963 2959 1002 ac
3000 949 3320 1016 tormentis,
3369 949 3425 1007 et

1847 1029 2067 1087 miseria
2099 1036 2453 1102 constitutos,
2497 1039 2623 1107 quia
2661 1040 2913 1096 noluistis
2939 1043 3300 1114 evangelicum
3328 1062 3425 1100 au-

1847 1123 1963 1180 dire
1992 1141 2322 1194 sermonem,
2352 1136 2408 1184 et
2434 1128 2591 1184 Isaiae
2619 1134 3019 1202 contempsistis
3043 1135 3209 1191 verba
3239 1135 3425 1192 dicen-

1850 1209 1954 1270 tis:
2000 1213 2136 1270 Ecce
2172 1219 2262 1288 qui
2299 1220 2531 1274 serviunt
2570 1222 2728 1290 mihi,
2783 1225 3085 1292 comedent,
3123 1243 3212 1281 vos
3246 1238 3422 1284 autem

1845 1311 2102 1363 esurietis.
2141 1309 2278 1365 Ecce
2303 1313 2392 1383 qui
2423 1313 2652 1368 serviunt
2679 1314 2840 1381 mihi,
2882 1315 3087 1383 bibent,
3126 1335 3213 1373 vos
3249 1329 3424 1374 autem

1844 1400 2050 1454 sitie.’is.
2102 1400 2237 1456 Ecce
2270 1403 2358 1473 qui
2398 1404 2627 1457 serviunt
2654 1405 2812 1472 mihi,
2849 1407 3216 1477 exsultabant,
3253 1420 3302 1465 et
3334 1428 3421 1465 vos

1846 1493 2137 1549 clamabitis
2161 1505 2372 1568 propter
2397 1495 2628 1551 dolorem
2655 1498 2828 1552 cordis
2856 1502 3032 1567 vestri,
3059 1511 3108 1556 et
3137 1501 3200 1556 ob
3228 1504 3424 1558 contri-

1844 1587 2039 1640 tionem
2069 1588 2283 1658 spiritus
2309 1586 2575 1657 ejulabitis
2603 1575 2756 1661 (Isai.
2783 1590 2930 1662 va).
2964 1593 3205 1649 Audistis
3232 1610 3421 1650 omnes

1842 1665 2208 1734 beatitudines
2253 1677 2658 1748 Scripturarum
2683 1720 2699 1746 ,
2759 1689 2816 1736 et
2860 1683 3106 1739 noluistis
3149 1686 3422 1756 suscipere

1845 1768 2204 1838 disciplinam.

1915 1859 2099 1914 XXIII.
2139 1860 2288 1927 Ideo,
2329 1861 2560 1930 fratres,
2601 1863 2834 1934 aequales
2864 1865 3069 1932 simus,
3117 1882 3149 1920 a
3195 1868 3422 1924 minimo

1842 1965 2014 2021 usque
2049 1951 2115 2005 ad
2151 1953 2482 2018 maximum,
2522 1962 2633 2009 tam
2664 1955 2816 2012 dives
2841 1972 3002 2027 quam
3031 1973 3256 2028 pauper,
3292 1975 3420 2015 con—

1842 2043 2026 2097 cordia
2077 2051 2132 2098 et
2178 2045 2485 2100 humilitate
2513 2046 2777 2117 perfecti,
2829 2058 2890 2103 ut
2933 2051 2998 2105 de
3027 2051 3180 2106 vobis
3208 2067 3422 2122 quoque

1839 2139 2010 2208 possit
2033 2139 2139 2193 diei
2165 2158 2178 2192 :
2210 2138 2315 2205 Qui
2345 2139 2588 2205 multum,
2612 2158 2716 2196 non
2742 2141 3061 2209 abundavit;
3093 2145 3181 2215 qui
3205 2161 3416 2214 parum,

1840 2245 1945 2282 non
1982 2229 2203 2299 indiguit
2238 2228 2324 2302 (ΙΙ
2352 2227 2475 2285 Cor.
2502 2230 2645 2304 vin).
2700 2230 2780 2286 Ne
2819 2234 2940 2302 quis
2985 2233 3096 2288 suis
3137 2235 3419 2304 provideat

1839 2319 2077 2384 deliciis,
2125 2336 2353 2377 cernens
2383 2321 2609 2379 fratrem
2637 2326 2692 2379 in
2724 2335 3044 2396 paupertate
3078 2334 3134 2382 et
3169 2329 3416 2398 angustia

1837 2411 2212 2478 constitutum,
2234 2422 2289 2466 et
2313 2411 2528 2468 dicatur
2552 2415 2602 2470 ei
2627 2415 2757 2468 illud
2781 2417 3161 2486 propheticum
3185 2437 3197 2471 :
3228 2418 3418 2474 Nonne

1835 2501 1979 2556 Deus
2019 2519 2154 2558 unus
2195 2506 2389 2558 creavit
2424 2521 2514 2559 vos
2537 2506 2562 2558 ?
2607 2501 2796 2561 Nonne
2823 2507 2988 2561 Pater
3017 2525 3152 2562 unus
3183 2510 3417 2564 omnium

1836 2593 2113 2646 vestrum?
2164 2592 2341 2658 Quare
2390 2593 2739 2666 dercliquistis
2794 2598 3146 2669 unusquisque
3198 2599 3417 2669 fratrem

1835 2701 2025 2751 suum,
2065 2694 2121 2738 ut
2165 2685 2509 2741 abominabile
2547 2687 2784 2756 facerent
2811 2697 3178 2743 testamentum
3204 2699 3416 2761 patrum

1834 2785 2120 2830 vestrorum
2143 2776 2168 2830 .9
2201 2776 2488 2831 Derelictus
2515 2777 2779 2843 estJuda,
2807 2778 2898 2832 sed
2926 2779 3244 2834 abominatio
3270 2782 3415 2850 facta

1833 2875 1908 2920 est
1937 2867 1993 2920 in
2024 2865 2196 2921 Israel
2225 2866 2443 2940 (Μαίας.
2473 2867 2557 2940 ιι).
2579 2866 3090 2939 Quapropterjuxta
3112 2871 3242 2926 illud
3269 2873 3415 2942 quod

1835 2956 2095 3012 Dominus
2134 2965 2295 3027 atque
2328 2957 2573 3012 Salvator
2596 2960 2856 3030 prmcepit
2895 2961 3152 3029 apostolis
3191 2961 3412 3017 dicens:

1833 3049 2150 3104 Mandatum
2200 3067 2388 3104 novum
2430 3051 2498 3104 do
2543 3052 2722 3119 vobis,
2781 3060 2835 3105 ut
2882 3052 3115 3123 diligatis
3157 3053 3412 3122 invicem,

1831 3144 1967 3196 sicut
2003 3152 2052 3197 et
2089 3160 2180 3214 ego
2218 3143 2381 3198 dilexi
2422 3158 2551 3199 vos:
2591 3154 2641 3199 et
2683 3146 2738 3200 in
2777 3145 2875 3201 hoc
2915 3148 3107 3212 scietis,
3135 3148 3276 3219 quod
3302 3165 3415 3204 vere

1831 3234 2074 3307 discipuli
2115 3236 2217 3289 mei
2256 3237 2377 3290 estis
2417 3235 2598 3308 (Joan.
2626 3237 2782 3310 x1");
2828 3254 2927 3293 nos
2964 3239 3195 3295 invicem
3226 3256 3414 3298 amaro

1833 3327 2126 3393 debemus,
2178 3335 2235 3382 et
2279 3329 2604 3391 ostendere,
2655 3330 2798 3398 quod
2836 3345 2964 3385 vere
3009 3332 3177 3386 simus
3224 3330 3415 3389 famuli

1831 3417 2044 3471 Domini
2073 3416 2200 3471 Iesu
2228 3416 2469 3484 Christi,
2507 3426 2564 3474 et
2591 3415 2688 3472 filii
2728 3418 3038 3486 Pachomii,
3075 3427 3130 3476 et
3161 3422 3411 3492 discipuli

1829 3507 2220 3561 coanobiorum.

1899 3583 2088 3649 XXIV.
2131 3594 2189 3649 Si
2225 3593 2556 3664 Praepositus
2583 3595 2776 3652 domus
2812 3596 3048 3665 aliquem
3082 3598 3409 3669 corripuerit

1826 3703 1891 3742 ex
1922 3686 2180 3742 fratribus
2209 3687 2300 3757 qui
2330 3687 2432 3742 sibi
2466 3684 2694 3755 subjecti
2720 3694 2880 3754 sunt,
2917 3688 3169 3744 erudiens
3195 3705 3319 3746 eum
3349 3692 3406 3749 in

1825 3780 2019 3833 timore
2057 3778 2154 3832 Dei
2191 3785 2246 3833 et
2281 3778 2503 3848 cupiens
2541 3778 2608 3833 ab
2643 3793 2829 3835 errore
2862 3779 3155 3848 corrigere,
3179 3788 3234 3835 et
3269 3781 3407 3839 alius

1825 3870 2057 3925 voluerit
2081 3884 2181 3940 pro
2205 3883 2270 3924 eo
2298 3869 2480 3938 loqui,
2509 3876 2565 3924 et
2591 3885 2715 3925 eum
2744 3869 3052 3937 defendere,
3085 3871 3407 3930 subvertens

1825 3979 1920 4019 cor
1945 3963 2118 4028 illius;
2161 3963 2252 4032 qui
2285 3963 2390 4018 hoc
2417 3961 2584 4029 facit,
2623 3971 2813 4033 peccat
2849 3963 2906 4018 in
2941 3979 3091 4020 suam
3124 3965 3398 4032 animam,

1823 4056 1949 4126 quia
1979 4055 2246 4110 subvertit
2271 4069 2394 4110 eum
2424 4056 2516 4125 qui
2547 4056 2744 4126 corrigi
2784 4063 3032 4126 poterat,
3083 4066 3138 4113 et
3175 4073 3402 4114 consur-

1822 4155 2037 4218 gentem
2067 4143 2252 4213 dejicit
2279 4146 2332 4199 in
2365 4155 2600 4210 terram,
2630 4154 2793 4214 atque
2823 4146 2892 4201 ad
2921 4146 3145 4201 meliora
3176 4149 3402 4204 tenden-

1821 4225 1929 4288 tem
1959 4233 2096 4287 mala
2124 4234 2477 4302 persuasione
2502 4234 2744 4302 decepit,
2783 4249 2973 4290 errans
3005 4235 3144 4305 ipse,
3187 4244 3240 4290 et
3266 4237 3400 4294 alios

1820 4339 2005 4379 errare
2049 4323 2273 4378 faciens.
2328 4315 2466 4379 Iluic
2506 4324 2636 4377 illud
2675 4324 2951 4394 aptabitur
2990 4335 3394 4394 congruenter:

1829 4403 1920 4468 Va:
1947 4415 2035 4485 qui
2072 4423 2251 4483 potum
2289 4415 2379 4467 dat
2416 4415 2654 4484 proximo
2683 4431 2778 4467 suo
2808 4414 3189 4468 subversionem
3224 4417 3396 4470 turbi-

1820 4503 1975 4567 dam,
2021 4512 2070 4556 et
2109 4503 2373 4556 inebrians
2417 4520 2533 4556 eum
2562 4493 2789 4573 (Habac.
2818 4503 2902 4572 ιι).
2958 4501 3050 4557 Vae
3089 4505 3180 4575 qui
3216 4521 3395 4561 errare

127 4604 342 4672 faciat,
385 4605 561 4661 scelus
588 4612 826 4675 putetur,
865 4611 918 4658 et
947 4603 1288 4674 sacrilegium
1322 4603 1618 4672 quidquam
1648 4620 1711 4657 ex
1741 4609 1794 4688 D
1820 4593 1946 4663 facit
1990 4608 2184 4646 caseum
2223 4589 2280 4688 in
2300 4592 2400 4688 Avia
2442 4591 2617 4688 (Deut.
2656 4591 2850 4688 iuvui.
2916 4590 3020 4658 Qui
3063 4594 3394 4688 scandalizat

123 4713 203 4754 ea
232 4698 547 4769 contingere
575 4705 630 4751 et
658 4697 710 4750 in
737 4696 1014 4766 propriam
1038 4706 1249 4749 vertere
1273 4697 1534 4766 requiem,
1560 4696 1712 4765 quasi

123 4788 449 4858 despiciens
476 4805 570 4844 eos
596 4789 687 4857 qui
729 4803 836 4842 non
875 4787 1078 4841 habent
1119 4793 1175 4840 et
1213 4785 1354 4840 felici
1400 4795 1717 4856 paupertate

121 4889 270 4938 sunt
313 4879 542 4936 divites:
590 4889 651 4934 ut
691 4895 799 4935 non
839 4879 1011 4934 solum
1057 4880 1170 4948 ipse
1211 4879 1472 4948 perierit,
1523 4881 1618 4935 sed
1663 4887 1719 4934 et

119 4984 370 5031 exteros
397 4982 652 5044 provocet
678 4975 745 5028 ad
772 4973 1127 5044 pereundum.
1175 4973 1242 5027 Et
1271 4973 1345 5026 illi
1377 4973 1595 5041 quidem
1623 4974 1717 5043 qui

117 5073 558 5126 incurvaverunt
583 5067 852 5122 cervicem
880 5079 1055 5128 suam,
1085 5071 1140 5118 et
1168 5079 1291 5119 cum
1319 5065 1467 5118 omni
1498 5065 1715 5120 humili-

115 5171 249 5218 tate
274 5167 333 5216 et
359 5157 649 5213 aﬂlictione
673 5156 918 5225 lugentes
948 5161 1109 5223 atque
1138 5153 1462 5225 plangentes
1491 5157 1544 5210 in
1572 5172 1713 5227 prte-

114 5253 438 5311 sentiarum
473 5250 798 5320 placuerunt
832 5245 964 5311 Deo,
1008 5259 1133 5301 cum
1161 5245 1228 5299 de
1253 5247 1572 5316 corpusculo
1607 5249 1712 5306 isto

111 5345 400 5407 exierint,
444 5342 724 5404 ducentur,
774 5347 831 5394 et
870 5337 1190 5394 accumbent
1217 5351 1338 5392 cum
1369 5339 1573 5393 sanctis
1610 5356 1709 5410 pa-

109 5436 311 5494 tribus
354 5433 664 5496 Abraham,
716 5429 894 5494 Isaac,
947 5439 1004 5484 et
1047 5426 1245 5496 Jacob,
1293 5430 1610 5499 prophetis,
1657 5438 1712 5486 et

106 5523 418 5598 apostolis,
465 5530 522 5578 et
562 5521 933 5577 consolatione
961 5520 1122 5590 digna
1152 5518 1420 5585 fruentur,
1473 5520 1614 5574 sicut
1653 5529 1708 5576 et

101 5621 373 5675 Lazarus
406 5614 601 5670 fruitus
646 5622 728 5668 est
772 5615 830 5668 in
871 5613 992 5668 sinu
1033 5612 1326 5667 Abraham.
1381 5610 1484 5679 Qui
1527 5622 1704 5669 autem

99 5712 385 5766 vixerunt
410 5708 465 5762 in
493 5707 762 5771 coenobio,
788 5713 843 5760 et
868 5706 933 5760 de
960 5705 1232 5760 communi
1263 5704 1318 5758 in
1349 5720 1475 5760 suos
1505 5705 1707 5774 aliquid

104 5806 448 5856 averterunt
484 5813 644 5863 usus,
685 5812 763 5850 va:
802 5797 879 5851 eis
917 5811 1039 5850 cum
1068 5795 1134 5850 de
1170 5811 1399 5867 corpore
1435 5798 1700 5864 exierint,

104 5892 343 5947 dicetur
370 5889 514 5945 illis:
549 5886 880 5955 Mementote,
910 5889 1032 5958 quia
1064 5887 1325 5958 recepistis
1356 5888 1490 5943 bona
1515 5889 1570 5942 in
1599 5890 1703 5945 vita

1821 4686 2116 4756 quempiam
2156 4685 2219 4737 de
2257 4681 2367 4747 liis,
2412 4683 2501 4754 qui
2547 4683 2763 4736 credunt
2803 4671 2948 4752 Deo,
2999 4687 3204 4757 expedit
3245 4690 3394 4742 eiut

1819 4777 2145 4848 appendatur
2185 4776 2232 4830 ei
2271 4774 2412 4830 mola
2454 4767 2694 4829 asinaria
2736 4792 2892 4846 super
2927 4769 3119 4832 collum
3162 4777 3296 4850 ejus,
3362 4775 3399 4833 rt

1816 4870 2169 4940 prwcipitetur
2200 4870 2256 4922 in
2293 4884 2438 4922 mare
2465 4865 2680 4940 (Matth.
2707 4870 2885 4943 xvm).
2937 4870 3074 4939 Quia
3104 4862 3394 4940 subvertit,

1818 4973 1878 5018 ut
1908 4964 2159 5025 diximus,
2193 4961 2562 5016 sublevantem
2594 4975 2673 5027 se,
2703 4972 2757 5018 et
2782 4957 3122 5020 obedientem
3155 4975 3394 5021 transtu-

1815 5059 1878 5113 lit
1903 5058 1970 5112 ad
1998 5056 2334 5126 superbiam,
2361 5063 2416 5110 et
2442 5070 2565 5111 eum
2595 5057 2689 5126 qui
2719 5056 2774 5112 in
2803 5057 3082 5114 dulcedine
3109 5059 3392 5117 eharitatis

1815 5156 2030 5223 poterat
2068 5147 2382 5212 ambulare,
2427 5148 2697 5202 convertit
2734 5147 2792 5202 in
2830 5148 3286 5219 amaritudinem;
3335 5163 3391 5211 et

1814 5243 2110 5313 subjectum
2139 5241 2350 5312 legibus
2374 5241 2713 5310 monasterii,
2740 5241 2898 5297 malis
2927 5227 3170 5300 consiliis
3195 5245 3389 5318 depra-

1813 5337 2000 5402 vavit,
2047 5335 2281 5405 fecitque
2313 5333 2493 5390 odisse
2528 5348 2654 5389 eum
2678 5375 2694 5402 ,
2743 5341 2802 5388 et
2844 5334 3155 5391 contristari
3195 5348 3387 5396 contra

1813 5428 2000 5493 illum,
2042 5427 2132 5496 qui
2175 5441 2300 5481 eum
2337 5424 2568 5482 docebat
2599 5425 2811 5480 Domini
2841 5425 3214 5498 disciplinam,
3260 5430 3387 5490 lites

1807 5519 1987 5575 ferens
2014 5520 2155 5575 inter
2181 5518 2378 5575 fratres
2407 5526 2571 5588 atque
2602 5516 2938 5585 discordias,
2969 5526 3026 5574 et
3051 5536 3159 5577 non
3187 5524 3386 5582 timens

1807 5612 1935 5665 illud
1979 5601 2126 5680 quod
2168 5611 2427 5680 scriptum
2471 5619 2589 5663 est:
2632 5607 2709 5660 Tu
2751 5609 2866 5678 quis
2909 5625 2994 5676 es,
3041 5612 3133 5683 qui
3165 5614 3382 5684 judicas

1807 5707 2034 5761 alienum
2065 5705 2315 5760 servum?
2355 5703 2464 5758 Suo
2499 5701 2712 5755 domino
2743 5709 2866 5766 stat,
2892 5711 2982 5756 aut
3010 5703 3171 5758 cadit.
3211 5703 3383 5759 Stabit

1805 5809 2012 5864 autem,
2057 5806 2235 5868 potens
2280 5805 2355 5850 est
2399 5803 2573 5848 autem
2617 5791 2861 5847 dominus
2902 5811 3113 5850 rursum
3153 5790 3382 5850 statuere

1803 5890 1953 5946 illum
1976 5889 2148 5961 (Rom.
2167 5887 2300 5960 XIV).
2332 5885 2627 5945 Considera
2669 5884 2800 5956 quid
2825 5885 3025 5944 dixerit
3048 5903 3061 5942 :
3087 5877 3280 5942 Potens
3305 5891 3381 5938 est
