  <div class='ocr_page' id='page_1' title='image "/cluster/home/n/w/nwhite01/storage/ocr_20150623/103/hvd.32044015466816/237.png"; bbox 0 0 4004 6328; ppageno 0'>
   <div class='ocr_carea' id='block_1_1' title="bbox 569 377 675 473">
    <p class='ocr_par' dir='ltr' id='par_1_1' title="bbox 569 377 675 473">
     <span class='ocr_line' id='line_1_1' title="bbox 569 377 675 473; baseline 0.028 -3"><span class='ocrx_word' id='word_1_1' title='bbox 569 377 675 473; x_wconf 67' lang='lat' dir='ltr'><strong>ses</strong></span> 
     </span>
    </p>
   </div>
   <div class='ocr_carea' id='block_1_2' title="bbox 1568 405 2803 465">
    <p class='ocr_par' dir='ltr' id='par_1_2' title="bbox 1568 405 2803 465">
     <span class='ocr_line' id='line_1_2' title="bbox 1568 405 2803 465; baseline -0.002 -1"><span class='ocrx_word' id='word_1_2' title='bbox 1568 408 1625 464; x_wconf 85' lang='lat' dir='ltr'><strong>S.</strong></span> <span class='ocrx_word' id='word_1_3' title='bbox 1667 407 2028 465; x_wconf 85' lang='lat' dir='ltr'><strong>BENEDICTI</strong></span> <span class='ocrx_word' id='word_1_4' title='bbox 2060 405 2356 463; x_wconf 76' lang='lat' dir='ltr'><strong>ABBATIS</strong></span> <span class='ocrx_word' id='word_1_5' title='bbox 2390 405 2803 463; x_wconf 81' lang='lat' dir='ltr'><strong>ANIANENSIS</strong></span> 
     </span>
    </p>
   </div>
   <div class='ocr_carea' id='block_1_3' title="bbox 3732 408 3845 465">
    <p class='ocr_par' dir='ltr' id='par_1_3' title="bbox 3732 408 3845 465">
     <span class='ocr_line' id='line_1_3' title="bbox 3732 408 3845 465; baseline 0 0"><span class='ocrx_word' id='word_1_6' title='bbox 3732 408 3845 465; x_wconf 61' lang='lat'><strong>464</strong></span> 
     </span>
    </p>
   </div>
   <div class='ocr_carea' id='block_1_4' title="bbox 568 498 3846 589">
    <p class='ocr_par' dir='ltr' id='par_1_4' title="bbox 568 498 3846 589">
     <span class='ocr_line' id='line_1_4' title="bbox 568 498 3846 589; baseline -0 -7"><span class='ocrx_word' id='word_1_7' title='bbox 568 534 745 583; x_wconf 88' lang='lat' dir='ltr'><strong>autem</strong></span> <span class='ocrx_word' id='word_1_8' title='bbox 771 522 1031 580; x_wconf 85' lang='lat' dir='ltr'><strong>Dominus</strong></span> <span class='ocrx_word' id='word_1_9' title='bbox 1060 527 1288 574; x_wconf 73' lang='lat' dir='ltr'><strong>statuere</strong></span> <span class='ocrx_word' id='word_1_10' title='bbox 1312 517 1481 572; x_wconf 87' lang='lat' dir='ltr'><strong>illum.</strong></span> <span class='ocrx_word' id='word_1_11' title='bbox 1529 515 1651 572; x_wconf 87' lang='lat' dir='ltr'><strong>Non</strong></span> <span class='ocrx_word' id='word_1_12' title='bbox 1679 516 1770 571; x_wconf 88' lang='lat' dir='ltr'><strong>ille</strong></span> <span class='ocrx_word' id='word_1_13' title='bbox 1805 524 1999 589; x_wconf 89' lang='lat' dir='ltr'><strong>potens</strong></span> <span class='ocrx_word' id='word_1_14' title='bbox 2030 524 2115 572; x_wconf 90' lang='lat' dir='ltr'><strong>est</strong></span> <span class='ocrx_word' id='word_1_15' title='bbox 2132 554 2147 581; x_wconf 93' lang='lat'><strong>,</strong></span> <span class='ocrx_word' id='word_1_16' title='bbox 2177 516 2231 577; x_wconf 81' lang='grc' dir='ltr'><strong>Α</strong></span> <span class='ocrx_word' id='word_1_17' title='bbox 2256 516 2405 584; x_wconf 88' lang='lat' dir='ltr'><strong>titus,</strong></span> <span class='ocrx_word' id='word_1_18' title='bbox 2431 519 2575 575; x_wconf 91' lang='lat' dir='ltr'><strong>dicat</strong></span> <span class='ocrx_word' id='word_1_19' title='bbox 2599 520 2652 574; x_wconf 93' lang='lat' dir='ltr'><strong>in</strong></span> <span class='ocrx_word' id='word_1_20' title='bbox 2670 498 2845 575; x_wconf 84' lang='lat' dir='ltr'><strong>corde</strong></span> <span class='ocrx_word' id='word_1_21' title='bbox 2870 534 2969 575; x_wconf 89' lang='lat' dir='ltr'><strong>suo</strong></span> <span class='ocrx_word' id='word_1_22' title='bbox 2993 537 3006 575; x_wconf 93' lang='lat'><strong>:</strong></span> <span class='ocrx_word' id='word_1_23' title='bbox 3035 519 3260 589; x_wconf 83' lang='lat' dir='ltr'><strong>Quando</strong></span> <span class='ocrx_word' id='word_1_24' title='bbox 3285 520 3511 586; x_wconf 82' lang='lat' dir='ltr'><strong>moriar,</strong></span> <span class='ocrx_word' id='word_1_25' title='bbox 3533 529 3672 578; x_wconf 91' lang='lat' dir='ltr'><strong>tunc</strong></span> <span class='ocrx_word' id='word_1_26' title='bbox 3694 523 3846 581; x_wconf 82' lang='lat' dir='ltr'><strong>dono</strong></span> 
     </span>
    </p>
   </div>
   <div class='ocr_carea' id='block_1_5' title="bbox 568 609 1389 689">
    <p class='ocr_par' dir='ltr' id='par_1_5' title="bbox 568 609 1389 689">
     <span class='ocr_line' id='line_1_5' title="bbox 568 609 1389 689; baseline -0.015 -15"><span class='ocrx_word' id='word_1_27' title='bbox 568 618 661 689; x_wconf 90' lang='lat' dir='ltr'><strong>qui</strong></span> <span class='ocrx_word' id='word_1_28' title='bbox 689 615 856 671; x_wconf 87' lang='lat' dir='ltr'><strong>verba</strong></span> <span class='ocrx_word' id='word_1_29' title='bbox 886 609 1101 667; x_wconf 83' lang='lat' dir='ltr'><strong>Domini</strong></span> <span class='ocrx_word' id='word_1_30' title='bbox 1127 609 1389 679; x_wconf 65' lang='lat' dir='ltr'><strong>praeterit.</strong></span> 
     </span>
    </p>
   </div>
   <div class='ocr_carea' id='block_1_6' title="bbox 580 701 2150 773">
    <p class='ocr_par' dir='ltr' id='par_1_6' title="bbox 580 701 2150 773">
     <span class='ocr_line' id='line_1_6' title="bbox 580 701 2150 773; baseline -0.006 -7"><span class='ocrx_word' id='word_1_31' title='bbox 580 712 581 715; x_wconf 62' lang='grc'><em>“</em></span> <span class='ocrx_word' id='word_1_32' title='bbox 638 707 806 767; x_wconf 76' lang='lat' dir='ltr'><strong>XXV.</strong></span> <span class='ocrx_word' id='word_1_33' title='bbox 850 704 1034 769; x_wconf 83' lang='lat' dir='ltr'><strong>Unde,</strong></span> <span class='ocrx_word' id='word_1_34' title='bbox 1081 701 1312 767; x_wconf 82' lang='lat' dir='ltr'><strong>fratres,</strong></span> <span class='ocrx_word' id='word_1_35' title='bbox 1355 714 1680 773; x_wconf 78' lang='lat' dir='ltr'><strong>magnopere</strong></span> <span class='ocrx_word' id='word_1_36' title='bbox 1710 702 2010 757; x_wconf 89' lang='lat' dir='ltr'><strong>devitemus</strong></span> <span class='ocrx_word' id='word_1_37' title='bbox 2050 702 2150 757; x_wconf 86' lang='lat' dir='ltr'><strong>ali-</strong></span> 
     </span>
    </p>
   </div>
   <div class='ocr_carea' id='block_1_7' title="bbox 568 795 2155 878">
    <p class='ocr_par' dir='ltr' id='par_1_7' title="bbox 568 795 2155 878">
     <span class='ocr_line' id='line_1_7' title="bbox 568 795 2155 878; baseline -0.009 -15"><span class='ocrx_word' id='word_1_38' title='bbox 568 806 726 878; x_wconf 88' lang='lat' dir='ltr'><strong>cujus</strong></span> <span class='ocrx_word' id='word_1_39' title='bbox 754 807 992 857; x_wconf 89' lang='lat' dir='ltr'><strong>mentem</strong></span> <span class='ocrx_word' id='word_1_40' title='bbox 1025 798 1343 853; x_wconf 72' lang='lat' dir='ltr'><strong>subvertere</strong></span> <span class='ocrx_word' id='word_1_41' title='bbox 1369 804 1561 850; x_wconf 91' lang='lat' dir='ltr'><strong>contra</strong></span> <span class='ocrx_word' id='word_1_42' title='bbox 1588 795 1866 851; x_wconf 90' lang='lat' dir='ltr'><strong>doctorem</strong></span> <span class='ocrx_word' id='word_1_43' title='bbox 1897 803 1954 851; x_wconf 91' lang='lat' dir='ltr'><strong>et</strong></span> <span class='ocrx_word' id='word_1_44' title='bbox 1981 795 2155 850; x_wconf 90' lang='lat' dir='ltr'><strong>moni-</strong></span> 
     </span>
    </p>
   </div>
   <div class='ocr_carea' id='block_1_8' title="bbox 569 882 2149 955">
    <p class='ocr_par' dir='ltr' id='par_1_8' title="bbox 569 882 2149 955">
     <span class='ocr_line' id='line_1_8' title="bbox 569 882 2149 955; baseline -0.006 -5"><span class='ocrx_word' id='word_1_45' title='bbox 569 902 743 950; x_wconf 87' lang='lat' dir='ltr'><strong>torem</strong></span> <span class='ocrx_word' id='word_1_46' title='bbox 782 904 970 953; x_wconf 90' lang='lat' dir='ltr'><strong>suum;</strong></span> <span class='ocrx_word' id='word_1_47' title='bbox 1020 895 1077 942; x_wconf 89' lang='lat' dir='ltr'><strong>et</strong></span> <span class='ocrx_word' id='word_1_48' title='bbox 1114 885 1523 941; x_wconf 84' lang='lat' dir='ltr'><strong>meminerimus</strong></span> <span class='ocrx_word' id='word_1_49' title='bbox 1548 882 1845 955; x_wconf 77' lang='lat' dir='ltr'><strong>Scriptura:</strong></span> <span class='ocrx_word' id='word_1_50' title='bbox 1879 885 2105 941; x_wconf 78' lang='lat' dir='ltr'><strong>dicentis</strong></span> <span class='ocrx_word' id='word_1_51' title='bbox 2135 904 2149 940; x_wconf 91' lang='lat'><strong>:</strong></span> 
     </span>
    </p>
   </div>
   <div class='ocr_carea' id='block_1_9' title="bbox 568 974 2149 1048">
    <p class='ocr_par' dir='ltr' id='par_1_9' title="bbox 568 974 2149 1048">
     <span class='ocr_line' id='line_1_9' title="bbox 568 974 2149 1048; baseline -0.007 -8"><span class='ocrx_word' id='word_1_52' title='bbox 568 981 759 1039; x_wconf 88' lang='lat' dir='ltr'><strong>Libera</strong></span> <span class='ocrx_word' id='word_1_53' title='bbox 805 997 897 1036; x_wconf 91' lang='lat' dir='ltr'><strong>cor</strong></span> <span class='ocrx_word' id='word_1_54' title='bbox 940 989 1087 1033; x_wconf 88' lang='lat' dir='ltr'><strong>tuum</strong></span> <span class='ocrx_word' id='word_1_55' title='bbox 1132 994 1164 1031; x_wconf 93' lang='lat' dir='ltr'><strong>a</strong></span> <span class='ocrx_word' id='word_1_56' title='bbox 1212 974 1455 1041; x_wconf 90' lang='lat' dir='ltr'><strong>malitia,</strong></span> <span class='ocrx_word' id='word_1_57' title='bbox 1503 983 1560 1029; x_wconf 92' lang='lat' dir='ltr'><strong>ut</strong></span> <span class='ocrx_word' id='word_1_58' title='bbox 1606 974 1823 1030; x_wconf 84' lang='lat' dir='ltr'><strong>salveris</strong></span> <span class='ocrx_word' id='word_1_59' title='bbox 1874 974 2007 1048; x_wconf 83' lang='lat' dir='ltr'><strong>(Jer.</strong></span> <span class='ocrx_word' id='word_1_60' title='bbox 2052 976 2149 1046; x_wconf 83' lang='lat' dir='ltr'><strong>iv).</strong></span> 
     </span>
    </p>
   </div>
   <div class='ocr_carea' id='block_1_10' title="bbox 569 1067 2152 1144">
    <p class='ocr_par' dir='ltr' id='par_1_10' title="bbox 569 1067 2152 1144">
     <span class='ocr_line' id='line_1_10' title="bbox 569 1067 2152 1144; baseline -0.006 -13"><span class='ocrx_word' id='word_1_61' title='bbox 569 1073 683 1131; x_wconf 84' lang='lat' dir='ltr'><strong>Nec</strong></span> <span class='ocrx_word' id='word_1_62' title='bbox 720 1088 819 1144; x_wconf 92' lang='lat' dir='ltr'><strong>pro</strong></span> <span class='ocrx_word' id='word_1_63' title='bbox 862 1069 1168 1129; x_wconf 90' lang='lat' dir='ltr'><strong>obedientia</strong></span> <span class='ocrx_word' id='word_1_64' title='bbox 1208 1067 1519 1139; x_wconf 86' lang='lat' dir='ltr'><strong>superbiam</strong></span> <span class='ocrx_word' id='word_1_65' title='bbox 1560 1074 1616 1122; x_wconf 91' lang='lat' dir='ltr'><strong>et</strong></span> <span class='ocrx_word' id='word_1_66' title='bbox 1657 1068 2056 1123; x_wconf 78' lang='lat' dir='ltr'><strong>contumaciam</strong></span> <span class='ocrx_word' id='word_1_67' title='bbox 2097 1067 2152 1122; x_wconf 92' lang='lat' dir='ltr'><strong>in</strong></span> 
     </span>
    </p>
   </div>
   <div class='ocr_carea' id='block_1_11' title="bbox 484 1157 2155 1225">
    <p class='ocr_par' dir='ltr' id='par_1_11' title="bbox 484 1157 2155 1225">
     <span class='ocr_line' id='line_1_11' title="bbox 484 1157 2155 1225; baseline -0.005 -4"><span class='ocrx_word' id='word_1_68' title='bbox 484 1172 495 1177; x_wconf 81' lang='grc'><em>”</em></span> <span class='ocrx_word' id='word_1_69' title='bbox 570 1164 823 1221; x_wconf 85' lang='lat' dir='ltr'><strong>cordibus</strong></span> <span class='ocrx_word' id='word_1_70' title='bbox 846 1162 1047 1219; x_wconf 89' lang='lat' dir='ltr'><strong>nostris</strong></span> <span class='ocrx_word' id='word_1_71' title='bbox 1072 1158 1301 1215; x_wconf 85' lang='lat' dir='ltr'><strong>invicem</strong></span> <span class='ocrx_word' id='word_1_72' title='bbox 1330 1158 1681 1213; x_wconf 88' lang='lat' dir='ltr'><strong>seminemus.</strong></span> <span class='ocrx_word' id='word_1_73' title='bbox 1709 1157 1809 1225; x_wconf 85' lang='lat' dir='ltr'><strong>Qui</strong></span> <span class='ocrx_word' id='word_1_74' title='bbox 1833 1158 1976 1212; x_wconf 91' lang='lat' dir='ltr'><strong>enim</strong></span> <span class='ocrx_word' id='word_1_75' title='bbox 2000 1158 2155 1213; x_wconf 83' lang='lat' dir='ltr'><strong>timet</strong></span> 
     </span>
    </p>
   </div>
   <div class='ocr_carea' id='block_1_12' title="bbox 569 1248 2154 1317">
    <p class='ocr_par' dir='ltr' id='par_1_12' title="bbox 569 1248 2154 1317">
     <span class='ocr_line' id='line_1_12' title="bbox 569 1248 2154 1317; baseline -0.005 -7"><span class='ocrx_word' id='word_1_76' title='bbox 569 1254 858 1311; x_wconf 88' lang='lat' dir='ltr'><strong>Dominum</strong></span> <span class='ocrx_word' id='word_1_77' title='bbox 888 1268 1075 1317; x_wconf 88' lang='lat' dir='ltr'><strong>suum,</strong></span> <span class='ocrx_word' id='word_1_78' title='bbox 1124 1251 1169 1306; x_wconf 90' lang='lat' dir='ltr'><strong>si</strong></span> <span class='ocrx_word' id='word_1_79' title='bbox 1200 1249 1399 1304; x_wconf 90' lang='lat' dir='ltr'><strong>viderit</strong></span> <span class='ocrx_word' id='word_1_80' title='bbox 1430 1248 1653 1303; x_wconf 88' lang='lat' dir='ltr'><strong>fratrem</strong></span> <span class='ocrx_word' id='word_1_81' title='bbox 1684 1264 1840 1304; x_wconf 92' lang='lat' dir='ltr'><strong>suum</strong></span> <span class='ocrx_word' id='word_1_82' title='bbox 1870 1265 2059 1304; x_wconf 89' lang='lat' dir='ltr'><strong>errare</strong></span> <span class='ocrx_word' id='word_1_83' title='bbox 2097 1256 2154 1305; x_wconf 92' lang='lat' dir='ltr'><strong>et</strong></span> 
     </span>
    </p>
   </div>
   <div class='ocr_carea' id='block_1_13' title="bbox 567 1343 2155 1414">
    <p class='ocr_par' dir='ltr' id='par_1_13' title="bbox 567 1343 2155 1414">
     <span class='ocr_line' id='line_1_13' title="bbox 567 1343 2155 1414; baseline -0.003 -15"><span class='ocrx_word' id='word_1_84' title='bbox 567 1345 715 1411; x_wconf 89' lang='lat' dir='ltr'><strong>labi,</strong></span> <span class='ocrx_word' id='word_1_85' title='bbox 765 1344 935 1414; x_wconf 88' lang='lat' dir='ltr'><strong>magis</strong></span> <span class='ocrx_word' id='word_1_86' title='bbox 974 1343 1135 1398; x_wconf 84' lang='lat' dir='ltr'><strong>debet</strong></span> <span class='ocrx_word' id='word_1_87' title='bbox 1169 1350 1478 1396; x_wconf 82' lang='lat' dir='ltr'><strong>monstrare</strong></span> <span class='ocrx_word' id='word_1_88' title='bbox 1505 1357 1624 1410; x_wconf 63' lang='lat' dir='ltr'><strong>qua:</strong></span> <span class='ocrx_word' id='word_1_89' title='bbox 1658 1349 1845 1396; x_wconf 90' lang='lat' dir='ltr'><strong>sancta</strong></span> <span class='ocrx_word' id='word_1_90' title='bbox 1886 1348 2050 1406; x_wconf 90' lang='lat' dir='ltr'><strong>sunt,</strong></span> <span class='ocrx_word' id='word_1_91' title='bbox 2098 1347 2155 1395; x_wconf 91' lang='lat' dir='ltr'><strong>et</strong></span> 
     </span>
    </p>
   </div>
   <div class='ocr_carea' id='block_1_14' title="bbox 568 1431 2155 1496">
    <p class='ocr_par' dir='ltr' id='par_1_14' title="bbox 568 1431 2155 1496">
     <span class='ocr_line' id='line_1_14' title="bbox 568 1431 2155 1496; baseline -0.001 -8"><span class='ocrx_word' id='word_1_92' title='bbox 568 1442 776 1488; x_wconf 86' lang='lat' dir='ltr'><strong>rectum</strong></span> <span class='ocrx_word' id='word_1_93' title='bbox 825 1433 928 1488; x_wconf 84' lang='lat' dir='ltr'><strong>iter</strong></span> <span class='ocrx_word' id='word_1_94' title='bbox 970 1432 1295 1496; x_wconf 88' lang='lat' dir='ltr'><strong>ostendere,</strong></span> <span class='ocrx_word' id='word_1_95' title='bbox 1346 1440 1406 1486; x_wconf 91' lang='lat' dir='ltr'><strong>ut</strong></span> <span class='ocrx_word' id='word_1_96' title='bbox 1449 1447 1573 1486; x_wconf 91' lang='lat' dir='ltr'><strong>cum</strong></span> <span class='ocrx_word' id='word_1_97' title='bbox 1617 1431 1764 1485; x_wconf 89' lang='lat' dir='ltr'><strong>omni</strong></span> <span class='ocrx_word' id='word_1_98' title='bbox 1807 1432 2055 1486; x_wconf 83' lang='lat' dir='ltr'><strong>castitate</strong></span> <span class='ocrx_word' id='word_1_99' title='bbox 2098 1439 2155 1486; x_wconf 90' lang='lat' dir='ltr'><strong>et</strong></span> 
     </span>
    </p>
   </div>
   <div class='ocr_carea' id='block_1_15' title="bbox 569 1520 2154 1592">
    <p class='ocr_par' dir='ltr' id='par_1_15' title="bbox 569 1520 2154 1592">
     <span class='ocr_line' id='line_1_15' title="bbox 569 1520 2154 1592; baseline -0.001 -15"><span class='ocrx_word' id='word_1_100' title='bbox 569 1529 808 1578; x_wconf 89' lang='lat' dir='ltr'><strong>tremore</strong></span> <span class='ocrx_word' id='word_1_101' title='bbox 844 1522 939 1578; x_wconf 90' lang='lat' dir='ltr'><strong>Dei</strong></span> <span class='ocrx_word' id='word_1_102' title='bbox 983 1520 1270 1583; x_wconf 85' lang='lat' dir='ltr'><strong>incedens,</strong></span> <span class='ocrx_word' id='word_1_103' title='bbox 1302 1520 1450 1574; x_wconf 89' lang='lat' dir='ltr'><strong>illam</strong></span> <span class='ocrx_word' id='word_1_104' title='bbox 1479 1520 1787 1577; x_wconf 85' lang='lat' dir='ltr'><strong>Salomonis</strong></span> <span class='ocrx_word' id='word_1_105' title='bbox 1824 1531 2154 1592; x_wconf 80' lang='lat' dir='ltr'><strong>exsequatur</strong></span> 
     </span>
    </p>
   </div>
   <div class='ocr_carea' id='block_1_16' title="bbox 569 1610 2149 1682">
    <p class='ocr_par' dir='ltr' id='par_1_16' title="bbox 569 1610 2149 1682">
     <span class='ocr_line' id='line_1_16' title="bbox 569 1610 2149 1682; baseline -0.002 -14"><span class='ocrx_word' id='word_1_106' title='bbox 569 1613 895 1669; x_wconf 83' lang='lat' dir='ltr'><strong>sententiam</strong></span> <span class='ocrx_word' id='word_1_107' title='bbox 943 1630 956 1665; x_wconf 92' lang='lat'><strong>:</strong></span> <span class='ocrx_word' id='word_1_108' title='bbox 996 1610 1183 1665; x_wconf 88' lang='lat' dir='ltr'><strong>Libera</strong></span> <span class='ocrx_word' id='word_1_109' title='bbox 1224 1627 1310 1665; x_wconf 90' lang='lat' dir='ltr'><strong>eos</strong></span> <span class='ocrx_word' id='word_1_110' title='bbox 1351 1613 1439 1682; x_wconf 97' lang='lat' dir='ltr'><strong>qui</strong></span> <span class='ocrx_word' id='word_1_111' title='bbox 1478 1611 1746 1665; x_wconf 88' lang='lat' dir='ltr'><strong>ducuntur</strong></span> <span class='ocrx_word' id='word_1_112' title='bbox 1784 1612 1853 1666; x_wconf 92' lang='lat' dir='ltr'><strong>ad</strong></span> <span class='ocrx_word' id='word_1_113' title='bbox 1894 1623 2149 1678; x_wconf 89' lang='lat' dir='ltr'><strong>mortem,</strong></span> 
     </span>
    </p>
   </div>
   <div class='ocr_carea' id='block_1_17' title="bbox 566 1699 2148 1773">
    <p class='ocr_par' dir='ltr' id='par_1_17' title="bbox 566 1699 2148 1773">
     <span class='ocr_line' id='line_1_17' title="bbox 566 1699 2148 1773; baseline -0.003 -15"><span class='ocrx_word' id='word_1_114' title='bbox 566 1711 617 1758; x_wconf 80' lang='lat' dir='ltr'><strong>et</strong></span> <span class='ocrx_word' id='word_1_115' title='bbox 650 1701 901 1756; x_wconf 81' lang='lat' dir='ltr'><strong>redimere</strong></span> <span class='ocrx_word' id='word_1_116' title='bbox 932 1700 997 1755; x_wconf 89' lang='lat' dir='ltr'><strong>de</strong></span> <span class='ocrx_word' id='word_1_117' title='bbox 1026 1700 1385 1771; x_wconf 77' lang='lat' dir='ltr'><strong>interfectione</strong></span> <span class='ocrx_word' id='word_1_118' title='bbox 1417 1717 1521 1754; x_wconf 89' lang='lat' dir='ltr'><strong>non</strong></span> <span class='ocrx_word' id='word_1_119' title='bbox 1553 1718 1717 1756; x_wconf 91' lang='lat' dir='ltr'><strong>cesses</strong></span> <span class='ocrx_word' id='word_1_120' title='bbox 1750 1699 1930 1773; x_wconf 81' lang='lat' dir='ltr'><strong>(Prov.</strong></span> <span class='ocrx_word' id='word_1_121' title='bbox 1966 1700 2148 1770; x_wconf 77' lang='lat' dir='ltr'><strong>mu).</strong></span> 
     </span>
    </p>
   </div>
   <div class='ocr_carea' id='block_1_18' title="bbox 569 1793 2150 1867">
    <p class='ocr_par' dir='ltr' id='par_1_18' title="bbox 569 1793 2150 1867">
     <span class='ocr_line' id='line_1_18' title="bbox 569 1793 2150 1867; baseline -0.002 -16"><span class='ocrx_word' id='word_1_122' title='bbox 569 1795 682 1867; x_wconf 84' lang='lat' dir='ltr'><strong>Nec</strong></span> <span class='ocrx_word' id='word_1_123' title='bbox 722 1796 891 1859; x_wconf 90' lang='lat' dir='ltr'><strong>dicas,</strong></span> <span class='ocrx_word' id='word_1_124' title='bbox 923 1794 1118 1849; x_wconf 76' lang='lat' dir='ltr'><strong>Nescio</strong></span> <span class='ocrx_word' id='word_1_125' title='bbox 1146 1795 1307 1849; x_wconf 86' lang='lat' dir='ltr'><strong>hunc.</strong></span> <span class='ocrx_word' id='word_1_126' title='bbox 1354 1793 1502 1848; x_wconf 89' lang='lat' dir='ltr'><strong>Scito</strong></span> <span class='ocrx_word' id='word_1_127' title='bbox 1533 1795 1788 1864; x_wconf 86' lang='lat' dir='ltr'><strong>quoniam</strong></span> <span class='ocrx_word' id='word_1_128' title='bbox 1821 1795 1959 1849; x_wconf 85' lang='lat' dir='ltr'><strong>Deus</strong></span> <span class='ocrx_word' id='word_1_129' title='bbox 1987 1794 2150 1849; x_wconf 91' lang='lat' dir='ltr'><strong>corda</strong></span> 
     </span>
    </p>
   </div>
   <div class='ocr_carea' id='block_1_19' title="bbox 2252 607 3846 680">
    <p class='ocr_par' dir='ltr' id='par_1_19' title="bbox 2252 607 3846 680">
     <span class='ocr_line' id='line_1_19' title="bbox 2252 607 3846 680; baseline 0.008 -19"><span class='ocrx_word' id='word_1_130' title='bbox 2252 607 2515 665; x_wconf 79' lang='lat' dir='ltr'><strong>fratribus</strong></span> <span class='ocrx_word' id='word_1_131' title='bbox 2540 610 2683 680; x_wconf 91' lang='lat' dir='ltr'><strong>quod</strong></span> <span class='ocrx_word' id='word_1_132' title='bbox 2712 609 3033 666; x_wconf 85' lang='lat' dir='ltr'><strong>habuero.0</strong></span> <span class='ocrx_word' id='word_1_133' title='bbox 3062 612 3381 668; x_wconf 89' lang='lat' dir='ltr'><strong>stultissime</strong></span> <span class='ocrx_word' id='word_1_134' title='bbox 3407 614 3718 680; x_wconf 86' lang='lat' dir='ltr'><strong>hominum,</strong></span> <span class='ocrx_word' id='word_1_135' title='bbox 3752 617 3846 673; x_wconf 88' lang='lat' dir='ltr'><strong>ubi</strong></span> 
     </span>
    </p>
   </div>
   <div class='ocr_carea' id='block_1_20' title="bbox 2252 699 3848 770">
    <p class='ocr_par' dir='ltr' id='par_1_20' title="bbox 2252 699 3848 770">
     <span class='ocr_line' id='line_1_20' title="bbox 2252 699 3848 770; baseline 0.003 -17"><span class='ocrx_word' id='word_1_136' title='bbox 2252 699 2356 753; x_wconf 91' lang='lat' dir='ltr'><strong>hoc</strong></span> <span class='ocrx_word' id='word_1_137' title='bbox 2398 699 2658 770; x_wconf 90' lang='lat' dir='ltr'><strong>scriptum</strong></span> <span class='ocrx_word' id='word_1_138' title='bbox 2704 699 3002 755; x_wconf 83' lang='lat' dir='ltr'><strong>invenisti?</strong></span> <span class='ocrx_word' id='word_1_139' title='bbox 3046 701 3238 759; x_wconf 81' lang='lat' dir='ltr'><strong>Nonne</strong></span> <span class='ocrx_word' id='word_1_140' title='bbox 3272 717 3462 758; x_wconf 89' lang='lat' dir='ltr'><strong>omnes</strong></span> <span class='ocrx_word' id='word_1_141' title='bbox 3505 705 3688 759; x_wconf 81' lang='lat' dir='ltr'><strong>sancti</strong></span> <span class='ocrx_word' id='word_1_142' title='bbox 3720 719 3848 758; x_wconf 86' lang='lat' dir='ltr'><strong>ser-</strong></span> 
     </span>
    </p>
   </div>
   <div class='ocr_carea' id='block_1_21' title="bbox 2252 787 3849 863">
    <p class='ocr_par' dir='ltr' id='par_1_21' title="bbox 2252 787 3849 863">
     <span class='ocr_line' id='line_1_21' title="bbox 2252 787 3849 863; baseline 0.005 -22"><span class='ocrx_word' id='word_1_143' title='bbox 2252 787 2458 844; x_wconf 88' lang='lat' dir='ltr'><strong>vientes</strong></span> <span class='ocrx_word' id='word_1_144' title='bbox 2498 789 2608 845; x_wconf 93' lang='lat' dir='ltr'><strong>Deo</strong></span> <span class='ocrx_word' id='word_1_145' title='bbox 2650 791 2834 844; x_wconf 90' lang='lat' dir='ltr'><strong>statim</strong></span> <span class='ocrx_word' id='word_1_146' title='bbox 2876 806 3094 847; x_wconf 89' lang='lat' dir='ltr'><strong>omnem</strong></span> <span class='ocrx_word' id='word_1_147' title='bbox 3136 793 3320 848; x_wconf 59' lang='lat' dir='ltr'><strong>saeculi</strong></span> <span class='ocrx_word' id='word_1_148' title='bbox 3360 793 3639 849; x_wconf 82' lang='lat' dir='ltr'><strong>sarcinam</strong></span> <span class='ocrx_word' id='word_1_149' title='bbox 3676 795 3849 863; x_wconf 80' lang='lat' dir='ltr'><strong>depo-</strong></span> 
     </span>
    </p>
   </div>
   <div class='ocr_carea' id='block_1_22' title="bbox 2252 880 3848 955">
    <p class='ocr_par' dir='ltr' id='par_1_22' title="bbox 2252 880 3848 955">
     <span class='ocr_line' id='line_1_22' title="bbox 2252 880 3848 955; baseline 0.006 -24"><span class='ocrx_word' id='word_1_150' title='bbox 2252 881 2519 934; x_wconf 87' lang='lat' dir='ltr'><strong>suerunt?</strong></span> <span class='ocrx_word' id='word_1_151' title='bbox 2549 880 2737 937; x_wconf 88' lang='lat' dir='ltr'><strong>Nonne</strong></span> <span class='ocrx_word' id='word_1_152' title='bbox 2759 883 2813 937; x_wconf 94' lang='lat' dir='ltr'><strong>in</strong></span> <span class='ocrx_word' id='word_1_153' title='bbox 2833 882 3059 939; x_wconf 83' lang='lat' dir='ltr'><strong>Actibus</strong></span> <span class='ocrx_word' id='word_1_154' title='bbox 3088 882 3479 954; x_wconf 85' lang='lat' dir='ltr'><strong>apostolorum,</strong></span> <span class='ocrx_word' id='word_1_155' title='bbox 3504 886 3695 939; x_wconf 83' lang='lat' dir='ltr'><strong>omnia</strong></span> <span class='ocrx_word' id='word_1_156' title='bbox 3722 901 3848 955; x_wconf 72' lang='lat' dir='ltr'><strong>qua:</strong></span> 
     </span>
    </p>
   </div>
   <div class='ocr_carea' id='block_1_23' title="bbox 2253 970 3851 1047">
    <p class='ocr_par' dir='ltr' id='par_1_23' title="bbox 2253 970 3851 1047">
     <span class='ocr_line' id='line_1_23' title="bbox 2253 970 3851 1047; baseline 0.003 -23"><span class='ocrx_word' id='word_1_157' title='bbox 2253 970 2525 1025; x_wconf 86' lang='lat' dir='ltr'><strong>habebant</strong></span> <span class='ocrx_word' id='word_1_158' title='bbox 2554 973 2618 1026; x_wconf 91' lang='lat' dir='ltr'><strong>ad</strong></span> <span class='ocrx_word' id='word_1_159' title='bbox 2648 972 2813 1042; x_wconf 88' lang='lat' dir='ltr'><strong>pedes</strong></span> <span class='ocrx_word' id='word_1_160' title='bbox 2835 973 3203 1042; x_wconf 89' lang='lat' dir='ltr'><strong>apostolorum</strong></span> <span class='ocrx_word' id='word_1_161' title='bbox 3225 972 3544 1029; x_wconf 74' lang='lat' dir='ltr'><strong>deferebant</strong></span> <span class='ocrx_word' id='word_1_162' title='bbox 3562 973 3711 1047; x_wconf 78' lang='lat' dir='ltr'><strong>(Act.</strong></span> <span class='ocrx_word' id='word_1_163' title='bbox 3733 974 3851 1044; x_wconf 82' lang='lat' dir='ltr'><strong>iv)?</strong></span> 
     </span>
    </p>
   </div>
   <div class='ocr_carea' id='block_1_24' title="bbox 2251 1060 3852 1134">
    <p class='ocr_par' dir='ltr' id='par_1_24' title="bbox 2251 1060 3852 1134">
     <span class='ocr_line' id='line_1_24' title="bbox 2251 1060 3852 1134; baseline 0.002 -19"><span class='ocrx_word' id='word_1_164' title='bbox 2251 1060 2652 1134; x_wconf 85' lang='lat' dir='ltr'><strong>Autquomodo</strong></span> <span class='ocrx_word' id='word_1_165' title='bbox 2693 1063 2898 1134; x_wconf 91' lang='lat' dir='ltr'><strong>poteris</strong></span> <span class='ocrx_word' id='word_1_166' title='bbox 2936 1071 3182 1118; x_wconf 87' lang='lat' dir='ltr'><strong>mortuus</strong></span> <span class='ocrx_word' id='word_1_167' title='bbox 3215 1063 3441 1134; x_wconf 73' lang='lat' dir='ltr'><strong>iustitia:</strong></span> <span class='ocrx_word' id='word_1_168' title='bbox 3486 1063 3723 1118; x_wconf 86' lang='lat' dir='ltr'><strong>induere</strong></span> <span class='ocrx_word' id='word_1_169' title='bbox 3763 1079 3852 1119; x_wconf 83' lang='lat' dir='ltr'><strong>ve-</strong></span> 
     </span>
    </p>
   </div>
   <div class='ocr_carea' id='block_1_25' title="bbox 2253 1153 3851 1226">
    <p class='ocr_par' dir='ltr' id='par_1_25' title="bbox 2253 1153 3851 1226">
     <span class='ocr_line' id='line_1_25' title="bbox 2253 1153 3851 1226; baseline -0.001 -17"><span class='ocrx_word' id='word_1_170' title='bbox 2253 1154 2569 1209; x_wconf 89' lang='lat' dir='ltr'><strong>stimentum</strong></span> <span class='ocrx_word' id='word_1_171' title='bbox 2596 1195 2610 1220; x_wconf 95' lang='lat'><strong>,</strong></span> <span class='ocrx_word' id='word_1_172' title='bbox 2659 1155 2751 1226; x_wconf 87' lang='lat' dir='ltr'><strong>qui</strong></span> <span class='ocrx_word' id='word_1_173' title='bbox 2793 1154 2926 1209; x_wconf 89' lang='lat' dir='ltr'><strong>illud</strong></span> <span class='ocrx_word' id='word_1_174' title='bbox 2960 1154 3115 1209; x_wconf 90' lang='lat' dir='ltr'><strong>vivus</strong></span> <span class='ocrx_word' id='word_1_175' title='bbox 3158 1154 3361 1209; x_wconf 89' lang='lat' dir='ltr'><strong>habere</strong></span> <span class='ocrx_word' id='word_1_176' title='bbox 3397 1169 3508 1209; x_wconf 92' lang='lat' dir='ltr'><strong>non</strong></span> <span class='ocrx_word' id='word_1_177' title='bbox 3547 1153 3851 1208; x_wconf 80' lang='lat' dir='ltr'><strong>meruisti?</strong></span> 
     </span>
    </p>
   </div>
   <div class='ocr_carea' id='block_1_26' title="bbox 2253 1244 3850 1317">
    <p class='ocr_par' dir='ltr' id='par_1_26' title="bbox 2253 1244 3850 1317">
     <span class='ocr_line' id='line_1_26' title="bbox 2253 1244 3850 1317; baseline -0.001 -17"><span class='ocrx_word' id='word_1_178' title='bbox 2253 1246 2429 1313; x_wconf 84' lang='lat' dir='ltr'><strong>Quare</strong></span> <span class='ocrx_word' id='word_1_179' title='bbox 2465 1247 2662 1301; x_wconf 90' lang='lat' dir='ltr'><strong>oblitus</strong></span> <span class='ocrx_word' id='word_1_180' title='bbox 2702 1263 2762 1302; x_wconf 90' lang='lat' dir='ltr'><strong>es</strong></span> <span class='ocrx_word' id='word_1_181' title='bbox 2807 1247 2970 1313; x_wconf 86' lang='lat' dir='ltr'><strong>illud,</strong></span> <span class='ocrx_word' id='word_1_182' title='bbox 3017 1246 3163 1316; x_wconf 92' lang='lat' dir='ltr'><strong>quod</strong></span> <span class='ocrx_word' id='word_1_183' title='bbox 3202 1245 3465 1317; x_wconf 90' lang='lat' dir='ltr'><strong>scriptum</strong></span> <span class='ocrx_word' id='word_1_184' title='bbox 3505 1253 3637 1300; x_wconf 90' lang='lat' dir='ltr'><strong>est:</strong></span> <span class='ocrx_word' id='word_1_185' title='bbox 3687 1244 3850 1311; x_wconf 73' lang='lat' dir='ltr'><strong>Quod</strong></span> 
     </span>
    </p>
   </div>
   <div class='ocr_carea' id='block_1_27' title="bbox 2252 1333 3853 1409">
    <p class='ocr_par' dir='ltr' id='par_1_27' title="bbox 2252 1333 3853 1409">
     <span class='ocr_line' id='line_1_27' title="bbox 2252 1333 3853 1409; baseline 0.001 -18"><span class='ocrx_word' id='word_1_186' title='bbox 2252 1337 2579 1391; x_wconf 80' lang='lat' dir='ltr'><strong>seminaverit</strong></span> <span class='ocrx_word' id='word_1_187' title='bbox 2604 1336 2777 1401; x_wconf 91' lang='lat' dir='ltr'><strong>homo,</strong></span> <span class='ocrx_word' id='word_1_188' title='bbox 2816 1336 2913 1391; x_wconf 91' lang='lat' dir='ltr'><strong>hoc</strong></span> <span class='ocrx_word' id='word_1_189' title='bbox 2940 1346 2988 1391; x_wconf 91' lang='lat' dir='ltr'><strong>et</strong></span> <span class='ocrx_word' id='word_1_190' title='bbox 3015 1344 3172 1391; x_wconf 85' lang='lat' dir='ltr'><strong>metet</strong></span> <span class='ocrx_word' id='word_1_191' title='bbox 3199 1333 3342 1409; x_wconf 83' lang='lat' dir='ltr'><strong>(Gal.</strong></span> <span class='ocrx_word' id='word_1_192' title='bbox 3369 1337 3483 1408; x_wconf 74' lang='lat' dir='ltr'><strong>vn);</strong></span> <span class='ocrx_word' id='word_1_193' title='bbox 3531 1345 3591 1391; x_wconf 89' lang='lat' dir='ltr'><strong>et</strong></span> <span class='ocrx_word' id='word_1_194' title='bbox 3610 1378 3627 1402; x_wconf 92' lang='lat'><strong>,</strong></span> <span class='ocrx_word' id='word_1_195' title='bbox 3674 1335 3853 1392; x_wconf 76' lang='lat' dir='ltr'><strong>Unu-</strong></span> 
     </span>
    </p>
   </div>
   <div class='ocr_carea' id='block_1_28' title="bbox 2251 1426 3849 1500">
    <p class='ocr_par' dir='ltr' id='par_1_28' title="bbox 2251 1426 3849 1500">
     <span class='ocr_line' id='line_1_28' title="bbox 2251 1426 3849 1500; baseline 0.003 -20"><span class='ocrx_word' id='word_1_196' title='bbox 2251 1428 2468 1498; x_wconf 91' lang='lat' dir='ltr'><strong>quisque</strong></span> <span class='ocrx_word' id='word_1_197' title='bbox 2519 1426 2768 1498; x_wconf 88' lang='lat' dir='ltr'><strong>recipiet,</strong></span> <span class='ocrx_word' id='word_1_198' title='bbox 2806 1427 2966 1497; x_wconf 89' lang='lat' dir='ltr'><strong>juxta</strong></span> <span class='ocrx_word' id='word_1_199' title='bbox 3011 1427 3151 1500; x_wconf 90' lang='lat' dir='ltr'><strong>quod</strong></span> <span class='ocrx_word' id='word_1_200' title='bbox 3199 1427 3299 1498; x_wconf 85' lang='lat' dir='ltr'><strong>egit</strong></span> <span class='ocrx_word' id='word_1_201' title='bbox 3331 1427 3551 1499; x_wconf 84' lang='lat' dir='ltr'><strong>(Ephes.</strong></span> <span class='ocrx_word' id='word_1_202' title='bbox 3579 1428 3698 1498; x_wconf 84' lang='lat' dir='ltr'><strong>vr);</strong></span> <span class='ocrx_word' id='word_1_203' title='bbox 3754 1440 3849 1492; x_wconf 80' lang='lat' dir='ltr'><strong>et,</strong></span> 
     </span>
    </p>
   </div>
   <div class='ocr_carea' id='block_1_29' title="bbox 2255 1516 3852 1591">
    <p class='ocr_par' dir='ltr' id='par_1_29' title="bbox 2255 1516 3852 1591">
     <span class='ocr_line' id='line_1_29' title="bbox 2255 1516 3852 1591; baseline 0.004 -20"><span class='ocrx_word' id='word_1_204' title='bbox 2255 1516 2453 1572; x_wconf 81' lang='lat' dir='ltr'><strong>Reddet</strong></span> <span class='ocrx_word' id='word_1_205' title='bbox 2485 1518 2764 1588; x_wconf 84' lang='lat' dir='ltr'><strong>unicuique</strong></span> <span class='ocrx_word' id='word_1_206' title='bbox 2785 1519 2946 1589; x_wconf 90' lang='lat' dir='ltr'><strong>juxta</strong></span> <span class='ocrx_word' id='word_1_207' title='bbox 2974 1536 3135 1590; x_wconf 87' lang='lat' dir='ltr'><strong>opera</strong></span> <span class='ocrx_word' id='word_1_208' title='bbox 3166 1537 3263 1574; x_wconf 91' lang='lat' dir='ltr'><strong>sua</strong></span> <span class='ocrx_word' id='word_1_209' title='bbox 3296 1519 3476 1591; x_wconf 82' lang='lat' dir='ltr'><strong>(Rom.</strong></span> <span class='ocrx_word' id='word_1_210' title='bbox 3504 1520 3608 1590; x_wconf 87' lang='lat' dir='ltr'><strong>u);</strong></span> <span class='ocrx_word' id='word_1_211' title='bbox 3661 1531 3719 1575; x_wconf 89' lang='lat' dir='ltr'><strong>et</strong></span> <span class='ocrx_word' id='word_1_212' title='bbox 3755 1522 3852 1577; x_wconf 78' lang='lat' dir='ltr'><strong>ite-</strong></span> 
     </span>
    </p>
   </div>
   <div class='ocr_carea' id='block_1_30' title="bbox 2254 1609 3851 1683">
    <p class='ocr_par' dir='ltr' id='par_1_30' title="bbox 2254 1609 3851 1683">
     <span class='ocr_line' id='line_1_30' title="bbox 2254 1609 3851 1683; baseline 0.003 -19"><span class='ocrx_word' id='word_1_213' title='bbox 2254 1624 2374 1664; x_wconf 86' lang='lat' dir='ltr'><strong>rum</strong></span> <span class='ocrx_word' id='word_1_214' title='bbox 2400 1627 2412 1662; x_wconf 87' lang='lat'><strong>:</strong></span> <span class='ocrx_word' id='word_1_215' title='bbox 2450 1609 2561 1681; x_wconf 84' lang='lat' dir='ltr'><strong>Ego</strong></span> <span class='ocrx_word' id='word_1_216' title='bbox 2587 1609 2845 1665; x_wconf 79' lang='lat' dir='ltr'><strong>Dominus</strong></span> <span class='ocrx_word' id='word_1_217' title='bbox 2871 1620 3113 1665; x_wconf 88' lang='lat' dir='ltr'><strong>scrutans</strong></span> <span class='ocrx_word' id='word_1_218' title='bbox 3143 1612 3303 1666; x_wconf 89' lang='lat' dir='ltr'><strong>corda</strong></span> <span class='ocrx_word' id='word_1_219' title='bbox 3333 1621 3382 1666; x_wconf 89' lang='lat' dir='ltr'><strong>et</strong></span> <span class='ocrx_word' id='word_1_220' title='bbox 3411 1612 3651 1683; x_wconf 78' lang='lat' dir='ltr'><strong>probam</strong></span> <span class='ocrx_word' id='word_1_221' title='bbox 3678 1630 3851 1677; x_wconf 69' lang='lat' dir='ltr'><strong>renes,</strong></span> 
     </span>
    </p>
   </div>
   <div class='ocr_carea' id='block_1_31' title="bbox 2257 1702 3853 1773">
    <p class='ocr_par' dir='ltr' id='par_1_31' title="bbox 2257 1702 3853 1773">
     <span class='ocr_line' id='line_1_31' title="bbox 2257 1702 3853 1773; baseline 0.002 -18"><span class='ocrx_word' id='word_1_222' title='bbox 2257 1711 2313 1755; x_wconf 92' lang='lat' dir='ltr'><strong>ut</strong></span> <span class='ocrx_word' id='word_1_223' title='bbox 2354 1702 2569 1755; x_wconf 88' lang='lat' dir='ltr'><strong>reddam</strong></span> <span class='ocrx_word' id='word_1_224' title='bbox 2598 1703 2880 1773; x_wconf 85' lang='lat' dir='ltr'><strong>unicuique</strong></span> <span class='ocrx_word' id='word_1_225' title='bbox 2914 1703 3073 1773; x_wconf 89' lang='lat' dir='ltr'><strong>juxta</strong></span> <span class='ocrx_word' id='word_1_226' title='bbox 3102 1703 3213 1757; x_wconf 84' lang='lat' dir='ltr'><strong>vias</strong></span> <span class='ocrx_word' id='word_1_227' title='bbox 3240 1721 3395 1768; x_wconf 89' lang='lat' dir='ltr'><strong>suas,</strong></span> <span class='ocrx_word' id='word_1_228' title='bbox 3440 1713 3490 1757; x_wconf 89' lang='lat' dir='ltr'><strong>et</strong></span> <span class='ocrx_word' id='word_1_229' title='bbox 3534 1705 3695 1772; x_wconf 78' lang='lat' dir='ltr'><strong>iuxta</strong></span> <span class='ocrx_word' id='word_1_230' title='bbox 3739 1705 3853 1773; x_wconf 77' lang='lat' dir='ltr'><strong>fru-</strong></span> 
     </span>
    </p>
   </div>
   <div class='ocr_carea' id='block_1_32' title="bbox 2255 1793 3851 1865">
    <p class='ocr_par' dir='ltr' id='par_1_32' title="bbox 2255 1793 3851 1865">
     <span class='ocr_line' id='line_1_32' title="bbox 2255 1793 3851 1865; baseline 0.003 -20"><span class='ocrx_word' id='word_1_231' title='bbox 2255 1804 2397 1846; x_wconf 90' lang='lat' dir='ltr'><strong>ctum</strong></span> <span class='ocrx_word' id='word_1_232' title='bbox 2423 1793 2849 1847; x_wconf 80' lang='lat' dir='ltr'><strong>adinventionum</strong></span> <span class='ocrx_word' id='word_1_233' title='bbox 2879 1794 2993 1865; x_wconf 87' lang='lat' dir='ltr'><strong>ejus</strong></span> <span class='ocrx_word' id='word_1_234' title='bbox 3018 1793 3191 1865; x_wconf 86' lang='lat' dir='ltr'><strong>(Psal.</strong></span> <span class='ocrx_word' id='word_1_235' title='bbox 3218 1795 3367 1864; x_wconf 76' lang='lat' dir='ltr'><strong>LXI)?</strong></span> <span class='ocrx_word' id='word_1_236' title='bbox 3393 1794 3580 1861; x_wconf 86' lang='lat' dir='ltr'><strong>Quare</strong></span> <span class='ocrx_word' id='word_1_237' title='bbox 3610 1798 3851 1850; x_wconf 83' lang='lat' dir='ltr'><strong>nondum</strong></span> 
     </span>
    </p>
   </div>
   <div class='ocr_carea' id='block_1_33' title="bbox 570 1871 3852 1956">
    <p class='ocr_par' dir='ltr' id='par_1_33' title="bbox 570 1871 3852 1956">
     <span class='ocr_line' id='line_1_33' title="bbox 570 1871 3852 1956; baseline 0 -15"><span class='ocrx_word' id='word_1_238' title='bbox 570 1886 811 1941; x_wconf 88' lang='lat' dir='ltr'><strong>omnium</strong></span> <span class='ocrx_word' id='word_1_239' title='bbox 850 1885 1023 1941; x_wconf 90' lang='lat' dir='ltr'><strong>novit.</strong></span> <span class='ocrx_word' id='word_1_240' title='bbox 1076 1884 1144 1939; x_wconf 88' lang='lat' dir='ltr'><strong>Et</strong></span> <span class='ocrx_word' id='word_1_241' title='bbox 1179 1882 1347 1940; x_wconf 76' lang='lat' dir='ltr'><strong>ludas</strong></span> <span class='ocrx_word' id='word_1_242' title='bbox 1381 1884 1435 1938; x_wconf 93' lang='lat' dir='ltr'><strong>in</strong></span> <span class='ocrx_word' id='word_1_243' title='bbox 1470 1885 1709 1955; x_wconf 85' lang='lat' dir='ltr'><strong>Epistola</strong></span> <span class='ocrx_word' id='word_1_244' title='bbox 1749 1886 1988 1955; x_wconf 80' lang='lat' dir='ltr'><strong>loquitur</strong></span> <span class='ocrx_word' id='word_1_245' title='bbox 2014 1899 2152 1940; x_wconf 90' lang='lat' dir='ltr'><strong>sua:</strong></span> <span class='ocrx_word' id='word_1_246' title='bbox 2182 1871 2231 1932; x_wconf 85' lang='grc' dir='ltr'><strong>Β</strong></span> <span class='ocrx_word' id='word_1_247' title='bbox 2261 1884 2497 1938; x_wconf 89' lang='lat' dir='ltr'><strong>versaris</strong></span> <span class='ocrx_word' id='word_1_248' title='bbox 2535 1883 2588 1936; x_wconf 90' lang='lat' dir='ltr'><strong>in</strong></span> <span class='ocrx_word' id='word_1_249' title='bbox 2624 1883 2733 1937; x_wconf 89' lang='lat' dir='ltr'><strong>vita</strong></span> <span class='ocrx_word' id='word_1_250' title='bbox 2761 1923 2776 1948; x_wconf 92' lang='lat'><strong>,</strong></span> <span class='ocrx_word' id='word_1_251' title='bbox 2823 1893 2879 1937; x_wconf 90' lang='lat' dir='ltr'><strong>et</strong></span> <span class='ocrx_word' id='word_1_252' title='bbox 2924 1884 2976 1938; x_wconf 89' lang='lat' dir='ltr'><strong>in</strong></span> <span class='ocrx_word' id='word_1_253' title='bbox 3017 1885 3119 1940; x_wconf 90' lang='lat' dir='ltr'><strong>hoc</strong></span> <span class='ocrx_word' id='word_1_254' title='bbox 3153 1885 3475 1956; x_wconf 90' lang='lat' dir='ltr'><strong>corpusculo</strong></span> <span class='ocrx_word' id='word_1_255' title='bbox 3515 1888 3852 1941; x_wconf 84' lang='lat' dir='ltr'><strong>constitutus</strong></span> 
     </span>
    </p>
   </div>
   <div class='ocr_carea' id='block_1_34' title="bbox 570 1976 2155 2049">
    <p class='ocr_par' dir='ltr' id='par_1_34' title="bbox 570 1976 2155 2049">
     <span class='ocr_line' id='line_1_34' title="bbox 570 1976 2155 2049; baseline -0.001 -17"><span class='ocrx_word' id='word_1_256' title='bbox 570 1977 642 2032; x_wconf 81' lang='lat' dir='ltr'><strong>Et</strong></span> <span class='ocrx_word' id='word_1_257' title='bbox 682 1978 777 2033; x_wconf 90' lang='lat' dir='ltr'><strong>hos</strong></span> <span class='ocrx_word' id='word_1_258' title='bbox 814 1977 1023 2049; x_wconf 87' lang='lat' dir='ltr'><strong>quidem</strong></span> <span class='ocrx_word' id='word_1_259' title='bbox 1063 1976 1128 2031; x_wconf 89' lang='lat' dir='ltr'><strong>de</strong></span> <span class='ocrx_word' id='word_1_260' title='bbox 1167 1979 1286 2048; x_wconf 88' lang='lat' dir='ltr'><strong>igne</strong></span> <span class='ocrx_word' id='word_1_261' title='bbox 1329 1978 1609 2048; x_wconf 87' lang='lat' dir='ltr'><strong>rapientes,</strong></span> <span class='ocrx_word' id='word_1_262' title='bbox 1656 1988 1704 2032; x_wconf 93' lang='lat' dir='ltr'><strong>et</strong></span> <span class='ocrx_word' id='word_1_263' title='bbox 1748 1978 1869 2032; x_wconf 90' lang='lat' dir='ltr'><strong>odio</strong></span> <span class='ocrx_word' id='word_1_264' title='bbox 1907 1977 2155 2032; x_wconf 86' lang='lat' dir='ltr'><strong>habentes</strong></span> 
     </span>
    </p>
   </div>
   <div class='ocr_carea' id='block_1_35' title="bbox 569 2067 2154 2139">
    <p class='ocr_par' dir='ltr' id='par_1_35' title="bbox 569 2067 2154 2139">
     <span class='ocr_line' id='line_1_35' title="bbox 569 2067 2154 2139; baseline 0.001 -16"><span class='ocrx_word' id='word_1_265' title='bbox 569 2067 1006 2124; x_wconf 86' lang='lat' dir='ltr'><strong>commaculatam</strong></span> <span class='ocrx_word' id='word_1_266' title='bbox 1038 2070 1272 2124; x_wconf 86' lang='lat' dir='ltr'><strong>tunicam</strong></span> <span class='ocrx_word' id='word_1_267' title='bbox 1302 2069 1450 2139; x_wconf 80' lang='lat' dir='ltr'><strong>(Iud.</strong></span> <span class='ocrx_word' id='word_1_268' title='bbox 1477 2070 1538 2139; x_wconf 92' lang='grc' dir='ltr'><strong>ι).</strong></span> <span class='ocrx_word' id='word_1_269' title='bbox 1573 2068 1875 2126; x_wconf 87' lang='lat' dir='ltr'><strong>Caveamus</strong></span> <span class='ocrx_word' id='word_1_270' title='bbox 1904 2068 2154 2139; x_wconf 74' lang='lat' dir='ltr'><strong>hujusce-</strong></span> 
     </span>
    </p>
   </div>
   <div class='ocr_carea' id='block_1_36' title="bbox 569 2159 2156 2231">
    <p class='ocr_par' dir='ltr' id='par_1_36' title="bbox 569 2159 2156 2231">
     <span class='ocr_line' id='line_1_36' title="bbox 569 2159 2156 2231; baseline -0.003 -16"><span class='ocrx_word' id='word_1_271' title='bbox 569 2159 715 2215; x_wconf 89' lang='lat' dir='ltr'><strong>modi</strong></span> <span class='ocrx_word' id='word_1_272' title='bbox 746 2160 1125 2215; x_wconf 78' lang='lat' dir='ltr'><strong>vestimentum</strong></span> <span class='ocrx_word' id='word_1_273' title='bbox 1146 2200 1161 2226; x_wconf 91' lang='lat'><strong>,</strong></span> <span class='ocrx_word' id='word_1_274' title='bbox 1205 2169 1261 2215; x_wconf 89' lang='lat' dir='ltr'><strong>et</strong></span> <span class='ocrx_word' id='word_1_275' title='bbox 1301 2161 1590 2215; x_wconf 87' lang='lat' dir='ltr'><strong>induamur</strong></span> <span class='ocrx_word' id='word_1_276' title='bbox 1617 2159 1789 2231; x_wconf 86' lang='lat' dir='ltr'><strong>potius</strong></span> <span class='ocrx_word' id='word_1_277' title='bbox 1830 2169 2156 2212; x_wconf 83' lang='lat' dir='ltr'><strong>armaturam</strong></span> 
     </span>
    </p>
   </div>
   <div class='ocr_carea' id='block_1_37' title="bbox 568 2246 2158 2324">
    <p class='ocr_par' dir='ltr' id='par_1_37' title="bbox 568 2246 2158 2324">
     <span class='ocr_line' id='line_1_37' title="bbox 568 2246 2158 2324; baseline -0.004 -17"><span class='ocrx_word' id='word_1_278' title='bbox 568 2250 687 2316; x_wconf 85' lang='lat' dir='ltr'><strong>Dei,</strong></span> <span class='ocrx_word' id='word_1_279' title='bbox 710 2262 763 2307; x_wconf 93' lang='lat' dir='ltr'><strong>ut</strong></span> <span class='ocrx_word' id='word_1_280' title='bbox 790 2252 1047 2324; x_wconf 87' lang='lat' dir='ltr'><strong>possimus</strong></span> <span class='ocrx_word' id='word_1_281' title='bbox 1072 2250 1309 2305; x_wconf 86' lang='lat' dir='ltr'><strong>resistere</strong></span> <span class='ocrx_word' id='word_1_282' title='bbox 1331 2260 1515 2305; x_wconf 91' lang='lat' dir='ltr'><strong>contra</strong></span> <span class='ocrx_word' id='word_1_283' title='bbox 1536 2248 1758 2304; x_wconf 87' lang='lat' dir='ltr'><strong>insidias</strong></span> <span class='ocrx_word' id='word_1_284' title='bbox 1783 2247 1999 2302; x_wconf 89' lang='lat' dir='ltr'><strong>diaboli.</strong></span> <span class='ocrx_word' id='word_1_285' title='bbox 2033 2246 2158 2301; x_wconf 90' lang='lat' dir='ltr'><strong>Non</strong></span> 
     </span>
    </p>
   </div>
   <div class='ocr_carea' id='block_1_38' title="bbox 565 2342 2155 2416">
    <p class='ocr_par' dir='ltr' id='par_1_38' title="bbox 565 2342 2155 2416">
     <span class='ocr_line' id='line_1_38' title="bbox 565 2342 2155 2416; baseline -0.002 -17"><span class='ocrx_word' id='word_1_286' title='bbox 565 2356 639 2401; x_wconf 89' lang='lat' dir='ltr'><strong>est</strong></span> <span class='ocrx_word' id='word_1_287' title='bbox 681 2347 818 2401; x_wconf 90' lang='lat' dir='ltr'><strong>enim</strong></span> <span class='ocrx_word' id='word_1_288' title='bbox 863 2345 1010 2399; x_wconf 90' lang='lat' dir='ltr'><strong>nobis</strong></span> <span class='ocrx_word' id='word_1_289' title='bbox 1045 2362 1219 2416; x_wconf 85' lang='lat' dir='ltr'><strong>pugna</strong></span> <span class='ocrx_word' id='word_1_290' title='bbox 1254 2354 1439 2399; x_wconf 85' lang='lat' dir='ltr'><strong>contra</strong></span> <span class='ocrx_word' id='word_1_291' title='bbox 1475 2359 1688 2397; x_wconf 86' lang='lat' dir='ltr'><strong>carnem</strong></span> <span class='ocrx_word' id='word_1_292' title='bbox 1726 2353 1775 2397; x_wconf 92' lang='lat' dir='ltr'><strong>et</strong></span> <span class='ocrx_word' id='word_1_293' title='bbox 1814 2342 2155 2413; x_wconf 87' lang='lat' dir='ltr'><strong>sanguinem,</strong></span> 
     </span>
    </p>
   </div>
   <div class='ocr_carea' id='block_1_39' title="bbox 568 2434 2163 2504">
    <p class='ocr_par' dir='ltr' id='par_1_39' title="bbox 568 2434 2163 2504">
     <span class='ocr_line' id='line_1_39' title="bbox 568 2434 2163 2504; baseline -0.001 -16"><span class='ocrx_word' id='word_1_294' title='bbox 568 2435 661 2488; x_wconf 88' lang='lat' dir='ltr'><strong>sed</strong></span> <span class='ocrx_word' id='word_1_295' title='bbox 687 2435 936 2489; x_wconf 79' lang='lat' dir='ltr'><strong>adversus</strong></span> <span class='ocrx_word' id='word_1_296' title='bbox 964 2444 1243 2504; x_wconf 87' lang='lat' dir='ltr'><strong>potestates</strong></span> <span class='ocrx_word' id='word_1_297' title='bbox 1266 2444 1313 2487; x_wconf 87' lang='lat' dir='ltr'><strong>et</strong></span> <span class='ocrx_word' id='word_1_298' title='bbox 1336 2434 1686 2504; x_wconf 87' lang='lat' dir='ltr'><strong>principatus,</strong></span> <span class='ocrx_word' id='word_1_299' title='bbox 1716 2434 1966 2488; x_wconf 81' lang='lat' dir='ltr'><strong>adversus</strong></span> <span class='ocrx_word' id='word_1_300' title='bbox 2000 2443 2163 2487; x_wconf 87' lang='lat' dir='ltr'><strong>recto-</strong></span> 
     </span>
    </p>
   </div>
   <div class='ocr_carea' id='block_1_40' title="bbox 568 2522 2161 2595">
    <p class='ocr_par' dir='ltr' id='par_1_40' title="bbox 568 2522 2161 2595">
     <span class='ocr_line' id='line_1_40' title="bbox 568 2522 2161 2595; baseline 0.001 -18"><span class='ocrx_word' id='word_1_301' title='bbox 568 2540 650 2578; x_wconf 89' lang='lat' dir='ltr'><strong>res</strong></span> <span class='ocrx_word' id='word_1_302' title='bbox 678 2524 1011 2579; x_wconf 88' lang='lat' dir='ltr'><strong>tenebrarum</strong></span> <span class='ocrx_word' id='word_1_303' title='bbox 1040 2524 1249 2585; x_wconf 89' lang='lat' dir='ltr'><strong>harum,</strong></span> <span class='ocrx_word' id='word_1_304' title='bbox 1272 2522 1522 2577; x_wconf 86' lang='lat' dir='ltr'><strong>adversus</strong></span> <span class='ocrx_word' id='word_1_305' title='bbox 1547 2522 1811 2595; x_wconf 85' lang='lat' dir='ltr'><strong>spiritalia</strong></span> <span class='ocrx_word' id='word_1_306' title='bbox 1835 2525 2080 2595; x_wconf 73' lang='lat' dir='ltr'><strong>nequitia:</strong></span> <span class='ocrx_word' id='word_1_307' title='bbox 2103 2524 2161 2578; x_wconf 86' lang='lat' dir='ltr'><strong>in</strong></span> 
     </span>
    </p>
   </div>
   <div class='ocr_carea' id='block_1_41' title="bbox 564 2613 1231 2687">
    <p class='ocr_par' dir='ltr' id='par_1_41' title="bbox 564 2613 1231 2687">
     <span class='ocr_line' id='line_1_41' title="bbox 564 2613 1231 2687; baseline -0.003 -19"><span class='ocrx_word' id='word_1_308' title='bbox 564 2614 859 2670; x_wconf 70' lang='lat' dir='ltr'><strong>calestibus</strong></span> <span class='ocrx_word' id='word_1_309' title='bbox 889 2613 1104 2687; x_wconf 78' lang='lat' dir='ltr'><strong>(Epltes.</strong></span> <span class='ocrx_word' id='word_1_310' title='bbox 1134 2614 1231 2685; x_wconf 72' lang='lat' dir='ltr'><strong>vr).</strong></span> 
     </span>
    </p>
   </div>
   <div class='ocr_carea' id='block_1_42' title="bbox 637 2706 2161 2779">
    <p class='ocr_par' dir='ltr' id='par_1_42' title="bbox 637 2706 2161 2779">
     <span class='ocr_line' id='line_1_42' title="bbox 637 2706 2161 2779; baseline 0 -16"><span class='ocrx_word' id='word_1_311' title='bbox 637 2706 825 2763; x_wconf 79' lang='lat' dir='ltr'><strong>XXVI.</strong></span> <span class='ocrx_word' id='word_1_312' title='bbox 868 2706 982 2763; x_wconf 83' lang='lat' dir='ltr'><strong>Hoc</strong></span> <span class='ocrx_word' id='word_1_313' title='bbox 1011 2722 1224 2779; x_wconf 87' lang='lat' dir='ltr'><strong>quoque</strong></span> <span class='ocrx_word' id='word_1_314' title='bbox 1251 2708 1483 2762; x_wconf 82' lang='lat' dir='ltr'><strong>maxime</strong></span> <span class='ocrx_word' id='word_1_315' title='bbox 1511 2707 1904 2777; x_wconf 82' lang='lat' dir='ltr'><strong>providendum</strong></span> <span class='ocrx_word' id='word_1_316' title='bbox 1936 2715 2053 2772; x_wconf 88' lang='lat' dir='ltr'><strong>est,</strong></span> <span class='ocrx_word' id='word_1_317' title='bbox 2090 2720 2161 2763; x_wconf 85' lang='lat' dir='ltr'><strong>ne</strong></span> 
     </span>
    </p>
   </div>
   <div class='ocr_carea' id='block_1_43' title="bbox 569 2799 2159 2872">
    <p class='ocr_par' dir='ltr' id='par_1_43' title="bbox 569 2799 2159 2872">
     <span class='ocr_line' id='line_1_43' title="bbox 569 2799 2159 2872; baseline 0 -17"><span class='ocrx_word' id='word_1_318' title='bbox 569 2801 692 2872; x_wconf 85' lang='lat' dir='ltr'><strong>quis</strong></span> <span class='ocrx_word' id='word_1_319' title='bbox 721 2801 776 2855; x_wconf 89' lang='lat' dir='ltr'><strong>in</strong></span> <span class='ocrx_word' id='word_1_320' title='bbox 803 2799 1030 2855; x_wconf 87' lang='lat' dir='ltr'><strong>alteram</strong></span> <span class='ocrx_word' id='word_1_321' title='bbox 1061 2801 1280 2854; x_wconf 91' lang='lat' dir='ltr'><strong>domum</strong></span> <span class='ocrx_word' id='word_1_322' title='bbox 1310 2808 1363 2855; x_wconf 91' lang='lat' dir='ltr'><strong>et</strong></span> <span class='ocrx_word' id='word_1_323' title='bbox 1392 2801 1445 2855; x_wconf 93' lang='lat' dir='ltr'><strong>in</strong></span> <span class='ocrx_word' id='word_1_324' title='bbox 1476 2800 1702 2857; x_wconf 88' lang='lat' dir='ltr'><strong>alterius</strong></span> <span class='ocrx_word' id='word_1_325' title='bbox 1727 2801 1982 2859; x_wconf 88' lang='lat' dir='ltr'><strong>cellulam</strong></span> <span class='ocrx_word' id='word_1_326' title='bbox 2011 2816 2159 2857; x_wconf 90' lang='lat' dir='ltr'><strong>com-</strong></span> 
     </span>
    </p>
   </div>
   <div class='ocr_carea' id='block_1_44' title="bbox 570 2891 2161 2961">
    <p class='ocr_par' dir='ltr' id='par_1_44' title="bbox 570 2891 2161 2961">
     <span class='ocr_line' id='line_1_44' title="bbox 570 2891 2161 2961; baseline -0.001 -14"><span class='ocrx_word' id='word_1_327' title='bbox 570 2891 791 2949; x_wconf 89' lang='lat' dir='ltr'><strong>mendet</strong></span> <span class='ocrx_word' id='word_1_328' title='bbox 824 2891 1049 2961; x_wconf 90' lang='lat' dir='ltr'><strong>aliquid,</strong></span> <span class='ocrx_word' id='word_1_329' title='bbox 1083 2900 1137 2947; x_wconf 92' lang='lat' dir='ltr'><strong>et</strong></span> <span class='ocrx_word' id='word_1_330' title='bbox 1163 2900 1352 2947; x_wconf 88' lang='lat' dir='ltr'><strong>contra</strong></span> <span class='ocrx_word' id='word_1_331' title='bbox 1382 2893 1695 2947; x_wconf 87' lang='lat' dir='ltr'><strong>monasterii</strong></span> <span class='ocrx_word' id='word_1_332' title='bbox 1728 2892 1893 2948; x_wconf 80' lang='lat' dir='ltr'><strong>faciat</strong></span> <span class='ocrx_word' id='word_1_333' title='bbox 1922 2892 2161 2961; x_wconf 80' lang='lat' dir='ltr'><strong>discipli-</strong></span> 
     </span>
    </p>
   </div>
   <div class='ocr_carea' id='block_1_45' title="bbox 574 2982 2161 3051">
    <p class='ocr_par' dir='ltr' id='par_1_45' title="bbox 574 2982 2161 3051">
     <span class='ocr_line' id='line_1_45' title="bbox 574 2982 2161 3051; baseline -0.001 -12"><span class='ocrx_word' id='word_1_334' title='bbox 574 2998 721 3039; x_wconf 86' lang='lat' dir='ltr'><strong>nam.</strong></span> <span class='ocrx_word' id='word_1_335' title='bbox 759 2982 861 3051; x_wconf 89' lang='lat' dir='ltr'><strong>Qui</strong></span> <span class='ocrx_word' id='word_1_336' title='bbox 891 2983 1016 3039; x_wconf 87' lang='lat' dir='ltr'><strong>talis</strong></span> <span class='ocrx_word' id='word_1_337' title='bbox 1043 2992 1157 3048; x_wconf 88' lang='lat' dir='ltr'><strong>est,</strong></span> <span class='ocrx_word' id='word_1_338' title='bbox 1189 2999 1293 3038; x_wconf 89' lang='lat' dir='ltr'><strong>non</strong></span> <span class='ocrx_word' id='word_1_339' title='bbox 1324 2992 1407 3039; x_wconf 88' lang='lat' dir='ltr'><strong>est</strong></span> <span class='ocrx_word' id='word_1_340' title='bbox 1436 2983 1489 3038; x_wconf 94' lang='lat' dir='ltr'><strong>in</strong></span> <span class='ocrx_word' id='word_1_341' title='bbox 1520 2999 1747 3040; x_wconf 86' lang='lat' dir='ltr'><strong>numero</strong></span> <span class='ocrx_word' id='word_1_342' title='bbox 1774 2984 2033 3047; x_wconf 86' lang='lat' dir='ltr'><strong>fratrum,</strong></span> <span class='ocrx_word' id='word_1_343' title='bbox 2064 2983 2161 3039; x_wconf 90' lang='lat' dir='ltr'><strong>sed</strong></span> 
     </span>
    </p>
   </div>
   <div class='ocr_carea' id='block_1_46' title="bbox 546 3075 2161 3139">
    <p class='ocr_par' dir='ltr' id='par_1_46' title="bbox 546 3075 2161 3139">
     <span class='ocr_line' id='line_1_46' title="bbox 546 3075 2161 3139; baseline -0.001 -8"><span class='ocrx_word' id='word_1_344' title='bbox 546 3078 946 3132; x_wconf 80' lang='lat' dir='ltr'><strong>mercenarius</strong></span> <span class='ocrx_word' id='word_1_345' title='bbox 985 3082 1038 3130; x_wconf 89' lang='lat' dir='ltr'><strong>et</strong></span> <span class='ocrx_word' id='word_1_346' title='bbox 1076 3075 1322 3139; x_wconf 83' lang='lat' dir='ltr'><strong>advena;</strong></span> <span class='ocrx_word' id='word_1_347' title='bbox 1374 3090 1473 3131; x_wconf 88' lang='lat' dir='ltr'><strong>nec</strong></span> <span class='ocrx_word' id='word_1_348' title='bbox 1511 3075 1718 3132; x_wconf 88' lang='lat' dir='ltr'><strong>Pascha</strong></span> <span class='ocrx_word' id='word_1_349' title='bbox 1750 3077 1964 3132; x_wconf 89' lang='lat' dir='ltr'><strong>Domini</strong></span> <span class='ocrx_word' id='word_1_350' title='bbox 2014 3076 2161 3131; x_wconf 89' lang='lat' dir='ltr'><strong>inter</strong></span> 
     </span>
    </p>
   </div>
   <div class='ocr_carea' id='block_1_47' title="bbox 574 3165 2161 3237">
    <p class='ocr_par' dir='ltr' id='par_1_47' title="bbox 574 3165 2161 3237">
     <span class='ocr_line' id='line_1_47' title="bbox 574 3165 2161 3237; baseline 0.001 -15"><span class='ocrx_word' id='word_1_351' title='bbox 574 3175 795 3222; x_wconf 88' lang='lat' dir='ltr'><strong>sanctos</strong></span> <span class='ocrx_word' id='word_1_352' title='bbox 822 3166 980 3222; x_wconf 85' lang='lat' dir='ltr'><strong>debet</strong></span> <span class='ocrx_word' id='word_1_353' title='bbox 1009 3165 1322 3230; x_wconf 90' lang='lat' dir='ltr'><strong>comedere,</strong></span> <span class='ocrx_word' id='word_1_354' title='bbox 1362 3166 1489 3235; x_wconf 90' lang='lat' dir='ltr'><strong>quia</strong></span> <span class='ocrx_word' id='word_1_355' title='bbox 1521 3165 1695 3222; x_wconf 88' lang='lat' dir='ltr'><strong>factus</strong></span> <span class='ocrx_word' id='word_1_356' title='bbox 1723 3176 1807 3221; x_wconf 91' lang='lat' dir='ltr'><strong>est</strong></span> <span class='ocrx_word' id='word_1_357' title='bbox 1835 3168 1973 3237; x_wconf 86' lang='lat' dir='ltr'><strong>lapis</strong></span> <span class='ocrx_word' id='word_1_358' title='bbox 2002 3182 2161 3223; x_wconf 89' lang='lat' dir='ltr'><strong>scan-</strong></span> 
     </span>
    </p>
   </div>
   <div class='ocr_carea' id='block_1_48' title="bbox 572 3226 2231 3329">
    <p class='ocr_par' dir='ltr' id='par_1_48' title="bbox 572 3226 2231 3329">
     <span class='ocr_line' id='line_1_48' title="bbox 572 3226 2231 3329; baseline 0.001 -18"><span class='ocrx_word' id='word_1_359' title='bbox 572 3255 678 3311; x_wconf 89' lang='lat' dir='ltr'><strong>dali</strong></span> <span class='ocrx_word' id='word_1_360' title='bbox 718 3255 773 3310; x_wconf 93' lang='lat' dir='ltr'><strong>in</strong></span> <span class='ocrx_word' id='word_1_361' title='bbox 802 3256 1152 3319; x_wconf 87' lang='lat' dir='ltr'><strong>monasterio,</strong></span> <span class='ocrx_word' id='word_1_362' title='bbox 1184 3264 1239 3310; x_wconf 92' lang='lat' dir='ltr'><strong>et</strong></span> <span class='ocrx_word' id='word_1_363' title='bbox 1267 3226 1334 3310; x_wconf 83' lang='lat' dir='ltr'><strong>de</strong></span> <span class='ocrx_word' id='word_1_364' title='bbox 1456 3267 1638 3327; x_wconf 87' lang='lat' dir='ltr'><strong>posset</strong></span> <span class='ocrx_word' id='word_1_365' title='bbox 1662 3258 1766 3312; x_wconf 91' lang='lat' dir='ltr'><strong>dici</strong></span> <span class='ocrx_word' id='word_1_366' title='bbox 1794 3275 1808 3311; x_wconf 91' lang='lat'><strong>:</strong></span> <span class='ocrx_word' id='word_1_367' title='bbox 1842 3226 2068 3329; x_wconf 77' lang='lat' dir='ltr'><strong>Lapides</strong></span> <span class='ocrx_word' id='word_1_368' title='bbox 2096 3258 2160 3313; x_wconf 89' lang='lat' dir='ltr'><strong>de</strong></span> <span class='ocrx_word' id='word_1_369' title='bbox 2186 3226 2231 3290; x_wconf 65' lang='grc' dir='ltr'>Ο</span> 
     </span>
    </p>
   </div>
   <div class='ocr_carea' id='block_1_49' title="bbox 574 3345 2159 3419">
    <p class='ocr_par' dir='ltr' id='par_1_49' title="bbox 574 3345 2159 3419">
     <span class='ocr_line' id='line_1_49' title="bbox 574 3345 2159 3419; baseline 0.004 -20"><span class='ocrx_word' id='word_1_370' title='bbox 574 3346 659 3399; x_wconf 73' lang='lat' dir='ltr'><strong>eia</strong></span> <span class='ocrx_word' id='word_1_371' title='bbox 688 3363 803 3401; x_wconf 89' lang='lat' dir='ltr'><strong>mea</strong></span> <span class='ocrx_word' id='word_1_372' title='bbox 833 3347 1075 3418; x_wconf 89' lang='lat' dir='ltr'><strong>projicite</strong></span> <span class='ocrx_word' id='word_1_373' title='bbox 1104 3345 1239 3419; x_wconf 80' lang='lat' dir='ltr'><strong>(Jer.</strong></span> <span class='ocrx_word' id='word_1_374' title='bbox 1270 3347 1384 3419; x_wconf 82' lang='lat' dir='ltr'><strong>xx).</strong></span> <span class='ocrx_word' id='word_1_375' title='bbox 1434 3347 1492 3402; x_wconf 89' lang='lat' dir='ltr'><strong>Si</strong></span> <span class='ocrx_word' id='word_1_376' title='bbox 1528 3349 1672 3403; x_wconf 87' lang='lat' dir='ltr'><strong>enim</strong></span> <span class='ocrx_word' id='word_1_377' title='bbox 1712 3348 2030 3405; x_wconf 87' lang='lat' dir='ltr'><strong>Ievitonaria</strong></span> <span class='ocrx_word' id='word_1_378' title='bbox 2060 3365 2159 3405; x_wconf 90' lang='lat' dir='ltr'><strong>no-</strong></span> 
     </span>
    </p>
   </div>
   <div class='ocr_carea' id='block_1_50' title="bbox 573 3435 2162 3509">
    <p class='ocr_par' dir='ltr' id='par_1_50' title="bbox 573 3435 2162 3509">
     <span class='ocr_line' id='line_1_50' title="bbox 573 3435 2162 3509; baseline 0.003 -19"><span class='ocrx_word' id='word_1_379' title='bbox 573 3441 688 3490; x_wconf 86' lang='lat' dir='ltr'><strong>stra</strong></span> <span class='ocrx_word' id='word_1_380' title='bbox 707 3477 721 3500; x_wconf 93' lang='lat'><strong>,</strong></span> <span class='ocrx_word' id='word_1_381' title='bbox 754 3435 969 3506; x_wconf 84' lang='lat' dir='ltr'><strong>quando</strong></span> <span class='ocrx_word' id='word_1_382' title='bbox 999 3436 1273 3502; x_wconf 88' lang='lat' dir='ltr'><strong>lavamus,</strong></span> <span class='ocrx_word' id='word_1_383' title='bbox 1306 3437 1447 3492; x_wconf 88' lang='lat' dir='ltr'><strong>sicca</strong></span> <span class='ocrx_word' id='word_1_384' title='bbox 1478 3453 1585 3492; x_wconf 90' lang='lat' dir='ltr'><strong>non</strong></span> <span class='ocrx_word' id='word_1_385' title='bbox 1614 3437 1849 3504; x_wconf 88' lang='lat' dir='ltr'><strong>fuerint,</strong></span> <span class='ocrx_word' id='word_1_386' title='bbox 1891 3454 2064 3509; x_wconf 90' lang='lat' dir='ltr'><strong>usque</strong></span> <span class='ocrx_word' id='word_1_387' title='bbox 2093 3441 2162 3496; x_wconf 89' lang='lat' dir='ltr'><strong>ad</strong></span> 
     </span>
    </p>
   </div>
   <div class='ocr_carea' id='block_1_51' title="bbox 572 3529 2159 3601">
    <p class='ocr_par' dir='ltr' id='par_1_51' title="bbox 572 3529 2159 3601">
     <span class='ocr_line' id='line_1_51' title="bbox 572 3529 2159 3601; baseline 0.004 -19"><span class='ocrx_word' id='word_1_388' title='bbox 572 3543 853 3600; x_wconf 88' lang='lat' dir='ltr'><strong>vesperam</strong></span> <span class='ocrx_word' id='word_1_389' title='bbox 884 3544 990 3583; x_wconf 91' lang='lat' dir='ltr'><strong>non</strong></span> <span class='ocrx_word' id='word_1_390' title='bbox 1017 3529 1279 3585; x_wconf 88' lang='lat' dir='ltr'><strong>habemus</strong></span> <span class='ocrx_word' id='word_1_391' title='bbox 1304 3538 1627 3600; x_wconf 90' lang='lat' dir='ltr'><strong>potestatem</strong></span> <span class='ocrx_word' id='word_1_392' title='bbox 1659 3531 1800 3601; x_wconf 87' lang='lat' dir='ltr'><strong>apud</strong></span> <span class='ocrx_word' id='word_1_393' title='bbox 1827 3546 1925 3586; x_wconf 93' lang='lat' dir='ltr'><strong>nos</strong></span> <span class='ocrx_word' id='word_1_394' title='bbox 1952 3540 2159 3597; x_wconf 89' lang='lat' dir='ltr'><strong>tenere,</strong></span> 
     </span>
    </p>
   </div>
   <div class='ocr_carea' id='block_1_52' title="bbox 572 3624 2164 3696">
    <p class='ocr_par' dir='ltr' id='par_1_52' title="bbox 572 3624 2164 3696">
     <span class='ocr_line' id='line_1_52' title="bbox 572 3624 2164 3696; baseline 0.003 -18"><span class='ocrx_word' id='word_1_395' title='bbox 572 3624 874 3696; x_wconf 88' lang='lat' dir='ltr'><strong>damusque</strong></span> <span class='ocrx_word' id='word_1_396' title='bbox 911 3625 1211 3696; x_wconf 73' lang='lat' dir='ltr'><strong>Przrposito</strong></span> <span class='ocrx_word' id='word_1_397' title='bbox 1248 3626 1334 3680; x_wconf 92' lang='lat' dir='ltr'><strong>cui</strong></span> <span class='ocrx_word' id='word_1_398' title='bbox 1373 3624 1566 3681; x_wconf 90' lang='lat' dir='ltr'><strong>crediti</strong></span> <span class='ocrx_word' id='word_1_399' title='bbox 1606 3639 1827 3692; x_wconf 88' lang='lat' dir='ltr'><strong>sumus,</strong></span> <span class='ocrx_word' id='word_1_400' title='bbox 1864 3626 1950 3680; x_wconf 91' lang='lat' dir='ltr'><strong>vel</strong></span> <span class='ocrx_word' id='word_1_401' title='bbox 1988 3628 2036 3682; x_wconf 89' lang='lat' dir='ltr'><strong>ei</strong></span> <span class='ocrx_word' id='word_1_402' title='bbox 2076 3627 2164 3683; x_wconf 90' lang='lat' dir='ltr'><strong>cui</strong></span> 
     </span>
    </p>
   </div>
   <div class='ocr_carea' id='block_1_53' title="bbox 572 3715 2161 3783">
    <p class='ocr_par' dir='ltr' id='par_1_53' title="bbox 572 3715 2161 3783">
     <span class='ocr_line' id='line_1_53' title="bbox 572 3715 2161 3783; baseline -0.001 -9"><span class='ocrx_word' id='word_1_403' title='bbox 572 3718 838 3775; x_wconf 91' lang='lat' dir='ltr'><strong>creditum</strong></span> <span class='ocrx_word' id='word_1_404' title='bbox 875 3724 962 3772; x_wconf 92' lang='lat' dir='ltr'><strong>est</strong></span> <span class='ocrx_word' id='word_1_405' title='bbox 987 3718 1268 3773; x_wconf 88' lang='lat' dir='ltr'><strong>cellarium</strong></span> <span class='ocrx_word' id='word_1_406' title='bbox 1293 3759 1308 3783; x_wconf 94' lang='lat'><strong>,</strong></span> <span class='ocrx_word' id='word_1_407' title='bbox 1356 3724 1418 3772; x_wconf 91' lang='lat' dir='ltr'><strong>ut</strong></span> <span class='ocrx_word' id='word_1_408' title='bbox 1456 3715 1667 3772; x_wconf 88' lang='lat' dir='ltr'><strong>deferat</strong></span> <span class='ocrx_word' id='word_1_409' title='bbox 1694 3718 1764 3771; x_wconf 91' lang='lat' dir='ltr'><strong>ad</strong></span> <span class='ocrx_word' id='word_1_410' title='bbox 1790 3732 1914 3772; x_wconf 91' lang='lat' dir='ltr'><strong>eum</strong></span> <span class='ocrx_word' id='word_1_411' title='bbox 1949 3716 2161 3783; x_wconf 91' lang='lat' dir='ltr'><strong>locum,</strong></span> 
     </span>
    </p>
   </div>
   <div class='ocr_carea' id='block_1_54' title="bbox 573 3804 2166 3877">
    <p class='ocr_par' dir='ltr' id='par_1_54' title="bbox 573 3804 2166 3877">
     <span class='ocr_line' id='line_1_54' title="bbox 573 3804 2166 3877; baseline -0.001 -13"><span class='ocrx_word' id='word_1_412' title='bbox 573 3809 666 3864; x_wconf 89' lang='lat' dir='ltr'><strong>ubi</strong></span> <span class='ocrx_word' id='word_1_413' title='bbox 686 3808 1011 3864; x_wconf 89' lang='lat' dir='ltr'><strong>vestimenta</strong></span> <span class='ocrx_word' id='word_1_414' title='bbox 1041 3809 1245 3877; x_wconf 85' lang='lat' dir='ltr'><strong>pariter</strong></span> <span class='ocrx_word' id='word_1_415' title='bbox 1271 3809 1512 3863; x_wconf 89' lang='lat' dir='ltr'><strong>omnium</strong></span> <span class='ocrx_word' id='word_1_416' title='bbox 1541 3816 1910 3874; x_wconf 87' lang='lat' dir='ltr'><strong>reservantur,</strong></span> <span class='ocrx_word' id='word_1_417' title='bbox 1930 3804 1986 3862; x_wconf 80' lang='lat' dir='ltr'><strong>et</strong></span> <span class='ocrx_word' id='word_1_418' title='bbox 2008 3823 2166 3863; x_wconf 86' lang='lat' dir='ltr'><strong>mane</strong></span> 
     </span>
    </p>
   </div>
   <div class='ocr_carea' id='block_1_55' title="bbox 577 3897 2165 3968">
    <p class='ocr_par' dir='ltr' id='par_1_55' title="bbox 577 3897 2165 3968">
     <span class='ocr_line' id='line_1_55' title="bbox 577 3897 2165 3968; baseline 0 -15"><span class='ocrx_word' id='word_1_419' title='bbox 577 3899 735 3953; x_wconf 89' lang='lat' dir='ltr'><strong>nobis</strong></span> <span class='ocrx_word' id='word_1_420' title='bbox 766 3897 988 3963; x_wconf 89' lang='lat' dir='ltr'><strong>dantur,</strong></span> <span class='ocrx_word' id='word_1_421' title='bbox 1026 3907 1085 3951; x_wconf 90' lang='lat' dir='ltr'><strong>ut</strong></span> <span class='ocrx_word' id='word_1_422' title='bbox 1115 3899 1484 3968; x_wconf 80' lang='lat' dir='ltr'><strong>expandamus</strong></span> <span class='ocrx_word' id='word_1_423' title='bbox 1514 3897 1604 3951; x_wconf 88' lang='lat' dir='ltr'><strong>illa</strong></span> <span class='ocrx_word' id='word_1_424' title='bbox 1633 3899 1701 3952; x_wconf 90' lang='lat' dir='ltr'><strong>ad</strong></span> <span class='ocrx_word' id='word_1_425' title='bbox 1728 3899 1896 3953; x_wconf 89' lang='lat' dir='ltr'><strong>solem</strong></span> <span class='ocrx_word' id='word_1_426' title='bbox 1917 3939 1931 3962; x_wconf 92' lang='lat'><strong>,</strong></span> <span class='ocrx_word' id='word_1_427' title='bbox 1962 3906 2015 3953; x_wconf 90' lang='lat' dir='ltr'><strong>et</strong></span> <span class='ocrx_word' id='word_1_428' title='bbox 2043 3913 2165 3953; x_wconf 90' lang='lat' dir='ltr'><strong>cum</strong></span> 
     </span>
    </p>
   </div>
   <div class='ocr_carea' id='block_1_56' title="bbox 576 3985 2166 4056">
    <p class='ocr_par' dir='ltr' id='par_1_56' title="bbox 576 3985 2166 4056">
     <span class='ocr_line' id='line_1_56' title="bbox 576 3985 2166 4056; baseline -0.001 -15"><span class='ocrx_word' id='word_1_429' title='bbox 576 3987 721 4041; x_wconf 84' lang='lat' dir='ltr'><strong>sicea</strong></span> <span class='ocrx_word' id='word_1_430' title='bbox 752 3985 983 4051; x_wconf 87' lang='lat' dir='ltr'><strong>fuerint,</strong></span> <span class='ocrx_word' id='word_1_431' title='bbox 1026 4002 1133 4042; x_wconf 90' lang='lat' dir='ltr'><strong>non</strong></span> <span class='ocrx_word' id='word_1_432' title='bbox 1164 3987 1306 4056; x_wconf 92' lang='lat' dir='ltr'><strong>apud</strong></span> <span class='ocrx_word' id='word_1_433' title='bbox 1334 4001 1433 4041; x_wconf 91' lang='lat' dir='ltr'><strong>nos</strong></span> <span class='ocrx_word' id='word_1_434' title='bbox 1463 3994 1733 4050; x_wconf 89' lang='lat' dir='ltr'><strong>tenemus,</strong></span> <span class='ocrx_word' id='word_1_435' title='bbox 1754 3986 1860 4040; x_wconf 74' lang='lat' dir='ltr'><strong>sed</strong></span> <span class='ocrx_word' id='word_1_436' title='bbox 1891 3987 2082 4040; x_wconf 89' lang='lat' dir='ltr'><strong>damus</strong></span> <span class='ocrx_word' id='word_1_437' title='bbox 2111 3986 2166 4039; x_wconf 93' lang='lat' dir='ltr'><strong>in</strong></span> 
     </span>
    </p>
   </div>
   <div class='ocr_carea' id='block_1_57' title="bbox 577 4074 2168 4147">
    <p class='ocr_par' dir='ltr' id='par_1_57' title="bbox 577 4074 2168 4147">
     <span class='ocr_line' id='line_1_57' title="bbox 577 4074 2168 4147; baseline -0.002 -15"><span class='ocrx_word' id='word_1_438' title='bbox 577 4091 863 4132; x_wconf 89' lang='lat' dir='ltr'><strong>commune</strong></span> <span class='ocrx_word' id='word_1_439' title='bbox 883 4078 1333 4147; x_wconf 80' lang='lat' dir='ltr'><strong>servanda,juxta</strong></span> <span class='ocrx_word' id='word_1_440' title='bbox 1354 4086 1625 4146; x_wconf 69' lang='lat' dir='ltr'><strong>prmeepta</strong></span> <span class='ocrx_word' id='word_1_441' title='bbox 1647 4074 1944 4143; x_wconf 85' lang='lat' dir='ltr'><strong>majorum;</strong></span> <span class='ocrx_word' id='word_1_442' title='bbox 1967 4082 2168 4143; x_wconf 90' lang='lat' dir='ltr'><strong>quanto</strong></span> 
     </span>
    </p>
   </div>
   <div class='ocr_carea' id='block_1_58' title="bbox 581 4165 2168 4241">
    <p class='ocr_par' dir='ltr' id='par_1_58' title="bbox 581 4165 2168 4241">
     <span class='ocr_line' id='line_1_58' title="bbox 581 4165 2168 4241; baseline -0.003 -16"><span class='ocrx_word' id='word_1_443' title='bbox 581 4169 755 4241; x_wconf 89' lang='lat' dir='ltr'><strong>magis</strong></span> <span class='ocrx_word' id='word_1_444' title='bbox 785 4183 846 4223; x_wconf 89' lang='lat' dir='ltr'><strong>ea</strong></span> <span class='ocrx_word' id='word_1_445' title='bbox 876 4183 995 4237; x_wconf 75' lang='lat' dir='ltr'><strong>qua:</strong></span> <span class='ocrx_word' id='word_1_446' title='bbox 1032 4168 1249 4238; x_wconf 90' lang='lat' dir='ltr'><strong>proprie</strong></span> <span class='ocrx_word' id='word_1_447' title='bbox 1279 4166 1429 4221; x_wconf 88' lang='lat' dir='ltr'><strong>visus</strong></span> <span class='ocrx_word' id='word_1_448' title='bbox 1464 4182 1524 4221; x_wconf 88' lang='lat' dir='ltr'><strong>es</strong></span> <span class='ocrx_word' id='word_1_449' title='bbox 1558 4167 1838 4235; x_wconf 90' lang='lat' dir='ltr'><strong>possidere</strong></span> <span class='ocrx_word' id='word_1_450' title='bbox 1859 4206 1874 4230; x_wconf 93' lang='lat'><strong>,</strong></span> <span class='ocrx_word' id='word_1_451' title='bbox 1923 4166 1967 4220; x_wconf 92' lang='lat' dir='ltr'><strong>si</strong></span> <span class='ocrx_word' id='word_1_452' title='bbox 2014 4165 2168 4221; x_wconf 88' lang='lat' dir='ltr'><strong>alteri</strong></span> 
     </span>
    </p>
   </div>
   <div class='ocr_carea' id='block_1_59' title="bbox 580 4259 2167 4329">
    <p class='ocr_par' dir='ltr' id='par_1_59' title="bbox 580 4259 2167 4329">
     <span class='ocr_line' id='line_1_59' title="bbox 580 4259 2167 4329; baseline -0.003 -12"><span class='ocrx_word' id='word_1_453' title='bbox 580 4261 1077 4325; x_wconf 83' lang='lat' dir='ltr'><strong>commendaveris,</strong></span> <span class='ocrx_word' id='word_1_454' title='bbox 1118 4268 1212 4314; x_wconf 89' lang='lat' dir='ltr'><strong>aut</strong></span> <span class='ocrx_word' id='word_1_455' title='bbox 1242 4260 1296 4314; x_wconf 92' lang='lat' dir='ltr'><strong>in</strong></span> <span class='ocrx_word' id='word_1_456' title='bbox 1328 4268 1421 4314; x_wconf 87' lang='lat' dir='ltr'><strong>tua</strong></span> <span class='ocrx_word' id='word_1_457' title='bbox 1454 4259 1691 4315; x_wconf 87' lang='lat' dir='ltr'><strong>volueris</strong></span> <span class='ocrx_word' id='word_1_458' title='bbox 1718 4273 1838 4314; x_wconf 90' lang='lat' dir='ltr'><strong>esse</strong></span> <span class='ocrx_word' id='word_1_459' title='bbox 1866 4266 2167 4329; x_wconf 85' lang='lat' dir='ltr'><strong>potestate,</strong></span> 
     </span>
    </p>
   </div>
   <div class='ocr_carea' id='block_1_60' title="bbox 577 4353 2171 4431">
    <p class='ocr_par' dir='ltr' id='par_1_60' title="bbox 577 4353 2171 4431">
     <span class='ocr_line' id='line_1_60' title="bbox 577 4353 2171 4431; baseline -0.003 -17"><span class='ocrx_word' id='word_1_460' title='bbox 577 4373 773 4431; x_wconf 85' lang='lat' dir='ltr'><strong>peccas</strong></span> <span class='ocrx_word' id='word_1_461' title='bbox 803 4356 858 4412; x_wconf 91' lang='lat' dir='ltr'><strong>in</strong></span> <span class='ocrx_word' id='word_1_462' title='bbox 892 4356 1209 4411; x_wconf 89' lang='lat' dir='ltr'><strong>monasterii</strong></span> <span class='ocrx_word' id='word_1_463' title='bbox 1250 4355 1627 4425; x_wconf 86' lang='lat' dir='ltr'><strong>disciplinam,</strong></span> <span class='ocrx_word' id='word_1_464' title='bbox 1671 4362 1727 4409; x_wconf 89' lang='lat' dir='ltr'><strong>et</strong></span> <span class='ocrx_word' id='word_1_465' title='bbox 1762 4369 1871 4408; x_wconf 89' lang='lat' dir='ltr'><strong>non</strong></span> <span class='ocrx_word' id='word_1_466' title='bbox 1908 4353 2171 4424; x_wconf 80' lang='lat' dir='ltr'><strong>intelligis</strong></span> 
     </span>
    </p>
   </div>
   <div class='ocr_carea' id='block_1_61' title="bbox 578 4445 2173 4518">
    <p class='ocr_par' dir='ltr' id='par_1_61' title="bbox 578 4445 2173 4518">
     <span class='ocr_line' id='line_1_61' title="bbox 578 4445 2173 4518; baseline -0.003 -15"><span class='ocrx_word' id='word_1_467' title='bbox 578 4448 803 4504; x_wconf 89' lang='lat' dir='ltr'><strong>Paulum</strong></span> <span class='ocrx_word' id='word_1_468' title='bbox 830 4449 928 4504; x_wconf 83' lang='lat' dir='ltr'><strong>tibi</strong></span> <span class='ocrx_word' id='word_1_469' title='bbox 958 4449 1270 4518; x_wconf 88' lang='lat' dir='ltr'><strong>loquentem</strong></span> <span class='ocrx_word' id='word_1_470' title='bbox 1298 4465 1311 4502; x_wconf 89' lang='lat'><strong>:</strong></span> <span class='ocrx_word' id='word_1_471' title='bbox 1353 4446 1453 4501; x_wconf 79' lang='lat' dir='ltr'><strong>Vos</strong></span> <span class='ocrx_word' id='word_1_472' title='bbox 1482 4456 1657 4501; x_wconf 89' lang='lat' dir='ltr'><strong>autem</strong></span> <span class='ocrx_word' id='word_1_473' title='bbox 1683 4448 1738 4501; x_wconf 89' lang='lat' dir='ltr'><strong>in</strong></span> <span class='ocrx_word' id='word_1_474' title='bbox 1765 4445 2058 4500; x_wconf 85' lang='lat' dir='ltr'><strong>libertatem</strong></span> <span class='ocrx_word' id='word_1_475' title='bbox 2085 4462 2173 4499; x_wconf 78' lang='lat' dir='ltr'><strong>vo-</strong></span> 
     </span>
    </p>
   </div>
   <div class='ocr_carea' id='block_1_62' title="bbox 2260 1971 3853 2046">
    <p class='ocr_par' dir='ltr' id='par_1_62' title="bbox 2260 1971 3853 2046">
     <span class='ocr_line' id='line_1_62' title="bbox 2260 1971 3853 2046; baseline 0.004 -22"><span class='ocrx_word' id='word_1_476' title='bbox 2260 1986 2365 2025; x_wconf 89' lang='lat' dir='ltr'><strong>non</strong></span> <span class='ocrx_word' id='word_1_477' title='bbox 2397 1971 2551 2026; x_wconf 89' lang='lat' dir='ltr'><strong>audis</strong></span> <span class='ocrx_word' id='word_1_478' title='bbox 2580 1971 2749 2027; x_wconf 86' lang='lat' dir='ltr'><strong>David</strong></span> <span class='ocrx_word' id='word_1_479' title='bbox 2775 1972 3123 2042; x_wconf 90' lang='lat' dir='ltr'><strong>loquentem:</strong></span> <span class='ocrx_word' id='word_1_480' title='bbox 3156 1973 3529 2039; x_wconf 72' lang='lat' dir='ltr'><strong>Thesaurizat,</strong></span> <span class='ocrx_word' id='word_1_481' title='bbox 3566 1985 3623 2029; x_wconf 88' lang='lat' dir='ltr'><strong>et</strong></span> <span class='ocrx_word' id='word_1_482' title='bbox 3648 1976 3853 2046; x_wconf 72' lang='lat' dir='ltr'><strong>ignorat</strong></span> 
     </span>
    </p>
   </div>
   <div class='ocr_carea' id='block_1_63' title="bbox 2257 2070 3858 2145">
    <p class='ocr_par' dir='ltr' id='par_1_63' title="bbox 2257 2070 3858 2145">
     <span class='ocr_line' id='line_1_63' title="bbox 2257 2070 3858 2145; baseline 0.002 -22"><span class='ocrx_word' id='word_1_483' title='bbox 2257 2070 2345 2123; x_wconf 89' lang='lat' dir='ltr'><strong>cui</strong></span> <span class='ocrx_word' id='word_1_484' title='bbox 2371 2080 2648 2142; x_wconf 86' lang='lat' dir='ltr'><strong>congregat</strong></span> <span class='ocrx_word' id='word_1_485' title='bbox 2674 2088 2735 2125; x_wconf 90' lang='lat' dir='ltr'><strong>ea</strong></span> <span class='ocrx_word' id='word_1_486' title='bbox 2766 2071 2940 2143; x_wconf 86' lang='lat' dir='ltr'><strong>(Psal.</strong></span> <span class='ocrx_word' id='word_1_487' title='bbox 2968 2072 3149 2143; x_wconf 80' lang='lat' dir='ltr'><strong>chv),</strong></span> <span class='ocrx_word' id='word_1_488' title='bbox 3189 2081 3245 2127; x_wconf 91' lang='lat' dir='ltr'><strong>et</strong></span> <span class='ocrx_word' id='word_1_489' title='bbox 3273 2087 3588 2128; x_wconf 89' lang='lat' dir='ltr'><strong>sermonem</strong></span> <span class='ocrx_word' id='word_1_490' title='bbox 3621 2089 3858 2145; x_wconf 79' lang='lat' dir='ltr'><strong>evange-</strong></span> 
     </span>
    </p>
   </div>
   <div class='ocr_carea' id='block_1_64' title="bbox 2258 2158 3857 2232">
    <p class='ocr_par' dir='ltr' id='par_1_64' title="bbox 2258 2158 3857 2232">
     <span class='ocr_line' id='line_1_64' title="bbox 2258 2158 3857 2232; baseline 0.002 -20"><span class='ocrx_word' id='word_1_491' title='bbox 2258 2158 2421 2216; x_wconf 91' lang='lat' dir='ltr'><strong>licum</strong></span> <span class='ocrx_word' id='word_1_492' title='bbox 2442 2202 2456 2223; x_wconf 88' lang='lat'><strong>,</strong></span> <span class='ocrx_word' id='word_1_493' title='bbox 2501 2176 2722 2216; x_wconf 88' lang='lat' dir='ltr'><strong>avarum</strong></span> <span class='ocrx_word' id='word_1_494' title='bbox 2753 2163 3136 2232; x_wconf 86' lang='lat' dir='ltr'><strong>corripientem</strong></span> <span class='ocrx_word' id='word_1_495' title='bbox 3162 2182 3175 2216; x_wconf 88' lang='lat'><strong>:</strong></span> <span class='ocrx_word' id='word_1_496' title='bbox 3200 2160 3388 2226; x_wconf 86' lang='lat' dir='ltr'><strong>Stulte,</strong></span> <span class='ocrx_word' id='word_1_497' title='bbox 3422 2163 3526 2216; x_wconf 88' lang='lat' dir='ltr'><strong>hac</strong></span> <span class='ocrx_word' id='word_1_498' title='bbox 3558 2173 3724 2217; x_wconf 84' lang='lat' dir='ltr'><strong>nocte</strong></span> <span class='ocrx_word' id='word_1_499' title='bbox 3750 2164 3857 2216; x_wconf 70' lang='lat' dir='ltr'><strong>ani-</strong></span> 
     </span>
    </p>
   </div>
   <div class='ocr_carea' id='block_1_65' title="bbox 2259 2256 3856 2325">
    <p class='ocr_par' dir='ltr' id='par_1_65' title="bbox 2259 2256 3856 2325">
     <span class='ocr_line' id='line_1_65' title="bbox 2259 2256 3856 2325; baseline 0.002 -19"><span class='ocrx_word' id='word_1_500' title='bbox 2259 2269 2399 2307; x_wconf 87' lang='lat' dir='ltr'><strong>mam</strong></span> <span class='ocrx_word' id='word_1_501' title='bbox 2436 2262 2673 2323; x_wconf 75' lang='lat' dir='ltr'><strong>expetent</strong></span> <span class='ocrx_word' id='word_1_502' title='bbox 2716 2270 2748 2306; x_wconf 92' lang='lat' dir='ltr'><strong>a</strong></span> <span class='ocrx_word' id='word_1_503' title='bbox 2788 2262 2880 2308; x_wconf 89' lang='lat' dir='ltr'><strong>te:</strong></span> <span class='ocrx_word' id='word_1_504' title='bbox 2926 2271 3042 2325; x_wconf 71' lang='lat' dir='ltr'><strong>quis</strong></span> <span class='ocrx_word' id='word_1_505' title='bbox 3081 2263 3257 2308; x_wconf 89' lang='lat' dir='ltr'><strong>autem</strong></span> <span class='ocrx_word' id='word_1_506' title='bbox 3295 2256 3625 2325; x_wconf 77' lang='lat' dir='ltr'><strong>prceparasti</strong></span> <span class='ocrx_word' id='word_1_507' title='bbox 3648 2296 3667 2319; x_wconf 93' lang='lat'><strong>,</strong></span> <span class='ocrx_word' id='word_1_508' title='bbox 3710 2256 3856 2324; x_wconf 75' lang='lat' dir='ltr'><strong>cujus</strong></span> 
     </span>
    </p>
   </div>
   <div class='ocr_carea' id='block_1_66' title="bbox 2259 2343 3857 2415">
    <p class='ocr_par' dir='ltr' id='par_1_66' title="bbox 2259 2343 3857 2415">
     <span class='ocr_line' id='line_1_66' title="bbox 2259 2343 3857 2415; baseline 0 -18"><span class='ocrx_word' id='word_1_509' title='bbox 2259 2353 2409 2398; x_wconf 89' lang='lat' dir='ltr'><strong>erunt</strong></span> <span class='ocrx_word' id='word_1_510' title='bbox 2447 2343 2597 2415; x_wconf 90' lang='lat' dir='ltr'><strong>(Luc.</strong></span> <span class='ocrx_word' id='word_1_511' title='bbox 2628 2346 2770 2415; x_wconf 77' lang='lat' dir='ltr'><strong>xu)?</strong></span> <span class='ocrx_word' id='word_1_512' title='bbox 2817 2344 2887 2400; x_wconf 83' lang='lat' dir='ltr'><strong>Et</strong></span> <span class='ocrx_word' id='word_1_513' title='bbox 2932 2344 3166 2401; x_wconf 76' lang='lat' dir='ltr'><strong>iterum:</strong></span> <span class='ocrx_word' id='word_1_514' title='bbox 3219 2343 3287 2399; x_wconf 88' lang='lat' dir='ltr'><strong>In</strong></span> <span class='ocrx_word' id='word_1_515' title='bbox 3336 2343 3431 2398; x_wconf 90' lang='lat' dir='ltr'><strong>illa</strong></span> <span class='ocrx_word' id='word_1_516' title='bbox 3480 2345 3571 2398; x_wconf 88' lang='lat' dir='ltr'><strong>die</strong></span> <span class='ocrx_word' id='word_1_517' title='bbox 3620 2347 3857 2415; x_wconf 68' lang='lat' dir='ltr'><strong>peribunt</strong></span> 
     </span>
    </p>
   </div>
   <div class='ocr_carea' id='block_1_67' title="bbox 2259 2434 3860 2505">
    <p class='ocr_par' dir='ltr' id='par_1_67' title="bbox 2259 2434 3860 2505">
     <span class='ocr_line' id='line_1_67' title="bbox 2259 2434 3860 2505; baseline 0.001 -18"><span class='ocrx_word' id='word_1_518' title='bbox 2259 2449 2435 2487; x_wconf 87' lang='lat' dir='ltr'><strong>omnes</strong></span> <span class='ocrx_word' id='word_1_519' title='bbox 2464 2436 2806 2505; x_wconf 56' lang='lat' dir='ltr'><strong>cogitaiones</strong></span> <span class='ocrx_word' id='word_1_520' title='bbox 2833 2451 3035 2489; x_wconf 88' lang='lat' dir='ltr'><strong>eorum.</strong></span> <span class='ocrx_word' id='word_1_521' title='bbox 3073 2434 3264 2501; x_wconf 90' lang='lat' dir='ltr'><strong>Stulte,</strong></span> <span class='ocrx_word' id='word_1_522' title='bbox 3296 2450 3467 2504; x_wconf 90' lang='lat' dir='ltr'><strong>quare</strong></span> <span class='ocrx_word' id='word_1_523' title='bbox 3507 2451 3629 2490; x_wconf 87' lang='lat' dir='ltr'><strong>non</strong></span> <span class='ocrx_word' id='word_1_524' title='bbox 3664 2438 3752 2491; x_wconf 79' lang='lat' dir='ltr'><strong>vis</strong></span> <span class='ocrx_word' id='word_1_525' title='bbox 3778 2452 3860 2490; x_wconf 81' lang='lat' dir='ltr'><strong>aa-</strong></span> 
     </span>
    </p>
   </div>
   <div class='ocr_carea' id='block_1_68' title="bbox 2261 2524 3859 2592">
    <p class='ocr_par' dir='ltr' id='par_1_68' title="bbox 2261 2524 3859 2592">
     <span class='ocr_line' id='line_1_68' title="bbox 2261 2524 3859 2592; baseline -0.001 -13"><span class='ocrx_word' id='word_1_526' title='bbox 2261 2525 2378 2580; x_wconf 91' lang='lat' dir='ltr'><strong>dire</strong></span> <span class='ocrx_word' id='word_1_527' title='bbox 2410 2526 2696 2580; x_wconf 91' lang='lat' dir='ltr'><strong>Dominum</strong></span> <span class='ocrx_word' id='word_1_528' title='bbox 2725 2527 3139 2581; x_wconf 87' lang='lat' dir='ltr'><strong>cohortantem:</strong></span> <span class='ocrx_word' id='word_1_529' title='bbox 3182 2524 3349 2592; x_wconf 85' lang='lat' dir='ltr'><strong>Vade,</strong></span> <span class='ocrx_word' id='word_1_530' title='bbox 3390 2536 3437 2580; x_wconf 90' lang='lat' dir='ltr'><strong>et</strong></span> <span class='ocrx_word' id='word_1_531' title='bbox 3485 2526 3666 2580; x_wconf 77' lang='lat' dir='ltr'><strong>vende</strong></span> <span class='ocrx_word' id='word_1_532' title='bbox 3690 2528 3859 2580; x_wconf 74' lang='lat' dir='ltr'><strong>omnia</strong></span> 
     </span>
    </p>
   </div>
   <div class='ocr_carea' id='block_1_69' title="bbox 2258 2618 3861 2689">
    <p class='ocr_par' dir='ltr' id='par_1_69' title="bbox 2258 2618 3861 2689">
     <span class='ocr_line' id='line_1_69' title="bbox 2258 2618 3861 2689; baseline 0.001 -19"><span class='ocrx_word' id='word_1_533' title='bbox 2258 2633 2377 2688; x_wconf 71' lang='lat' dir='ltr'><strong>qum</strong></span> <span class='ocrx_word' id='word_1_534' title='bbox 2402 2618 2560 2672; x_wconf 83' lang='lat' dir='ltr'><strong>habes</strong></span> <span class='ocrx_word' id='word_1_535' title='bbox 2591 2627 2637 2673; x_wconf 92' lang='lat' dir='ltr'><strong>et</strong></span> <span class='ocrx_word' id='word_1_536' title='bbox 2666 2618 2736 2672; x_wconf 91' lang='lat' dir='ltr'><strong>da</strong></span> <span class='ocrx_word' id='word_1_537' title='bbox 2762 2619 3105 2689; x_wconf 88' lang='lat' dir='ltr'><strong>pauperibus,</strong></span> <span class='ocrx_word' id='word_1_538' title='bbox 3137 2627 3187 2672; x_wconf 91' lang='lat' dir='ltr'><strong>et</strong></span> <span class='ocrx_word' id='word_1_539' title='bbox 3218 2618 3341 2673; x_wconf 89' lang='lat' dir='ltr'><strong>tolle</strong></span> <span class='ocrx_word' id='word_1_540' title='bbox 3367 2635 3581 2672; x_wconf 85' lang='lat' dir='ltr'><strong>crucem</strong></span> <span class='ocrx_word' id='word_1_541' title='bbox 3614 2628 3797 2682; x_wconf 73' lang='lat' dir='ltr'><strong>tum,</strong></span> <span class='ocrx_word' id='word_1_542' title='bbox 3819 2628 3861 2671; x_wconf 83' lang='lat' dir='ltr'><strong>et</strong></span> 
     </span>
    </p>
   </div>
   <div class='ocr_carea' id='block_1_70' title="bbox 2260 2709 3861 2783">
    <p class='ocr_par' dir='ltr' id='par_1_70' title="bbox 2260 2709 3861 2783">
     <span class='ocr_line' id='line_1_70' title="bbox 2260 2709 3861 2783; baseline -0.002 -17"><span class='ocrx_word' id='word_1_543' title='bbox 2260 2712 2406 2776; x_wconf 84' lang='lat' dir='ltr'><strong>veni,</strong></span> <span class='ocrx_word' id='word_1_544' title='bbox 2450 2720 2497 2766; x_wconf 91' lang='lat' dir='ltr'><strong>et</strong></span> <span class='ocrx_word' id='word_1_545' title='bbox 2542 2728 2754 2777; x_wconf 84' lang='lat' dir='ltr'><strong>sequere</strong></span> <span class='ocrx_word' id='word_1_546' title='bbox 2797 2728 2879 2765; x_wconf 91' lang='lat' dir='ltr'><strong>me</strong></span> <span class='ocrx_word' id='word_1_547' title='bbox 2905 2710 3126 2783; x_wconf 72' lang='lat' dir='ltr'><strong>(Matth.</strong></span> <span class='ocrx_word' id='word_1_548' title='bbox 3156 2709 3312 2782; x_wconf 75' lang='lat' dir='ltr'><strong>xu)?</strong></span> <span class='ocrx_word' id='word_1_549' title='bbox 3343 2709 3502 2777; x_wconf 88' lang='lat' dir='ltr'><strong>Quod</strong></span> <span class='ocrx_word' id='word_1_550' title='bbox 3537 2710 3861 2765; x_wconf 66' lang='lat' dir='ltr'><strong>adolescens</strong></span> 
     </span>
    </p>
   </div>
   <div class='ocr_carea' id='block_1_71' title="bbox 2261 2801 3863 2866">
    <p class='ocr_par' dir='ltr' id='par_1_71' title="bbox 2261 2801 3863 2866">
     <span class='ocr_line' id='line_1_71' title="bbox 2261 2801 3863 2866; baseline 0 -11"><span class='ocrx_word' id='word_1_551' title='bbox 2261 2803 2487 2856; x_wconf 86' lang='lat' dir='ltr'><strong>audiens</strong></span> <span class='ocrx_word' id='word_1_552' title='bbox 2515 2817 2812 2857; x_wconf 90' lang='lat' dir='ltr'><strong>conversus</strong></span> <span class='ocrx_word' id='word_1_553' title='bbox 2840 2810 2925 2857; x_wconf 89' lang='lat' dir='ltr'><strong>est</strong></span> <span class='ocrx_word' id='word_1_554' title='bbox 2953 2811 3133 2866; x_wconf 91' lang='lat' dir='ltr'><strong>retro;</strong></span> <span class='ocrx_word' id='word_1_555' title='bbox 3175 2818 3284 2857; x_wconf 88' lang='lat' dir='ltr'><strong>non</strong></span> <span class='ocrx_word' id='word_1_556' title='bbox 3316 2801 3462 2855; x_wconf 90' lang='lat' dir='ltr'><strong>enim</strong></span> <span class='ocrx_word' id='word_1_557' title='bbox 3494 2810 3628 2855; x_wconf 88' lang='lat' dir='ltr'><strong>erat</strong></span> <span class='ocrx_word' id='word_1_558' title='bbox 3663 2811 3863 2856; x_wconf 69' lang='lat' dir='ltr'><strong>meum</strong></span> 
     </span>
    </p>
   </div>
   <div class='ocr_carea' id='block_1_72' title="bbox 2262 2890 3859 2964">
    <p class='ocr_par' dir='ltr' id='par_1_72' title="bbox 2262 2890 3859 2964">
     <span class='ocr_line' id='line_1_72' title="bbox 2262 2890 3859 2964; baseline -0.001 -17"><span class='ocrx_word' id='word_1_559' title='bbox 2262 2906 2357 2947; x_wconf 91' lang='lat' dir='ltr'><strong>cor</strong></span> <span class='ocrx_word' id='word_1_560' title='bbox 2387 2890 2588 2963; x_wconf 86' lang='lat' dir='ltr'><strong>ipsius,</strong></span> <span class='ocrx_word' id='word_1_561' title='bbox 2639 2901 2693 2947; x_wconf 90' lang='lat' dir='ltr'><strong>et</strong></span> <span class='ocrx_word' id='word_1_562' title='bbox 2736 2894 2857 2949; x_wconf 89' lang='lat' dir='ltr'><strong>ideo</strong></span> <span class='ocrx_word' id='word_1_563' title='bbox 2902 2909 3008 2949; x_wconf 92' lang='lat' dir='ltr'><strong>non</strong></span> <span class='ocrx_word' id='word_1_564' title='bbox 3054 2894 3228 2964; x_wconf 91' lang='lat' dir='ltr'><strong>potuit</strong></span> <span class='ocrx_word' id='word_1_565' title='bbox 3271 2907 3493 2964; x_wconf 86' lang='lat' dir='ltr'><strong>gravem</strong></span> <span class='ocrx_word' id='word_1_566' title='bbox 3536 2892 3859 2948; x_wconf 74' lang='lat' dir='ltr'><strong>divitiarum</strong></span> 
     </span>
    </p>
   </div>
   <div class='ocr_carea' id='block_1_73' title="bbox 2262 2982 3862 3054">
    <p class='ocr_par' dir='ltr' id='par_1_73' title="bbox 2262 2982 3862 3054">
     <span class='ocr_line' id='line_1_73' title="bbox 2262 2982 3862 3054; baseline -0.002 -16"><span class='ocrx_word' id='word_1_567' title='bbox 2262 2984 2534 3038; x_wconf 84' lang='lat' dir='ltr'><strong>sarcinam</strong></span> <span class='ocrx_word' id='word_1_568' title='bbox 2564 2984 2853 3054; x_wconf 89' lang='lat' dir='ltr'><strong>deponere.</strong></span> <span class='ocrx_word' id='word_1_569' title='bbox 2890 2982 3135 3040; x_wconf 81' lang='lat' dir='ltr'><strong>Habebat</strong></span> <span class='ocrx_word' id='word_1_570' title='bbox 3161 2983 3376 3054; x_wconf 87' lang='lat' dir='ltr'><strong>quidem</strong></span> <span class='ocrx_word' id='word_1_571' title='bbox 3406 2982 3788 3046; x_wconf 80' lang='lat' dir='ltr'><strong>voluntatem,</strong></span> <span class='ocrx_word' id='word_1_572' title='bbox 3813 2989 3862 3035; x_wconf 87' lang='lat' dir='ltr'><strong>et</strong></span> 
     </span>
    </p>
   </div>
   <div class='ocr_carea' id='block_1_74' title="bbox 2263 3072 3862 3146">
    <p class='ocr_par' dir='ltr' id='par_1_74' title="bbox 2263 3072 3862 3146">
     <span class='ocr_line' id='line_1_74' title="bbox 2263 3072 3862 3146; baseline -0.001 -17"><span class='ocrx_word' id='word_1_573' title='bbox 2263 3073 2547 3146; x_wconf 89' lang='lat' dir='ltr'><strong>Scriptura</strong></span> <span class='ocrx_word' id='word_1_574' title='bbox 2582 3084 2834 3142; x_wconf 90' lang='lat' dir='ltr'><strong>testatur,</strong></span> <span class='ocrx_word' id='word_1_575' title='bbox 2871 3075 3127 3146; x_wconf 74' lang='lat' dir='ltr'><strong>perfectae</strong></span> <span class='ocrx_word' id='word_1_576' title='bbox 3152 3076 3277 3130; x_wconf 75' lang='lat' dir='ltr'><strong>vita:</strong></span> <span class='ocrx_word' id='word_1_577' title='bbox 3296 3117 3311 3141; x_wconf 95' lang='lat'><strong>,</strong></span> <span class='ocrx_word' id='word_1_578' title='bbox 3343 3084 3401 3131; x_wconf 91' lang='lat' dir='ltr'><strong>et</strong></span> <span class='ocrx_word' id='word_1_579' title='bbox 3426 3072 3742 3145; x_wconf 89' lang='lat' dir='ltr'><strong>splendore</strong></span> <span class='ocrx_word' id='word_1_580' title='bbox 3767 3076 3862 3128; x_wconf 83' lang='lat' dir='ltr'><strong>vir-</strong></span> 
     </span>
    </p>
   </div>
   <div class='ocr_carea' id='block_1_75' title="bbox 2264 3160 3866 3233">
    <p class='ocr_par' dir='ltr' id='par_1_75' title="bbox 2264 3160 3866 3233">
     <span class='ocr_line' id='line_1_75' title="bbox 2264 3160 3866 3233; baseline 0 -13"><span class='ocrx_word' id='word_1_581' title='bbox 2264 3172 2441 3220; x_wconf 87' lang='lat' dir='ltr'><strong>tutum</strong></span> <span class='ocrx_word' id='word_1_582' title='bbox 2470 3166 2791 3222; x_wconf 87' lang='lat' dir='ltr'><strong>trahebatur</strong></span> <span class='ocrx_word' id='word_1_583' title='bbox 2818 3166 2885 3221; x_wconf 92' lang='lat' dir='ltr'><strong>ad</strong></span> <span class='ocrx_word' id='word_1_584' title='bbox 2914 3166 3162 3233; x_wconf 88' lang='lat' dir='ltr'><strong>laudem;</strong></span> <span class='ocrx_word' id='word_1_585' title='bbox 3207 3165 3302 3221; x_wconf 93' lang='lat' dir='ltr'><strong>sed</strong></span> <span class='ocrx_word' id='word_1_586' title='bbox 3341 3160 3718 3220; x_wconf 82' lang='lat' dir='ltr'><strong>retrahebant</strong></span> <span class='ocrx_word' id='word_1_587' title='bbox 3756 3179 3866 3220; x_wconf 76' lang='lat' dir='ltr'><strong>eum</strong></span> 
     </span>
    </p>
   </div>
   <div class='ocr_carea' id='block_1_76' title="bbox 2264 3256 3867 3328">
    <p class='ocr_par' dir='ltr' id='par_1_76' title="bbox 2264 3256 3867 3328">
     <span class='ocr_line' id='line_1_76' title="bbox 2264 3256 3867 3328; baseline -0.002 -15"><span class='ocrx_word' id='word_1_588' title='bbox 2264 3266 2573 3313; x_wconf 89' lang='lat' dir='ltr'><strong>currentem</strong></span> <span class='ocrx_word' id='word_1_589' title='bbox 2623 3257 2824 3313; x_wconf 69' lang='lat' dir='ltr'><strong>divitia:</strong></span> <span class='ocrx_word' id='word_1_590' title='bbox 2849 3299 2864 3324; x_wconf 88' lang='lat'><strong>,</strong></span> <span class='ocrx_word' id='word_1_591' title='bbox 2913 3275 3013 3313; x_wconf 91' lang='lat' dir='ltr'><strong>nec</strong></span> <span class='ocrx_word' id='word_1_592' title='bbox 3060 3266 3273 3328; x_wconf 88' lang='lat' dir='ltr'><strong>poterat</strong></span> <span class='ocrx_word' id='word_1_593' title='bbox 3325 3256 3641 3312; x_wconf 85' lang='lat' dir='ltr'><strong>Salvatoris</strong></span> <span class='ocrx_word' id='word_1_594' title='bbox 3690 3258 3867 3312; x_wconf 81' lang='lat' dir='ltr'><strong>audire</strong></span> 
     </span>
    </p>
   </div>
   <div class='ocr_carea' id='block_1_77' title="bbox 2263 3346 3865 3419">
    <p class='ocr_par' dir='ltr' id='par_1_77' title="bbox 2263 3346 3865 3419">
     <span class='ocr_line' id='line_1_77' title="bbox 2263 3346 3865 3419; baseline -0.001 -17"><span class='ocrx_word' id='word_1_595' title='bbox 2263 3348 2586 3413; x_wconf 88' lang='lat' dir='ltr'><strong>doctrinam,</strong></span> <span class='ocrx_word' id='word_1_596' title='bbox 2639 3348 2767 3418; x_wconf 90' lang='lat' dir='ltr'><strong>quia</strong></span> <span class='ocrx_word' id='word_1_597' title='bbox 2797 3348 2976 3404; x_wconf 88' lang='lat' dir='ltr'><strong>adhuc</strong></span> <span class='ocrx_word' id='word_1_598' title='bbox 3000 3347 3068 3403; x_wconf 91' lang='lat' dir='ltr'><strong>de</strong></span> <span class='ocrx_word' id='word_1_599' title='bbox 3097 3347 3283 3403; x_wconf 87' lang='lat' dir='ltr'><strong>mundi</strong></span> <span class='ocrx_word' id='word_1_600' title='bbox 3316 3346 3530 3403; x_wconf 90' lang='lat' dir='ltr'><strong>deliciis</strong></span> <span class='ocrx_word' id='word_1_601' title='bbox 3559 3348 3865 3419; x_wconf 75' lang='lat' dir='ltr'><strong>cogitabat.</strong></span> 
     </span>
    </p>
   </div>
   <div class='ocr_carea' id='block_1_78' title="bbox 2265 3441 3867 3512">
    <p class='ocr_par' dir='ltr' id='par_1_78' title="bbox 2265 3441 3867 3512">
     <span class='ocr_line' id='line_1_78' title="bbox 2265 3441 3867 3512; baseline -0.004 -14"><span class='ocrx_word' id='word_1_602' title='bbox 2265 3442 2418 3498; x_wconf 88' lang='lat' dir='ltr'><strong>Unde</strong></span> <span class='ocrx_word' id='word_1_603' title='bbox 2448 3450 2503 3497; x_wconf 91' lang='lat' dir='ltr'><strong>et</strong></span> <span class='ocrx_word' id='word_1_604' title='bbox 2532 3441 2784 3498; x_wconf 89' lang='lat' dir='ltr'><strong>Salvator</strong></span> <span class='ocrx_word' id='word_1_605' title='bbox 2809 3442 3050 3512; x_wconf 90' lang='lat' dir='ltr'><strong>loquitur</strong></span> <span class='ocrx_word' id='word_1_606' title='bbox 3076 3461 3089 3496; x_wconf 90' lang='lat'><strong>:</strong></span> <span class='ocrx_word' id='word_1_607' title='bbox 3124 3441 3346 3511; x_wconf 70' lang='lat' dir='ltr'><strong>Difﬁcile</strong></span> <span class='ocrx_word' id='word_1_608' title='bbox 3375 3449 3450 3495; x_wconf 91' lang='lat' dir='ltr'><strong>est</strong></span> <span class='ocrx_word' id='word_1_609' title='bbox 3482 3458 3599 3503; x_wconf 85' lang='lat' dir='ltr'><strong>eos,</strong></span> <span class='ocrx_word' id='word_1_610' title='bbox 3653 3443 3753 3512; x_wconf 69' lang='lat' dir='ltr'><strong>qui</strong></span> <span class='ocrx_word' id='word_1_611' title='bbox 3777 3442 3867 3493; x_wconf 71' lang='lat' dir='ltr'><strong>ha-</strong></span> 
     </span>
    </p>
   </div>
   <div class='ocr_carea' id='block_1_79' title="bbox 2264 3529 3869 3604">
    <p class='ocr_par' dir='ltr' id='par_1_79' title="bbox 2264 3529 3869 3604">
     <span class='ocr_line' id='line_1_79' title="bbox 2264 3529 3869 3604; baseline -0.003 -16"><span class='ocrx_word' id='word_1_612' title='bbox 2264 3533 2381 3588; x_wconf 90' lang='lat' dir='ltr'><strong>bent</strong></span> <span class='ocrx_word' id='word_1_613' title='bbox 2409 3534 2641 3598; x_wconf 79' lang='lat' dir='ltr'><strong>divitias,</strong></span> <span class='ocrx_word' id='word_1_614' title='bbox 2673 3533 2875 3588; x_wconf 90' lang='lat' dir='ltr'><strong>intrare</strong></span> <span class='ocrx_word' id='word_1_615' title='bbox 2905 3534 2961 3586; x_wconf 92' lang='lat' dir='ltr'><strong>in</strong></span> <span class='ocrx_word' id='word_1_616' title='bbox 2997 3549 3159 3604; x_wconf 87' lang='lat' dir='ltr'><strong>regna</strong></span> <span class='ocrx_word' id='word_1_617' title='bbox 3187 3531 3432 3586; x_wconf 65' lang='lat' dir='ltr'><strong>caelorum</strong></span> <span class='ocrx_word' id='word_1_618' title='bbox 3467 3529 3707 3602; x_wconf 60' lang='grc' dir='ltr'><strong>(Ναυῆ.</strong></span> <span class='ocrx_word' id='word_1_619' title='bbox 3733 3531 3869 3591; x_wconf 71' lang='lat' dir='ltr'><strong>xui.</strong></span> 
     </span>
    </p>
   </div>
   <div class='ocr_carea' id='block_1_80' title="bbox 2264 3623 3870 3694">
    <p class='ocr_par' dir='ltr' id='par_1_80' title="bbox 2264 3623 3870 3694">
     <span class='ocr_line' id='line_1_80' title="bbox 2264 3623 3870 3694; baseline -0.004 -14"><span class='ocrx_word' id='word_1_620' title='bbox 2264 3624 2331 3680; x_wconf 87' lang='lat' dir='ltr'><strong>Et</strong></span> <span class='ocrx_word' id='word_1_621' title='bbox 2377 3626 2618 3680; x_wconf 90' lang='lat' dir='ltr'><strong>iterum:</strong></span> <span class='ocrx_word' id='word_1_622' title='bbox 2666 3624 2836 3678; x_wconf 86' lang='lat' dir='ltr'><strong>Nemo</strong></span> <span class='ocrx_word' id='word_1_623' title='bbox 2876 3633 3041 3694; x_wconf 89' lang='lat' dir='ltr'><strong>potest</strong></span> <span class='ocrx_word' id='word_1_624' title='bbox 3087 3623 3289 3677; x_wconf 88' lang='lat' dir='ltr'><strong>duobus</strong></span> <span class='ocrx_word' id='word_1_625' title='bbox 3344 3623 3576 3677; x_wconf 86' lang='lat' dir='ltr'><strong>dominis</strong></span> <span class='ocrx_word' id='word_1_626' title='bbox 3624 3627 3870 3678; x_wconf 72' lang='lat' dir='ltr'><strong>sortire:</strong></span> 
     </span>
    </p>
   </div>
   <div class='ocr_carea' id='block_1_81' title="bbox 2265 3712 3867 3783">
    <p class='ocr_par' dir='ltr' id='par_1_81' title="bbox 2265 3712 3867 3783">
     <span class='ocr_line' id='line_1_81' title="bbox 2265 3712 3867 3783; baseline -0.003 -13"><span class='ocrx_word' id='word_1_627' title='bbox 2265 3725 2358 3770; x_wconf 89' lang='lat' dir='ltr'><strong>aut</strong></span> <span class='ocrx_word' id='word_1_628' title='bbox 2390 3717 2528 3771; x_wconf 90' lang='lat' dir='ltr'><strong>enim</strong></span> <span class='ocrx_word' id='word_1_629' title='bbox 2562 3732 2726 3769; x_wconf 90' lang='lat' dir='ltr'><strong>unum</strong></span> <span class='ocrx_word' id='word_1_630' title='bbox 2761 3715 2880 3769; x_wconf 86' lang='lat' dir='ltr'><strong>odio</strong></span> <span class='ocrx_word' id='word_1_631' title='bbox 2913 3713 3140 3779; x_wconf 81' lang='lat' dir='ltr'><strong>habebit,</strong></span> <span class='ocrx_word' id='word_1_632' title='bbox 3179 3722 3229 3767; x_wconf 91' lang='lat' dir='ltr'><strong>et</strong></span> <span class='ocrx_word' id='word_1_633' title='bbox 3261 3712 3488 3765; x_wconf 88' lang='lat' dir='ltr'><strong>alterum</strong></span> <span class='ocrx_word' id='word_1_634' title='bbox 3522 3712 3763 3783; x_wconf 81' lang='lat' dir='ltr'><strong>diliget;</strong></span> <span class='ocrx_word' id='word_1_635' title='bbox 3789 3721 3867 3765; x_wconf 70' lang='lat' dir='ltr'><strong>at</strong></span> 
     </span>
    </p>
   </div>
   <div class='ocr_carea' id='block_1_82' title="bbox 2265 3803 3871 3876">
    <p class='ocr_par' dir='ltr' id='par_1_82' title="bbox 2265 3803 3871 3876">
     <span class='ocr_line' id='line_1_82' title="bbox 2265 3803 3871 3876; baseline -0.003 -13"><span class='ocrx_word' id='word_1_636' title='bbox 2265 3809 2358 3863; x_wconf 87' lang='lat' dir='ltr'><strong>uni</strong></span> <span class='ocrx_word' id='word_1_637' title='bbox 2391 3819 2465 3864; x_wconf 88' lang='lat' dir='ltr'><strong>est</strong></span> <span class='ocrx_word' id='word_1_638' title='bbox 2500 3809 2767 3874; x_wconf 88' lang='lat' dir='ltr'><strong>obediens,</strong></span> <span class='ocrx_word' id='word_1_639' title='bbox 2792 3818 2839 3862; x_wconf 89' lang='lat' dir='ltr'><strong>et</strong></span> <span class='ocrx_word' id='word_1_640' title='bbox 2872 3814 3163 3861; x_wconf 88' lang='lat' dir='ltr'><strong>contemnet</strong></span> <span class='ocrx_word' id='word_1_641' title='bbox 3199 3805 3443 3860; x_wconf 89' lang='lat' dir='ltr'><strong>alterum.</strong></span> <span class='ocrx_word' id='word_1_642' title='bbox 3485 3803 3621 3857; x_wconf 74' lang='lat' dir='ltr'><strong>Non</strong></span> <span class='ocrx_word' id='word_1_643' title='bbox 3662 3806 3871 3876; x_wconf 78' lang='lat' dir='ltr'><strong>potestis</strong></span> 
     </span>
    </p>
   </div>
   <div class='ocr_carea' id='block_1_83' title="bbox 2268 3895 3869 3970">
    <p class='ocr_par' dir='ltr' id='par_1_83' title="bbox 2268 3895 3869 3970">
     <span class='ocr_line' id='line_1_83' title="bbox 2268 3895 3869 3970; baseline -0.004 -14"><span class='ocrx_word' id='word_1_644' title='bbox 2268 3901 2377 3956; x_wconf 89' lang='lat' dir='ltr'><strong>Deo</strong></span> <span class='ocrx_word' id='word_1_645' title='bbox 2408 3903 2601 3956; x_wconf 85' lang='lat' dir='ltr'><strong>servire</strong></span> <span class='ocrx_word' id='word_1_646' title='bbox 2636 3910 2685 3954; x_wconf 88' lang='lat' dir='ltr'><strong>et</strong></span> <span class='ocrx_word' id='word_1_647' title='bbox 2719 3915 3032 3954; x_wconf 72' lang='lat' dir='ltr'><strong>mammona:</strong></span> <span class='ocrx_word' id='word_1_648' title='bbox 3059 3895 3211 3970; x_wconf 90' lang='lat' dir='ltr'><strong>(Luc.</strong></span> <span class='ocrx_word' id='word_1_649' title='bbox 3237 3895 3335 3967; x_wconf 77' lang='grc' dir='ltr'><strong>γι).</strong></span> <span class='ocrx_word' id='word_1_650' title='bbox 3380 3895 3658 3950; x_wconf 70' lang='lat' dir='ltr'><strong>Pharisaei</strong></span> <span class='ocrx_word' id='word_1_651' title='bbox 3691 3906 3869 3950; x_wconf 64' lang='lat' dir='ltr'><strong>autem</strong></span> 
     </span>
    </p>
   </div>
   <div class='ocr_carea' id='block_1_84' title="bbox 2269 3991 3869 4059">
    <p class='ocr_par' dir='ltr' id='par_1_84' title="bbox 2269 3991 3869 4059">
     <span class='ocr_line' id='line_1_84' title="bbox 2269 3991 3869 4059; baseline -0.006 -10"><span class='ocrx_word' id='word_1_652' title='bbox 2269 4011 2392 4049; x_wconf 89' lang='lat' dir='ltr'><strong>cum</strong></span> <span class='ocrx_word' id='word_1_653' title='bbox 2440 4003 2622 4049; x_wconf 87' lang='lat' dir='ltr'><strong>essent</strong></span> <span class='ocrx_word' id='word_1_654' title='bbox 2665 3994 2852 4059; x_wconf 86' lang='lat' dir='ltr'><strong>avari,</strong></span> <span class='ocrx_word' id='word_1_655' title='bbox 2902 3992 3019 4048; x_wconf 66' lang='lat' dir='ltr'><strong>haec</strong></span> <span class='ocrx_word' id='word_1_656' title='bbox 3069 3991 3362 4047; x_wconf 88' lang='lat' dir='ltr'><strong>audiebant</strong></span> <span class='ocrx_word' id='word_1_657' title='bbox 3410 3998 3465 4045; x_wconf 91' lang='lat' dir='ltr'><strong>et</strong></span> <span class='ocrx_word' id='word_1_658' title='bbox 3516 3991 3869 4046; x_wconf 80' lang='lat' dir='ltr'><strong>irridebant:</strong></span> 
     </span>
    </p>
   </div>
   <div class='ocr_carea' id='block_1_85' title="bbox 2269 4080 3873 4156">
    <p class='ocr_par' dir='ltr' id='par_1_85' title="bbox 2269 4080 3873 4156">
     <span class='ocr_line' id='line_1_85' title="bbox 2269 4080 3873 4156; baseline -0.006 -16"><span class='ocrx_word' id='word_1_659' title='bbox 2269 4101 2499 4156; x_wconf 92' lang='lat' dir='ltr'><strong>quorum</strong></span> <span class='ocrx_word' id='word_1_660' title='bbox 2550 4083 2982 4139; x_wconf 86' lang='lat' dir='ltr'><strong>incredulitatem</strong></span> <span class='ocrx_word' id='word_1_661' title='bbox 3029 4081 3366 4145; x_wconf 88' lang='lat' dir='ltr'><strong>devitemus,</strong></span> <span class='ocrx_word' id='word_1_662' title='bbox 3415 4095 3519 4134; x_wconf 85' lang='lat' dir='ltr'><strong>nec</strong></span> <span class='ocrx_word' id='word_1_663' title='bbox 3568 4080 3873 4133; x_wconf 66' lang='grc' dir='ltr'><strong>ἰνι-ἰςειιιπηε</strong></span> 
     </span>
    </p>
   </div>
   <div class='ocr_carea' id='block_1_86' title="bbox 2270 4172 3879 4248">
    <p class='ocr_par' dir='ltr' id='par_1_86' title="bbox 2270 4172 3879 4248">
     <span class='ocr_line' id='line_1_86' title="bbox 2270 4172 3879 4248; baseline -0.006 -15"><span class='ocrx_word' id='word_1_664' title='bbox 2270 4193 2364 4233; x_wconf 86' lang='lat' dir='ltr'><strong>eos</strong></span> <span class='ocrx_word' id='word_1_665' title='bbox 2390 4178 2482 4248; x_wconf 87' lang='lat' dir='ltr'><strong>qui</strong></span> <span class='ocrx_word' id='word_1_666' title='bbox 2512 4193 2610 4231; x_wconf 90' lang='lat' dir='ltr'><strong>nos</strong></span> <span class='ocrx_word' id='word_1_667' title='bbox 2634 4184 2951 4246; x_wconf 87' lang='lat' dir='ltr'><strong>provocant.</strong></span> <span class='ocrx_word' id='word_1_668' title='bbox 2983 4174 3378 4229; x_wconf 86' lang='lat' dir='ltr'><strong>Reuuntiemus</strong></span> <span class='ocrx_word' id='word_1_669' title='bbox 3403 4172 3638 4236; x_wconf 88' lang='lat' dir='ltr'><strong>mundo,</strong></span> <span class='ocrx_word' id='word_1_670' title='bbox 3672 4184 3733 4227; x_wconf 81' lang='lat' dir='ltr'><strong>ut</strong></span> <span class='ocrx_word' id='word_1_671' title='bbox 3765 4188 3879 4242; x_wconf 55' lang='lat' dir='ltr'><strong>per»</strong></span> 
     </span>
    </p>
   </div>
   <div class='ocr_carea' id='block_1_87' title="bbox 2273 4261 3879 4340">
    <p class='ocr_par' dir='ltr' id='par_1_87' title="bbox 2273 4261 3879 4340">
     <span class='ocr_line' id='line_1_87' title="bbox 2273 4261 3879 4340; baseline -0.004 -18"><span class='ocrx_word' id='word_1_672' title='bbox 2273 4268 2397 4325; x_wconf 90' lang='lat' dir='ltr'><strong>fecti</strong></span> <span class='ocrx_word' id='word_1_673' title='bbox 2430 4269 2731 4340; x_wconf 86' lang='lat' dir='ltr'><strong>perfectum</strong></span> <span class='ocrx_word' id='word_1_674' title='bbox 2760 4281 3054 4336; x_wconf 71' lang='lat' dir='ltr'><strong>sequamur</strong></span> <span class='ocrx_word' id='word_1_675' title='bbox 3084 4265 3422 4318; x_wconf 88' lang='lat' dir='ltr'><strong>thesaurum.</strong></span> <span class='ocrx_word' id='word_1_676' title='bbox 3471 4261 3736 4329; x_wconf 82' lang='lat' dir='ltr'><strong>Quorum</strong></span> <span class='ocrx_word' id='word_1_677' title='bbox 3770 4263 3879 4315; x_wconf 79' lang='lat' dir='ltr'><strong>ani-</strong></span> 
     </span>
    </p>
   </div>
   <div class='ocr_carea' id='block_1_88' title="bbox 2272 4351 3879 4428">
    <p class='ocr_par' dir='ltr' id='par_1_88' title="bbox 2272 4351 3879 4428">
     <span class='ocr_line' id='line_1_88' title="bbox 2272 4351 3879 4428; baseline -0.005 -14"><span class='ocrx_word' id='word_1_678' title='bbox 2272 4376 2416 4414; x_wconf 87' lang='lat' dir='ltr'><strong>mam</strong></span> <span class='ocrx_word' id='word_1_679' title='bbox 2443 4359 2688 4428; x_wconf 89' lang='lat' dir='ltr'><strong>possidet</strong></span> <span class='ocrx_word' id='word_1_680' title='bbox 2712 4357 2962 4420; x_wconf 85' lang='lat' dir='ltr'><strong>avaritia,</strong></span> <span class='ocrx_word' id='word_1_681' title='bbox 2986 4356 3073 4410; x_wconf 89' lang='lat' dir='ltr'><strong>his</strong></span> <span class='ocrx_word' id='word_1_682' title='bbox 3095 4353 3310 4409; x_wconf 86' lang='lat' dir='ltr'><strong>videtur</strong></span> <span class='ocrx_word' id='word_1_683' title='bbox 3336 4369 3434 4423; x_wconf 91' lang='lat' dir='ltr'><strong>pro</strong></span> <span class='ocrx_word' id='word_1_684' title='bbox 3453 4351 3694 4408; x_wconf 85' lang='lat' dir='ltr'><strong>Christo</strong></span> <span class='ocrx_word' id='word_1_685' title='bbox 3716 4354 3879 4409; x_wconf 73' lang='lat' dir='ltr'><strong>stulta</strong></span> 
     </span>
    </p>
   </div>
   <div class='ocr_carea' id='block_1_89' title="bbox 2272 4446 3879 4520">
    <p class='ocr_par' dir='ltr' id='par_1_89' title="bbox 2272 4446 3879 4520">
     <span class='ocr_line' id='line_1_89' title="bbox 2272 4446 3879 4520; baseline -0.002 -17"><span class='ocrx_word' id='word_1_686' title='bbox 2272 4458 2583 4520; x_wconf 82' lang='lat' dir='ltr'><strong>paupertas.</strong></span> <span class='ocrx_word' id='word_1_687' title='bbox 2650 4447 2896 4513; x_wconf 74' lang='lat' dir='ltr'><strong>Qua&#39;stus</strong></span> <span class='ocrx_word' id='word_1_688' title='bbox 2951 4456 3027 4501; x_wconf 86' lang='lat' dir='ltr'><strong>est</strong></span> <span class='ocrx_word' id='word_1_689' title='bbox 3079 4463 3301 4516; x_wconf 88' lang='lat' dir='ltr'><strong>magnus</strong></span> <span class='ocrx_word' id='word_1_690' title='bbox 3352 4446 3523 4516; x_wconf 87' lang='lat' dir='ltr'><strong>pietas</strong></span> <span class='ocrx_word' id='word_1_691' title='bbox 3566 4463 3700 4499; x_wconf 68' lang='lat' dir='ltr'><strong>cum</strong></span> <span class='ocrx_word' id='word_1_692' title='bbox 3740 4447 3879 4514; x_wconf 59' lang='grc' dir='ltr'><strong>πβ-</strong></span> 
     </span>
    </p>
   </div>
   <div class='ocr_carea' id='block_1_90' title="bbox 581 4535 3882 4631">
    <p class='ocr_par' dir='ltr' id='par_1_90' title="bbox 581 4535 3882 4631">
     <span class='ocr_line' id='line_1_90' title="bbox 581 4535 3882 4631; baseline -0.002 -38"><span class='ocrx_word' id='word_1_693' title='bbox 581 4539 686 4593; x_wconf 87' lang='lat' dir='ltr'><strong>ca&#39;ti</strong></span> <span class='ocrx_word' id='word_1_694' title='bbox 720 4541 863 4604; x_wconf 90' lang='lat' dir='ltr'><strong>estis,</strong></span> <span class='ocrx_word' id='word_1_695' title='bbox 910 4548 1115 4593; x_wconf 89' lang='lat' dir='ltr'><strong>tantum</strong></span> <span class='ocrx_word' id='word_1_696' title='bbox 1157 4557 1220 4593; x_wconf 91' lang='lat' dir='ltr'><strong>ne</strong></span> <span class='ocrx_word' id='word_1_697' title='bbox 1262 4538 1501 4592; x_wconf 87' lang='lat' dir='ltr'><strong>libertate</strong></span> <span class='ocrx_word' id='word_1_698' title='bbox 1538 4539 1593 4592; x_wconf 85' lang='lat' dir='ltr'><strong>in</strong></span> <span class='ocrx_word' id='word_1_699' title='bbox 1635 4539 1961 4592; x_wconf 87' lang='lat' dir='ltr'><strong>occasionem</strong></span> <span class='ocrx_word' id='word_1_700' title='bbox 1994 4539 2171 4591; x_wconf 87' lang='lat' dir='ltr'><strong>carnis</strong></span> <span class='ocrx_word' id='word_1_701' title='bbox 2196 4571 2251 4631; x_wconf 71' lang='grc' dir='ltr'>Β</span> <span class='ocrx_word' id='word_1_702' title='bbox 2278 4540 2486 4594; x_wconf 86' lang='lat' dir='ltr'><strong>cientia.</strong></span> <span class='ocrx_word' id='word_1_703' title='bbox 2531 4537 2683 4591; x_wconf 85' lang='lat' dir='ltr'><strong>Nihil</strong></span> <span class='ocrx_word' id='word_1_704' title='bbox 2715 4538 2854 4591; x_wconf 86' lang='lat' dir='ltr'><strong>enim</strong></span> <span class='ocrx_word' id='word_1_705' title='bbox 2886 4536 3162 4591; x_wconf 88' lang='lat' dir='ltr'><strong>intulimus</strong></span> <span class='ocrx_word' id='word_1_706' title='bbox 3199 4536 3256 4589; x_wconf 88' lang='lat' dir='ltr'><strong>in</strong></span> <span class='ocrx_word' id='word_1_707' title='bbox 3289 4535 3429 4589; x_wconf 87' lang='lat' dir='ltr'><strong>hunc</strong></span> <span class='ocrx_word' id='word_1_708' title='bbox 3465 4537 3767 4601; x_wconf 68' lang='lat' dir='ltr'><strong>mundum,</strong></span> <span class='ocrx_word' id='word_1_709' title='bbox 3801 4550 3882 4588; x_wconf 74' lang='lat' dir='ltr'><strong>nes</strong></span> 
     </span>
    </p>
   </div>
   <div class='ocr_carea' id='block_1_91' title="bbox 578 4624 2173 4700">
    <p class='ocr_par' dir='ltr' id='par_1_91' title="bbox 578 4624 2173 4700">
     <span class='ocr_line' id='line_1_91' title="bbox 578 4624 2173 4700; baseline -0.003 -15"><span class='ocrx_word' id='word_1_710' title='bbox 578 4624 895 4693; x_wconf 61' lang='lat' dir='ltr'><strong>abutamini,</strong></span> <span class='ocrx_word' id='word_1_711' title='bbox 932 4630 1022 4682; x_wconf 89' lang='lat' dir='ltr'><strong>sed</strong></span> <span class='ocrx_word' id='word_1_712' title='bbox 1051 4630 1308 4683; x_wconf 86' lang='lat' dir='ltr'><strong>charitate</strong></span> <span class='ocrx_word' id='word_1_713' title='bbox 1341 4630 1527 4683; x_wconf 82' lang='lat' dir='ltr'><strong>servile</strong></span> <span class='ocrx_word' id='word_1_714' title='bbox 1558 4630 1778 4683; x_wconf 88' lang='lat' dir='ltr'><strong>invicem</strong></span> <span class='ocrx_word' id='word_1_715' title='bbox 1806 4626 1950 4700; x_wconf 84' lang='lat' dir='ltr'><strong>(Gal.</strong></span> <span class='ocrx_word' id='word_1_716' title='bbox 1982 4627 2057 4698; x_wconf 90' lang='lat' dir='ltr'><strong>v).</strong></span> <span class='ocrx_word' id='word_1_717' title='bbox 2104 4628 2173 4681; x_wconf 87' lang='lat' dir='ltr'><strong>Et</strong></span> 
     </span>
    </p>
   </div>
   <div class='ocr_carea' id='block_1_92' title="bbox 581 4718 2172 4789">
    <p class='ocr_par' dir='ltr' id='par_1_92' title="bbox 581 4718 2172 4789">
     <span class='ocr_line' id='line_1_92' title="bbox 581 4718 2172 4789; baseline -0.002 -12"><span class='ocrx_word' id='word_1_718' title='bbox 581 4718 783 4777; x_wconf 79' lang='lat' dir='ltr'><strong>lterum</strong></span> <span class='ocrx_word' id='word_1_719' title='bbox 809 4738 821 4774; x_wconf 92' lang='lat'><strong>:</strong></span> <span class='ocrx_word' id='word_1_720' title='bbox 858 4718 1115 4774; x_wconf 87' lang='lat' dir='ltr'><strong>Dominus</strong></span> <span class='ocrx_word' id='word_1_721' title='bbox 1146 4720 1304 4789; x_wconf 89' lang='lat' dir='ltr'><strong>juxta</strong></span> <span class='ocrx_word' id='word_1_722' title='bbox 1331 4730 1439 4787; x_wconf 88' lang='lat' dir='ltr'><strong>est,</strong></span> <span class='ocrx_word' id='word_1_723' title='bbox 1480 4719 1638 4774; x_wconf 89' lang='lat' dir='ltr'><strong>nolite</strong></span> <span class='ocrx_word' id='word_1_724' title='bbox 1665 4737 1775 4774; x_wconf 90' lang='lat' dir='ltr'><strong>esse</strong></span> <span class='ocrx_word' id='word_1_725' title='bbox 1802 4719 2044 4783; x_wconf 86' lang='lat' dir='ltr'><strong>solliciti,</strong></span> <span class='ocrx_word' id='word_1_726' title='bbox 2081 4720 2172 4774; x_wconf 88' lang='lat' dir='ltr'><strong>sed</strong></span> 
     </span>
    </p>
   </div>
   <div class='ocr_carea' id='block_1_93' title="bbox 582 4806 2168 4881">
    <p class='ocr_par' dir='ltr' id='par_1_93' title="bbox 582 4806 2168 4881">
     <span class='ocr_line' id='line_1_93' title="bbox 582 4806 2168 4881; baseline 0 -19"><span class='ocrx_word' id='word_1_727' title='bbox 582 4807 741 4863; x_wconf 82' lang='lat' dir='ltr'><strong>estote</strong></span> <span class='ocrx_word' id='word_1_728' title='bbox 768 4808 823 4863; x_wconf 89' lang='lat' dir='ltr'><strong>in</strong></span> <span class='ocrx_word' id='word_1_729' title='bbox 850 4810 1089 4863; x_wconf 88' lang='lat' dir='ltr'><strong>oratione</strong></span> <span class='ocrx_word' id='word_1_730' title='bbox 1118 4811 1301 4864; x_wconf 89' lang='lat' dir='ltr'><strong>intenti</strong></span> <span class='ocrx_word' id='word_1_731' title='bbox 1332 4819 1378 4864; x_wconf 89' lang='lat' dir='ltr'><strong>et</strong></span> <span class='ocrx_word' id='word_1_732' title='bbox 1406 4808 1856 4881; x_wconf 87' lang='lat' dir='ltr'><strong>deprecationibus</strong></span> <span class='ocrx_word' id='word_1_733' title='bbox 1880 4806 2047 4880; x_wconf 87' lang='lat' dir='ltr'><strong>(Phil.</strong></span> <span class='ocrx_word' id='word_1_734' title='bbox 2073 4808 2168 4881; x_wconf 75' lang='grc' dir='ltr'><strong>ιν).</strong></span> 
     </span>
    </p>
   </div>
   <div class='ocr_carea' id='block_1_94' title="bbox 586 4890 2174 4970">
    <p class='ocr_par' dir='ltr' id='par_1_94' title="bbox 586 4890 2174 4970">
     <span class='ocr_line' id='line_1_94' title="bbox 586 4890 2174 4970; baseline 0 -15"><span class='ocrx_word' id='word_1_735' title='bbox 586 4899 739 4955; x_wconf 90' lang='lat' dir='ltr'><strong>Sciat</strong></span> <span class='ocrx_word' id='word_1_736' title='bbox 766 4914 980 4970; x_wconf 88' lang='lat' dir='ltr'><strong>quoque</strong></span> <span class='ocrx_word' id='word_1_737' title='bbox 1019 4900 1109 4954; x_wconf 91' lang='lat' dir='ltr'><strong>ille</strong></span> <span class='ocrx_word' id='word_1_738' title='bbox 1138 4902 1230 4970; x_wconf 92' lang='lat' dir='ltr'><strong>qui</strong></span> <span class='ocrx_word' id='word_1_739' title='bbox 1268 4901 1336 4955; x_wconf 89' lang='lat' dir='ltr'><strong>ab</strong></span> <span class='ocrx_word' id='word_1_740' title='bbox 1360 4890 1467 4955; x_wconf 84' lang='lat' dir='ltr'><strong>alio</strong></span> <span class='ocrx_word' id='word_1_741' title='bbox 1496 4901 1800 4970; x_wconf 87' lang='lat' dir='ltr'><strong>susceperit</strong></span> <span class='ocrx_word' id='word_1_742' title='bbox 1825 4901 2174 4956; x_wconf 89' lang='lat' dir='ltr'><strong>commenda-</strong></span> 
     </span>
    </p>
   </div>
   <div class='ocr_carea' id='block_1_95' title="bbox 582 4989 2172 5062">
    <p class='ocr_par' dir='ltr' id='par_1_95' title="bbox 582 4989 2172 5062">
     <span class='ocr_line' id='line_1_95' title="bbox 582 4989 2172 5062; baseline -0.002 -15"><span class='ocrx_word' id='word_1_743' title='bbox 582 5003 726 5060; x_wconf 84' lang='lat' dir='ltr'><strong>tum,</strong></span> <span class='ocrx_word' id='word_1_744' title='bbox 767 5001 823 5049; x_wconf 91' lang='lat' dir='ltr'><strong>et</strong></span> <span class='ocrx_word' id='word_1_745' title='bbox 854 5007 968 5047; x_wconf 90' lang='lat' dir='ltr'><strong>rem</strong></span> <span class='ocrx_word' id='word_1_746' title='bbox 999 5008 1058 5047; x_wconf 92' lang='lat' dir='ltr'><strong>se</strong></span> <span class='ocrx_word' id='word_1_747' title='bbox 1089 4990 1387 5047; x_wconf 87' lang='lat' dir='ltr'><strong>arbitratur</strong></span> <span class='ocrx_word' id='word_1_748' title='bbox 1416 4991 1596 5047; x_wconf 85' lang='lat' dir='ltr'><strong>facere</strong></span> <span class='ocrx_word' id='word_1_749' title='bbox 1624 4991 1800 5062; x_wconf 90' lang='lat' dir='ltr'><strong>piam,</strong></span> <span class='ocrx_word' id='word_1_750' title='bbox 1847 5000 1907 5045; x_wconf 91' lang='lat' dir='ltr'><strong>ut</strong></span> <span class='ocrx_word' id='word_1_751' title='bbox 1946 4989 2172 5045; x_wconf 89' lang='lat' dir='ltr'><strong>fratrem</strong></span> 
     </span>
    </p>
   </div>
   <div class='ocr_carea' id='block_1_96' title="bbox 584 5082 2176 5155">
    <p class='ocr_par' dir='ltr' id='par_1_96' title="bbox 584 5082 2176 5155">
     <span class='ocr_line' id='line_1_96' title="bbox 584 5082 2176 5155; baseline 0.001 -21"><span class='ocrx_word' id='word_1_752' title='bbox 584 5083 897 5155; x_wconf 78' lang='lat' dir='ltr'><strong>refrigeret,</strong></span> <span class='ocrx_word' id='word_1_753' title='bbox 937 5082 1082 5153; x_wconf 89' lang='lat' dir='ltr'><strong>quod</strong></span> <span class='ocrx_word' id='word_1_754' title='bbox 1108 5092 1295 5153; x_wconf 90' lang='lat' dir='ltr'><strong>peccet</strong></span> <span class='ocrx_word' id='word_1_755' title='bbox 1322 5092 1513 5137; x_wconf 90' lang='lat' dir='ltr'><strong>contra</strong></span> <span class='ocrx_word' id='word_1_756' title='bbox 1544 5082 1783 5136; x_wconf 87' lang='lat' dir='ltr'><strong>animam</strong></span> <span class='ocrx_word' id='word_1_757' title='bbox 1819 5098 1970 5137; x_wconf 88' lang='lat' dir='ltr'><strong>suam</strong></span> <span class='ocrx_word' id='word_1_758' title='bbox 1991 5122 2006 5146; x_wconf 91' lang='lat'><strong>,</strong></span> <span class='ocrx_word' id='word_1_759' title='bbox 2038 5082 2176 5136; x_wconf 88' lang='lat' dir='ltr'><strong>sub-</strong></span> 
     </span>
    </p>
   </div>
   <div class='ocr_carea' id='block_1_97' title="bbox 584 5171 2173 5246">
    <p class='ocr_par' dir='ltr' id='par_1_97' title="bbox 584 5171 2173 5246">
     <span class='ocr_line' id='line_1_97' title="bbox 584 5171 2173 5246; baseline -0.001 -21"><span class='ocrx_word' id='word_1_760' title='bbox 584 5183 800 5231; x_wconf 80' lang='lat' dir='ltr'><strong>vertens</strong></span> <span class='ocrx_word' id='word_1_761' title='bbox 844 5173 1085 5246; x_wconf 88' lang='lat' dir='ltr'><strong>regulam</strong></span> <span class='ocrx_word' id='word_1_762' title='bbox 1133 5172 1473 5227; x_wconf 79' lang='lat' dir='ltr'><strong>monasterii.</strong></span> <span class='ocrx_word' id='word_1_763' title='bbox 1522 5172 1568 5228; x_wconf 93' lang='grc' dir='ltr'>Ο</span> <span class='ocrx_word' id='word_1_764' title='bbox 1610 5171 1807 5237; x_wconf 88' lang='lat' dir='ltr'><strong>stulte,</strong></span> <span class='ocrx_word' id='word_1_765' title='bbox 1857 5173 2036 5226; x_wconf 89' lang='lat' dir='ltr'><strong>anima</strong></span> <span class='ocrx_word' id='word_1_766' title='bbox 2082 5179 2173 5224; x_wconf 90' lang='lat' dir='ltr'><strong>tua</strong></span> 
     </span>
    </p>
   </div>
   <div class='ocr_carea' id='block_1_98' title="bbox 580 5264 2174 5336">
    <p class='ocr_par' dir='ltr' id='par_1_98' title="bbox 580 5264 2174 5336">
     <span class='ocr_line' id='line_1_98' title="bbox 580 5264 2174 5336; baseline -0.001 -17"><span class='ocrx_word' id='word_1_767' title='bbox 580 5268 871 5323; x_wconf 85' lang='lat' dir='ltr'><strong>commissa</strong></span> <span class='ocrx_word' id='word_1_768' title='bbox 903 5274 988 5322; x_wconf 91' lang='lat' dir='ltr'><strong>est</strong></span> <span class='ocrx_word' id='word_1_769' title='bbox 1016 5265 1312 5336; x_wconf 70' lang='lat' dir='ltr'><strong>Praeposito</strong></span> <span class='ocrx_word' id='word_1_770' title='bbox 1350 5273 1469 5328; x_wconf 91' lang='lat' dir='ltr'><strong>tuo,</strong></span> <span class='ocrx_word' id='word_1_771' title='bbox 1519 5272 1574 5320; x_wconf 88' lang='lat' dir='ltr'><strong>et</strong></span> <span class='ocrx_word' id='word_1_772' title='bbox 1613 5265 1706 5334; x_wconf 89' lang='lat' dir='ltr'><strong>qui</strong></span> <span class='ocrx_word' id='word_1_773' title='bbox 1749 5264 1985 5319; x_wconf 86' lang='lat' dir='ltr'><strong>animam</strong></span> <span class='ocrx_word' id='word_1_774' title='bbox 2029 5272 2174 5318; x_wconf 90' lang='lat' dir='ltr'><strong>tuam</strong></span> 
     </span>
    </p>
   </div>
   <div class='ocr_carea' id='block_1_99' title="bbox 585 5353 2174 5428">
    <p class='ocr_par' dir='ltr' id='par_1_99' title="bbox 585 5353 2174 5428">
     <span class='ocr_line' id='line_1_99' title="bbox 585 5353 2174 5428; baseline -0.003 -17"><span class='ocrx_word' id='word_1_775' title='bbox 585 5371 888 5428; x_wconf 86' lang='lat' dir='ltr'><strong>corpusque</strong></span> <span class='ocrx_word' id='word_1_776' title='bbox 914 5356 1186 5421; x_wconf 88' lang='lat' dir='ltr'><strong>custodit,</strong></span> <span class='ocrx_word' id='word_1_777' title='bbox 1230 5354 1486 5428; x_wconf 88' lang='lat' dir='ltr'><strong>indignus</strong></span> <span class='ocrx_word' id='word_1_778' title='bbox 1525 5354 1817 5410; x_wconf 89' lang='lat' dir='ltr'><strong>habebitur</strong></span> <span class='ocrx_word' id='word_1_779' title='bbox 1844 5361 1905 5409; x_wconf 89' lang='lat' dir='ltr'><strong>ut</strong></span> <span class='ocrx_word' id='word_1_780' title='bbox 1932 5353 2174 5425; x_wconf 86' lang='lat' dir='ltr'><strong>peritura</strong></span> 
     </span>
    </p>
   </div>
   <div class='ocr_carea' id='block_1_100' title="bbox 587 5445 2178 5518">
    <p class='ocr_par' dir='ltr' id='par_1_100' title="bbox 587 5445 2178 5518">
     <span class='ocr_line' id='line_1_100' title="bbox 587 5445 2178 5518; baseline -0.001 -14"><span class='ocrx_word' id='word_1_781' title='bbox 587 5450 914 5504; x_wconf 82' lang='lat' dir='ltr'><strong>conservet?</strong></span> <span class='ocrx_word' id='word_1_782' title='bbox 950 5449 1209 5505; x_wconf 78' lang='lat' dir='ltr'><strong>Amemus</strong></span> <span class='ocrx_word' id='word_1_783' title='bbox 1231 5447 1529 5517; x_wconf 87' lang='lat' dir='ltr'><strong>justitiam,</strong></span> <span class='ocrx_word' id='word_1_784' title='bbox 1564 5456 1625 5503; x_wconf 92' lang='lat' dir='ltr'><strong>ut</strong></span> <span class='ocrx_word' id='word_1_785' title='bbox 1648 5445 2031 5518; x_wconf 81' lang='lat' dir='ltr'><strong>justiﬂcemur.</strong></span> <span class='ocrx_word' id='word_1_786' title='bbox 2079 5445 2178 5502; x_wconf 83' lang='lat' dir='ltr'><strong>Le-</strong></span> 
     </span>
    </p>
   </div>
   <div class='ocr_carea' id='block_1_101' title="bbox 588 5526 2180 5614">
    <p class='ocr_par' dir='ltr' id='par_1_101' title="bbox 588 5526 2180 5614">
     <span class='ocr_line' id='line_1_101' title="bbox 588 5526 2180 5614; baseline -0.003 -16"><span class='ocrx_word' id='word_1_787' title='bbox 588 5541 768 5614; x_wconf 77' lang='lat' dir='ltr'><strong>gimus</strong></span> <span class='ocrx_word' id='word_1_788' title='bbox 806 5541 988 5597; x_wconf 85' lang='lat' dir='ltr'><strong>enim:</strong></span> <span class='ocrx_word' id='word_1_789' title='bbox 1041 5526 1409 5598; x_wconf 70' lang='lat' dir='ltr'><strong>Misericordia</strong></span> <span class='ocrx_word' id='word_1_790' title='bbox 1450 5541 1679 5596; x_wconf 85' lang='lat' dir='ltr'><strong>occurrit</strong></span> <span class='ocrx_word' id='word_1_791' title='bbox 1724 5541 1804 5595; x_wconf 90' lang='lat' dir='ltr'><strong>his</strong></span> <span class='ocrx_word' id='word_1_792' title='bbox 1846 5540 1935 5612; x_wconf 90' lang='lat' dir='ltr'><strong>qui</strong></span> <span class='ocrx_word' id='word_1_793' title='bbox 1976 5539 2180 5609; x_wconf 83' lang='lat' dir='ltr'><strong>faciunt</strong></span> 
     </span>
    </p>
   </div>
   <div class='ocr_carea' id='block_1_102' title="bbox 590 5632 1709 5686">
    <p class='ocr_par' dir='ltr' id='par_1_102' title="bbox 590 5632 1709 5686">
     <span class='ocr_line' id='line_1_102' title="bbox 590 5632 1709 5686; baseline -0.003 -2"><span class='ocrx_word' id='word_1_794' title='bbox 590 5632 883 5686; x_wconf 72' lang='lat' dir='ltr'><strong>veritatem.</strong></span> <span class='ocrx_word' id='word_1_795' title='bbox 1472 5632 1479 5641; x_wconf 88' lang='grc'><em>’</em></span> <span class='ocrx_word' id='word_1_796' title='bbox 1702 5674 1709 5681; x_wconf 71' lang='grc'>,</span> 
     </span>
    </p>
   </div>
   <div class='ocr_carea' id='block_1_103' title="bbox 664 5718 2182 5796">
    <p class='ocr_par' dir='ltr' id='par_1_103' title="bbox 664 5718 2182 5796">
     <span class='ocr_line' id='line_1_103' title="bbox 664 5718 2182 5796; baseline -0.001 -20"><span class='ocrx_word' id='word_1_797' title='bbox 664 5719 876 5777; x_wconf 77' lang='lat' dir='ltr'><strong>XXVII.</strong></span> <span class='ocrx_word' id='word_1_798' title='bbox 920 5720 1038 5780; x_wconf 78' lang='lat' dir='ltr'><strong>Hoc</strong></span> <span class='ocrx_word' id='word_1_799' title='bbox 1077 5740 1293 5796; x_wconf 86' lang='lat' dir='ltr'><strong>quoque</strong></span> <span class='ocrx_word' id='word_1_800' title='bbox 1331 5721 1734 5780; x_wconf 89' lang='lat' dir='ltr'><strong>observandum</strong></span> <span class='ocrx_word' id='word_1_801' title='bbox 1780 5729 1900 5785; x_wconf 87' lang='lat' dir='ltr'><strong>est,</strong></span> <span class='ocrx_word' id='word_1_802' title='bbox 1947 5733 2016 5773; x_wconf 90' lang='lat' dir='ltr'><strong>ne</strong></span> <span class='ocrx_word' id='word_1_803' title='bbox 2059 5718 2182 5788; x_wconf 86' lang='lat' dir='ltr'><strong>quis</strong></span> 
     </span>
    </p>
   </div>
   <div class='ocr_carea' id='block_1_104' title="bbox 590 5811 2182 5886">
    <p class='ocr_par' dir='ltr' id='par_1_104' title="bbox 590 5811 2182 5886">
     <span class='ocr_line' id='line_1_104' title="bbox 590 5811 2182 5886; baseline -0.003 -15"><span class='ocrx_word' id='word_1_804' title='bbox 590 5812 757 5871; x_wconf 72' lang='lat' dir='ltr'><strong>stulta</strong></span> <span class='ocrx_word' id='word_1_805' title='bbox 783 5814 1111 5886; x_wconf 76' lang='lat' dir='ltr'><strong>cogitatione</strong></span> <span class='ocrx_word' id='word_1_806' title='bbox 1139 5817 1414 5885; x_wconf 77' lang='lat' dir='ltr'><strong>deceptus.</strong></span> <span class='ocrx_word' id='word_1_807' title='bbox 1451 5817 1559 5870; x_wconf 86' lang='lat' dir='ltr'><strong>imo</strong></span> <span class='ocrx_word' id='word_1_808' title='bbox 1587 5812 1784 5885; x_wconf 71' lang='lat' dir='ltr'><strong>diaboli</strong></span> <span class='ocrx_word' id='word_1_809' title='bbox 1818 5811 2025 5885; x_wconf 87' lang='lat' dir='ltr'><strong>laqueis</strong></span> <span class='ocrx_word' id='word_1_810' title='bbox 2052 5811 2182 5867; x_wconf 87' lang='lat' dir='ltr'><strong>irre-</strong></span> 
     </span>
    </p>
   </div>
   <div class='ocr_carea' id='block_1_105' title="bbox 2279 4628 3884 4703">
    <p class='ocr_par' dir='ltr' id='par_1_105' title="bbox 2279 4628 3884 4703">
     <span class='ocr_line' id='line_1_105' title="bbox 2279 4628 3884 4703; baseline -0.005 -16"><span class='ocrx_word' id='word_1_811' title='bbox 2279 4631 2489 4702; x_wconf 79' lang='lat' dir='ltr'><strong>auferre</strong></span> <span class='ocrx_word' id='word_1_812' title='bbox 2537 4631 2665 4703; x_wconf 90' lang='lat' dir='ltr'><strong>quid</strong></span> <span class='ocrx_word' id='word_1_813' title='bbox 2716 4644 3038 4700; x_wconf 88' lang='lat' dir='ltr'><strong>possumus:</strong></span> <span class='ocrx_word' id='word_1_814' title='bbox 3092 4628 3341 4683; x_wconf 83' lang='lat' dir='ltr'><strong>habentes</strong></span> <span class='ocrx_word' id='word_1_815' title='bbox 3393 4628 3535 4681; x_wconf 81' lang='lat' dir='ltr'><strong>enim</strong></span> <span class='ocrx_word' id='word_1_816' title='bbox 3581 4629 3797 4683; x_wconf 70' lang='lat' dir='ltr'><strong>victum</strong></span> <span class='ocrx_word' id='word_1_817' title='bbox 3846 4636 3884 4679; x_wconf 68' lang='grc' dir='ltr'><em>α</em></span> 
     </span>
    </p>
   </div>
   <div class='ocr_carea' id='block_1_106' title="bbox 2280 4719 3889 4789">
    <p class='ocr_par' dir='ltr' id='par_1_106' title="bbox 2280 4719 3889 4789">
     <span class='ocr_line' id='line_1_106' title="bbox 2280 4719 3889 4789; baseline -0.005 -10"><span class='ocrx_word' id='word_1_818' title='bbox 2280 4726 2541 4789; x_wconf 84' lang='lat' dir='ltr'><strong>vestitum,</strong></span> <span class='ocrx_word' id='word_1_819' title='bbox 2583 4723 2663 4777; x_wconf 85' lang='lat' dir='ltr'><strong>his</strong></span> <span class='ocrx_word' id='word_1_820' title='bbox 2703 4722 2929 4776; x_wconf 87' lang='lat' dir='ltr'><strong>contenti</strong></span> <span class='ocrx_word' id='word_1_821' title='bbox 2971 4721 3156 4775; x_wconf 87' lang='lat' dir='ltr'><strong>sintus.</strong></span> <span class='ocrx_word' id='word_1_822' title='bbox 3199 4719 3303 4785; x_wconf 88' lang='lat' dir='ltr'><strong>Qui</strong></span> <span class='ocrx_word' id='word_1_823' title='bbox 3346 4729 3527 4774; x_wconf 86' lang='lat' dir='ltr'><strong>autem</strong></span> <span class='ocrx_word' id='word_1_824' title='bbox 3570 4719 3777 4774; x_wconf 69' lang='lat' dir='ltr'><strong>solum</strong></span> <span class='ocrx_word' id='word_1_825' title='bbox 3818 4720 3889 4771; x_wconf 69' lang='lat'><strong>£-</strong></span> 
     </span>
    </p>
   </div>
   <div class='ocr_carea' id='block_1_107' title="bbox 2281 4811 3888 4884">
    <p class='ocr_par' dir='ltr' id='par_1_107' title="bbox 2281 4811 3888 4884">
     <span class='ocr_line' id='line_1_107' title="bbox 2281 4811 3888 4884; baseline -0.006 -15"><span class='ocrx_word' id='word_1_826' title='bbox 2281 4817 2405 4870; x_wconf 84' lang='lat' dir='ltr'><strong>vites</strong></span> <span class='ocrx_word' id='word_1_827' title='bbox 2448 4814 2597 4884; x_wconf 78' lang='lat' dir='ltr'><strong>ﬁeri,</strong></span> <span class='ocrx_word' id='word_1_828' title='bbox 2645 4813 2883 4868; x_wconf 88' lang='lat' dir='ltr'><strong>incidunt</strong></span> <span class='ocrx_word' id='word_1_829' title='bbox 2926 4814 2985 4867; x_wconf 84' lang='lat' dir='ltr'><strong>in</strong></span> <span class='ocrx_word' id='word_1_830' title='bbox 3020 4811 3358 4867; x_wconf 84' lang='lat' dir='ltr'><strong>tentationcm</strong></span> <span class='ocrx_word' id='word_1_831' title='bbox 3400 4821 3448 4864; x_wconf 88' lang='lat' dir='ltr'><strong>et</strong></span> <span class='ocrx_word' id='word_1_832' title='bbox 3488 4812 3800 4882; x_wconf 68' lang='lat' dir='ltr'><strong>laqueum,</strong></span> <span class='ocrx_word' id='word_1_833' title='bbox 3842 4812 3888 4859; x_wconf 68' lang='lat' dir='ltr'><strong>in</strong></span> 
     </span>
    </p>
   </div>
   <div class='ocr_carea' id='block_1_108' title="bbox 2280 4900 3891 4976">
    <p class='ocr_par' dir='ltr' id='par_1_108' title="bbox 2280 4900 3891 4976">
     <span class='ocr_line' id='line_1_108' title="bbox 2280 4900 3891 4976; baseline -0.006 -16"><span class='ocrx_word' id='word_1_834' title='bbox 2280 4906 2723 4976; x_wconf 86' lang='lat' dir='ltr'><strong>concupiscentias</strong></span> <span class='ocrx_word' id='word_1_835' title='bbox 2755 4903 2972 4968; x_wconf 87' lang='lat' dir='ltr'><strong>multas,</strong></span> <span class='ocrx_word' id='word_1_836' title='bbox 2995 4919 3114 4974; x_wconf 75' lang='lat' dir='ltr'><strong>qua:</strong></span> <span class='ocrx_word' id='word_1_837' title='bbox 3147 4911 3267 4956; x_wconf 88' lang='lat' dir='ltr'><strong>sunt</strong></span> <span class='ocrx_word' id='word_1_838' title='bbox 3302 4900 3479 4955; x_wconf 71' lang='lat' dir='ltr'><strong>stulta!</strong></span> <span class='ocrx_word' id='word_1_839' title='bbox 3515 4909 3567 4954; x_wconf 91' lang='lat' dir='ltr'><strong>et</strong></span> <span class='ocrx_word' id='word_1_840' title='bbox 3603 4903 3825 4961; x_wconf 61' lang='lat' dir='ltr'><strong>noxia,</strong></span> <span class='ocrx_word' id='word_1_841' title='bbox 3850 4908 3891 4950; x_wconf 70' lang='grc' dir='ltr'><em>α</em></span> 
     </span>
    </p>
   </div>
   <div class='ocr_carea' id='block_1_109' title="bbox 2280 4990 3895 5065">
    <p class='ocr_par' dir='ltr' id='par_1_109' title="bbox 2280 4990 3895 5065">
     <span class='ocr_line' id='line_1_109' title="bbox 2280 4990 3895 5065; baseline -0.005 -16"><span class='ocrx_word' id='word_1_842' title='bbox 2280 4996 2582 5065; x_wconf 88' lang='lat' dir='ltr'><strong>demergunt</strong></span> <span class='ocrx_word' id='word_1_843' title='bbox 2603 4996 2837 5049; x_wconf 88' lang='lat' dir='ltr'><strong>homines</strong></span> <span class='ocrx_word' id='word_1_844' title='bbox 2859 4996 2914 5048; x_wconf 88' lang='lat' dir='ltr'><strong>in</strong></span> <span class='ocrx_word' id='word_1_845' title='bbox 2939 4993 3208 5047; x_wconf 86' lang='lat' dir='ltr'><strong>interitum</strong></span> <span class='ocrx_word' id='word_1_846' title='bbox 3230 5001 3277 5045; x_wconf 89' lang='lat' dir='ltr'><strong>et</strong></span> <span class='ocrx_word' id='word_1_847' title='bbox 3300 4991 3682 5061; x_wconf 72' lang='lat' dir='ltr'><strong>perditionem.</strong></span> <span class='ocrx_word' id='word_1_848' title='bbox 3710 4990 3895 5043; x_wconf 67' lang='lat' dir='ltr'><strong>Redis</strong></span> 
     </span>
    </p>
   </div>
   <div class='ocr_carea' id='block_1_110' title="bbox 2282 5078 3639 5152">
    <p class='ocr_par' dir='ltr' id='par_1_110' title="bbox 2282 5078 3639 5152">
     <span class='ocr_line' id='line_1_110' title="bbox 2282 5078 3639 5152; baseline -0.005 -14"><span class='ocrx_word' id='word_1_849' title='bbox 2282 5086 2420 5138; x_wconf 87' lang='lat' dir='ltr'><strong>enim</strong></span> <span class='ocrx_word' id='word_1_850' title='bbox 2448 5085 2681 5137; x_wconf 88' lang='lat' dir='ltr'><strong>omnium</strong></span> <span class='ocrx_word' id='word_1_851' title='bbox 2706 5082 2969 5137; x_wconf 89' lang='lat' dir='ltr'><strong>malorum</strong></span> <span class='ocrx_word' id='word_1_852' title='bbox 2996 5082 3258 5152; x_wconf 80' lang='lat' dir='ltr'><strong>cupiditas</strong></span> <span class='ocrx_word' id='word_1_853' title='bbox 3285 5080 3338 5152; x_wconf 91' lang='grc'><strong>(1</strong></span> <span class='ocrx_word' id='word_1_854' title='bbox 3368 5079 3505 5133; x_wconf 84' lang='lat' dir='ltr'><strong>Tim.</strong></span> <span class='ocrx_word' id='word_1_855' title='bbox 3533 5078 3639 5144; x_wconf 80' lang='lat' dir='ltr'><strong>vr).</strong></span> 
     </span>
    </p>
   </div>
   <div class='ocr_carea' id='block_1_111' title="bbox 2354 5171 3899 5245">
    <p class='ocr_par' dir='ltr' id='par_1_111' title="bbox 2354 5171 3899 5245">
     <span class='ocr_line' id='line_1_111' title="bbox 2354 5171 3899 5245; baseline -0.001 -15"><span class='ocrx_word' id='word_1_856' title='bbox 2354 5175 2586 5230; x_wconf 77' lang='lat' dir='ltr'><strong>XXVIII.</strong></span> <span class='ocrx_word' id='word_1_857' title='bbox 2630 5175 2814 5245; x_wconf 89' lang='lat' dir='ltr'><strong>Usque</strong></span> <span class='ocrx_word' id='word_1_858' title='bbox 2848 5174 3010 5229; x_wconf 91' lang='lat' dir='ltr'><strong>hodie</strong></span> <span class='ocrx_word' id='word_1_859' title='bbox 3048 5172 3195 5227; x_wconf 85' lang='lat' dir='ltr'><strong>Elias</strong></span> <span class='ocrx_word' id='word_1_860' title='bbox 3234 5171 3486 5227; x_wconf 89' lang='lat' dir='ltr'><strong>Israelem</strong></span> <span class='ocrx_word' id='word_1_861' title='bbox 3526 5172 3789 5243; x_wconf 86' lang='lat' dir='ltr'><strong>corripit</strong></span> <span class='ocrx_word' id='word_1_862' title='bbox 3818 5174 3899 5228; x_wconf 77' lang='lat' dir='ltr'><strong>di-</strong></span> 
     </span>
    </p>
   </div>
   <div class='ocr_carea' id='block_1_112' title="bbox 2283 5258 3900 5333">
    <p class='ocr_par' dir='ltr' id='par_1_112' title="bbox 2283 5258 3900 5333">
     <span class='ocr_line' id='line_1_112' title="bbox 2283 5258 3900 5333; baseline -0.004 -14"><span class='ocrx_word' id='word_1_863' title='bbox 2283 5278 2451 5319; x_wconf 82' lang='lat' dir='ltr'><strong>cens:</strong></span> <span class='ocrx_word' id='word_1_864' title='bbox 2498 5262 2780 5333; x_wconf 85' lang='lat' dir='ltr'><strong>Quousque</strong></span> <span class='ocrx_word' id='word_1_865' title='bbox 2820 5260 3131 5315; x_wconf 88' lang='lat' dir='ltr'><strong>claudicatis</strong></span> <span class='ocrx_word' id='word_1_866' title='bbox 3173 5259 3351 5329; x_wconf 69' lang='lat' dir='ltr'><strong>pede?</strong></span> <span class='ocrx_word' id='word_1_867' title='bbox 3390 5258 3537 5312; x_wconf 81' lang='lat' dir='ltr'><strong>Deus</strong></span> <span class='ocrx_word' id='word_1_868' title='bbox 3575 5270 3681 5324; x_wconf 81' lang='lat' dir='ltr'><strong>est,</strong></span> <span class='ocrx_word' id='word_1_869' title='bbox 3735 5263 3819 5315; x_wconf 78' lang='lat' dir='ltr'><strong>ite</strong></span> <span class='ocrx_word' id='word_1_870' title='bbox 3856 5270 3900 5313; x_wconf 66' lang='grc' dir='ltr'><strong><em>κ</em></strong></span> 
     </span>
    </p>
   </div>
   <div class='ocr_carea' id='block_1_113' title="bbox 2283 5345 3901 5425">
    <p class='ocr_par' dir='ltr' id='par_1_113' title="bbox 2283 5345 3901 5425">
     <span class='ocr_line' id='line_1_113' title="bbox 2283 5345 3901 5425; baseline -0.006 -17"><span class='ocrx_word' id='word_1_871' title='bbox 2283 5352 2557 5425; x_wconf 83' lang='lat' dir='ltr'><strong>sequimini</strong></span> <span class='ocrx_word' id='word_1_872' title='bbox 2598 5367 2717 5405; x_wconf 90' lang='lat' dir='ltr'><strong>eum</strong></span> <span class='ocrx_word' id='word_1_873' title='bbox 2748 5348 2870 5423; x_wconf 85' lang='lat' dir='ltr'><strong>(III</strong></span> <span class='ocrx_word' id='word_1_874' title='bbox 2898 5347 3026 5421; x_wconf 84' lang='lat' dir='ltr'><strong>Reg.</strong></span> <span class='ocrx_word' id='word_1_875' title='bbox 3055 5347 3232 5419; x_wconf 74' lang='lat' dir='ltr'><strong>xvm).</strong></span> <span class='ocrx_word' id='word_1_876' title='bbox 3285 5345 3355 5401; x_wconf 87' lang='lat' dir='ltr'><strong>Et</strong></span> <span class='ocrx_word' id='word_1_877' title='bbox 3389 5347 3549 5402; x_wconf 89' lang='lat' dir='ltr'><strong>nobis</strong></span> <span class='ocrx_word' id='word_1_878' title='bbox 3589 5346 3901 5418; x_wconf 77' lang='lat' dir='ltr'><strong>loquitur:</strong></span> 
     </span>
    </p>
   </div>
   <div class='ocr_carea' id='block_1_114' title="bbox 2286 5438 3905 5513">
    <p class='ocr_par' dir='ltr' id='par_1_114' title="bbox 2286 5438 3905 5513">
     <span class='ocr_line' id='line_1_114' title="bbox 2286 5438 3905 5513; baseline -0.003 -12"><span class='ocrx_word' id='word_1_879' title='bbox 2286 5445 2346 5501; x_wconf 89' lang='lat' dir='ltr'><strong>Si</strong></span> <span class='ocrx_word' id='word_1_880' title='bbox 2374 5444 2626 5499; x_wconf 89' lang='lat' dir='ltr'><strong>mandata</strong></span> <span class='ocrx_word' id='word_1_881' title='bbox 2655 5450 2781 5498; x_wconf 90' lang='lat' dir='ltr'><strong>sunt</strong></span> <span class='ocrx_word' id='word_1_882' title='bbox 2806 5441 2929 5507; x_wconf 89' lang='lat' dir='ltr'><strong>Dei,</strong></span> <span class='ocrx_word' id='word_1_883' title='bbox 2957 5456 3077 5513; x_wconf 73' lang='lat' dir='ltr'><strong>quae</strong></span> <span class='ocrx_word' id='word_1_884' title='bbox 3104 5454 3204 5512; x_wconf 87' lang='lat' dir='ltr'><strong>per</strong></span> <span class='ocrx_word' id='word_1_885' title='bbox 3232 5438 3446 5494; x_wconf 87' lang='lat' dir='ltr'><strong>Patrem</strong></span> <span class='ocrx_word' id='word_1_886' title='bbox 3480 5448 3761 5495; x_wconf 86' lang='lat' dir='ltr'><strong>nostrum</strong></span> <span class='ocrx_word' id='word_1_887' title='bbox 3796 5452 3905 5496; x_wconf 77' lang='lat' dir='ltr'><strong>tra-</strong></span> 
     </span>
    </p>
   </div>
   <div class='ocr_carea' id='block_1_115' title="bbox 2286 5536 3911 5613">
    <p class='ocr_par' dir='ltr' id='par_1_115' title="bbox 2286 5536 3911 5613">
     <span class='ocr_line' id='line_1_115' title="bbox 2286 5536 3911 5613; baseline -0.001 -20"><span class='ocrx_word' id='word_1_888' title='bbox 2286 5537 2424 5593; x_wconf 91' lang='lat' dir='ltr'><strong>didit</strong></span> <span class='ocrx_word' id='word_1_889' title='bbox 2450 5536 2627 5613; x_wconf 84' lang='lat' dir='ltr'><strong>nohis,</strong></span> <span class='ocrx_word' id='word_1_890' title='bbox 2672 5543 2726 5590; x_wconf 92' lang='lat' dir='ltr'><strong>et</strong></span> <span class='ocrx_word' id='word_1_891' title='bbox 2766 5550 2888 5606; x_wconf 73' lang='lat' dir='ltr'><strong>quae</strong></span> <span class='ocrx_word' id='word_1_892' title='bbox 2930 5544 3223 5605; x_wconf 86' lang='lat' dir='ltr'><strong>sequentes</strong></span> <span class='ocrx_word' id='word_1_893' title='bbox 3261 5547 3556 5606; x_wconf 87' lang='lat' dir='ltr'><strong>possumus</strong></span> <span class='ocrx_word' id='word_1_894' title='bbox 3586 5539 3911 5604; x_wconf 69' lang='lat' dir='ltr'><strong>pervenire</strong></span> 
     </span>
    </p>
   </div>
   <div class='ocr_carea' id='block_1_116' title="bbox 2288 5624 3910 5700">
    <p class='ocr_par' dir='ltr' id='par_1_116' title="bbox 2288 5624 3910 5700">
     <span class='ocr_line' id='line_1_116' title="bbox 2288 5624 3910 5700; baseline -0.001 -17"><span class='ocrx_word' id='word_1_895' title='bbox 2288 5628 2355 5683; x_wconf 86' lang='lat' dir='ltr'><strong>ad</strong></span> <span class='ocrx_word' id='word_1_896' title='bbox 2384 5642 2549 5700; x_wconf 88' lang='lat' dir='ltr'><strong>regna</strong></span> <span class='ocrx_word' id='word_1_897' title='bbox 2579 5628 2842 5684; x_wconf 64' lang='lat' dir='ltr'><strong>castorum</strong></span> <span class='ocrx_word' id='word_1_898' title='bbox 2861 5668 2876 5691; x_wconf 93' lang='lat'><strong>,</strong></span> <span class='ocrx_word' id='word_1_899' title='bbox 2923 5634 3040 5683; x_wconf 87' lang='lat' dir='ltr'><strong>toto</strong></span> <span class='ocrx_word' id='word_1_900' title='bbox 3071 5625 3262 5682; x_wconf 88' lang='lat' dir='ltr'><strong>eadem</strong></span> <span class='ocrx_word' id='word_1_901' title='bbox 3292 5624 3570 5681; x_wconf 89' lang='lat' dir='ltr'><strong>desiderio</strong></span> <span class='ocrx_word' id='word_1_902' title='bbox 3601 5628 3910 5697; x_wconf 76' lang='lat' dir='ltr'><strong>complo-</strong></span> 
     </span>
    </p>
   </div>
   <div class='ocr_carea' id='block_1_117' title="bbox 2286 5706 3912 5789">
    <p class='ocr_par' dir='ltr' id='par_1_117' title="bbox 2286 5706 3912 5789">
     <span class='ocr_line' id='line_1_117' title="bbox 2286 5706 3912 5789; baseline 0 -16"><span class='ocrx_word' id='word_1_903' title='bbox 2286 5734 2443 5775; x_wconf 88' lang='lat' dir='ltr'><strong>mus:</strong></span> <span class='ocrx_word' id='word_1_904' title='bbox 2477 5720 2522 5775; x_wconf 92' lang='lat' dir='ltr'><strong>si</strong></span> <span class='ocrx_word' id='word_1_905' title='bbox 2552 5727 2730 5775; x_wconf 87' lang='lat' dir='ltr'><strong>autem</strong></span> <span class='ocrx_word' id='word_1_906' title='bbox 2758 5719 3039 5788; x_wconf 89' lang='lat' dir='ltr'><strong>sequimur</strong></span> <span class='ocrx_word' id='word_1_907' title='bbox 3065 5706 3424 5789; x_wconf 82' lang='lat' dir='ltr'><strong>cogitationes</strong></span> <span class='ocrx_word' id='word_1_908' title='bbox 3453 5725 3713 5779; x_wconf 81' lang='lat' dir='ltr'><strong>nostras,</strong></span> <span class='ocrx_word' id='word_1_909' title='bbox 3755 5730 3821 5775; x_wconf 79' lang='lat' dir='ltr'><strong>et</strong></span> <span class='ocrx_word' id='word_1_910' title='bbox 3848 5718 3912 5773; x_wconf 70' lang='lat' dir='ltr'><strong>si</strong></span> 
     </span>
    </p>
   </div>
   <div class='ocr_carea' id='block_1_118' title="bbox 2289 5805 3914 5876">
    <p class='ocr_par' dir='ltr' id='par_1_118' title="bbox 2289 5805 3914 5876">
     <span class='ocr_line' id='line_1_118' title="bbox 2289 5805 3914 5876; baseline -0.002 -12"><span class='ocrx_word' id='word_1_911' title='bbox 2289 5810 2431 5865; x_wconf 83' lang='lat' dir='ltr'><strong>aliud</strong></span> <span class='ocrx_word' id='word_1_912' title='bbox 2481 5811 2650 5867; x_wconf 83' lang='lat' dir='ltr'><strong>tendit</strong></span> <span class='ocrx_word' id='word_1_913' title='bbox 2698 5809 2930 5873; x_wconf 88' lang='lat' dir='ltr'><strong>animus,</strong></span> <span class='ocrx_word' id='word_1_914' title='bbox 2973 5814 3071 5863; x_wconf 82' lang='lat' dir='ltr'><strong>cur</strong></span> <span class='ocrx_word' id='word_1_915' title='bbox 3113 5823 3219 5862; x_wconf 87' lang='lat' dir='ltr'><strong>non</strong></span> <span class='ocrx_word' id='word_1_916' title='bbox 3265 5820 3506 5860; x_wconf 87' lang='lat' dir='ltr'><strong>errorem</strong></span> <span class='ocrx_word' id='word_1_917' title='bbox 3556 5805 3914 5876; x_wconf 71' lang='lat' dir='ltr'><strong>simpliciter</strong></span> 
     </span>
    </p>
   </div>
  </div>
