4004 6328
188 352 295 412 465

832 330 1057 408 senex
1098 344 1553 405 REGULARUM.
1590 377 1661 389 —
1698 347 1772 402 ΡΑ

1916 349 1957 403 1.
2000 336 2302 403 ΒΕΕῸΙΛΕ
2343 342 2447 401 PP.
2484 346 2759 404 ORIENT.

3343 336 3448 404 466

187 472 529 536 conﬁtemur,
557 480 611 525 et
636 470 974 526 ostendimus
1001 483 1101 523 nos
1128 481 1248 523 esse
1275 466 1417 536 quod
1443 463 1615 519 videri
1642 478 1763 518 eru-
1788 466 1843 525 Α
1938 461 2128 516 XXXI.
2170 459 2301 528 Quis
2329 462 2473 516 enim
2500 461 2730 527 fructus,
2776 468 2870 517 aut
2899 456 3041 532 quod
3067 457 3281 537 signum
3306 483 3446 538 pra:-

188 564 505 622 hesclmus?
551 561 629 617 Ne
662 560 803 617 forte
841 560 1054 615 dicatur
1092 566 1148 613 et
1187 544 1383 613 nobis:
1417 554 1595 621 Quare
1648 553 1765 624 pol-

189 654 363 711 luistis
388 655 558 708 locum
585 669 757 708 meum
782 660 1019 707 sanctum
1049 648 1267 721 (Ezech.
1295 647 1472 720 xm)?
1514 646 1613 711 Et,
1650 644 1768 715 Eji-

189 750 327 803 ciam
355 764 442 802 eos
467 764 495 801 e
519 748 675 800 domo
707 762 823 800 mea
847 743 1044 816 (Osete,
1069 742 1171 815 ιι).
1208 740 1486 811 Siquidem
1514 738 1769 793 concilia-

186 839 312 894 bula
340 838 728 894 monachorum
753 849 882 891 vere
906 835 1004 890 Dei
1029 834 1220 889 domus
1247 840 1348 895 est,
1378 839 1434 885 et
1458 837 1766 885 sanctorum

185 932 344 988 vinea
370 973 385 997 ,
438 931 579 987 sicut
626 929 889 1000 scriptum
936 928 1169 997 legimus
1207 944 1220 980 :
1283 924 1449 978 Vinea
1501 923 1644 994 facta
1693 930 1770 975 est

187 1020 459 1078 Salomoni
490 1020 547 1075 in
580 1019 717 1085 loco,
748 1006 840 1090 qui
873 1027 1090 1073 vocatur
1120 1014 1426 1078 Beelamon,
1471 1013 1615 1067 dedit
1652 1027 1769 1066 eam

183 1113 488 1170 custodibus
514 1154 529 1179 ,
590 1113 945 1183 unusquisque
999 1110 1173 1183 aﬂ'ert
1205 1125 1300 1179 pro
1347 1105 1606 1177 fructibus
1654 1104 1769 1173 ejus

184 1208 327 1263 mille
370 1218 660 1280 argenteos.
715 1205 881 1261 Vinea
923 1223 1038 1260 mea
1079 1206 1133 1258 in
1180 1212 1459 1274 conspectu
1496 1218 1611 1256 meo
1650 1208 1725 1255 est
1749 1240 1764 1265 ,

182 1298 328 1354 mille
353 1298 647 1365 Salomoni,
675 1307 723 1353 et
743 1297 953 1352 ducenti
984 1296 1064 1350 his
1098 1296 1187 1368 qui
1211 1294 1509 1349 custodiunt
1535 1293 1768 1363 fructum

179 1389 300 1459 ejus
331 1387 505 1461 (Cant.
531 1387 674 1461 vni).
706 1387 819 1442 Nec
848 1387 1012 1457 igitur
1038 1385 1341 1455 polluentes
1366 1399 1488 1439 eam
1514 1380 1769 1454 proiicia-

180 1496 329 1545 mur,
380 1480 521 1535 sicut
570 1479 623 1535 in
671 1478 966 1550 Evangelio
1013 1477 1243 1549 legimus
1287 1474 1489 1544 eiectos
1536 1490 1655 1528 esse
1701 1473 1770 1528 de

181 1572 404 1642 templo,
422 1572 515 1643 qui
539 1570 843 1627 vendebant
870 1571 924 1625 in
954 1586 1020 1625 eo
1044 1586 1176 1625 oves
1203 1579 1261 1625 et
1281 1568 1481 1631 boves;
1518 1581 1769 1620 nutrimu-

177 1658 347 1717 larios
370 1678 586 1734 quoque
613 1662 917 1734 ingrediens
942 1660 1204 1715 Dominus
1228 1667 1391 1728 atque
1418 1657 1687 1721 Salvator,
1711 1664 1769 1711 et

178 1754 388 1811 faciens
424 1756 528 1811 sibi
566 1754 830 1825 ﬂagellum
871 1754 938 1809 de
964 1752 1241 1815 funiculis,
1279 1750 1436 1818 eiecit
1474 1766 1505 1804 e
1542 1749 1762 1818 templo,

177 1856 241 1902 et
276 1846 503 1903 fundens
540 1863 649 1902 aera
684 1859 1008 1913 mensasque
1041 1843 1391 1897 vendentium
1412 1881 1426 1905 ,
1465 1848 1521 1894 et
1557 1840 1643 1896 his
1674 1838 1767 1908 qui

176 1941 489 1997 vendebant
517 1939 796 1996 columbas
826 1937 903 1990 ait
929 1953 943 1989 :
985 1934 1199 2003 Auferte
1231 1934 1341 1987 hwc
1372 1932 1569 1996 omnia,
1599 1941 1646 1985 et
1675 1948 1769 1984 no—

173 2032 274 2087 lite
312 2032 483 2102 facere
521 2030 735 2083 domum
776 2024 957 2079 Patris
994 2024 1096 2087 mei
1130 2022 1341 2075 domum
1379 2018 1765 2089 negotiationis.

174 2123 453 2194 Scriptum
486 2131 559 2177 est
591 2121 769 2175 enim:
809 2117 1010 2171 Domus
1038 2131 1152 2169 mea
1177 2113 1361 2166 domus
1400 2110 1655 2164 orationis
1683 2127 1770 2164 vo-

168 2215 388 2270 cabitur
443 2213 642 2266 cunctis
697 2209 976 2280 gentibus;
1030 2222 1116 2259 vos
1167 2213 1344 2257 autem
1404 2203 1600 2271 fecistis
1652 2218 1768 2256 eam

164 2307 486 2377 speluncam
532 2304 795 2358 latronum
824 2301 975 2371 (Luc.
1004 2315 1126 2362 xu;
1159 2296 1332 2350 Marc.
1356 2294 1458 2365 ιιι).
1504 2294 1572 2348 Ει
1598 2293 1725 2348 alibi
1750 2310 1764 2346 :

165 2394 415 2465 Propter
452 2412 538 2448 vos
586 2409 770 2447 nomen
810 2406 982 2444 meum
1020 2386 1411 2457 blasphematur
1443 2384 1501 2437 in
1528 2382 1767 2454 gentibus

165 2485 357 2563 (Psal.
384 2503 500 2551 LVI;
532 2485 643 2539 Jer.
669 2483 790 2556 vn).

251 2576 442 2633 XXIX.
485 2575 722 2631 Obsecro
744 2590 860 2638 vos,
905 2571 1121 2633 fratres,
1166 2585 1238 2624 ne
1277 2568 1343 2623 de
1371 2566 1526 2622 nobis
1551 2580 1767 2635 quoque

170 2669 396 2726 dicatur
419 2687 431 2722 :
462 2667 612 2720 Alius
638 2666 845 2738 quidem
876 2664 1063 2728 esurit,
1091 2660 1229 2715 alius
1256 2668 1430 2713 autem
1455 2658 1627 2712 ebrius
1649 2666 1723 2710 est
1747 2670 1765 2708 :

168 2777 251 2814 an
295 2759 475 2813 domos
518 2775 619 2812 non
664 2757 835 2819 habet,
871 2764 929 2809 ut
965 2754 1152 2808 bibatis
1186 2762 1235 2806 et
1269 2749 1553 2805 comedatis
1578 2749 1603 2801 ἵ)
1649 2745 1768 2801 Nisi

169 2854 318 2926 forte
352 2852 645 2908 Ecclesium
676 2851 785 2906 Dei
828 2848 1181 2914 contemnitis,
1225 2855 1274 2900 et
1321 2843 1641 2914 confunditis
1681 2858 1767 2896 eos

169 2947 276 3020 qui
317 2962 419 3001 non
467 2945 696 3009 habent;
744 2942 809 2998 ad
850 2957 987 3012 quos
1029 2940 1264 2994 dicitur:
1312 2934 1370 2991 Si
1410 2936 1525 3007 quis
1564 2934 1766 2998 esurit,

167 3038 326 3094 domi
375 3036 643 3100 comedat,
698 3045 753 3089 ut
801 3051 905 3099 non
949 3034 1004 3087 in
1045 3030 1311 3101 judicium
1354 3024 1674 3081 conveniatis
1716 3021 1769 3093 (Ι

170 3128 308 3185 Cor.
334 3128 433 3199 ιι).
483 3127 599 3182 Non
631 3128 705 3181 sit
732 3126 925 3181 domus
951 3131 1137 3180 nostra
1167 3121 1316 3175 vocis
1345 3116 1564 3179 alienae,
1606 3131 1675 3170 ne
1705 3114 1769 3169 il-
1806 3139 1817 3199 ί

1870 562 2151 621 eeptorum
2174 550 2269 606 Dei
2297 543 2605 606 inveniatur
2629 551 2685 605 in
2710 550 2898 617 nobis;
2911 562 3005 607 aut
3027 554 3080 608 in
3105 570 3214 624 quo
3239 556 3450 628 profes-

1869 642 2076 697 sionem
2108 640 2426 712 impleamus
2458 641 2771 712 arreptam?
2815 640 3004 699 Nonne
3032 643 3214 701 omnia
3240 647 3450 703 dimisi-

1871 749 2029 797 mus,
2084 741 2136 787 et
2184 733 2425 787 avaritiae
2473 733 2851 805 subjaeemus,
2902 744 2959 790 et
3002 736 3201 792 dicitur
3245 738 3445 795 nobis:

1873 822 2021 880 Unde
2052 824 2209 890 bella,
2245 833 2294 879 et
2323 841 2513 895 pugna:
2539 822 2679 896 (Jac.
2704 825 2822 896 1v)?
2866 825 3058 883 Nonne
3080 842 3148 883 ex
3175 830 3407 885 avaritia
3424 832 3450 885 τ

1868 915 2006 972 Nam
2034 917 2163 987 quia
2192 918 2566 988 unusquisque
2595 920 2789 990 quaerit
2817 920 3107 978 utilitatem
3136 939 3313 990 suam,
3341 941 3453 982 non

1868 1005 2143 1079 proximi,
2197 1020 2366 1078 usque
2410 1009 2572 1064 hodie
2613 1010 2803 1066 vivens
2848 1010 3097 1067 Ezechiel
3144 1015 3453 1085 prophetali

1868 1111 2119 1153 sermone
2147 1113 2248 1152 nos
2276 1098 2502 1168 corripit
2526 1099 2746 1155 dicens:
2776 1100 3094 1173 Negationes
3121 1117 3273 1161 erant
3297 1108 3355 1162 in
3381 1116 3450 1163 te.

1868 1183 2046 1241 Filius
2098 1189 2382 1243 inhonorat
2429 1200 2662 1260 patrem,
2714 1201 2765 1247 et
2814 1191 2973 1247 Pater
3017 1196 3295 1267 exprobrat
3340 1199 3455 1268 filio

1871 1277 2089 1351 (Ezech.
2119 1279 2316 1353 xxvii).
2371 1280 2511 1348 Quid
2547 1282 2603 1337 in
2638 1282 2726 1338 die
2755 1281 2947 1353 iudicii
2983 1289 3454 1357 respondebimus,

1869 1379 1963 1424 aut
1985 1370 2115 1440 quid
2140 1371 2196 1425 in
2223 1372 2520 1427 novissimo
2544 1383 2793 1444 tempore
2814 1390 2913 1444 pro
2934 1375 3246 1434 defensione
3270 1389 3455 1436 nostra

1868 1463 2171 1532 poterimus
2201 1463 2541 1518 obtendere?
2586 1463 2713 1520 Haec
2741 1466 2923 1520 omnia
2953 1465 3096 1522 facta
3126 1477 3252 1524 sunt
3279 1471 3454 1536 nobis,

1869 1555 1994 1625 quia
2025 1554 2340 1611 Sacerdotes
2381 1554 2694 1627 plauserunt
2729 1558 2995 1625 manibus,
3038 1569 3085 1614 et
3119 1561 3343 1631 populus
3372 1563 3458 1616 di-

1870 1645 1995 1702 lexit
2015 1647 2276 1702 similiter.
2297 1647 2436 1714 Quia
2456 1649 2593 1703 sicut
2611 1648 2857 1719 populus,
2875 1652 2952 1706 sic
2971 1653 3217 1707 sacerdos
3230 1654 3363 1721 (Jer.
3378 1656 3457 1725 v).

1870 1736 2155 1809 Propterea
2190 1740 2409 1793 reddam
2438 1741 2507 1805 ei,
2539 1740 2733 1810 inquit,
2765 1741 3050 1795 secundum
3083 1744 3197 1799 vias
3232 1761 3381 1809 suas,
3412 1755 3460 1801 et

1794 1807 1843 1867 Β
1870 1807 2209 1900 cogitationes
2238 1829 2383 1885 illius
2410 1807 2682 1884 restituam
2712 1832 2757 1885 ei
2788 1829 2961 1903 (Osca:
2985 1833 3083 1905 Iv).

1940 1923 2157 1981 XXXII.
2192 1922 2311 1978 Non
2339 1924 2406 1978 de
2435 1925 2688 1979 omnibus
2707 1924 2861 1980 vobis
2883 1925 2998 1981 haec
3030 1926 3238 1997 loquor,
3273 1930 3367 1985 sed
3396 1931 3465 1987 de

1868 2016 1957 2073 his
1995 2016 2084 2085 qui
2125 2016 2391 2085 majorum
2436 2025 2704 2085 praecepta
2750 2027 3141 2088 contemnunt;
3186 2022 3466 2093 multoque

1869 2111 2057 2165 melius
2081 2120 2193 2166 erat
2232 2110 2340 2165 illis
2371 2111 2617 2182 ignorare
2652 2113 2789 2165 viam
2810 2113 3066 2182 justitiw,
3114 2132 3271 2185 quam
3297 2116 3467 2171 scien-

1872 2209 1947 2254 tes
1991 2192 2177 2255 reve'rti
2204 2200 2269 2254 ab
2310 2215 2369 2254 eo
2400 2201 2540 2273 quod
2586 2201 2839 2255 traditum
2867 2212 2941 2256 est
2975 2201 3081 2275 illis
3105 2216 3287 2259 sancto
3314 2223 3469 2261 man-

1871 2292 1998 2345 dato
2027 2290 2112 2362 (11
2147 2289 2294 2346 Petr.
2329 2292 2415 2363 ιι).
2466 2292 2543 2347 De
2580 2293 2951 2363 hujuscemodi
2996 2295 3307 2353 hominibus
3328 2315 3469 2356 moe-

1869 2397 1999 2437 rens
2025 2381 2291 2438 Jeremias
2317 2383 2511 2463 scribit
2544 2400 2557 2437 :
2610 2383 2927 2453 Defecerunt
2953 2386 3010 2439 in
3054 2385 3301 2459 lacrymis
3330 2389 3471 2445 oculi

1869 2474 1993 2537 mei,
2025 2474 2366 2528 conturbatus
2395 2484 2470 2528 est
2498 2483 2676 2527 venter
2705 2492 2870 2541 meus,
2923 2478 3091 2546 effusa
3123 2489 3197 2533 est
3225 2481 3282 2533 in
3327 2490 3469 2536 terra

1869 2564 2039 2636 gloria
2068 2574 2185 2620 mea
2203 2606 2219 2630 ,
2258 2582 2416 2637 super
2445 2568 2758 2623 contritione
2802 2568 2931 2639 ﬁlim
2958 2570 3139 2641 populi
3164 2572 3307 2637 mei;
3343 2573 3469 2643 quia

1870 2656 2057 2727 defecit
2093 2656 2343 2728 parvulus
2384 2668 2434 2712 et
2462 2658 2660 2713 lactens
2688 2660 2742 2713 in
2770 2659 2959 2730 plateis
2984 2661 3228 2715 civitatis.
3272 2659 3469 2717 Matri-

1872 2747 1965 2802 bus
1996 2748 2105 2802 suis
2149 2734 2397 2803 dixerunt
2423 2762 2442 2801 :
2497 2744 2596 2803 Ubi
2626 2759 2701 2803 est
2746 2750 2977 2803 triticum
3005 2760 3053 2804 et
3084 2751 3259 2805 vinum
3281 2752 3307 2805 .’
3351 2769 3467 2807 cum

1871 2840 2152 2910 deﬁcerent
2191 2843 2345 2914 quasi
2374 2841 2633 2897 vulnerati
2673 2846 2730 2898 in
2769 2843 2959 2915 plateis
2989 2846 3157 2911 urbis,
3194 2863 3312 2901 cum
3348 2846 3473 2916 fun-

1872 2933 2054 2987 derent
2092 2934 2298 2987 animas
2326 2950 2452 2989 suas
2488 2937 2545 2988 in
2577 2936 2695 2989 sinu
2730 2945 2961 2991 matrum
3002 2954 3219 2992 suarum
3249 2937 3467 3010 (Thren.

1873 3024 1957 3097 ιι).
2005 3025 2222 3081 Scimus
2250 3026 2393 3101 quod
2423 3044 2527 3081 non
2559 3029 2615 3081 in
2663 3027 2973 3098 fortitudine
3006 3030 3126 3101 equi
3150 3029 3270 3084 velit
3304 3028 3470 3099 Deus,

1876 3134 2041 3188 neque
2104 3119 2161 3172 in
2227 3118 2513 3189 femoribus
2577 3120 2675 3175 viri
2735 3121 2834 3176 sibi
2898 3122 3216 3194 complaceat
3274 3124 3295 3197 (
3316 3120 3468 3180 Psal.

168 3216 277 3274 Iud
315 3189 469 3273 nobis
510 3225 874 3287 congruenter
917 3222 1170 3283 aptetur:
1211 3208 1383 3282 Opera
1412 3206 1772 3281 Afgyptimon‘
1799 3189 1843 3254 C
1874 3208 2081 3270 chvn.

171 3308 505 3365 abstulerunt
538 3328 571 3365 a
598 3326 673 3364 se.
724 3308 790 3363 Et
829 3308 1064 3363 iterum:
1106 3303 1173 3359 In
1204 3300 1471 3375 prwceptis
1506 3300 1773 3379 meisnon

172 3400 601 3466 ambulaverunt,
628 3409 675 3455 et
706 3399 925 3453 sabbata
953 3414 1070 3452 mea
1099 3394 1588 3450 contaminaverunt
1605 3408 1625 3456 ;
1649 3394 1774 3461 pro-'

105 3516 115 3523 ο
170 3504 361 3566 pterea
387 3509 503 3546 cum
533 3489 873 3545 clamaverint
902 3487 972 3541 ad
1004 3502 1103 3552 me,
1127 3502 1218 3556 ego
1246 3502 1348 3538 non
1371 3482 1653 3537 exaudiam
1682 3496 1768 3534 eos

174 3582 409 3656 (Ezech.
434 3580 550 3653 xx).
586 3580 703 3636 Non
732 3593 1148 3651 permaneamus
1175 3577 1228 3630 in
1256 3575 1436 3630 cordis
1466 3574 1685 3637 duritia,
1717 3579 1773 3627 et

177 3673 260 3729 ad
300 3672 631 3727 iracundiam
658 3685 1019 3743 provocemus
1046 3668 1250 3733 Deum,
1293 3678 1348 3720 et
1386 3666 1481 3721 flat
1517 3664 1771 3719 inimicus

176 3772 400 3827 noster,
442 3770 496 3817 et
532 3762 673 3818 dicat
701 3780 714 3817 :
760 3761 876 3832 Ego
906 3769 1081 3814 autem
1107 3758 1243 3813 dabo
1272 3757 1345 3811 eis
1382 3763 1639 3825 prtt’cepla
1668 3770 1772 3808 non

177 3853 358 3918 bona,
398 3860 448 3906 et
474 3851 884 3922 justiﬁcationes
912 3851 967 3904 in
992 3848 1180 3920 quibus
1210 3864 1313 3901 non
1349 3848 1520 3901 vivant
1546 3842 1768 3917 (Ibid);

175 3945 316 4016 quia
344 3945 698 4000 comederunt
726 3942 959 3998 fructum
988 3940 1259 3995 mendacii
1278 3981 1291 4005 ,
1331 3947 1386 3994 et
1410 3938 1775 3993 adoraverunt

177 4048 354 4105 opera
383 4049 640 4088 manuum
672 4040 986 4096 suarum,et
1006 4029 1210 4100 repleta
1242 4037 1327 4084 est
1356 4038 1499 4083 terra
1527 4042 1717 4083 eorum
1743 4040 1774 4080 a

176 4125 457 4198 principio
484 4125 733 4196 augurio,
760 4132 820 4178 ut
843 4131 985 4179 terra
1015 4122 1461 4193 alienigenarum.

258 4213 434 4270 XXX.
473 4214 553 4270 Ne
589 4224 876 4287 postquam
915 4212 1402 4268 renuntiaverimus
1445 4211 1675 4275 saeculo,
1721 4218 1776 4265 et

182 4306 523 4375 coeperimus
549 4305 807 4360 vexillum
838 4303 1015 4359 crucis
1046 4304 1231 4374 sequi,
1274 4302 1472 4356 iterum
1503 4302 1569 4355 ad
1595 4309 1778 4370 poste-

181 4399 340 4453 riora
377 4399 663 4463 conversi,
709 4413 1019 4468 quzeramus
1059 4396 1402 4465 refrigerium
1444 4394 1773 4465 temporale,

181 4490 470 4546 imitantes
507 4490 766 4562 Ephraim
793 4489 1103 4544 dicentem:
1146 4488 1300 4543 Dives
1333 4487 1505 4557 factus
1537 4503 1686 4552 sum,
1729 4494 1779 4540 et

1940 3300 2181 3357 XXXIII.
2212 3302 2282 3357 Et
2304 3303 2506 3358 idcirco
2536 3310 2875 3360 revertamur
2896 3305 2966 3361 ad
2985 3303 3277 3361 Dominum
3300 3306 3471 3363 Deum

1870 3403 2138 3477 nostrum,
2188 3405 2248 3451 ut
2277 3397 2492 3468 quando
2537 3400 2898 3466 oraverimus,
2946 3400 3202 3455 exaudiat
3247 3414 3348 3455 nos
3373 3400 3470 3470 qui

1873 3487 2114 3556 quotidie
2161 3484 2416 3541 hortatur
2445 3496 2504 3542 ut
2529 3502 2784 3543 vacemus
2810 3497 2865 3543 et
2899 3504 3290 3560 cognoscamus
3305 3480 3467 3544 'eum.

1872 3574 1941 3629 Et
1964 3575 2094 3631 alibi
2118 3574 2359 3646 loquitur
2384 3594 2399 3630 :
2428 3575 2767 3631 Revertimini
2810 3578 2880 3631 ad
2906 3596 3009 3643 me,
3037 3589 3083 3633 et
3113 3595 3208 3649 ego
3237 3588 3470 3633 revertar

1872 3666 1942 3720 ad
1968 3683 2077 3721 vos.
2119 3667 2187 3721 Et
2217 3667 2414 3721 iterum
2443 3686 2455 3721 :
2484 3665 2827 3721 Revertimini
2859 3669 2930 3722 ad
2958 3685 3060 3734 me,
3091 3667 3191 3737 filii
3221 3668 3462 3722 receden-

1874 3764 1971 3822 tes,
1998 3765 2047 3811 et
2070 3773 2163 3827 ego
2190 3757 2506 3813 dominabor
2542 3759 2697 3811 vestri
2727 3755 2862 3829 (Jer.
2899 3757 3003 3830 ιιι).
3041 3757 3295 3813 Ezechiel
3320 3758 3474 3813 simi-

1875 3850 2002 3905 liter
2030 3858 2370 3907 contestatur
2395 3864 2461 3907 ae
2489 3851 2621 3906 dicit
2647 3870 2659 3904 :
2714 3851 2892 3917 Quare
2923 3852 3240 3920 moriemini,
3280 3851 3471 3906 domus

1876 3941 2049 3997 Israel
2073 3942 2099 3996 2‘
2144 3941 2286 3997 Nolo
2322 3953 2542 4021 mortem
2582 3945 2892 4014 peccatoris,
2931 3943 3023 3998 sed
3059 3952 3263 3999 tantum
3289 3950 3346 3997 ut
3392 3960 3476 3999 re-

1875 4044 2111 4089 vertatur
2132 4034 2196 4089 de
2224 4036 2308 4089 ria
2332 4035 2476 4091 mala
2513 4054 2635 4103 sua,
2677 4047 2727 4091 et
2769 4038 2901 4092 vivat
2936 4036 3156 4109 (Ezech.
3189 4036 3369 4109 xvm).
3403 4036 3475 4092 Et

1877 4127 2333 4183 clementissimus
2376 4143 2439 4184 ac
2467 4128 2634 4183 totius
2675 4126 2935 4183 bonitatis
2963 4137 3125 4198 caput
3168 4127 3368 4183 clamat
3416 4127 3471 4182 in

1877 4219 2172 4289 Evangelio
2218 4220 2287 4273 ad
2316 4236 2418 4275 nos
2455 4220 2717 4275 Dominus
2763 4228 2926 4290 atque
2975 4228 3253 4275 testatur:
3298 4216 3476 4275 Venite

1878 4309 1947 4361 ad
1976 4326 2077 4373 me,
2109 4324 2285 4363 omnes
2314 4310 2404 4380 qui
2427 4308 2681 4364 laboratis
2705 4318 2753 4364 et
2779 4312 2983 4364 onerati
3004 4311 3148 4374 estis,
3195 4317 3243 4363 et
3267 4325 3360 4379 ego
3388 4324 3472 4362 rc-

1878 4400 2054 4469 ﬁciam
2080 4416 2187 4454 vos.
2224 4398 2412 4453 Tollite
2432 4401 2625 4471 jugum
2662 4417 2833 4453 meum
2880 4416 3038 4470 super
3062 4415 3170 4464 eos,
3213 4407 3260 4451 et
3290 4398 3474 4451 discite

1882 4511 1913 4546 a
1944 4509 2044 4555 me,
2093 4491 2218 4562 quia
2252 4492 2395 4544 mitis
2421 4508 2537 4544 sum
2583 4502 2630 4545 et
2682 4490 2895 4544 humilis
2926 4490 3101 4554 corde,
3129 4497 3178 4543 et
3200 4488 3473 4543 invenietis

176 4581 363 4635 inveni
393 4559 724 4652 refrigerium
754 4579 881 4634 mihi
909 4578 1083 4653 (Oscae
1127 4578 1264 4650 xu);
1303 4594 1370 4632 nc
1402 4576 1684 4632 audiamus
1714 4576 1778 4630 il-
1801 4559 1854 4618 Ῑ)
1881 4559 2114 4658 requiem
2138 4584 2415 4639 animabus
2444 4585 2625 4638 vestris
2662 4582 2878 4654 (Matth.
2906 4582 3007 4653 XI).
3055 4579 3474 4637 Consideremus

180 4670 311 4737 lud,
332 4672 476 4741 quod
504 4680 561 4727 et
586 4672 676 4727 ille
707 4672 907 4727 meruit
934 4672 1156 4728 audire:
1190 4669 1381 4726 Omnes
1408 4671 1609 4726 labores
1630 4670 1775 4725 illius

184 4780 308 4818 non
329 4764 795 4839 inveniuntur'prtv
824 4763 1207 4834 iniquitatibus,
1233 4763 1288 4817 in
1312 4762 1498 4834 quibus
1522 4761 1773 4833 peccavit.

180 4854 262 4912 Et
295 4872 366 4910 ne
398 4856 525 4912 illud
555 4857 844 4926 impleatur
876 4856 928 4910 in
962 4855 1156 4909 nobis:
1199 4851 1435 4925 Cmpistis
1469 4854 1686 4924 spiritu,
1728 4861 1777 4906 et

180 4962 337 5002 nunc
382 4963 540 5001 carne
583 4944 1064 5000 consummamini:
1113 4951 1261 4996 tanta
1305 4943 1447 5013 passi
1492 4944 1617 4997 estis
1666 4943 1778 4995 sine

183 5052 362 5092 causa
386 5032 531 5108 (Gal.
555 5036 682 5109 Ill)?
737 5036 807 5089 Et
842 5033 931 5089 ille
959 5041 1146 5087 contra
1185 5046 1284 5086 nos
1320 5047 1499 5087 sermo
1526 5032 1736 5087 dicatur
1762 5049 1776 5086 :

186 5127 312 5184 Lex
338 5130 491 5200 periit
517 5147 549 5183 a
574 5128 870 5193 sacerdote,
904 5136 952 5181 et
992 5123 1269 5179 consilium
1299 5142 1331 5178 a
1358 5125 1687 5191 senioribus;
1734 5133 1784 5178 et

183 5237 390 5276 manus
418 5222 596 5293 populi
629 5219 901 5275 dissoluta:
928 5227 1074 5284 sunt,
1107 5235 1254 5272 senes
1290 5219 1353 5272 de
1384 5228 1534 5289 porta
1573 5219 1783 5290 quieve-

184 5320 355 5379 runt,
397 5311 545 5367 electi
579 5329 613 5365 a
646 5310 866 5383 psalmis
905 5311 1015 5365 suis
1047 5318 1377 5365 cessaverunt
1413 5308 1630 5380 (Ezech.
1659 5308 1780 5379 vn).

181 5401 548 5471 Rursumque
573 5402 786 5458 dicatur
810 5420 822 5454 :
860 5399 1084 5479 Propter
1110 5416 1197 5453 vos
1228 5415 1414 5453 nomen
1440 5415 1611 5452 meum
1640 5397 1782 5452 blas-

178 5495 480 5564 phematur
529 5493 583 5547 in
638 5493 875 5563 gentibus
928 5490 1119 5564 (Rom.
1174 5489 1296 5561 1|):
1359 5498 1412 5544 et
1460 5490 1786 5559 contemptis

182 5584 636 5643 institutionibus
673 5582 853 5638 Patris
892 5582 1063 5637 nostri
1108 5581 1364 5650 subrepat
1403 5579 1623 5659 oblivio,
1667 5594 1783 5635 me-

186 5677 582 5747 diatoremque
606 5675 704 5731 Dei
730 5684 891 5746 atque
917 5682 1226 5731 sanctorum
1254 5681 1443 5729 nostro
1463 5673 1597 5731 vitio
1621 5673 1790 5746 negli-

182 5781 416 5843 pinus.

1881 4677 2023 4750 quod
2054 4676 2269 4730 bonitas
2311 4674 2407 4729 Dei
2439 4675 2507 4730 ad
2533 4673 2913 4745 paenitentiam
2959 4688 3058 4729 nos
3088 4682 3371 4743 provocet,
3419 4682 3475 4729 et

1884 4770 2059 4826 sancti
2088 4769 2189 4824 viri
2222 4769 2581 4825 cohortantur
2607 4767 2674 4822 ad
2702 4764 2950 4822 salutem.
3003 4765 3121 4822 Non
3158 4767 3473 4823 induremus

1885 4864 2049 4918 corda
2086 4869 2274 4918 nostra
2300 4902 2315 4928 ,
2366 4875 2541 4930 neque
2588 4859 3016 4914 thesaurizemus
3064 4859 3199 4914 iram
3231 4857 3388 4914 nobis
3418 4859 3473 4913 in

1886 4955 1972 5008 die
2001 4955 2096 5008 irae
2126 4961 2180 5008 et
2226 4952 2571 5008 revelationis
2595 4950 2729 5021 justi
2770 4949 2960 5019 judieii
2989 4949 3104 5016 Dei,
3149 4948 3241 5019 qui
3288 4948 3474 5005 reddet

1885 5050 2180 5118 unicuique
2204 5046 2360 5115 juxta
2409 5061 2571 5115 opera
2615 5060 2711 5099 sua
2763 5043 2940 5115 (Rom.
2976 5042 3078 5115 tl);
3121 5041 3217 5097 sed
3261 5057 3327 5095 ex
3358 5050 3471 5095 toto
3536 5077 3546 5083 -

1882 5140 2049 5195 corde
2073 5146 2416 5193 revertamur
2440 5137 2508 5190 ad
2538 5136 2845 5201 Dominum,
2870 5145 2925 5189 et
2970 5128 3265 5189 secundum
3300 5129 3469 5202 Moysi

1884 5232 2049 5285 verba
2099 5228 2489 5285 memorantis:
2523 5225 2581 5281 Si
2628 5228 2905 5281 revertaris
2955 5226 3026 5281 ad
3072 5224 3355 5279 Dominum
3403 5240 3469 5277 es

1887 5332 1993 5377 toto
2021 5320 2177 5375 corde
2202 5330 2316 5386 tuo,
2347 5318 2620 5373 mundabit
2644 5335 2734 5372 cor
2763 5327 2932 5382 tuum,
2962 5325 3013 5372 et
3038 5332 3131 5370 cor
3156 5313 3366 5369 seminis
3390 5309 3468 5370 tui

1889 5413 2068 5486 (Deut.
2097 5412 2252 5486 xxx).

1959 5503 2201 5559 XXXIV.
2232 5503 2564 5560 Laboremus
2591 5503 2733 5557 sicut
2758 5500 2888 5556 boni
2934 5500 3132 5569 milites
3157 5496 3384 5567 Christi,
3414 5509 3471 5555 et

1890 5600 2238 5656 observemus
2262 5597 2391 5653 illud
2425 5596 2570 5668 quod
2598 5595 2863 5664 scriptum
2893 5600 2975 5649 est
2999 5612 3012 5648 :
3043 5592 3215 5648 Nemo
3237 5593 3468 5647 militum

1890 5690 2001 5746 Deo
2025 5689 2257 5763 implicat
2287 5707 2341 5745 se
2384 5688 2604 5760 negotiis
2631 5685 2995 5754 stvcularibus,
3034 5695 3092 5740 ut
3135 5686 3183 5741 ei
3207 5686 3293 5739 cui
3330 5682 3469 5738 mili-

1892 5794 1966 5840 tat
2005 5783 2207 5857 placeat
2240 5780 2328 5855 (11
2359 5779 2495 5837 Tim.
2527 5777 2610 5853 ιι).
2664 5777 2721 5834 Si
2764 5776 2946 5835 autem
2974 5777 3097 5850 quis
3125 5786 3180 5832 et
3213 5777 3267 5833 in
3298 5782 3469 5847 agone
