4004 6328
536 307 641 362 867

1533 308 1591 367 s.
1628 286 1994 367 BENEDICTI
2028 302 2319 373 ABBATIS
2356 303 2768 375 ANIANENSIS

3692 310 3800 375 £68

535 426 855 491 contendat,
897 439 1005 481 non
1033 434 1326 487 coronatur
1368 424 1475 491 nisi
1521 424 1762 496 legitime
1798 421 2108 481 certaverit.
2138 417 2415 493 Adeleam
2456 417 2733 490 Ephraim.
2787 416 2857 471 Et
2890 415 3120 495 iterum:
3172 417 3299 483 Non
3324 419 3380 474 in
3421 428 3676 489 retentum
3703 441 3803 497 pu-

535 513 906 575 Laborantem
932 514 1227 586 agricolam
1251 524 1465 587 oportet
1502 517 1737 587 primum
1763 516 1829 573 de
1853 513 2120 573 fructibus

534 602 653 680 ejus
678 605 1029 681 participare,
1052 604 1331 676 Scriptum
1358 616 1443 665 est
1468 626 1482 665 :
1509 606 1709 663 Omnes
1736 605 1918 679 populi
1965 604 2121 665 ibunt

535 698 915 769 unusquisque
954 698 1013 757 in
1046 699 1191 754 viam
1234 714 1406 761 suam.
1457 698 1572 753 Nos
1612 709 1786 754 autem
1814 699 1870 752 in
1916 697 2121 752 nomine

534 786 751 851 Domini
779 787 879 849 Dei
902 789 1069 845 nostri
1094 788 1552 863 magniﬁcabimur
1574 805 1592 854 ,'
1618 788 1718 860 ipsi
1744 787 1976 861 impediti
1999 795 2121 842 sunt

536 889 586 931 et
618 878 959 948 ceciderunt,
991 895 1087 943 nos
1112 888 1287 937 autem
1314 880 1640 947 surreximus
1679 888 1729 935 et
1758 879 1914 947 erecti
1940 895 2125 947 sumus
2174 912 2175 915 η

540 966 717 1043 (Psal.
744 970 881 1044 xix).

610 1059 829 1119 XXXV.
885 1060 989 1127 Qui
1032 1061 1267 1125 ambulat
1314 1064 1369 1123 in
1418 1062 1522 1131 die,
1566 1079 1673 1123 non
1700 1062 1984 1135 impingit;
2030 1062 2127 1135 qui

541 1160 713 1217 autem
755 1152 812 1208 in
842 1162 999 1217 nocte
1033 1153 1291 1224 graditur,
1339 1154 1613 1228 impingit,
1661 1153 1786 1225 quia
1818 1151 1994 1208 lumen
2019 1169 2125 1219 non

540 1252 614 1298 est
636 1242 693 1298 in
719 1260 778 1299 eo
802 1242 984 1316 (Joan.
1010 1244 1111 1317 xl).
1142 1241 1255 1303 Nos
1284 1254 1477 1311 autem,
1504 1245 1644 1305 sicut
1669 1242 2122 1316 dixitApostolus,

540 1350 646 1397 non
673 1352 853 1399 sumus
886 1335 987 1411 ﬁlii
1025 1336 1475 1409 praevaricationis
1518 1337 1574 1397 in
1611 1336 1988 1409 perditionem,
2033 1334 2125 1399 sed

539 1423 666 1493 ﬁdei
692 1425 748 1485 in
769 1427 1165 1498 acquisitionem
1196 1427 1386 1487 animle
1415 1424 1571 1499 (Heb.
1600 1425 1679 1498 x).
1705 1426 1772 1503 Et
1793 1426 1923 1482 alibi
1948 1443 1961 1479 :
1998 1423 2126 1481 0m-

542 1533 650 1584 nes,
690 1519 886 1589 inquit,
916 1519 1019 1588 ﬁlii
1069 1518 1202 1577 lucis
1239 1520 1383 1585 estis,
1429 1528 1475 1573 et
1500 1519 1599 1589 ﬁlii
1627 1519 1723 1573 Dei
1752 1518 1805 1593 (Ι
1836 1518 1987 1574 Thes.
2015 1517 2122 1591 ιιι).

540 1606 659 1662 Νοιι
685 1625 874 1669 sumus
905 1610 1003 1666 lilii
1032 1612 1209 1671 noctis
1229 1651 1245 1676 ,
1287 1626 1463 1683 neque
1493 1611 1859 1666 tenebrarum.
1909 1608 1969 1666 Si
1997 1624 2128 1681 ergo

2223 507 2364 561 niam
2388 524 2494 572 vos,
2538 524 2629 567 nec
2669 523 2870 578 semper
2897 508 3102 573 irascar
3146 508 3307 575 vobis.
3354 510 3583 587 Spiritus
3607 513 3750 568 enim
3773 532 3809 573 Il.

2220 612 2301 649 me
2328 596 2613 666 egreditur,
2658 606 2705 650 et
2755 614 2904 653 omne
2954 598 3094 669 quod
3135 601 3301 671 spirat
3335 618 3429 679 ego
3464 602 3586 675 feci.
3634 602 3709 659 Et
3754 604 3811 661 in

2222 686 2409 740 eodem
2447 686 2567 742 loco
2596 682 2775 759 jungit
2807 704 2872 743 ac
2905 688 3074 755 dicit:
3121 689 3258 744 Dedi
3298 693 3371 746 eis
3395 693 3810 751 consolationem

2222 793 2415 844 ueram,
2463 793 2644 846 pacem
2682 795 2838 849 super
2868 794 3054 853 pacem
3106 779 3187 832 his
3230 781 3320 853 qui
3364 791 3513 836 erant
3559 800 3725 857 prope
3765 794 3811 841 et

2222 866 2416 939 longe:
2462 869 2694 940 dixitque
2738 868 3037 928 Dominus:
3079 869 3291 926 Sanabo
3334 891 3422 928 eos
3464 872 3603 948 (Jer.
3634 878 3810 951 XXXI).

2222 955 2386 1029 Cujus
2412 969 2473 1025 ut
2516 960 2672 1039 plene
2710 961 3140 1017 misericordiam
3186 980 3610 1036 cognoscamus,
3658 966 3812 1025 Iere-

2223 1050 2347 1106 mia:
2375 1066 2625 1111 sermone
2655 1053 2844 1119 docet,
2893 1053 3114 1111 dicens:
3151 1052 3213 1111 Si
3238 1056 3496 1111 eleuatum
3523 1057 3695 1129 fuerit
3719 1077 3815 1114 cte-

2224 1139 2333 1194 lum
2362 1143 2418 1196 in
2443 1142 2686 1210 sublime,
2738 1153 2787 1198 et
2825 1145 2871 1199 si
2898 1145 3234 1201 humiliatum
3268 1148 3631 1220 pavimentum
3670 1162 3815 1207 teme

2224 1231 2488 1298 deorsum,
2522 1251 2616 1307 ego
2640 1252 2743 1289 non
2774 1234 2976 1309 replebo
3010 1248 3214 1308 gentem
3240 1238 3413 1296 Israel
3452 1258 3549 1317 pro
3580 1243 3817 1300 omnibus

2225 1339 2345 1385 qua:
2374 1322 2608 1399 fecerunt
2642 1324 2775 1396 (Jer.
2812 1324 2918 1398 ιιι).

2297 1414 2580 1472 XXXVIII.
2624 1415 2865 1489 Cumque
2918 1425 3068 1487 tanta
3096 1418 3386 1479 clementia
3416 1422 3489 1480 sit
3515 1421 3817 1481 Salvatoris

2228 1505 2464 1572 Domini,
2505 1515 2560 1562 et
2586 1524 2685 1563 nos
2726 1517 2986 1579 provocet
3020 1511 3087 1565 ad
3130 1511 3382 1583 salutem,
3428 1524 3819 1579 convertamur:

2229 1596 2391 1651 corda
2437 1606 2622 1652 nostra
2670 1598 2737 1652 ad
2779 1613 2941 1653 eum:
2999 1598 3137 1671 Quia
3166 1602 3286 1673 jam
3313 1604 3445 1661 hora
3492 1614 3613 1671 est,
3666 1617 3723 1659 ut
3764 1608 3820 1663 de

539 1714 728 1765 sumus
770 1701 866 1757 ﬁlii
894 1701 1053 1767 lucis,
1102 1703 1361 1760 debemus
1386 1702 1529 1759 scire
1574 1718 1695 1773 qua:
1720 1702 1859 1759 lucis
1887 1710 2034 1768 sunt,
2070 1712 2124 1761 et

2230 1702 2411 1765 somno
2435 1686 2735 1756 evigilemus
2758 1703 2778 1752 ;
2824 1705 2930 1749 nox
2954 1691 3239 1759 praecessit,
3279 1690 3391 1749 dies
3426 1701 3615 1751 autem
3641 1711 3821 1767 appro-

538 1790 724 1848 t‘acere
763 1792 972 1848 fructus
1007 1793 1230 1849 luminis
1269 1794 1326 1850 in
1373 1795 1523 1850 omni
1553 1810 1717 1867 opere
1759 1797 1939 1853 bono:
1982 1798 2124 1867 quod

2229 1778 2494 1848 pinquavit
2519 1794 2537 1842 ;
2567 1779 2891 1848 deponamus
2920 1795 3041 1848 ergo
3068 1797 3227 1851 opera
3270 1782 3639 1852 tenebrarum,
3668 1794 3716 1839 et
3746 1787 3823 1839 in~

538 1883 684 1938 enim
720 1881 1119 1947 manifestatur,
1159 1883 1252 1938 lux
1277 1892 1379 1940 est.
1421 1884 1477 1940 Si
1503 1886 1559 1941 in
1585 1895 1698 1942 toto
1727 1886 1893 1945 corde
1935 1903 2124 1949 rever-

539 1979 724 2027 tamur
751 1973 819 2026 ad
850 1971 1160 2039 Dominum,
1211 1984 1267 2029 et
1297 1975 1352 2029 in
1395 1976 1682 2045 praeceptis
1713 1985 2025 2033 sanctorum
2060 1977 2129 2032 il-

540 2061 650 2118 lius
676 2071 732 2118 et
781 2062 960 2121 Patris
997 2056 1172 2122 nostri
1218 2066 1449 2138 simplici
1501 2070 1665 2127 corde
1714 2084 2127 2143 conversamur,

539 2151 934 2210 abundabimus
961 2155 1017 2209 in
1050 2156 1196 2211 omni
1228 2171 1392 2235 opere
1436 2156 1599 2223 bono.
1653 2156 1808 2227 Quod
1832 2159 1879 2215 si
1906 2175 2125 2235 supere-

539 2242 663 2298 mur
689 2243 874 2299 carnis
916 2244 1316 2315 voluptatibus,
1353 2246 1410 2301 in
1432 2246 1522 2302 die
1550 2248 1707 2317 quasi
1738 2249 1795 2305 in
1826 2248 2003 2303 media
2029 2264 2126 2304 no-

538 2342 626 2392 cte
651 2338 918 2407 parietem
942 2338 1282 2413 palpabimus
1309 2358 1322 2394 :
1372 2348 1431 2396 et
1461 2355 1572 2396 non
1612 2340 1953 2409 inveniemus
1981 2342 2129 2399 viam.

540 2427 777 2508 civitatis
802 2437 858 2486 et
882 2429 1176 2486 habitaculi
1218 2432 1411 2500 nostri,
1463 2434 1531 2492 de
1557 2448 1664 2503 quo
1700 2432 1935 2495 dicitur:
1988 2431 2130 2489 Esu-

539 2519 787 2596 rientium
818 2530 866 2577 et
911 2522 1202 2581 sitientium
1246 2524 1427 2578 anima
1464 2524 1644 2595 deﬁcit
1690 2523 1918 2599 (Psalm.
1971 2524 2123 2597 cvr);

541 2610 670 2682 quia
697 2620 1141 2684 contempserunt
1189 2612 1362 2686 legem
1391 2615 1493 2671 sibi
1529 2631 1563 2670 a
1590 2616 1700 2679 Deo
1744 2617 2022 2684 traditam,
2074 2623 2129 2675 et

537 2715 729 2761 vocem
756 2704 1146 2779 prophetarum
1181 2721 1290 2762 non
1333 2706 1655 2775 audierunt:
1689 2714 1744 2764 et
1772 2707 1974 2764 idcirco
2017 2722 2126 2765 non

538 2800 834 2871 potuerunt
854 2792 924 2849 ad
946 2796 1271 2867 promissam
1298 2797 1539 2869 requiem
1570 2799 1877 2870 pervenire.

607 2882 848 2941 XXXVI.
885 2886 1186 2961 Vigilemus
1216 2897 1272 2945 et
1305 2890 1499 2951 attenti
1524 2892 1695 2948 simus
1722 2910 1735 2945 :
1784 2893 1832 2949 si
1857 2892 2003 2949 enim
2030 2908 2126 2948 na-

537 2971 807 3031 turalibus
854 2990 961 3030 non
989 2978 1250 3049 pepercit,
1305 2994 1405 3035 nec
1448 2980 1605 3035 nobis
1652 2988 1858 3053 parcet.
1910 2980 2026 3039 Non
2059 2984 2126 3040 de

538 3068 772 3134 cunctis,
816 3068 909 3122 sed
934 3069 1000 3125 de
1044 3071 1444 3144 negligentibus
1488 3071 1714 3142 loquor,
1773 3074 1970 3143 quibus
2001 3074 2126 3146 jure

539 3159 814 3229 aptabitur
843 3160 932 3215 illa
972 3161 1275 3232 deploratio
1300 3181 1314 3218 :
1336 3206 1349 3214 ι
1370 3161 1463 3217 Va:
1498 3166 1573 3217 eis
1607 3166 1697 3235 qui
1728 3175 2049 3221 recesserunt
2093 3184 2127 3227 a

537 3268 640 3306 me.
670 3251 941 3325 Manifesti
992 3264 1136 3325 sunt,
1177 3257 1304 3329 quia
1349 3256 1507 3328 impie
1539 3266 1757 3328 egerunt
1790 3258 1846 3313 in
1870 3274 1975 3324 me,
1999 3259 2128 3329 quia

538 3344 925 3419 dereliquerunt
949 3364 1032 3403 me
1074 3349 1271 3418 fontem
1307 3365 1459 3421 aqum
1483 3350 1609 3404 vim
1632 3391 1650 3418 ,
1686 3360 1735 3404 et
1757 3350 2004 3421 [oderunt
2027 3351 2128 3419 sibi

537 3437 787 3491 contritas
813 3437 983 3505 lacus,
1013 3440 1104 3510 qui
1124 3455 1231 3493 non
1250 3450 1469 3512 possunt
1492 3458 1684 3513 aquam
1706 3444 1967 3498 continere
1987 3442 2125 3516 (Jer.

536 3523 619 3600 ιι).
644 3527 712 3582 Et
731 3529 857 3599 quia
880 3543 989 3583 non
1009 3529 1299 3587 audierunt
1313 3529 1528 3607 judices
1547 3533 1682 3603 ejus,
1701 3533 1925 3591 audiant
1943 3535 2127 3595 dicen-

536 3623 649 3674 tem
671 3617 842 3676 Deum
869 3638 882 3675 :
920 3618 1184 3677 Constitui
1209 3640 1373 3697 super
1402 3642 1493 3689 vos
1513 3626 1884 3698 speculatores.
1933 3627 2126 3686 Audite

537 3724 711 3765 vocem
737 3711 894 3766 tubae.
944 3711 1016 3769 Et
1060 3712 1346 3781 dixerunt:
1387 3715 1510 3781 Non
1562 3718 1837 3777 audiemus
1868 3717 2002 3792 (Jer.
2034 3706 2121 3791 tt).

540 3799 692 3856 Unde
721 3803 825 3859 ista
868 3805 1264 3875 incredulitas?
1312 3808 1504 3875 Nonne
1543 3826 1704 3877 exeo
1750 3812 1878 3882 quia
1918 3813 2124 3870 alienos

536 3904 951 3966 cognoverunt,
999 3906 1056 3953 et
1098 3914 1205 3967 non
1253 3900 1525 3965 adversati
1566 3901 1730 3967 sunt?
1779 3901 2044 3971 Loquitur
2070 3910 2126 3977 et

538 3981 667 4038 alibi
689 3981 926 4056 Spiritus
948 3996 1168 4047 sanctus
1189 4005 1289 4067 per
1313 3990 1634 4063 prophetam
1663 4008 1677 4044 :
1708 3990 1822 4063 Ego
1844 3992 1982 4047 enim
2006 4010 2123 4047 sum

537 4070 683 4128 Deus
712 4073 972 4132 Dominus
997 4087 1140 4144 tuus,
1188 4081 1278 4151 qui
1323 4080 1551 4149 formavi
1597 4079 1803 4149 caelum,
1849 4090 1898 4136 et
1950 4083 2122 4153 creari

538 4170 775 4251 terqam;
814 4165 967 4238 cujus
1001 4183 1190 4227 manus
1217 4168 1563 4224 condiderunt
1599 4186 1805 4224 omnem
1846 4168 1961 4224 cteli
1984 4170 2125 4224 mili-

537 4256 688 4326 tiam,
714 4257 764 4313 et
790 4273 898 4329 non
921 4258 1145 4319 ostendit
1183 4276 1247 4315 ea
1274 4259 1391 4328 tibi,
1416 4268 1476 4313 ut
1508 4258 1806 4315 ambulares
1831 4269 1946 4334 post
1972 4259 2121 4316 illam

538 4346 696 4420 (Isai.
739 4346 888 4422 xcv).
928 4349 1083 4421 Quod
1109 4351 1330 4423 quidem
1353 4359 1411 4407 et
1440 4366 1539 4424 per
1564 4350 1801 4425 Moysem
1841 4353 2117 4424 praecepit,

2229 1867 2459 1921 duamur
2483 1884 2634 1921 arma
2665 1866 2797 1921 lucis
2836 1867 3014 1939 (Rom.
3044 1871 3188 1941 xm).
3219 1871 3395 1926 Filioli
3425 1876 3557 1938 mei,
3590 1876 3820 1944 primum

2228 1971 2296 2010 ex
2325 1964 2438 2010 toto
2467 1956 2631 2011 corde
2675 1956 2962 2027 diligamus
2986 1958 3177 2026 Deum,
3230 1962 3426 2017 deinde
3453 1967 3823 2038 nosmetipsos

2228 2062 2473 2103 amemus
2502 2055 2711 2114 mutuo,
2761 2064 3033 2105 memores
3059 2062 3455 2122 prmceptorum
3485 2054 3592 2110 Dei
3644 2056 3823 2112 Salva-

2228 2139 2364 2193 toris
2383 2179 2397 2204 ,
2450 2139 2507 2192 in
2535 2139 2732 2208 quibus
2765 2139 2843 2193 ait
2868 2157 2881 2193 :
2914 2137 3110 2194 Pacem
3140 2158 3308 2196 meam
3336 2145 3405 2198 do
3428 2145 3605 2212 vobis,
3656 2166 3823 2217 pacem

2230 2247 2396 2285 meam
2428 2230 2662 2302 relinquo
2689 2231 2829 2286 vobis
2856 2247 2875 2285 :
2906 2248 3011 2286 non
3040 2233 3175 2287 sicut
3212 2236 3438 2291 mundus
3486 2238 3587 2292 dat
3631 2256 3822 2310 pacein,

2226 2339 2320 2395 ego
2365 2324 2432 2378 do
2453 2324 2616 2378 vobis.
2654 2322 2723 2378 In
2748 2324 2829 2378 his
2869 2326 3009 2379 enim
3048 2325 3251 2381 duobus
3289 2329 3558 2384 mandatis
3609 2340 3729 2386 tota
3753 2332 3826 2386 les

2225 2413 2431 2484 pendet,
2454 2423 2503 2468 et
2523 2413 2787 2485 propheta:
2815 2413 3006 2486 (Joan.
3038 2415 3176 2488 xw).

2297 2508 2539 2567 XXXIX.
2592 2509 2651 2566 Si
2681 2510 2805 2581 quis
2835 2510 2890 2565 in
2920 2511 3081 2568 domo
3106 2512 3423 2568 monasterii
3469 2515 3578 2570 sub
3614 2513 3826 2589 Praepo-

2227 2600 2333 2659 sito
2361 2617 2607 2669 manens,
2648 2601 2795 2657 nulla
2820 2617 2880 2658 re
2907 2601 3157 2674 indigens
3193 2618 3357 2672 quam
3387 2603 3442 2657 in
3491 2609 3826 2662 monasterio

2227 2697 2428 2752 habere
2454 2696 2781 2767 permissum
2808 2702 2910 2771 est,
2961 2704 3018 2751 et
3044 2695 3211 2751 habet
3248 2703 3461 2768 patrem
3492 2695 3828 2769 fratremque

2227 2798 2284 2846 et
2309 2770 2544 2847 amicum
2574 2770 2980 2856 charissimam,
3027 2788 3164 2844 nihil
3208 2790 3278 2853 ab
3306 2791 3388 2846 eis
3416 2791 3657 2861 penitus
3699 2794 3830 2848 acci-

2226 2881 2358 2953 piat,
2406 2898 2515 2938 non
2541 2882 2802 2949 tunicam,
2828 2897 2938 2939 non
2966 2880 3264 2952 palliolum,
3294 2897 3406 2937 non
3434 2882 3830 2954 aliam_quam-

2225 2971 2358 3028 ibet
2404 2988 2540 3029 rem.
2585 2971 2647 3027 Si
2690 2980 2874 3031 autem
2904 2971 3313 3041 comprobatum
3356 2970 3528 3027 fuerit
3554 2974 3717 3043 quod
3744 2974 3831 3033 mi-

2228 3081 2331 3121 nus
2357 3066 2556 3120 habeat
2594 3065 2661 3121 de
2694 3064 2781 3120 his
2821 3081 2941 3135 qua:
2964 3073 3238 3136 prmeepta
3267 3073 3416 3131 sunt,
3448 3066 3626 3138 culpa
3663 3069 3829 3129 omnis

2159 3127 2204 3191 θ’
2231 3165 2392 3229 atque
2416 3156 2686 3212 correctio
2706 3156 2775 3213 ad
2801 3127 3160 3226 Praepositum
3183 3127 3563 3213 convertetur:

2299 3247 2411 3303 XL.
2439 3248 2548 3304 Vos
2579 3246 2747 3318 igitur
2770 3248 2862 3317 qui
2889 3248 3021 3303 estis
3040 3247 3314 3321 principes
3335 3250 3827 3315 monasteriorum,

2229 3341 2276 3397 si
2314 3355 2448 3412 quos
2485 3339 2665 3410 aliqua
2692 3353 2752 3393 re
2796 3338 3046 3394 videritis
3092 3338 3356 3411 indigere,
3388 3346 3445 3393 et
3484 3354 3619 3395 esse
3651 3342 3711 3396 in
3740 3357 3827 3395 an-

2228 3434 2404 3509 gustia
2435 3432 2778 3498 constitutos,
2810 3431 2990 3486 nolite
3005 3446 3099 3487 eos
3129 3431 3422 3503 negligere,
3455 3432 3717 3489 scientes
3739 3450 3827 3489 vos

2228 3525 2536 3588 reddituros
2585 3523 2847 3578 rationem
2882 3539 2982 3595 pro
3011 3524 3158 3578 omni
3210 3539 3370 3596 grege
3396 3565 3411 3593 ,
3463 3542 3639 3598 super
3678 3544 3825 3598 quem

2227 3633 2315 3671 vos
2344 3614 2576 3686 Spiritus
2622 3623 2834 3668 sanctus
2872 3615 3142 3669 constituit
3190 3615 3477 3686 inspicere,
3530 3627 3585 3671 et
3624 3636 3832 3691 pascere

2226 3706 2519 3762 Ecclesiam
2543 3704 2660 3769 Dei,
2685 3721 2839 3781 quam
2864 3706 3134 3777 acquisivit
3156 3707 3367 3777 proprio
3392 3710 3677 3777 sanguine
3701 3710 3831 3785 (Act.

2225 3798 2342 3866 xx).
2370 3798 2668 3869 Propterea
2698 3812 2816 3863 nos,
2841 3797 2932 3868 qui
2968 3795 3215 3867 fortiores
3239 3813 3442 3865 sumus,
3472 3797 3833 3856 debemusis-

2224 3889 2501 3960 ﬁrmitates
2543 3886 2893 3942 invalidorum
2917 3896 3164 3960 portare,
3206 3896 3255 3941 et
3289 3904 3393 3942 non
3434 3889 3834 3969 nobismetipsis

2223 3968 2448 4052 placere,
2489 3977 2579 4033 sed
2601 3978 2839 4053 proximo
2863 3979 2919 4032 in
2943 3976 3075 4031 bono
3104 3977 3175 4031 ad
3202 3977 3643 4047 ludiﬁcationem.
3696 3978 3835 4034 Nam

2223 4082 2274 4129 et
2297 4072 2537 4127 Christus
2575 4088 2680 4126 non
2717 4071 2816 4127 sibi
2858 4071 3077 4144 placuit,
3125 4072 3215 4127 sed
3243 4074 3380 4126 sicut
3416 4075 3695 4145 scriptum
3724 4085 3829 4132 est.

2227 4163 2522 4237 Opprobria
2576 4162 3003 4233 exprobrantium
3051 4162 3145 4216 tibi
3187 4162 3485 4217 ceciderunt
3530 4181 3715 4236 super
3760 4183 3837 4222 ne

2225 4252 2404 4329 (Rom.
2451 4253 2565 4328 xv).
2616 4253 2686 4308 Et
2726 4253 2977 4331 iterum:
3028 4252 3154 4308 Non
3184 4270 3385 4329 qua'ro,
3424 4254 3641 4327 inquit,
3694 4258 3834 4331 quod

2220 4345 2351 4398 mihi
2388 4343 2625 4417 expedit,
2675 4342 2766 4400 sed
2816 4343 2955 4415 quod
3001 4343 3240 4399 omnibus
3261 4383 3279 4417 ,
3316 4352 3373 4399 ut
3403 4343 3544 4400 salvi
3576 4346 3736 4417 ﬁant
3786 4346 3838 4422 (I

538 4440 724 4509 dicens
752 4460 765 4497 :
796 4439 923 4499 Non
944 4459 1067 4498 cum
1085 4444 1379 4533 suspexeris
1403 4441 1608 4510 caelum,
1641 4452 1690 4498 et
1728 4442 1917 4498 videris
1956 4442 2118 4498 solem
2142 4480 2199 4543 Β
2224 4434 2349 4491 Cor.
2374 4436 2489 4543 rx);

536 4542 585 4588 et
614 4530 796 4589 lunam
817 4551 881 4589 ac
905 4534 1106 4603 stellas,
1135 4544 1184 4590 et
1203 4530 1356 4619 pmne
1374 4542 1737 4589 ornamentum
1780 4533 1916 4604 caeli,
1945 4551 2122 4590 errore

539 4622 654 4677 caeli
697 4623 943 4699 deceptus
984 4624 1172 4681 adores
1202 4626 1266 4680 'ea
1308 4623 1486 4698 (Deut.
1519 4622 1617 4696 ιν).
1658 4623 1772 4695 Ego
1798 4640 1916 4679 sum
1949 4623 2117 4691 Deus,

537 4713 630 4786 qui
651 4712 811 4769 eduxi
846 4724 897 4769 te
922 4714 988 4770 de
1015 4725 1159 4770 terra
1200 4715 1443 4788 Egypti,
1477 4725 1526 4770 et
1557 4714 1726 4771 Deum
1753 4726 1902 4771 extra
1927 4732 2009 4770 me
2031 4734 2121 4771 ne-

538 4805 661 4869 scis,
690 4814 739 4862 et
776 4806 867 4877 qui
889 4805 1060 4863 salvos
1105 4817 1277 4880 posset
1305 4807 1508 4877 facere,
1560 4824 1666 4861 non
1700 4816 1775 4861 est
1796 4817 1986 4879 prwter
2012 4825 2114 4863 me.

538 4893 653 4966 Ego
682 4912 820 4961 sum,
851 4895 942 4967 qui
970 4905 1020 4953 te
1047 4897 1165 4967 pavi
1191 4897 1249 4952 in
1281 4896 1582 4965 solitudine,
1609 4898 1667 4952 in
1696 4906 1835 4951 terra
1874 4897 2116 4967 inhabili,

2294 4527 2431 4582 XLI.
2464 4526 2524 4583 Si
2571 4534 2753 4583 autem
2792 4526 3052 4584 Dominus
3100 4543 3166 4584 ac
3212 4527 3466 4585 Salvator
3512 4541 3730 4590 noster
3766 4534 3837 4589 ita

2223 4620 2489 4692 praecipit,
2514 4627 2571 4678 et
2595 4620 2767 4675 sancti
2803 4619 2879 4675 ita
2905 4620 3209 4676 conversati
3240 4631 3397 4688 sunt,
3452 4630 3662 4695 patres
3691 4640 3831 4695 quo—

2222 4726 2329 4782 que
2351 4711 2525 4767 nostri
2546 4711 2621 4767 ita
2650 4726 2750 4767 nos
2775 4712 3097 4780 docuerunt,
3122 4727 3516 4784 consurgamus
3541 4730 3571 4768 a
3599 4732 3837 4789 somno,

2220 4811 2423 4873 etquae
2462 4811 2590 4859 sunt
2621 4802 2781 4859 nobis
2821 4810 3093 4874 praecepta
3133 4802 3417 4859 faciamus.
3471 4803 3840 4881 Quintusque

2221 4896 2418 4967 scripta
2435 4904 2581 4963 sunt,
2607 4896 2676 4950 ad
2724 4905 2958 4951 nostram
2978 4895 3321 4951 eruditionem
3357 4898 3555 4970 scripta
3579 4913 3755 4971 sunt,
3782 4914 3840 4957 ut

537 4993 586 5037 et
608 4984 807 5056 impleti
824 4995 948 5041 sunt
968 4988 1268 5056 saturitate,
1308 4998 1358 5045 et
1386 4988 1586 5044 elevata
1609 4997 1732 5043 sunt
1754 4988 1917 5044 corda
1941 5005 2121 5044 eorum

541 5075 738 5147 (Exod.
772 5077 889 5152 xx).
934 5079 1144 5137 Idcirco
1183 5080 1331 5136 obliti
1359 5092 1481 5137 sunt
1524 5082 1648 5150 mei,
1686 5091 1735 5136 et
1775 5100 1868 5155 ego
1911 5083 2121 5138 tradam

539 5184 624 5220 eos
653 5168 964 5241 dispersioni
990 5172 1048 5225 in
1074 5171 1313 5243 gentibus
1338 5172 1538 5227 cunctis
1567 5170 1701 5244 (Jer.
1730 5171 1830 5246 ιι).

610 5260 871 5318 XXXVII.
925 5262 1058 5331 Quae
1101 5265 1382 5321 audientes
1422 5264 1577 5336 quasi
1618 5265 1685 5320 de
1711 5280 1902 5322 somno
1929 5278 2122 5335 exper-

540 5349 845 5419 giscamur,
879 5359 936 5409 et
968 5353 1312 5424 praebeamus
1355 5369 1455 5409 nos
1481 5355 1673 5427 dignos
1703 5355 1915 5411 Domini
1944 5355 2116 5412 servi-

541 5442 667 5509 tuti,
715 5450 776 5498 ut
824 5444 1150 5505 misereatur
1196 5454 1253 5501 et
1286 5445 1434 5501 dicat
1478 5447 1672 5502 nobis:
1722 5447 1975 5505 lnvocate
2004 5462 2114 5515 me,

540 5543 595 5591 et
619 5551 719 5608 ego
762 5538 1049 5596 exaudiam
1094 5553 1211 5596 vos.
1261 5538 1383 5612 Ipse
1423 5540 1568 5595 enim
1598 5542 1709 5596 ait:
1744 5541 1847 5607 Qui
1876 5542 2120 5614 dispersit

544 5625 735 5694 Israel,
766 5630 1098 5700 congregavit
1126 5647 1266 5689 eum.
1315 5628 1384 5686 Et
1419 5631 1589 5687 alibi:
1623 5632 1747 5687 Non
1787 5632 1996 5702 faciam,
2036 5634 2120 5689 in-

540 5712 683 5789 quit,
715 5716 879 5792 jma
918 5718 1065 5781 iram.
1080 5722 1280 5797 furoris
1318 5724 1442 5795 mei,
1487 5741 1581 5781 nec
1617 5725 1694 5783 sic
1717 5724 2029 5799 relinquam,
2061 5736 2119 5781 ut

2215 5003 2311 5060 per
2349 4988 2657 5061 patientiam
2701 4997 2751 5042 et
2794 4987 3198 5044 consolationem
3236 4986 3651 5060 Scripturan
3686 5012 3840 5067 spem

2217 5081 2499 5143 habeamus
2548 5080 2726 5154 (Rom.
2767 5081 2892 5154 xv),
2939 5090 2995 5137 et
3020 5081 3200 5137 nullus
3229 5090 3478 5139 nostrum
3525 5101 3718 5143 causa
3765 5087 3840 5145 sit

2217 5175 2424 5231 erroris
2449 5175 2633 5242 alieni,
2664 5188 2767 5231 nec
2792 5174 3106 5229 mmulemur
3130 5190 3225 5231 eos
3238 5176 3333 5247 qui
3356 5191 3624 5248 prospere
3654 5192 3840 5253 agunt

2218 5265 2276 5320 in
2301 5265 2417 5320 vita
2443 5280 2561 5325 sua.
2609 5264 2744 5321 Cum
2767 5264 2913 5318 enim
2957 5264 3138 5318 omnia
3164 5265 3473 5337 necessaria
3500 5268 3669 5321 carni
3710 5266 3835 5324 fue-

2216 5356 2329 5411 rint
2368 5355 2681 5423 consecuti,
2730 5355 3027 5411 morientes
3052 5355 3190 5411 nihil
3213 5371 3396 5412 secum
3422 5360 3841 5429 asportabunt.

2216 5446 2341 5504 Filii
2371 5447 2554 5504 saeculi
2594 5445 2754 5515 hujus
2780 5446 2981 5502 habent
3020 5446 3077 5503 in
3126 5447 3231 5503 hoc
3274 5446 3471 5501 saeculo
3523 5447 3839 5519 ﬁduciam,

2218 5540 2474 5611 quoniam
2516 5539 2583 5594 de
2622 5538 2824 5593 mundo
2865 5547 3027 5605 sunt,
3079 5545 3134 5593 et
3183 5537 3416 5593 mundus
3458 5547 3621 5594 amat.
3682 5545 3851 5617 quod

2219 5645 2378 5686 suum
2403 5639 2504 5687 est.
2547 5629 2650 5698 Qui
2679 5638 2859 5685 autem
2895 5630 2992 5686 ﬁlii
3020 5629 3115 5686 Dei
3153 5640 3315 5696 sunt,
3353 5630 3499 5687 illius
3531 5638 3846 5691 sermonis

2218 5723 2513 5797 evangelici
2535 5724 2931 5782 recordantur:
2971 5722 3035 5780 Si
3064 5724 3294 5782 mundus
3320 5741 3410 5781 vos
3434 5725 3572 5797 odit,
3627 5730 3849 5789 scitote

3702 5880 3767 5897 Qu’k
3778 5884 3807 5899 3-

3632 5903 3661 5917 '
3740 5909 3835 5934 παι·-
