4004 6328
221 263 308 317 469

827 259 1057 318 CODEX
1094 262 1551 321 REGULARUM.
1589 293 1660 305 --
1697 262 1877 321 PARS
1916 265 1959 321 Ι.
2002 267 2305 327 REGULIE
2342 270 2445 327 PP.
2489 272 2764 329 ORIENT.
2869 324 2872 328 .

3336 276 3441 333 470

219 382 334 453 quod
357 396 431 433 me
460 380 684 451 primum
726 381 891 435 oderit
920 382 1101 454 (Joan.
1148 383 1260 454 xv).
1292 380 1359 437 Et
1386 384 1620 437 lterum:
1653 382 1761 448 Qui
1784 385 1838 447 Α
1864 381 2031 458 (Psal.
2065 385 2176 460 cx).
2229 384 2295 441 Et
2333 386 2387 442 in
2424 387 2528 443 alio
2552 389 2671 444 loco
2698 409 2710 443 :
2747 389 2872 443 Non
2900 391 3149 462 proposui
3174 401 3293 447 ante
3317 411 3442 447 ocu-

217 475 407 530 voluerit
440 490 549 533 esse
575 475 776 528 amicus
800 475 957 545 hujus
983 475 1165 530 mundi
1189 517 1203 542 ,
1230 476 1474 530 inimicus
1513 474 1600 544 ﬁet
1626 474 1756 528 Deo.

214 565 531 621 Etrursum:
586 564 999 621 Tribulationem
1038 566 1451 639 habebitis:sed
1493 566 1757 636 conﬁdite,

212 675 292 728 ego
319 658 403 711 vici
430 657 701 711 mundum.
731 658 801 713 Et
822 659 1020 713 iterm
1046 678 1059 713 ε
1096 658 1251 712 Beati
1288 660 1377 731 qui
1404 658 1602 729 lugent,
1629 674 1762 729 quo-

212 751 334 805 niam
374 750 472 819 ipsi
516 748 944 804 consolabuntur.
990 749 1144 805 Beati
1181 753 1275 822 qui
1314 752 1551 806 esuriant
1593 738 1645 807 et
1686 751 1763 804 si-

207 842 321 894 tiunt
338 841 624 910 justitiam,
650 841 896 912 quoniam
924 841 1020 914 ipsi
1058 843 1455 897 saturabuntnr.
1490 841 1643 895 Beati
1666 842 1764 912 qui

205 931 583 999 persecutione.
627 930 905 1000 patiuntur
928 938 1139 1001 propter
1158 930 1458 999 justitiam,
1506 931 1761 1000 Mans

203 1019 409 1088 ipsorum
454 1028 531 1073 est
584 1035 800 1089 reg-us
849 1019 1096 1073 caelorum
1131 1019 1347 1089 (Matth.
1389 1020 1467 1090 τ).
1518 1020 1594 1074 De
1632 1018 1763 1075 (iliis

209 1119 359 1164 autem
388 1111 563 1167 noctis
587 1111 715 1181 quid
754 1125 785 1165 e
807 1111 1082 1166 contrario
1108 1112 1337 1166 dicitur?
1366 1111 1555 1167 Nonne
1580 1111 1755 1168 illud?

172 1178 182 1189 ’
211 1198 288 1256 Ve:
310 1203 459 1267 vobis,
501 1203 684 1257 divites
710 1245 727 1277 ,
770 1203 1015 1277 quoniam
1053 1204 1310 1275 recepistis
1346 1203 1757 1261 consolationem

197 1305 413 1348 vestram.
463 1293 555 1349 Va:
582 1295 721 1349 vobis
759 1296 851 1367 qui
878 1296 1103 1350 saturati
1128 1297 1250 1351 estis
1279 1314 1445 1364 nunc,
1488 1299 1611 1369 quia
1640 1314 1754 1352 esu-

196 1386 337 1440 rietis.
385 1384 474 1441 Vt:
504 1387 642 1441 vobis
691 1389 781 1460 qui
832 1405 968 1449 nunc
1001 1388 1179 1443 ridetis
1202 1429 1218 1458 ,
1264 1390 1388 1461 quia
1420 1389 1658 1461 lugebitis
1688 1407 1752 1444 ac

192 1477 359 1545 ﬂebitis
385 1476 534 1552 (Luc.
562 1478 659 1548 v1).
1746 1556 1749 1559 _

257 1570 396 1625 XLll.
456 1570 823 1639 Quamobrem
867 1575 1053 1631 mundi
1089 1576 1359 1633 amicitias
1425 1578 1747 1646 devitemus,

190 1669 244 1715 ut
272 1661 384 1717 illud
404 1678 713 1719 mereamur
736 1664 923 1719 audire
950 1685 961 1720 :
996 1666 1078 1720 Ad
1097 1685 1362 1741 vesperam
1390 1669 1751 1725 demorabitur

1864 470 1942 529 los
1988 491 2130 531 meos
2175 494 2283 531 rem
2334 479 2569 550 iniquam
2592 496 2615 532 :
2659 481 2912 551 fucientes
2954 483 3285 553 iniquitatem
3320 485 3443 539 odio

1860 566 2039 622 habui.
2086 568 2161 622 Et
2188 587 2290 624 non
2318 571 2538 626 adhaesit
2563 572 2691 626 mihi
2725 588 2816 627 cor
2836 572 3078 644 pravum,
3119 574 3442 631 declinantes

1856 676 1894 714 λα
1917 678 2001 715 me
2023 662 2280 733 malignos
2304 681 2410 720 non
2439 667 2781 736 agnoscebant
2805 682 2827 732 ;
2855 667 3215 723 detrahentem
3237 667 3295 722 in
3321 668 3443 723 abs-

1858 768 2018 807 eonso
2043 756 2284 824 proximo
2310 775 2429 825 suo,
2465 759 2603 814 hunc
2632 756 3016 832 persequebar,
3047 760 3267 832 superbo
3288 759 3444 815 oculo

1859 854 1910 900 et
1946 846 2237 902 insatiabili
2265 851 2420 905 corde
2443 868 2562 906 cum
2588 851 2686 907 hoc
2708 852 2864 909 simul
2885 868 2990 908 non
3016 852 3250 908 edebam.
3284 849 3445 907 Oculi

1858 937 1965 991 mei
1987 953 2147 1008 super
2185 939 2366 1009 ﬁdeles
2394 950 2551 998 terra:
2575 984 2591 1010 ,
2644 952 2702 998 ut
2729 944 2952 1014 facerem
3002 960 3089 999 eos
3117 943 3297 1000 sedere
3332 958 3443 999 me:-

1856 1041 1993 1082 cum.

1926 1119 2115 1177 XLIV.
2147 1120 2391 1189 Quorum
2434 1126 2678 1180 omnium
2710 1141 2810 1183 nos
2839 1126 3112 1182 imitemur
3154 1142 3339 1199 opera,
3379 1136 3444 1185 ut

1857 1213 1929 1268 sit
1949 1213 2005 1267 in
2039 1214 2232 1271 diebus
2261 1215 2464 1272 nostris
2493 1232 2602 1287 pax
2630 1225 2686 1273 et
2710 1216 2946 1287 justitia,
2973 1227 3029 1274 et
3052 1235 3161 1275 non
3191 1220 3350 1276 nobis
3375 1218 3441 1275 il-

1854 1304 1949 1360 lud
1975 1306 2213 1372 eveniat,
2245 1308 2391 1379 quod
2420 1307 2548 1363 alibi
2580 1309 2808 1380 legimus
2841 1328 2855 1363 :
2890 1309 3062 1382 Super
3086 1319 3225 1366 terra
3258 1309 3443 1382 populi

1853 1397 1957 1450 mei
1988 1397 2152 1468 spina:
2175 1408 2225 1452 et
2247 1398 2424 1464 fenum
2453 1411 2765 1471 consurgent
2789 1400 2942 1473 (Isai.
2968 1404 3164 1475 xxxn).
3194 1402 3301 1459 Sed
3324 1418 3440 1458 ma-

1853 1486 1936 1557 gis
1963 1487 2288 1545 innovemus
2315 1490 2476 1546 nobis
2505 1490 2738 1557 novalia,
2768 1500 2822 1547 et
2853 1509 2960 1548 non
2989 1494 3318 1550 seminemus
3345 1509 3439 1549 su-

1852 1590 1957 1647 per
1995 1578 2198 1648 spinas.
2243 1578 2489 1649 Cumque
2542 1581 2958 1637 custodierimus
3009 1599 3129 1654 qua:
3180 1585 3439 1641 mandata

1854 1676 1981 1724 sunt
2006 1670 2183 1737 nobis,
2213 1670 2489 1727 manifesti
2519 1673 2725 1728 erimus
2753 1673 2899 1743 quod
2929 1672 3215 1746 diligamus
3242 1675 3439 1745 Deum,

187 1755 344 1823 fletus,
371 1765 419 1808 et
447 1755 516 1809 ad
545 1757 862 1811 matutinum
888 1757 1092 1813 latitia.
1132 1761 1342 1817 Audiuit
1367 1764 1646 1830 Dominus,
1696 1771 1744 1819 et
1772 1754 1823 1816 Β
1850 1763 1991 1818 sicut
2018 1771 2249 1819 testatur
2275 1775 2331 1821 et
2370 1767 2426 1820 in
2459 1766 2565 1822 alio
2610 1766 2731 1823 loco
2765 1766 3045 1838 Scriptura
3076 1769 3256 1825 divina
3286 1788 3299 1824 :
3333 1770 3441 1838 Qui

184 1845 405 1899 misertus
428 1853 502 1901 est
525 1847 646 1900 mei.
699 1846 917 1901 Scidisti
940 1866 1149 1903 saccum
1175 1868 1369 1919 meum,
1395 1863 1443 1906 et
1470 1855 1747 1908 accinmisti

183 1952 258 1988 me
276 1934 464 1991 latitia.
503 1936 636 2003 Quis
660 1938 805 1999 enim
830 1948 1138 1995 sanctorum
1175 1958 1282 1997 non
1310 1943 1362 1999 in
1392 1944 1539 2001 luctu
1564 1960 1629 2000 ac
1649 1946 1747 2001 tri-

179 2024 318 2078 stitia
360 2039 456 2095 per
506 2026 693 2079 mundi
725 2025 885 2094 hujus
916 2028 1168 2083 transivit
1214 2030 1396 2085 viam?
1440 2031 1743 2090 Jeremias:

176 2113 297 2171 Non
315 2116 438 2181 sedi,
470 2115 666 2187 inquit,
693 2134 810 2171 cum
841 2119 1061 2173 consilio
1099 2120 1410 2187 ludentium,
1443 2124 1534 2178 sed
1560 2133 1748 2180 treme-

172 2205 288 2260 bant
328 2226 357 2261 a
388 2208 524 2277 facie
572 2225 759 2262 manus
800 2220 924 2264 tuae.
980 2210 1132 2265 Solus
1183 2213 1448 2278 sedebam,
1494 2217 1744 2286 quoniam

168 2296 519 2351 amaritudine
570 2297 793 2368 repletus
839 2316 955 2355 sum
988 2300 1118 2371 (Jer.
1150 2302 1263 2371 xv).
1322 2303 1489 2358 David
1532 2320 1745 2375 quoque

165 2385 385 2440 scribit:
415 2386 581 2452 Quasi
595 2386 774 2458 lugens
798 2406 860 2445 ac
889 2406 1108 2445 moerens
1132 2393 1207 2445 sic
1226 2392 1549 2447 humiliabar
1566 2393 1739 2467 (Psal.

163 2476 367 2546 xxxnv).
421 2477 661 2544 Quorum
713 2494 812 2534 nos
842 2481 1086 2551 vestigiis
1138 2482 1452 2539 insistentes
1490 2484 1744 2557 intelligi-

163 2583 286 2621 mus
333 2568 472 2637 quod
505 2568 652 2624 salus
690 2578 877 2626 nostra
907 2571 961 2625 in
992 2581 1233 2644 tempore
1256 2574 1620 2632 tribulationis
1647 2577 1739 2644 sit,

161 2667 217 2714 et
240 2661 507 2729 prophetae
532 2662 847 2734 pollicitatio
874 2665 1166 2737 impleatur
1205 2667 1436 2726 dicentis
1461 2689 1475 2725 :
1505 2669 1630 2725 Non
1662 2687 1744 2725 re-

159 2749 479 2820 linquuntur,
531 2753 624 2825 qui
669 2755 725 2808 in
771 2757 1017 2827 angustia
1067 2767 1188 2813 sunt
1218 2777 1379 2831 usque
1415 2761 1485 2816 ad
1518 2770 1739 2833 tempus.

163 2834 223 2895 Si
259 2857 378 2912 ergo
406 2843 570 2899 habet
596 2852 805 2917 tempus
832 2847 1114 2905 tribulatio
1160 2859 1215 2905 et
1240 2853 1512 2925 angustia,
1555 2860 1611 2910 et
1633 2868 1743 2909 non

158 2931 271 2985 erit
288 2935 629 3007 sempiterna,
664 2939 993 2997 seminemus
1016 2941 1069 2996 in
1097 2942 1373 3017 lacrymis,
1394 2953 1449 3001 et
1475 2955 1744 3003 metamus

154 3024 215 3079 in
248 3027 453 3095 gaudio,
501 3044 611 3083 non
653 3030 1002 3102 deﬁcientes;
1052 3038 1196 3104 quod
1223 3039 1532 3096 noverimus
1558 3040 1742 3096 Domi-

154 3132 290 3171 num
322 3117 384 3171 de
406 3118 703 3175 tentatione
732 3121 964 3179 liberare
989 3125 1227 3184 cultores
1255 3144 1400 3184 suos.

226 3228 403 3287 XLIII.
442 3232 704 3289 Dominus
728 3241 884 3304 pater
908 3245 1095 3294 noster
1130 3248 1254 3309 est;
1285 3241 1546 3299 Dominus
1570 3241 1736 3314 iudex

150 3329 343 3377 noster
368 3330 491 3390 est;
524 3323 785 3383 Dominus
810 3328 1082 3401 princeps,
1114 3331 1372 3389 Dominus
1398 3350 1494 3391 rex
1518 3344 1735 3405 noster;

148 3409 414 3468 Dominus
439 3413 555 3487 ipse
595 3429 695 3473 nos
741 3417 1008 3487 salvabit;
1047 3420 1201 3492 cujus
1245 3434 1516 3498 praecepta
1546 3427 1595 3484 si
1638 3443 1737 3484 ne-

143 3509 503 3580 glexerimus,
549 3518 987 3585 permanehimus
1033 3520 1089 3576 in
1132 3524 1401 3593 angustia.
1433 3524 1553 3595 Ipse
1586 3526 1735 3583 enim

140 3599 325 3653 dicit:
356 3599 459 3668 Qui
487 3615 774 3676 sequuntur
797 3626 902 3676 me,
930 3612 1267 3680 possidebunt
1294 3623 1510 3681 terram,
1540 3627 1590 3672 et
1626 3618 1736 3673 ha-

137 3689 459 3746 reditabunt
480 3706 698 3753 montem
723 3710 965 3756 sanctum
990 3719 1163 3759 meum
1188 3704 1343 3777 (Isai.
1366 3705 1501 3778 Lvu)
1526 3726 1539 3762 :
1570 3723 1735 3778 quem

129 3788 201 3837 et
242 3796 345 3838 nos
383 3785 814 3857 possidebimus,
852 3792 901 3851 si
926 3793 1246 3866 impleamus
1288 3797 1461 3869 legem
1485 3798 1635 3868 ejus,
1679 3808 1735 3859 et

127 3871 431 3929 audiamus
458 3875 589 3934 illud
616 3883 761 3948 quod
788 3882 1024 3940 dicitur:
1076 3884 1306 3941 luridas
1337 3888 1495 3957 facite
1521 3891 1578 3945 in
1602 3907 1735 3947 con-

124 3964 465 4039 spectuejus
503 3967 616 4023 uias
642 3979 858 4027 vestras.
899 3973 970 4029 Et
1014 3974 1251 4032 iterum:
1297 3976 1484 4033 Tollite
1509 3981 1733 4051 o/fendi—

124 4053 262 4110 cula
285 4055 353 4110 de
380 4058 465 4113 via
502 4062 683 4131 populi
713 4065 834 4119 mei.
885 4064 955 4121 Et.
981 4066 1108 4127 alibi
1133 4083 1148 4123 :
1195 4068 1390 4139 Ejicite
1419 4072 1484 4127 de
1509 4073 1731 4129 consih'o

121 4146 488 4216 pestilentem,
529 4161 578 4205 et
608 4154 902 4223 egredietur
938 4174 1056 4211 cum
1077 4175 1137 4213 eo
1162 4163 1420 4215 contentio
1447 4162 1580 4234 (Jer.
1612 4166 1727 4236 xv).

120 4236 241 4305 Qui
272 4238 487 4308 justum
530 4242 664 4298 dicit
694 4245 976 4317 injustum,
1027 4258 1082 4304 et
1108 4249 1364 4320 injustum
1400 4253 1610 4323 judicat
1641 4256 1729 4326 ju-

116 4335 315 4395 stum,
363 4339 592 4403 uterque
616 4334 670 4388 in
699 4350 991 4410 conspectu
1031 4340 1129 4397 Dei
1155 4343 1465 4401 immundus
1494 4357 1595 4403 est.
1629 4348 1731 4405 Ca-

117 4431 369 4475 veamus
392 4435 463 4477 ne
485 4422 699 4479 dicatur
721 4433 777 4481 et
803 4428 871 4483 de
896 4429 1085 4486 nobis:
1136 4430 1268 4489 Filii
1287 4434 1507 4492 alienati
1525 4446 1650 4493 sunt
1682 4442 1733 4495 ei

112 4508 316 4583 (Psal.
364 4514 522 4587 xm).
572 4517 641 4574 Et
675 4517 845 4576 illud:
884 4522 1045 4581 Fitite
1084 4524 1213 4582 Sion
1251 4528 1464 4585 elevatte
1496 4541 1639 4599 sunt,
1680 4543 1732 4589 et

108 4601 539 4662 ambulaverunt
566 4610 623 4664 in
650 4611 852 4667 excelso
893 4614 1050 4682 collo,
1097 4627 1146 4672 et
1188 4620 1242 4674 in
1269 4623 1514 4692 superbia
1547 4625 1730 4683 oculo-

102 4707 277 4758 rum,
317 4696 583 4754 trahentes
614 4702 833 4772 pedibus
853 4704 1058 4762 tunicas
1079 4749 1094 4774 ,
1138 4718 1186 4764 et
1208 4712 1428 4781 pedibus
1447 4716 1606 4770 simul
1640 4716 1725 4772 lu—

98 4783 326 4837 dentes
355 4784 506 4855 (Isai.
554 4790 672 4865 ιιι),
724 4802 779 4849 et
806 4795 861 4849 in
906 4800 1255 4869 correptione
1293 4813 1482 4860 nostra
1507 4823 1727 4864 rursum

92 4874 478 4944 prophetalis
505 4894 685 4938 sermo
710 4886 1031 4953 concordet,
1076 4890 1262 4947 dicens
1289 4910 1302 4946 :
1338 4892 1614 4959 Quomodo
1643 4897 1727 4966 fa-

86 4976 203 5023 cta
229 4978 322 5023 est
353 4976 603 5029 meretrix
627 4976 809 5031 civitas
835 4978 1007 5047 fidelis
1044 4978 1192 5049 Sion,
1238 4984 1392 5056 plena
1412 4988 1639 5058 judicio,
1668 4991 1729 5046 in

81 5078 219 5133 qua
239 5062 477 5131 iustitia
500 5065 697 5122 dormit
724 5068 750 5122 ?
793 5068 953 5125 Nunc
1000 5082 1174 5128 autem
1212 5074 1443 5133 latrones
1473 5077 1628 5150 (Isai.
1659 5080 1722 5154 1).

78 5152 170 5207 Βι
201 5168 223 5206 :
260 5152 517 5225 Populus
544 5157 839 5231 intelligens
869 5164 1301 5220 commiscebatur
1332 5170 1611 5224 meretrici.
1644 5152 1723 5225 Tu

72 5260 263 5314 ergo,
286 5244 492 5313 Israel,
522 5264 586 5303 ne
613 5250 938 5321 ignoraberis
981 5251 1157 5327 (Osca:
1175 5254 1271 5329 Iv).
1304 5257 1362 5312 Si
1390 5274 1520 5315 vero
1540 5261 1723 5316 divina
1752 5276 1753 5279 ‘

69 5335 483 5403 nreditemur,
509 5340 810 5408 poterimus
846 5343 978 5399 illud
1011 5345 1212 5413 dicere,
1242 5349 1387 5417 quod
1426 5358 1481 5406 et
1509 5351 1678 5408 David
1702 5370 1721 5408 :

64 5427 431 5485 Exsulwa
457 5448 615 5504 super
636 5435 845 5507 eloquia
882 5448 1005 5506 tua,
1035 5440 1169 5496 sicut
1197 5442 1291 5515 qui
1328 5445 1524 5500 invenit
1549 5444 1721 5518 spolia

62 5520 287 5575 multa
315 5520 503 5594 (Psal.
520 5529 727 5600 cxvm).
757 5528 827 5584 Et
844 5547 859 5584 :
879 5529 1049 5597 Quam
1063 5528 1239 5589 dulcia
1263 5537 1464 5607 gutturi
1482 5553 1596 5594 meo
1617 5539 1721 5595 elo-

52 5615 227 5688 quia
263 5625 404 5685 tua,
427 5635 585 5692 super
603 5622 705 5678 mel
726 5632 775 5679 et
805 5622 985 5695 favum
1007 5628 1088 5683 ori
1108 5645 1241 5684 meo.
1267 5630 1565 5691 Cantabiles
1588 5635 1718 5692 mihi

1852 1855 1999 1909 audit
2026 1856 2279 1911 mandata
2305 1874 2422 1911 mea
2449 1867 2501 1911 et
2520 1868 2693 1913 servat
2714 1877 2797 1923 ea,
2822 1859 2908 1913 ille
2929 1870 3004 1914 est
3026 1862 3115 1931 qui
3139 1861 3310 1933 diligit
3331 1879 3433 1918 me.

1852 1945 1959 2012 Qui
2002 1957 2175 2002 autem
2208 1947 2388 2019 diliget
2416 1966 2517 2016 me,
2545 1950 2794 2021 diligetur
2822 1968 2855 2004 a
2896 1948 3058 2005 Patre
3100 1968 3233 2018 meo,
3266 1960 3316 2006 et
3343 1969 3436 2025 ego

1850 2035 2069 2106 diligam
2111 2054 2252 2102 eum,
2282 2047 2331 2092 et
2363 2039 2624 2093 veniemus
2649 2056 2741 2110 ego
2762 2049 2812 2094 et
2839 2038 3001 2095 Pater
3020 2058 3184 2108 meus,
3208 2053 3259 2097 et
3280 2060 3436 2096 man-

1848 2130 2048 2183 sionem
2092 2129 2234 2201 apud
2256 2146 2376 2183 eum
2405 2131 2678 2200 faciemus,
2726 2141 2773 2185 et
2803 2134 3071 2188 ostendam
3108 2135 3156 2189 ei
3180 2136 3436 2205 meipsum

1850 2217 2033 2290 (Joan.
2068 2219 2204 2292 xxv).
2233 2220 2320 2285 Et,
2362 2218 2465 2275 Vos
2496 2222 2652 2275 amici
2680 2224 2783 2276 mei
2807 2208 2949 2288 estis,
2994 2225 3040 2278 si
3066 2225 3294 2294 feceritis
3320 2242 3437 2299 qua:

1844 2313 2091 2383 praecipio
2138 2313 2282 2368 vobis
2313 2313 2495 2385 (Joan.
2530 2315 2643 2382 xv).
2674 2315 2952 2374 Tollamus
2986 2319 3269 2375 nobiscum
3294 2318 3436 2375 mul-

1846 2410 1933 2458 tos
1957 2418 2259 2472 sermones,
2291 2415 2348 2462 et
2393 2417 2777 2466 convertamur
2821 2411 2887 2465 ad
2929 2411 3214 2467 Dominum
3259 2411 3433 2469 Deum

1845 2501 2115 2561 nostrum,
2145 2503 2201 2550 et
2225 2496 2469 2552 dicamus
2496 2499 2548 2553 ei
2581 2516 2593 2552 :
2628 2496 2787 2553 Potes
2818 2500 3075 2555 dimittere
3102 2511 3339 2572 peccata,
3374 2512 3435 2556 ut

1846 2584 2169 2655 accipiamus
2217 2587 2373 2654 bona,
2423 2596 2473 2643 et
2503 2588 2787 2645 reddamus
2813 2591 2862 2644 ei
2890 2590 3120 2660 fructum
3169 2590 3432 2646 labiorum

1845 2685 2145 2733 nostrorum
2171 2675 2345 2751 (Osca:
2382 2681 2493 2756 xxv)
2515 2723 2531 2750 ,
2573 2691 2630 2739 et
2670 2683 2967 2740 delectetur
2986 2684 3043 2741 in
3072 2684 3229 2742 nobis
3249 2684 3433 2751 enim

1843 2778 2051 2822 nostra.
2668 2797 2677 2801 ‘

1916 2856 2077 2915 XLV.
2114 2858 2294 2931 Atque
2338 2860 2547 2920 utinam
2576 2867 2843 2937 pmniteat
2880 2883 2981 2924 nos
3008 2869 3213 2927 erroris
3240 2879 3297 2926 et
3334 2886 3431 2928 ne-

1845 2946 2133 3021 gligentiae,
2181 2960 2236 3006 et
2273 2955 2522 3010 conversi
2568 2956 2635 3010 ad
2682 2957 2866 3028 priora
2911 2958 3155 3015 dicamus
3203 2977 3218 3015 :
3264 2961 3433 3015 Assur

1843 3054 1950 3093 non
1976 3040 2199 3096 salvabit
2224 3060 2353 3113 nos;
2403 3064 2559 3118 super
2597 3066 2898 3124 equosqnon
2947 3052 3306 3121 ascendemus;
3338 3070 3431 3110 nec

1767 3114 1814 3195 (ἒ
1833 3130 1956 3201 jam
1983 3133 2215 3190 dicemus
2256 3150 2275 3189 :
2304 3136 2393 3193 Dii
2430 3142 2596 3196 nostri
2636 3159 2794 3215 opera
2825 3161 3077 3199 manuum
3104 3156 3425 3203 nostrarum.

1839 3222 1983 3280 Deus
2008 3226 2099 3297 qui
2125 3226 2179 3282 in
2203 3237 2252 3284 te
2280 3238 2356 3285 est
2384 3232 2717 3289 miserebitur
2737 3236 2945 3309 pupilli,
2987 3237 3187 3293 sonabo
3217 3239 3426 3293 habita—
3510 3298 3513 3301 _

1838 3317 1960 3372 cula
2003 3337 2183 3375 eorum
2209 3321 2381 3396 (Osee:
2405 3327 2540 3399 κη).
2565 3326 2914 3401 Rursumque
2946 3329 3090 3386 dicet
3118 3329 3186 3385 de
3212 3330 3371 3386 nobis
3400 3343 3416 3383 :

1836 3409 2067 3483 Diligam
2101 3431 2189 3469 eos
2215 3418 2512 3487 manifeste,
2537 3428 2586 3474 et
2606 3432 2839 3476 avertam
2864 3423 3000 3476 iram
3026 3438 3195 3477 meam
3224 3422 3289 3476 ab
3318 3422 3414 3477 eis.

1836 3502 1948 3557 Ero
2000 3507 2153 3576 quasi
2187 3525 2305 3573 ros;
2357 3510 2530 3566 Israel
2576 3514 2782 3585 ﬂorebit
2834 3523 2893 3569 ut
2941 3513 3132 3580 lilium,
3175 3523 3225 3569 et
3256 3515 3424 3569 mittet

1835 3595 2040 3651 radices
2078 3615 2201 3654 suas
2237 3604 2390 3673 quasi
2428 3602 2681 3660 Libanus.
2720 3606 2882 3661 Ibunt
2918 3608 3053 3661 rami
3086 3607 3222 3677 ejus,
3249 3616 3298 3662 et
3327 3607 3426 3663 erit

1835 3688 1990 3758 quasi
2023 3687 2159 3743 oliva
2198 3690 2499 3764 fructifera,
2540 3703 2590 3749 et
2623 3696 2754 3750 odor
2784 3698 2899 3769 ejus
2925 3707 2983 3752 ut
3007 3699 3196 3754 thuris.
3231 3698 3425 3756 Rever-

1835 3788 2013 3836 tentur
2036 3792 2086 3837 et
2113 3785 2365 3842 sedebant
2402 3791 2756 3863 unusquisque
2801 3793 2855 3847 in
2899 3793 3253 3851 tabernaculis
3288 3795 3425 3863 suis,

1833 3881 1884 3929 et
1927 3876 2118 3944 vivent,
2149 3886 2198 3933 et
2233 3880 2684 3951 confirmabuntur
2708 3884 2971 3956 frumento
3002 3906 3020 3944 :
3043 3888 3251 3958 florebit
3278 3889 3416 3947 sicut

1833 3965 1985 4020 vinea
2032 3972 2285 4026 memoria
2321 3990 2522 4040 eorum,
2575 3976 2711 4030 sicut
2764 3977 2896 4031 odor
2922 3979 3091 4034 thuris
3138 3979 3414 4052 Ephraim.

1834 4055 1978 4123 Quid
2006 4060 2054 4115 ei
2080 4071 2130 4116 et
2154 4062 2310 4121 idolis
2327 4066 2353 4120 ?
2392 4066 2506 4139 Ego
2530 4067 2820 4124 humiliabo
2848 4087 2989 4139 eum,
3016 4081 3066 4126 et
3109 4073 3418 4144 confortabo

1829 4167 1969 4207 eum.
1995 4152 2110 4226 Ego
2137 4165 2197 4211 ut
2213 4157 2496 4232 iuniperus
2536 4161 2831 4229 condensa;
2854 4180 2919 4218 ea:
2946 4180 3028 4219 me
3059 4164 3267 4236 fructus
3300 4166 3416 4238 ejus

1829 4243 2068 4302 inventus
2105 4260 2199 4304 est.
2235 4250 2365 4317 Quis
2419 4256 2649 4327 sapiens,
2684 4266 2732 4312 et
2759 4256 3003 4328 intelligit
3036 4258 3181 4324 haec;
3211 4269 3305 4314 aut
3328 4260 3418 4317 in-

1831 4334 2087 4407 telligens,
2117 4348 2167 4394 et
2192 4345 2457 4412 cognoscit
2497 4347 2599 4401 ista
2644 4345 2877 4422 (Ibid.)?
2902 4346 3081 4420 Atque
3108 4350 3318 4405 utinam
3358 4360 3417 4407 et

1834 4445 1936 4485 nos
1963 4445 2029 4485 ex
2058 4447 2125 4489 eo
2154 4433 2387 4493 fructum
2429 4439 2624 4498 all‘erre
2648 4442 2950 4508 valeamus,
2996 4442 3116 4499 sine
3148 4460 3260 4516 quo
3282 4443 3417 4501 nihil

1833 4522 1962 4579 boni
1987 4526 2165 4593 operis
2188 4526 2306 4583 ﬁeri
2330 4538 2529 4601 potest.

1904 4619 2091 4676 XLVI.
2122 4621 2481 4682 Revertamur
2511 4627 2578 4683 ad
2597 4627 2903 4697 Dominum,
2925 4636 2986 4689 ut
3008 4631 3074 4688 de
3102 4632 3258 4691 nobis
3278 4649 3414 4706 quo-

1833 4727 1940 4784 que
1966 4716 2139 4785 possit
2184 4717 2363 4776 dicere
2394 4737 2409 4774 :
2440 4716 2788 4776 Peccatorum
2823 4732 2872 4778 et
2902 4725 3193 4798 iniquitatis
3231 4744 3412 4785 eorum

1833 4822 2032 4862 memor
2046 4810 2272 4880 amplius
2299 4829 2402 4868 non
2422 4830 2510 4868 ero
2534 4812 2689 4886 (Isai.
2706 4816 2880 4887 XLIII).
2903 4816 3019 4873 Non
3043 4820 3413 4893 relinquamus

1832 4894 2007 4968 legem
2033 4898 2153 4968 Dei,
2182 4917 2345 4973 quam
2375 4904 2537 4960 Pater
2563 4915 2748 4963 noster
2768 4909 2837 4963 ab
2863 4923 2929 4965 eo
2958 4912 3229 4982 accipiens
3256 4912 3413 4971 nobis

1829 4988 2074 5056 tradidit,
2098 5007 2273 5062 neque
2292 4996 2446 5066 parvi
2474 4994 2592 5066 ejus
2617 4999 2875 5054 mandata
2898 5002 3231 5080 pendamus;
3265 5018 3334 5059 ne
3357 5014 3414 5062 et

1829 5094 1995 5149 super
2030 5097 2128 5137 nos
2155 5084 2405 5153 planctus
2450 5086 2540 5143 ille
2568 5088 2781 5145 dicatur
2811 5108 2824 5143 :
2860 5088 3134 5158 Quomodo
3162 5093 3412 5151 obscura-

1829 5178 1941 5225 tum
1970 5182 2051 5227 est
2092 5191 2303 5242 aurum,
2327 5186 2375 5231 et
2404 5178 2738 5235 immutatum
2766 5191 3037 5252 argentum
3066 5185 3259 5239 bonum
3287 5200 3307 5239 :
3333 5187 3412 5261 ef-

1829 5262 1938 5334 fusi
1985 5266 2343 5339 suntlapides
2396 5274 2565 5326 sancti
2608 5273 2662 5330 in
2712 5274 2855 5328 omni
2901 5275 3103 5330 viarum
3149 5278 3410 5353 principio

1829 5357 2048 5430 (Thren.
2082 5362 2194 5437 1v)?
2218 5363 2329 5421 Nec
2353 5377 2476 5435 post
2500 5365 2762 5438 plurimos
2780 5367 2997 5425 labores
3014 5367 3194 5430 Patris
3210 5375 3408 5445 nostri,

1826 5463 1965 5521 quos
1992 5468 2091 5523 pro
2124 5455 2294 5512 salute
2321 5466 2506 5513 nostra
2534 5460 2792 5531 suscepit,
2824 5459 3060 5530 seipsum
3099 5468 3405 5540 exemplum

1825 5541 2043 5600 virtutis
2069 5546 2334 5613 tribuens,
2361 5548 2600 5620 glorians
2627 5552 2693 5606 de
2726 5550 2904 5618 nobis,
2932 5559 2987 5607 et
3012 5557 3155 5626 apud
3186 5571 3405 5619 sanctos

1822 5635 2068 5708 loquens.
2097 5636 2193 5694 Isti
2220 5639 2316 5695 ﬁlii
2336 5640 2445 5695 mei
2472 5647 2622 5708 sunt,
2644 5648 2700 5696 et
2727 5641 2958 5713 populus
2980 5662 3132 5705 meus
3154 5649 3247 5705 lilii
3270 5653 3400 5719 mei,

49 5715 266 5765 «aut
289 5707 720 5782 justificaiiones
747 5724 855 5773 tute
880 5715 941 5774 in
969 5714 1088 5776 loco
1107 5723 1541 5794 peregrinationis
1583 5744 1712 5787 mete
1820 5736 1877 5789 et
1895 5707 2003 5790 non
2023 5731 2391 5808 denegabunt;
2413 5742 2471 5791 et
2489 5742 2616 5806 post
2632 5707 3004 5811 hujuscemodi
3030 5707 3403 5803 testimonium
3429 5725 3433 5729 ”
3496 5800 3500 5805 ι
