4004 6328
550 348 648 405 Hi

1506 340 1565 397 S.
1606 339 1967 397 BENEDIC'I‘I
2005 334 2298 396 ABBA’I‘IS
2332 337 2741 397 ANIANENSIS

3702 344 3804 402 472

551 479 660 520 non
703 460 995 531 perdamus
1023 456 1278 512 ﬁduciam
1304 456 1458 523 bonae
1505 454 1871 520 conscientia,
1917 454 2131 524 spoliati
2157 459 2209 519 Α
2233 453 2373 509 sicut
2408 454 2669 523 scriptum
2698 460 2783 507 est
2814 471 2827 506 :
2859 451 3061 507 Tollam
3095 439 3213 509 vos,
3229 471 3393 509 unum
3419 456 3483 509 de
3508 457 3721 527 populo,
3764 472 3809 517 et

549 552 793 609 vestibus
813 549 1011 619 quibus
1032 564 1133 604 nos
1159 547 1367 613 induit;
1396 546 1757 601 etintroducti
1780 546 1847 601 ab
1861 561 1927 627 eo
1949 545 2001 599 in
2018 554 2133 601 sta—

552 645 697 701 dium
708 649 798 708 ,'ut
816 640 1053 712 legitime
1076 646 1370 704 certemus,
1391 653 1497 692 non
1519 651 1839 707 superentur
1863 638 1931 691 ab
1957 636 2136 691 inimi-

550 735 631 789 cis
658 733 881 788 nostris.
910 731 978 785 Et
1004 714 1292 803 postquam
1328 729 1637 784 venerimus
1665 727 1734 783 ad
1763 728 1894 783 illud
1921 738 2134 799 tempus

551 838 658 894 quo
689 822 1032 893 egrediamur
1062 821 1128 876 de
1180 835 1426 891 corpore,
1475 834 1543 874 ne
1593 818 1798 874 inimici
1838 817 2135 873 elliciamur

554 912 732 968 Patris
780 913 952 967 nostri
982 912 1254 967 thesauris
1303 912 1601 966 servientes
1647 929 1663 968 :
1709 918 1770 965 ut
1797 910 1889 980 qui
1912 908 2134 980 jejuniis

549 1013 605 1058 et
629 1002 917 1058 afﬂictione
944 1002 1190 1072 corporis
1218 988 1505 1056 debuimus
1529 1000 1814 1071 acquirere
1851 1000 2046 1053 animae
2070 998 2134 1052 li-

551 1094 842 1158 bertatem,
889 1094 1038 1148 carni
1081 1102 1138 1146 et
1176 1092 1405 1157 deliciis,
1450 1103 1504 1147 et
1533 1092 1933 1162 pulchrioribus
1971 1091 2133 1146 vesti-

550 1184 771 1248 mentis,
813 1184 1105 1254 stratisque
1151 1185 1488 1239 mollioribus
1519 1200 1618 1239 uos
1659 1184 1991 1250 dedicemus,
2023 1198 2131 1239 non

548 1272 722 1328 solum
752 1274 852 1344 ipsi
882 1284 1190 1345 pereuntes,
1221 1272 1314 1331 sed
1358 1284 1414 1331 et
1440 1277 1575 1331 alios
1606 1277 1697 1346 qui
1744 1276 2010 1347 proiicere
2038 1291 2136 1346 po-

549 1370 770 1417 tuerunt
818 1365 1067 1434 exemplo
1124 1375 1312 1421 nostro
1366 1367 1626 1421 ducentes
1674 1367 1740 1421 ad
1782 1368 2017 1433 ruinam,
2068 1368 2136 1423 de

546 1456 743 1526 quibus
775 1455 1037 1525 scriptum
1066 1464 1152 1511 est
1180 1475 1192 1508 :
1229 1456 1353 1510 Non
1377 1459 1649 1528 accepistis
1688 1459 1931 1529 spiritum
1968 1459 2132 1513 servi-

546 1547 670 1599 tutis
696 1547 936 1600 timorem
965 1546 1143 1617 (Itdm.
1182 1547 1302 1619 vut)
1321 1588 1336 1612 ,
1368 1549 1461 1604 sed
1488 1548 1839 1616 fortitudinis,
1869 1559 1924 1604 et
1953 1550 2135 1605 chari-

548 1644 696 1701 tatts,
720 1645 776 1690 et
799 1637 1091 1706 pudicitiae.
1110 1624 1177 1691 Et
1199 1656 1212 1691 :
1238 1636 1399 1692 Cibus
1412 1655 1505 1693 nos
1531 1656 1633 1693 non
1655 1642 1981 1696 commendat
1996 1642 2129 1696 Deo.

548 1724 731 1797 Neque
772 1729 912 1781 enim
958 1728 1003 1781 si
1054 1729 1455 1795 comederimus,
1486 1730 1869 1786 abundabimus
1895 1746 1914 1784 :
1948 1749 2039 1787 nec
2087 1734 2133 1787 si

2234 547 2366 601 duos
2395 546 2459 599 de
2490 546 2715 615 familia,
2735 554 2783 600 et
2801 546 3051 600 inducam
3073 564 3163 602 vos
3185 549 3242 602 in
3272 548 3424 613 Sion,
3445 559 3493 603 et
3520 549 3655 603 dabo
3681 553 3811 608 vobis

2232 650 2466 710 pastores
2519 624 2805 694 secundum
2829 654 2922 693 cor
2964 656 3162 705 meum,
3195 642 3285 712 qui
3328 653 3544 712 pascant
3580 660 3672 696 vos
3706 662 3810 699 cum

2234 731 2514 802 disciplina
2544 731 2677 803 (Jer.
2719 730 2826 803 III);
2860 731 3203 791 resolvantur
3235 732 3454 787 vincula
3509 733 3811 798 charitatis,

2233 828 2289 876 et
2317 821 2530 875 dicatur
2555 821 2623 876 de
2648 822 2805 876 nobis
2834 838 2848 874 :
2876 819 3054 877 Filius
3092 823 3353 893 gloriﬁcat
3383 833 3609 894 patrem,
3642 835 3691 878 et
3721 844 3814 879 ser-

2232 933 2328 971 uus
2349 917 2617 986 dominum
2646 934 2821 972 suum.
2867 918 2929 974 Si
2958 928 3108 990 pater
3129 937 3221 991 ego
3251 937 3388 987 sum,
3436 922 3524 975 ubi
3545 932 3626 976 est
3661 923 3813 993 gloria

2232 1007 2386 1061 mea?
2411 1006 2472 1062 Si
2499 1007 2779 1074 Dominus,
2812 1010 2900 1063 ubi
2922 1020 2997 1063 est
3021 1011 3179 1065 timor
3202 1027 3349 1065 meus
3372 1010 3639 1082 (Malach.
3676 1014 3750 1083 t)?

2302 1142 2532 1198 XLVIII.
2569 1145 2778 1201 Idcirco
2823 1148 3198 1218 unusquisque
3238 1158 3489 1205 nostrum
3519 1150 3732 1205 clamat
3758 1152 3818 1207 ad

2233 1236 2519 1291 Dominum
2551 1252 2567 1292 :
2599 1236 2744 1292 Muri
2789 1238 2920 1294 Sion
2959 1240 3223 1294 deducant
3266 1242 3403 1296 sicut
3440 1252 3706 1297 torrentes
3747 1245 3816 1298 ia-

2232 1347 2437 1400 crgmas
2466 1332 2551 1386 die
2570 1349 2632 1386 ac
2653 1341 2821 1387 nocte.
2849 1333 2932 1388 Ne
2952 1336 3044 1389 des
3070 1337 3296 1407 requiem
3318 1336 3432 1402 tibi,
3462 1328 3637 1408 neque
3666 1347 3816 1392 taceat

2230 1422 2434 1493 pupilla
2456 1423 2595 1477 oculi
2617 1425 2715 1478 tui.
2742 1422 2931 1495 Surge,
2954 1436 3002 1480 et
3026 1426 3187 1481 lauda
3210 1429 3269 1482 in
3292 1438 3460 1493 nocte,
3492 1430 3546 1481 in
3577 1429 3819 1501 principio

2231 1511 2534 1583 vigiliarum
2589 1523 2801 1567 tuarum
2849 1531 2868 1569 :
2912 1516 3124 1585 effunde
3171 1517 3307 1571 sicut
3339 1535 3537 1590 aquam
3567 1530 3819 1573 σοι-ηας

2230 1606 2287 1659 in
2331 1615 2606 1677 conspectu
2643 1606 2878 1661 Domini.
2902 1606 3043 1662 Leva
3066 1609 3136 1663 ad
3170 1608 3321 1663 illum
3351 1627 3543 1665 manus
3589 1621 3715 1665 tuas
3741 1629 3819 1681 pro

2234 1695 2510 1749 animabus
2549 1695 2892 1765 parvulorum
2934 1706 3169 1764 tuorum,
3207 1700 3297 1770 qui
3324 1700 3642 1769 defecerunt
3673 1704 3722 1754 ia
3746 1719 3800 1755 ca

544 1833 648 1869 non
677 1817 1456 1888 comederimns,indigebimus.
1485 1819 1611 1873 Non
1640 1832 1714 1874 est
1753 1823 1889 1875 enim
1920 1839 2134 1893 regnum
2164 1822 2210 1881 B
2238 1795 2340 1893 {me
2366 1804 2724 1893 unwfr‘orum
2758 1806 3030 1893 9:8“qu
3071 1790 3287 1893 ab"?
3320 1792 3513 1893 ")ime
3534 1792 3803 1893 {him

548 1903 644 1958 Dei
693 1907 837 1960 cibus
884 1917 931 1960 et
960 1919 1134 1978 potus,
1164 1910 1253 1962 sed
1282 1910 1520 1979 justitia,
1570 1912 1843 1982 gaudium,
1873 1923 1919 1966 et
1948 1930 2054 1984 pax
2082 1914 2137 1968 in

544 1992 747 2065 Spiritu
772 2009 954 2052 sancto
986 2000 1164 2070 (ltom.
1193 2002 1323 2072 xw).
1357 2001 1459 2068 Qui
1489 2003 1541 2056 in
1573 2004 1677 2056 hoc
1700 2004 1870 2058 servit
1896 2002 2132 2072 Christo,

544 2084 722 2154 placet
748 2086 878 2152 [)co,
904 2091 1165 2157 probatus
1195 2099 1282 2145 est
1316 2091 1591 2145 omnibus.
1615 2091 1785 2146 Isaias
1812 2108 2026 2162 quoque
2057 2094 2136 2147 di-

542 2176 618 2231 cit
650 2195 663 2231 :
700 2177 806 2244 Qui
835 2190 1135 2250 exspectant
1162 2181 1465 2248 Dominum,
1498 2183 1849 2236 immutabunt
1875 2193 2132 2249 vrtutem,

541 2283 808 2326 assument
837 2290 1035 2343 pennas
1067 2286 1121 2328 ut
1156 2275 1383 2345 aquilw;
1426 2286 1658 2340 current,
1694 2286 1743 2329 et
1779 2276 2134 2339 laborabunt;

542 2365 887 2432 gradientur,
947 2376 994 2418 et
1060 2383 1163 2419 non
1227 2368 1455 2419 esuriem
1519 2366 1674 2436 (Isai.
1748 2366 1861 2438 XL).
1928 2367 2136 2419 Idcirco

541 2451 759 2506 elevabit
813 2458 1020 2523 signum
1071 2458 1126 2508 in
1161 2466 1356 2524 gentes,
1403 2463 1450 2508 et
1503 2456 1833 2525 congregabit
1887 2457 2135 2527 profugos

544 2540 737 2594 Israel.
781 2540 899 2594 Cito
942 2544 1184 2596 velociter
1227 2545 1427 2597 venient
1468 2561 1621 2599 :non
1667 2547 1919 2612 esurieut,
1974 2564 2138 2619 neque

544 2630 925 2686 dormitabunt.
980 2632 1103 2688 Non
1138 2634 1419 2699 dormiant,
1476 2651 1567 2687 nec
1612 2638 1807 2690 solvent
1862 2654 2021 2691 zonas
2073 2637 2137 2691 de

546 2722 736 2777 lumbis
763 2725 896 2790 suis,
932 2724 1096 2796 neque
1126 2738 1434 2797 rumpentur
1460 2722 1517 2781 in
1545 2729 1912 2783 calceamentis
1954 2746 2135 2784 eorum

545 2817 809 2886 corrigia'.
842 2817 1081 2883 Quorum
1096 2818 1285 2888 jacula
1312 2830 1469 2874 acuta
1499 2831 1644 2884 sunt,
1663 2830 1708 2873 et
1733 2822 1914 2875 intenti
1937 2838 2133 2887 arcus;

544 2906 698 2976 pedes
742 2926 996 2981 equorum
1019 2951 1034 2976 ,
1079 2921 1135 2965 ut
1173 2922 1320 2981 petra
1351 2913 1642 2982 fortissima
1668 2928 1687 2965 :
1718 2925 1846 2968 rotae
1883 2900 2134 2969 curruum

547 2999 699 3066 quasi
721 3002 1032 3070 tempestas;
1056 3001 1304 3072 impetum
1325 3002 1518 3072 facient
1544 3014 1598 3057 ut
1620 3003 1816 3071 leones,
1841 3016 1889 3060 et
1911 3007 2135 3060 aderunt

546 3096 600 3140 ut
629 3090 792 3143 catuli
817 3090 1024 3145 leonum
1059 3092 1221 3165 (Ibid.
1252 3096 1327 3165 v).

2240 1888 2322 1931 tra
2353 1893 2452 1932 nos
2480 1877 2698 1932 dicatur
2725 1899 2737 1932 :
2772 1878 2930 1933 Luxit
2965 1889 3014 1933 et
3044 1890 3319 1951 corruptus
3349 1891 3425 1934 est
3465 1881 3640 1935 orbis.
3677 1880 3821 1935 Ltus-

2239 1979 2361 2022 runt
2382 1968 2573 2023 excelsi
2596 1976 2769 2033 term,
2799 1982 2844 2023 et
2869 1978 3010 2023 terra
3033 1970 3189 2039 impie
3211 1971 3313 2039 egit
3335 1980 3547 2041 propter
3573 1970 3823 2023 habitato-

2238 2077 2320 2114 res
2353 2076 2476 2113 suos
2509 2053 2563 2110 ':‘
2593 2060 2987 2129 dereliquerunt
3016 2076 3155 2114 enim
3204 2059 3392 2130 legem,
3435 2070 3485 2113 et
3527 2062 3821 2114 immutave-

2238 2159 2360 2203 runt
2413 2160 2673 2220 prtrcepta
2729 2167 2845 2204 mea
2892 2159 3259 2205 testamentum
3304 2161 3585 2205 internum.
3637 2152 3821 2207 Idcirco

2236 2230 2535 2295 maledictio
2577 2241 2843 2296 devorubit
2891 2252 3106 2304 terram,
3146 2245 3272 2313 quia
3296 2255 3661 2313 peccaverunt
3696 2246 3822 2297 habi-

2237 2344 2431 2387 tatores
2471 2334 2609 2403 ejus,
2657 2346 2702 2387 et
2747 2334 3136 2405 dereliquerun't
3183 2337 3417 2389 homines
3462 2338 3634 2406 pauci
3691 2336 3820 2408 (Isai.

2236 2428 2407 2498 xxw).
2447 2428 2524 2481 Ne
2553 2437 2609 2482 et
2640 2439 2885 2484 nostrum
2937 2430 3122 2484 vinum
3155 2429 3333 2500 lugeat
3361 2439 3414 2483 et
3449 2430 3648 2495 vinea,
3681 2440 3731 2485 et
3756 2432 3821 2482 in-

2236 2521 2556 2591 gemiscant,
2609 2522 2701 2590 Qui
2731 2522 2881 2590 prius
2925 2530 3039 2576 toto
3086 2522 3269 2576 animo
3311 2522 3675 2587 lzetabantur,
3702 2524 3823 2577 dica-

2238 2621 2431 2681 turque
2467 2614 2533 2668 de
2580 2614 2736 2667 nobis
2783 2632 2795 2666 :
2829 2613 2891 2667 In
2924 2613 3079 2667 domo
3119 2614 3387 2667 insaniam
3438 2616 3824 2683 confinxerunt,

2235 2705 2467 2775 corrupti
2510 2714 2630 2757 sunt
2667 2706 2799 2757 sicut
2832 2704 2940 2757 dies
2988 2704 3158 2759 collis.
3190 2705 3300 2758 Aut
3336 2705 3468 2759 illud
3505 2723 3518 2758 :
3553 2705 3750 2777 Captio
3772 2721 3824 2757 es

2236 2796 2376 2851 vobis
2406 2804 2501 2849 est.
2530 2795 2616 2859 Et,
2646 2795 2866 2849 Dixistis
2896 2797 3057 2861 enim,
3080 2796 3298 2865 fecimus
3326 2806 3709 2851 testamentum
3729 2815 3827 2850 cum

2234 2888 2465 2957 inferno,
2516 2896 2715 2940 etcum
2764 2896 2930 2940 morte
2975 2896 3189 2956 pactum
3234 2886 3390 2957 (Isai.
3425 2891 3664 2959 xxvm).
3719 2888 3826 2954 Quae

2236 2981 2399 3034 verba
2450 2980 2708 3044 vitantes,
2760 2978 3034 3051 credimus
3065 2979 3262 3049 magis,
3294 2978 3437 3047 quod
3484 2979 3544 3032 in
3600 2987 3829 3047 tempore

2237 3088 2335 3128 suo
2386 3071 2599 3127 Orietur
2650 3072 2802 3126 stella
2851 3089 2915 3125 ex
2944 3070 3135 3135 Iacob,
3187 3079 3237 3123 et
3285 3080 3530 3140 exsurget
3575 3071 3742 3124 homo
3779 3071 3828 3122 de

614 3179 820 3235 XLVII.
853 3182 918 3236 Et
947 3199 1045 3237 nos
1069 3159 1239 3254 igitur
1263 3159 1579 3241 sanctorum
1607 3186 1915 3243 imitatores
1937 3191 2127 3256 simus,

2242 3162 2431 3227 Israel,
2476 3164 2565 3233 qui
2614 3164 2865 3232 percutiet
2908 3162 3167 3231 principes
3218 3159 3397 3224 Moab,
3440 3170 3492 3213 et
3528 3159 3689 3229 ﬁlios
3727 3159 3828 3214 εριὲ

546 3287 647 3326 nec
687 3272 1071 3330 obliviscamur
1096 3277 1473 3343 institutionis,
1506 3294 1611 3348 qua
1642 3295 1741 3333 nos
1765 3280 2000 3335 erudivit
2024 3280 2130 3335 Pa-

549 3372 630 3417 ter
676 3373 881 3432 uoster,
928 3368 1054 3422 dum
1081 3369 1257 3425 adhuc
1288 3379 1438 3425 esset
1464 3369 1519 3425 in
1547 3387 1796 3442 corpore.
1830 3372 1908 3429 Ne
1928 3375 2134 3429 exstin-

546 3471 776 3526 guamus
811 3457 1089 3513 lucernam
1111 3462 1417 3529 ardentem,
1451 3479 1613 3533 quam
1649 3465 1831 3535 posuit
1856 3482 2021 3536 super
2047 3481 2136 3522 ca-

544 3545 656 3614 pita
684 3557 892 3603 nostra.
921 3549 1003 3605 Ad
1027 3548 1181 3619 cujus
1202 3552 1383 3607 lumen
1408 3553 1569 3624 hujus
1588 3557 1769 3611 saeculi
1801 3560 2131 3627 incedentes,

546 3640 974 3707 meminerimus,
1025 3644 1171 3712 quod
1216 3659 1314 3714 per
1334 3647 1573 3701 studium
1602 3647 1746 3703 illius
1776 3649 1917 3706 Deus
1951 3667 2050 3706 nos
2078 3653 2135 3707 in

547 3733 821 3801 propriam
865 3732 1132 3788 familiam
1175 3739 1458 3808 receperit,
1492 3742 1806 3809 peregreuis
1837 3743 2136 3814 hospitium

550 3825 817 3892 tribuens,
863 3827 920 3881 in
971 3829 1142 3883 maris
1190 3831 1500 3887 turbinibus
1556 3835 1869 3890 constitutis
1919 3846 2136 3907 portum

547 3922 861 3987 ostendens,
904 3906 1100 3991 panem
1124 3924 1180 3978 in
1212 3924 1378 3991 fame,
1415 3927 1664 3980 umbram
1695 3929 1750 3982 in
1784 3940 1940 3996 aestu,
1973 3933 2139 3987 vesti-

551 4022 795 4066 mentum
826 4015 879 4067 in
923 4016 1201 4084 nuditate;
1235 4019 1516 4088 imperitos
1551 4024 1840 4092 prmeeptis
1885 4025 2142 4094 spiritali-

551 4105 657 4158 bus
681 4105 951 4172 erudivit;
982 4108 1129 4162 vitiis
1155 4110 1457 4166 servientes
1479 4113 1726 4169 castitate
1751 4116 2138 4185 circumdedit;

550 4198 736 4268 procul
759 4201 967 4269 positos
988 4201 1091 4257 sibi
1106 4200 1309 4269 junxit.
1343 4204 1422 4259 Ne
1444 4215 1565 4276 post
1591 4206 1733 4262 illius
1756 4208 2140 4266 dormitionem

550 4280 939 4345 obliviscamur
991 4300 1152 4348 tanta:
1204 4295 1463 4350 bonitatis
1505 4305 1559 4351 et
1600 4297 1989 4356 beneficiorum
2040 4300 2143 4357 im-

553 4385 889 4452 mortalium,
918 4395 1195 4443 vertentes
1231 4388 1470 4444 l‘urorcm
1519 4391 1575 4444 in
1603 4390 1891 4460 judicium,
1928 4404 1983 4450 et
2020 4395 2138 4450 fru-

443 4468 466 4492 ⁸
550 4483 698 4531 ctum
731 4474 960 4545 iustitia:
1000 4480 1056 4533 in
1087 4481 1528 4546 amaritudinem,
1575 4492 1629 4538 et
1671 4483 1923 4554 loquatur
1950 4497 2141 4543 contra

552 4586 652 4625 nos
687 4589 700 4624 :
730 4571 978 4626 Judicate
1006 4572 1143 4626 inter
1166 4591 1246 4627 me
1284 4584 1330 4627 et
1362 4576 1563 4629 vineam
1596 4593 1784 4631 meam.
1829 4578 2140 4650 Exspectavi

553 4670 610 4714 ut
645 4661 840 4730 faceret
876 4662 1127 4731 fructum,
1156 4677 1203 4718 et
1234 4665 1355 4732 fecit
1398 4667 1747 4738 iniquitatem,
1768 4680 1817 4723 et
1848 4688 1950 4725 non
1971 4672 2141 4742 justi-

552 4757 704 4822 tiam,
751 4756 840 4809 sed
890 4755 1171 4811 clamorem
1206 4754 1362 4831 (Isai.
1394 4759 1480 4829 v);
1526 4768 1582 4814 et
1627 4761 1812 4815 veniat
1850 4778 2012 4832 super
2043 4780 2142 4820 nos

554 4848 647 4901 illa
677 4847 1010 4913 maledictio,
1047 4864 1208 4918 quam
1245 4851 1579 4920 prophetalis
1619 4866 1801 4906 sermo
1831 4853 1918 4908 ille
1954 4870 2141 4923 prose-

552 4940 758 5011 quitur,
786 4952 843 4997 et
870 4956 1033 5012 quam
1062 4942 1209 4996 omni
1247 4944 1426 4998 studio
1456 4942 1643 5015 fugere
1677 4960 1743 5000 ac
1772 4945 1945 5002 vitare
1985 4947 2144 5003 debe-

554 5051 694 5102 mus,
749 5046 1039 5108 sequentes
1083 5040 1557 5096 conversationem
1607 5055 1796 5096 eorum
1836 5040 1928 5111 qui
1957 5055 2057 5096 nos
2087 5042 2142 5096 in

561 5131 786 5187 Domino
820 5139 1221 5203 praecesserunt
1259 5131 1482 5187 Patrum
1512 5132 1720 5202 pariter
1759 5148 1823 5187 ac
1860 5132 2091 5188 fratrum
2127 5151 2140 5186 :

556 5224 650 5292 qui
692 5225 1068 5280 renuntiantes
1099 5224 1316 5290 saeculo,
1358 5232 1415 5278 et
1461 5223 1723 5281 inoffenso
1751 5224 1818 5279 ad
1854 5224 2145 5279 Dominum

554 5326 844 5388 pergentes
894 5318 1083 5389 gradu,
1124 5334 1269 5373 nunc
1308 5315 1426 5386 ejus
1468 5315 1784 5371 haereditate
1810 5316 2094 5387 poliuntur
2126 5312 2169 5370 :‘

556 5424 721 5478 quam
765 5425 959 5465 vereor
996 5426 1065 5475 ne
1101 5409 1394 5479 perdamus
1436 5419 1622 5463 nostra
1659 5407 1885 5474 desidia,
1924 5416 1979 5463 et
2010 5407 2141 5463 illud

558 5500 716 5554 nobis
766 5504 1141 5572 propheticum
1195 5512 1431 5573 aptetur,
1493 5503 1637 5572 quod
1686 5502 1891 5556 dictum
1941 5511 2027 5556 est
2089 5502 2145 5557 in

562 5592 818 5661 Ephraim
840 5592 1057 5649 :Oleum
1097 5597 1153 5650 in
1184 5594 1473 5667 Egyptum
1493 5604 1759 5649 mercatur
1784 5591 1958 5665 (Osca:
1984 5593 2144 5665 xxu).

563 5682 717 5737 .llixti
764 5694 884 5739 sunt
938 5685 991 5738 in
1041 5686 1300 5754 gentibus,
1353 5695 1399 5742 et
1436 5683 1731 5737 didicerunt
1765 5700 1923 5753 opera
1964 5700 2146 5738 eorunt

564 5773 735 5851 (Ρωι.
778 5774 890 5850 cv).
921 5774 999 5829 Ne
1025 5786 1306 5845 postquam
1329 5777 1506 5830 vocati
1533 5776 1717 5830 sumus
1737 5776 1789 5828 iu
1814 5773 2145 5841 libertatem,

2238 3252 2427 3327 (Num.
2458 3254 2630 3324 xxiv).
2664 3252 2732 3307 Ut
2764 3271 2869 3307 non
2897 3254 2963 3307 sit
2993 3253 3048 3306 in
3076 3253 3233 3306 domo
3262 3250 3435 3306 Israel
3462 3252 3731 3307 stimulus
3763 3253 3831 3322 ls-

2236 3350 2395 3413 roris,
2419 3358 2468 3402 et
2486 3348 2638 3419 spina
2667 3346 2866 3400 doloris
2894 3345 3112 3414 (Ezech.
3144 3343 3361 3416 xxvm).
3398 3343 3545 3409 Quia
3588 3347 3742 3414 facta
3768 3353 3830 3398 est

2235 3441 2463 3496 Domino
2504 3457 2628 3511 pars
2672 3439 2786 3509 ejus
2812 3437 3001 3503 Iacob,
3045 3435 3315 3507 funiculus
3352 3436 3699 3491 hereditatis
3734 3436 3831 3505 ejss

2238 3531 2409 3586 Israel
2436 3530 2616 3603 (Deut.
2663 3528 2863 3601 χχιιι).
2892 3529 2959 3583 Ει
2989 3528 3119 3583 alibi
3154 3527 3396 3596 loquitur
3423 3523 3710 3582 Jeremias
3737 3544 3751 3578 :
3781 3522 3830 3578 Si

2238 3622 2511 3677 cessaverit
2535 3624 2591 3675 in
2619 3622 2897 3691 conspectu
2926 3635 3040 3673 meo
3070 3617 3155 3673 lea:
3180 3619 3307 3683 ista,
3328 3633 3453 3687 gens
3476 3617 3656 3671 etiam
3680 3611 3832 3671 Israel

2239 3729 2442 3767 cessare
2459 3713 2651 3781 poterit
2678 3709 2814 3784 (Jer.
2850 3710 3024 3781 xxxx).
3048 3709 3117 3763 Et
3146 3723 3362 3763 rursum
3389 3727 3402 3761 :
3428 3707 3585 3761 Dabo
3614 3708 3831 3762 laborem

2239 3820 2419 3860 eorum
2454 3803 2638 3874 justis,
2695 3814 2745 3858 et
2780 3811 3153 3857 tastamentum
3187 3809 3443 3855 (sternam
3490 3816 3703 3870 ponam
3731 3816 3831 3853 csa

2238 3896 2387 3966 ipsis,
2425 3903 2473 3948 et
2493 3896 2688 3948 scietur
2710 3895 2767 3947 in
2806 3893 3043 3965 gentibus
3081 3908 3256 3946 semen
3281 3907 3487 3956 eorum,
3518 3908 3583 3944 ac
3613 3904 3832 3963 nepotes.

2243 3986 2447 4050 Omnis,
2472 3988 2562 4058 qui
2589 3986 2776 4040 viderit
2804 4002 2912 4051 eos,
2938 3994 3227 4056 cognoscet,
3251 3985 3376 4055 quia
3400 3983 3492 4037 isti
3520 3994 3653 4037 sunt
3679 4000 3837 4037 seum

2242 4096 2275 4133 a
2316 4077 2542 4132 Domino
2572 4078 2914 4141 benedictum,
2953 4087 3001 4130 et
3023 4076 3219 4146 gaudia
3243 4075 3589 4147 perfruentur
3630 4072 3833 4128 Domini

2244 4168 2399 4237 (Isai.
2432 4168 2567 4240 m).

2314 4309 2501 4365 XLIX.
2553 4307 2621 4362 Et
2669 4323 2767 4363 nos
2809 4321 2939 4377 ergo
2972 4313 3280 4361 scrutemur
3322 4306 3444 4361 vias
3491 4314 3752 4370 nostras,
3795 4309 3845 4359 et

2245 4418 2464 4473 gressus
2495 4401 2873 4469 dijudicemus,
2899 4408 2957 4454 et
2986 4413 3278 4468 sequamur
3302 4397 3529 4454 odorem
3552 4398 3840 4454 scientia:

2248 4495 2643 4552 abscondentes
2667 4507 2880 4565 semper
2903 4491 3070 4546 verba
3091 4490 3209 4560 ejus
3236 4490 3293 4544 in
3321 4489 3585 4545 cordibus
3618 4488 3843 4548 nostris.

2245 4598 2307 4644 ut
2324 4589 2495 4643 simus
2519 4586 2849 4642 immaculati
2874 4587 2927 4640 in
2959 4586 3067 4650 via,
3098 4594 3154 4640 et
3182 4585 3236 4639 in
3259 4585 3376 4656 lege
3403 4585 3629 4640 Domini
3663 4587 3847 4640 ambu-

2247 4681 2442 4735 lemus.
2476 4679 2593 4734 Non
2628 4694 2728 4734 nos
2762 4686 2965 4733 terreat
3005 4677 3272 4749 fragilitas
3312 4679 3581 4749 corporis,
3616 4690 3683 4734 et
3714 4677 3846 4746 longi

2249 4776 2511 4847 temporis
2540 4775 2712 4830 labor.
2738 4773 2928 4828 Patres
2954 4774 3108 4828 vestri
3149 4773 3237 4826 ubi
3276 4782 3423 4835 sunt,
3453 4782 3502 4826 et
3538 4769 3849 4843 Prophetc.

2248 4878 2310 4923 ut
2336 4869 2596 4940 scriptum
2622 4877 2728 4932 est,
2753 4864 2989 4937 nunquid
3022 4875 3275 4920 (sternam
3295 4864 3461 4918 tinent
3480 4863 3508 4917 .’
3539 4862 3733 4920 Verba
3761 4880 3849 4917 ss-

2248 4970 2351 5016 tem
2380 4976 2498 5013 mea
2535 4969 2583 5012 et
2629 4957 2862 5027 legitima
2892 4972 3007 5010 mea
3035 4956 3301 5026 suscipite,
3324 4971 3443 5025 qua:
3467 4971 3564 5025 ego
3595 4955 3855 5025 principio

2244 5053 2301 5105 in
2330 5050 2535 5121 Spiritu
2556 5064 2668 5103 meo
2691 5047 2853 5102 servis
2882 5047 3010 5101 meis
3032 5046 3318 5116 prophetis,
3337 5045 3429 5116 qui
3464 5044 3697 5114 fuerunt
3742 5059 3854 5098 cum

2245 5140 2482 5212 patribus
2537 5140 2716 5194 vestris
2775 5137 2961 5208 (Zach.
3001 5132 3083 5209 ἰ).
3151 5136 3463 5192 Sentiamus
3514 5137 3856 5193 ineffabilem

2246 5230 2591 5288 clementiam
2621 5229 2715 5284 Dei
2740 5229 2938 5295 nostri,
2964 5229 3059 5298 qui
3088 5243 3260 5298 usque
3284 5227 3545 5293 hodiead
3576 5230 3859 5298 paeniten-

2248 5324 2380 5379 tiam
2400 5339 2505 5395 nos
2532 5324 2804 5385 hortatur,
2838 5322 3025 5378 dicens
3064 5341 3077 5375 :
3130 5321 3383 5392 Nunquid
3425 5322 3517 5391 qui
3548 5321 3717 5375 cadet
3760 5339 3861 5374 non

2248 5416 2520 5488 resurget?
2548 5425 2639 5469 aut
2679 5415 2768 5486 qui
2803 5424 3096 5481 aversatur,
3146 5431 3248 5468 non
3296 5414 3623 5467 revertetur?
3675 5412 3863 5479 Quare

2249 5517 2519 5563 aversatus
2554 5516 2627 5561 est
2671 5504 2895 5577 populus
2936 5522 3081 5560 meus
3130 5506 3398 5560 aversione
3428 5502 3863 5574 impudentth

2252 5600 2588 5655 obtinuerunt
2628 5599 2684 5652 in
2719 5596 3071 5667 voluptatibus
3093 5598 3225 5663 suis,
3267 5606 3316 5651 et
3342 5594 3628 5649 noluerunt
3666 5596 3864 5651 reuerti

2253 5690 2387 5763 (Ier.
2432 5690 2592 5762 vm)?
2640 5690 2697 5744 Si
2731 5689 2933 5745 reversi
2970 5688 3255 5762 fuerimus.
3285 5687 3353 5742 ad
3378 5702 3522 5750 eum,
3551 5685 3868 5741 mdiﬁcabit

2252 5797 2353 5836 nos
2376 5779 2579 5852 Spiritu
2599 5796 2717 5845 suo,
2738 5781 2889 5850 juxta
2918 5780 3046 5835 illud
3068 5780 3209 5851 quod
3223 5779 3483 5849 scriptum
3505 5786 3620 5830 est:
3646 5775 3867 5844 {Eds}-
