4004 6328
170 328 280 391 ιῖε

850 329 1079 390 CODEX
1114 331 1573 393 REGULARUM.
1617 367 1691 379 —
1726 335 1909 393 PARS
1943 338 1987 394 Ι.
2024 338 2330 397 REGULE
2366 340 2472 398 PP.
2511 341 2787 400 ORIENT.

3327 344 3437 404 δτι

173 473 297 511 cans
330 453 664 509 Hierusalem
684 452 964 518 Dominus,
1003 452 1350 524 dispersiones
1374 452 1592 509 Israelis
1630 471 1751 510 con-
1775 457 1832 519 Α
1853 464 1903 509 et
1937 457 1993 509 in
2034 456 2323 523 liminibus,
2363 469 2419 513 ut
2457 462 2674 517 dissatis
2700 463 2881 518 timere
2923 463 3203 518 Dominum
3232 468 3435 523 cunctis

172 546 403 618 gregabit
425 543 599 617 (Psal.
631 544 836 616 CXLVI).

244 638 305 693 L.
332 636 484 704 Quod
522 644 702 691 autem
734 637 906 691 nostri
928 643 1102 692 cretus
1122 645 1179 693 et
1198 638 1507 692 communio
1538 653 1606 692 ex
1637 637 1750 692 Deo

88 802 93 805 _
171 733 264 797 sit,
286 748 391 802 qua
419 746 521 786 nos
558 730 790 787 invicem
830 722 1164 800 c0pulamur,
1202 730 1490 799 Apostolus
1529 746 1627 785 nos
1652 731 1751 785 do-

172 824 286 879 cuit
311 824 497 877 dicens
524 839 537 873 :
563 820 833 875 Bonorum
860 838 1073 890 operum
1114 822 1494 876 communionis
1520 820 1751 875 oblivisci

171 916 350 983 nolite,
376 914 568 969 talibus
581 914 720 968 enim
735 914 957 969 victimis
976 913 1219 983 placatur
1232 912 1373 967 Deus
1400 912 1587 981 (Hebr.
1606 911 1747 984 xm).

169 1008 226 1063 ln
251 1006 478 1062 Actibus
500 1004 868 1075 apostolorum
890 1019 1103 1074 quoque
1124 1004 1265 1059 idem
1293 1003 1523 1075 legimus
1554 1021 1566 1057 :
1604 1002 1749 1057 Mul-

170 1098 415 1152 titudinis
442 1105 626 1152 autem.
663 1095 985 1150 credentium
1009 1104 1122 1149 erat
1164 1112 1255 1148 cor
1284 1112 1449 1148 unum
1476 1103 1524 1149 et
1571 1095 1750 1148 anima

168 1205 302 1254 una,
328 1198 377 1241 et
401 1186 577 1241 nullus
596 1203 751 1241 suum
772 1185 899 1256 quid
922 1184 1147 1249 dicebat,
1171 1184 1262 1239 sed
1285 1193 1433 1237 erant
1454 1184 1527 1237 eis
1552 1184 1754 1237 univer-

167 1297 229 1334 sa
252 1279 570 1334 communia.
605 1276 674 1330 Et
698 1277 887 1331 virtute
914 1292 1103 1345 magna
1138 1274 1333 1329 dabant
1362 1273 1584 1344 apostoli
1608 1273 1749 1328 testi-

172 1373 404 1427 monium
450 1370 847 1425 resurrectionis
903 1368 1117 1422 Domini
1164 1368 1293 1422 Iesu
1353 1367 1490 1439 (Act.
1536 1367 1632 1439 tv).
1684 1367 1751 1421 Et

167 1461 455 1516 Psalmista
488 1460 541 1513 in
569 1459 757 1513 eadem
788 1458 955 1512 verba
999 1456 1292 1519 consensit,
1326 1456 1513 1511 dicens
1555 1474 1566 1508 :
1616 1456 1750 1509 Ecce

166 1569 327 1624 quam
358 1551 570 1616 bonum,
606 1560 656 1605 et
716 1566 873 1621 quam
916 1549 1239 1619 jucundum,
1279 1548 1516 1625 habitare
1558 1548 1749 1617 fratres

167 1643 227 1695 in
257 1658 417 1695 unum
443 1639 615 1712 (Psal.
642 1640 868 1711 cxxxn).
892 1639 958 1693 Et
987 1653 1085 1692 nos
1133 1639 1187 1692 in
1218 1639 1483 1693 coenobiis
1513 1654 1750 1693 commo-

167 1740 371 1797 rantes,
400 1740 453 1786 et
481 1731 637 1785 nobis
663 1739 849 1784 mutua
882 1717 1148 1784 charitate
1177 1730 1386 1795 sociati,
1423 1731 1612 1785 demus
1637 1740 1749 1783 stu—

1853 546 2033 602 diebus
2079 551 2267 619 quibus
2315 552 2483 606 vivitis
2528 552 2705 625 (Deut.
2753 555 2855 623 xl).
2914 554 3173 611 Salomon
3219 572 3437 627 quoque

1852 636 2026 706 ipsum
2053 639 2368 709 signiﬁcans
2393 642 2524 697 dicit
2548 661 2561 696 :
2592 641 2775 698 Scribe
2793 661 2855 699 ea
2874 645 2931 700 in
2954 643 3235 700 latitudine
3259 645 3435 701 cordis

1851 727 1931 779 tui
1962 726 2142 798 (Prov.
2175 730 2279 801 ιιι).

1921 817 2027 871 Lll.
2057 817 2406 880 Considerate
2428 825 2644 895 quantis
2672 828 2995 884 testimoniis
3020 829 3090 884 ad
3119 829 3449 886 meditatio-'

1852 926 1975 966 nem
2006 928 2285 969 sacrarum
2316 915 2723 988 Scripturarum
2750 937 2849 978 nos
2883 936 3065 978 sermo
3087 923 3301 979 Domini
3338 938 3436 978 co-

1853 1002 2119 1070 bortetur,
2157 1015 2215 1059 ut
2252 1023 2372 1076 quise
2397 1024 2493 1066 ore
2536 1012 2822 1078 volvimus,
2850 1013 3012 1068 corde
3034 1014 3429 1084 possideamus.

1850 1088 2057 1145 Bonum
2078 1104 2152 1148 est
2174 1094 2394 1163 homini,
2419 1116 2539 1154 cum
2565 1101 2806 1157 levaverit
2825 1102 3015 1174 jugum
3045 1104 3111 1157 ab
3133 1103 3437 1159 adolescen-

1850 1180 1923 1233 tia
1954 1198 2069 1235 sua.
2120 1182 2328 1238 Sedebit
2352 1187 2623 1245 solitarius
2664 1201 2712 1246 et
2730 1193 2939 1259 tacebit,
2971 1194 3220 1263 quoniam
3246 1193 3436 1249 levabit

1850 1287 2006 1340 super
2032 1289 2086 1325 se
2096 1273 2311 1343 jugum,
2336 1276 2481 1332 dabit
2498 1284 2806 1350 percutienti
2827 1300 2883 1337 se
2907 1282 3198 1348 maxillam,
3227 1294 3439 1339 satura-

1851 1359 1992 1413 bitur
2022 1363 2331 1433 opprobriis,
2367 1371 2617 1438 quoniam
2642 1388 2748 1426 non
2793 1389 2993 1444 semper
3016 1358 3224 1444 objiciet
3257 1375 3440 1430 Domi-

1852 1466 1947 1502 nus
1978 1451 2195 1521 (’I'hren.
2229 1455 2336 1526 ιιι).
2390 1457 2454 1510 Et
2482 1458 2611 1514 alibi
2644 1461 2909 1531 scriptum
2945 1471 3031 1518 est
3059 1482 3073 1517 :
3109 1462 3439 1519 Recordatus

1849 1554 1965 1591 sum
1991 1541 2363 1597 misericordite
2405 1547 2647 1615 infantia:
2674 1558 2798 1602 tute.
2833 1550 2902 1604 Et
2932 1551 3130 1606 iterum
3162 1569 3175 1604 :
3206 1552 3434 1620 Laetare,

1842 1628 2073 1696 juvenis,
2112 1632 2166 1685 in
2196 1632 2552 1690 adolescentia
2577 1630 2691 1702 tua,
2723 1647 2772 1692 et
2811 1640 3032 1695 exsultet
3074 1657 3165 1695 cor
3194 1651 3342 1696 tuum
3379 1642 3437 1696 in

1851 1717 2031 1773 diebus
2064 1721 2356 1789 juventutis
2410 1734 2536 1792 tute,
2569 1737 2616 1780 et
2646 1718 2860 1782 ambula
2913 1731 2967 1783 in
3017 1731 3114 1785 viis
3141 1732 3316 1786 cordis
3358 1732 3439 1784 tui

166 1823 333 1887 dium,
383 1831 441 1877 ut
492 1822 763 1892 quomodo
805 1829 1119 1875 sanctorum
1154 1820 1375 1875 Patrum
1423 1821 1479 1875 in
1510 1821 1613 1875 hac
1644 1822 1753 1873 vita
1782 1815 1830 1873 B
1858 1814 2050 1886 absque
2102 1818 2331 1883 macula,
2384 1830 2434 1873 et
2479 1822 2537 1875 in
2571 1833 2846 1894 conspectu
2892 1823 3168 1878 oculorum
3205 1835 3444 1891 tuorum,

164 1918 466 1972 meruimus
506 1916 861 1979 consortium,
888 1914 962 1969 ita
1004 1915 1057 1968 in
1086 1913 1270 1970 futuro
1294 1930 1511 1985 quoque
1532 1916 1753 1984 partici-

163 2024 264 2080 pes
290 2024 480 2063 eorum
525 2010 697 2063 simus
726 2024 739 2060 :
773 2007 1012 2061 scientes
1040 2006 1184 2074 quod
1218 2021 1353 2058 crux
1390 2006 1515 2059 vim:
1556 2013 1755 2060 nostra:

160 2099 534 2168 doctrinaeque
579 2097 908 2167 principium
956 2095 1046 2159 sit,
1089 2102 1145 2149 et
1197 2102 1446 2163 oporteat
1481 2110 1581 2149 nos
1631 2111 1755 2150 cum

159 2188 389 2245 Christo
428 2190 559 2259 pati,
594 2196 649 2241 et
675 2202 855 2249 nosse,
888 2187 1032 2256 quod
1061 2187 1265 2254 absque
1311 2185 1754 2241 tribulationibus

153 2290 218 2337 et
242 2281 505 2350 angustiis
530 2278 707 2334 nullus
736 2278 1018 2333 victoriam
1048 2285 1428 2347 consequatur.
1462 2276 1656 2332 Beatus
1675 2278 1755 2330 vir

152 2372 259 2441 qui
286 2371 471 2440 suffert
499 2371 856 2431 tentationem,
881 2369 1005 2439 quia
1032 2385 1149 2421 cum
1176 2367 1425 2438 probatus
1455 2368 1636 2437 fuerit,
1672 2385 1754 2421 co-

156 2476 352 2515 ronam
394 2461 515 2513 vitae
543 2460 761 2528 accipiet
794 2457 935 2528 (Jac.
966 2457 1062 2528 tv).
1104 2457 1171 2510 Et
1206 2457 1401 2511 iterum
1431 2474 1445 2509 :
1474 2456 1753 2510 Laboravit

154 2552 216 2603 in
241 2548 602 2612 sa’culum,vet
652 2550 780 2602 vivet
826 2548 882 2601 in
917 2558 1190 2601 teternum.
1242 2545 1299 2601 Si
1330 2557 1503 2600 tamen
1543 2564 1752 2616 compa-

155 2634 348 2704 tirnstr,
388 2649 445 2692 ut
479 2648 526 2691 et
554 2637 928 2708 gloriﬁcemur.
968 2637 1218 2700 Afstimo,
1252 2638 1446 2707 inquit,
1482 2637 1621 2709 quod
1644 2654 1750 2691 non

153 2740 287 2785 sunt
319 2731 592 2800 condignis
638 2729 907 2799 passiones
937 2729 1095 2799 hujus
1135 2730 1383 2799 temporis
1415 2730 1483 2783 ad
1508 2722 1750 2797 futuram

153 2824 406 2896 gloriam,
430 2839 551 2894 quas
572 2821 885 2877 revelabitur
904 2824 961 2875 in
989 2822 1137 2875 nobis
1161 2819 1335 2894 (Rom.
1366 2824 1505 2891 vui).
1531 2822 1598 2876 Et
1619 2822 1749 2877 alibi

155 2918 426 2986 scriptum
455 2925 542 2971 est
569 2934 582 2969 :
616 2916 946 2981 Existimavi,
978 2925 1035 2968 ut
1061 2924 1424 2985 cognoscerem
1454 2915 1572 2978 hoc,
1598 2913 1750 2967 labor

154 3020 239 3066 est
284 3010 337 3063 in
366 3018 643 3080 conspectu
678 3026 792 3063 meo
834 3008 1009 3081 (Psal.
1051 3009 1241 3079 Lxxu).
1274 3009 1343 3063 Et
1370 3009 1565 3064 iterum
1593 3026 1605 3061 :
1634 3007 1748 3077 Ego

154 3102 399 3157 laboravi
444 3112 661 3173 sequens
685 3113 754 3169 te,
803 3112 852 3157 et
898 3103 1037 3156 diem
1074 3102 1344 3156 hominum
1378 3119 1481 3155 non
1511 3101 1748 3155 conside-

1856 1915 1904 1958 et
1945 1908 2075 1959 scito
2099 1910 2349 1978 quoniam
2380 1912 2436 1964 in
2462 1913 2701 1966 omnibus
2736 1915 2818 1968 his
2848 1916 3080 1969 adducat
3111 1927 3160 1970 te
3184 1916 3443 1970 Dominus

1856 1995 1909 2049 in
1930 1997 2155 2065 judicio.
2188 1999 2355 2067 Aufer
2391 2002 2623 2069 furorem
2659 2021 2690 2055 a
2732 2005 2887 2056 corde
2918 2015 3029 2070 tuo,
3051 2015 3101 2058 et
3123 2004 3382 2059 malitiam
3410 2023 3445 2060 a

1856 2103 2014 2142 carne
2035 2098 2145 2154 tua,
2176 2090 2426 2159 quoniam
2453 2092 2805 2146 adolescentia
2825 2103 2873 2147 et
2897 2094 3123 2149 stultitia
3143 2096 3346 2151 vanitas
3367 2105 3445 2151 est

1858 2177 2026 2249 (Eccl.
2069 2181 2166 2252 xl).
2204 2182 2290 2246 Et,
2337 2182 2599 2237 Memento
2621 2186 2870 2239 creatoris
2905 2186 2981 2237 tui
3007 2187 3063 2239 in
3102 2186 3283 2241 diebus
3321 2189 3449 2241 ado-

1856 2267 2111 2324 lescentia:
2141 2281 2263 2334 tuw,
2296 2272 2462 2327 donec
2496 2275 2700 2329 veniant
2727 2276 2839 2331 dies
2866 2277 3098 2348 pessimi,
3123 2288 3171 2332 et
3195 2287 3446 2350 occupent

1855 2362 2006 2425 anni,
2048 2364 2102 2415 in
2132 2363 2320 2431 quibus
2352 2364 2496 2417 dices
2528 2382 2547 2418 :
2575 2365 2699 2419 Non
2721 2377 2798 2421 est
2834 2369 2964 2421 mihi
2987 2369 3041 2421 in
3069 2369 3144 2422 eis
3172 2369 3446 2434 voluntas;

1853 2451 2017 2504 donec
2048 2453 2435 2509 obtenebrescat
2467 2456 2567 2521 sol,
2603 2465 2653 2510 et
2675 2457 2792 2523 lux,
2834 2469 2884 2512 et
2914 2458 3063 2524 luna,
3090 2469 3140 2513 et
3167 2460 3354 2526 stellis,
3394 2468 3447 2515 et

1853 2551 2223 2596 convertantur
2249 2543 2410 2597 nubes
2435 2554 2551 2615 post
2570 2544 2823 2615 pluviam.
2846 2546 2915 2600 In
2937 2548 3022 2600 die
3042 2566 3147 2618 qua
3167 2550 3447 2602 movebun-

1854 2640 1940 2685 tur
1973 2635 2215 2689 custodes
2252 2636 2461 2702 domus,
2505 2646 2554 2691 et
2584 2638 2947 2692 subvertentur
2984 2640 3080 2693 viri
3119 2642 3348 2706 virtutis,
3397 2650 3447 2695 et

1854 2733 2048 2776 cessent
2086 2723 2357 2790 molentes,
2391 2726 2515 2797 quia
2536 2743 2718 2797 pauere
2748 2726 2903 2796 factae
2925 2728 3083 2790 sunt;
3118 2739 3167 2781 et
3200 2730 3445 2784 obscura-

1853 2813 2071 2881 buntur,
2099 2834 2216 2886 quae
2242 2819 2415 2872 vident
2435 2820 2491 2872 in
2514 2820 2885 2888 foraminibus,
2909 2832 2958 2875 et
2980 2804 3224 2877 claudent
3248 2825 3361 2877 vias
3390 2823 3447 2879 in

1855 2908 1969 2975 foro
1993 2910 2047 2961 in
2074 2910 2379 2979 infirmitate
2402 2913 2541 2965 vocis
2567 2912 2825 2967 molentis.
2858 2914 2930 2967 Et
2957 2926 3236 2987 ea‘surgent
3265 2918 3335 2971 ad
3358 2934 3447 2971 vo-

1854 3015 1963 3052 cem
1989 3002 2237 3069 passeris,
2270 3012 2317 3055 et
2343 3002 2763 3058 humiliabuntur
2791 3022 2968 3059 omnes
3003 3007 3104 3075 ﬁlii
3136 3009 3350 3061 cantici.
3375 3007 3447 3062 Et

1853 3096 2061 3165 quidem
2092 3099 2156 3150 ab
2188 3098 2296 3151 alto
2322 3100 2596 3169 aspicient,
2622 3110 2670 3154 et
2699 3118 2917 3172 pavores
2951 3103 3005 3156 in
3041 3104 3148 3169 via,
3187 3114 3237 3158 et
3255 3105 3445 3173 ﬂoreat

157 3194 281 3247 ι’αυὶ
309 3192 439 3263 (Jer.
489 3192 649 3266 xvn).
695 3194 761 3247 Et
802 3188 910 3247 alio
947 3193 1067 3248 loco
1097 3187 1109 3245 ἐ
1157 3191 1342 3247 Multre
1384 3191 1747 3245 tribulationes
1775 3192 1820 3255 C
1852 3187 2213 3257 amygdalum,
2242 3198 2288 3242 et
2320 3190 2643 3260 ingrassetur
2671 3192 2901 3258 locusta,
2931 3204 2980 3247 et
3025 3194 3301 3248 scindatur
3328 3211 3447 3266 cap.

150 3286 443 3355 fastorum,
488 3296 536 3339 et
584 3301 648 3339 ea:
691 3284 929 3339 omnibus
958 3284 1040 3338 his
1075 3283 1314 3337 liberabit
1356 3299 1442 3335 eos
1494 3282 1749 3335 Dominus

156 3372 338 3447 (Psal.
365 3375 580 3447 ιιιιιι).
607 3376 675 3430 Et
703 3375 963 3430 Dominus
988 3383 1176 3429 noster
1217 3374 1459 3442 loquitur
1488 3374 1540 3427 in
1571 3373 1749 3427 Evan-

155 3466 306 3536 gelia
332 3484 346 3520 :
380 3465 483 3531 Qui
512 3468 918 3537 perseveraverit
965 3482 1127 3536 usque
1155 3465 1211 3518 in
1237 3464 1415 3534 ﬁnem,
1447 3463 1529 3518 hic
1572 3462 1749 3518 salvus

152 3558 263 3611 erit
293 3556 504 3627 (Matth.
547 3557 621 3629 Χ).
663 3558 730 3612 Et
758 3557 882 3612 alibi
914 3575 927 3611 :
963 3556 1064 3611 Hic
1093 3566 1167 3611 est
1202 3556 1334 3611 liber
1355 3556 1744 3620 mandatorum,

152 3656 210 3700 et
235 3645 325 3699 lex
348 3647 537 3717 scripta
558 3647 611 3701 in
633 3646 1026 3718 sempiternum.
1046 3646 1238 3701 Omnes
1258 3648 1347 3718 qui
1368 3647 1749 3701 observaverint

150 3754 308 3803 eam,
358 3739 565 3804 vivent;
614 3740 703 3810 qui
758 3749 929 3792 autem
984 3737 1373 3809 dereliquerint,
1438 3738 1743 3791 morientur.

146 3828 457 3895 Revertere,
476 3828 666 3895 Iacob,
685 3840 733 3884 et
749 3829 1078 3901 apprehende
1101 3846 1255 3893 eum;
1276 3827 1490 3881 ambula
1511 3829 1566 3881 in
1581 3826 1749 3898 splen-

147 3920 291 3973 dore
336 3918 548 3974 luminis
575 3920 713 3990 ejus,
758 3929 807 3974 et
841 3936 947 3973 non
994 3920 1083 3973 des
1114 3917 1268 3972 alteri
1310 3917 1533 3989 gloriam
1576 3926 1745 3983 tuam,

147 4021 205 4065 et
235 4027 301 4065 ea
329 4026 445 4082 qua:
476 4011 770 4066 conducunt
795 4013 909 4077 tibi,
948 4011 1086 4083 genti
1118 4009 1326 4065 alienae.
1367 4009 1519 4063 Beati
1544 4026 1745 4076 sumus,

148 4102 362 4169 Israel,
384 4105 507 4175 quia
534 4104 730 4175 placita
756 4103 867 4157 Deo
911 4113 1087 4157 nostro
1118 4112 1240 4156 nota
1266 4112 1388 4156 sunt
1414 4102 1580 4156 nobis.
1611 4100 1750 4156 Con-

148 4194 290 4263 ﬁde,
318 4193 506 4264 popule
555 4209 719 4259 meus,
753 4192 1128 4248 memoriabilis
1158 4192 1331 4247 Israel
1357 4193 1612 4265 (Baruch.
1646 4196 1741 4265 tv).
1780 4237 1801 4243 κ

148 4283 229 4340 Et
257 4286 457 4340 iterum
482 4285 648 4341 Isaias
674 4286 951 4356 loquitur:
985 4281 1213 4351 La'tare,
1258 4284 1447 4349 Israel,
1478 4295 1525 4339 et
1555 4286 1761 4357 festum,

149 4378 304 4448 agite
325 4378 485 4444 diem,
517 4396 694 4436 omnes
717 4382 808 4452 qui
832 4379 1052 4449 diligitis
1073 4396 1213 4433 eum.
1237 4377 1497 4443 Gaudete,
1522 4378 1610 4447 qui
1631 4394 1751 4432 con-

148 4468 329 4539 ﬁditis
358 4473 415 4526 in
434 4489 518 4537 eo,
534 4482 590 4526 ut
610 4472 827 4543 fugatis,
846 4482 894 4528 et
915 4470 1240 4542 impleamini
1268 4486 1332 4526 ea:
1358 4470 1601 4525 uberibus
1624 4487 1748 4525 con-

146 4559 436 4616 solationis
454 4563 569 4633 ejus
597 4562 753 4636 (Isai.
779 4562 946 4632 un).
1046 4620 1049 4621 ν

230 4648 324 4704 Ll.
355 4650 662 4707 Habeamus
686 4668 873 4707 curam
903 4652 1250 4723 legendarum
1278 4660 1334 4707 et
1362 4651 1742 4707 discendamm

144 4743 590 4811 Scripturarum,
619 4754 675 4801 et
698 4746 752 4800 in
774 4761 961 4800 earum
990 4762 1204 4816 semper
1251 4745 1600 4800 meditatione
1625 4760 1746 4799 ver-

140 4847 371 4899 semur,
419 4830 651 4893 scientes
687 4837 952 4908 scriptum
985 4855 999 4891 :
1032 4837 1117 4891 Ea:
1160 4838 1339 4907 fructu
1384 4838 1492 4892 oris
1539 4838 1622 4893 sui
1667 4830 1761 4893 vir

137 4926 511 4993 saturabitur,
534 4938 582 4981 et
622 4944 818 4983 merces
838 4928 1100 4982 labiorum
1127 4928 1241 4997 ejus
1289 4928 1535 4983 reddetur
1559 4926 1740 5001 (Prov.

136 5015 311 5089 xm).
361 5016 487 5073 Haec
514 5028 642 5074 sunt
680 5035 802 5090 quae
828 5034 927 5074 nos
967 5019 1175 5074 ducunt
1200 5019 1267 5074 ad
1294 5026 1556 5074 aeternam
1577 5020 1744 5074 vitam

135 5126 282 5182 quae
305 5113 462 5169 nobis
487 5115 706 5169 tradidit
733 5114 894 5170 Pater
915 5124 1100 5169 noster
1127 5123 1184 5169 et
1202 5113 1407 5184 jugiter
1436 5115 1747 5171 meditanda

134 5203 450 5275 praecepit;
488 5212 551 5258 ut
585 5204 874 5274 impleatur
912 5204 1041 5259 illud
1087 5205 1141 5258 in
1183 5204 1357 5268 nobis,
1415 5206 1561 5274 quod
1607 5207 1747 5261 scri-

131 5305 316 5366 ptum
351 5304 435 5349 est
467 5314 480 5350 :
520 5295 693 5350 Erunt
736 5298 847 5352 hwc
890 5298 1067 5363 verba,
1098 5313 1215 5368 qua:
1244 5314 1336 5367 ego
1376 5299 1623 5369 praecipio
1654 5299 1747 5352 tibi
1776 5358 1786 5363 ,

127 5384 340 5449 hodie,
365 5384 422 5439 in
446 5387 601 5440 corde
624 5397 715 5441 tuo
751 5397 798 5441 et
835 5388 890 5442 in
920 5388 1097 5441 anima
1136 5397 1263 5451 tua;
1291 5387 1496 5441 docebis
1521 5405 1581 5441 ea
1605 5387 1745 5457 ﬁlios

1849 3279 2015 3347 paris.
2071 3277 2335 3343 Quoniam
2365 3280 2493 3334 abiit
2536 3282 2689 3335 homo
2717 3283 2773 3336 in
2805 3283 3019 3337 domum
3048 3284 3230 3338 steculi
3260 3286 3364 3350 sui,
3395 3292 3446 3338 et

1850 3379 2162 3440 gyraverunt
2189 3372 2243 3424 in
2272 3371 2387 3441 foro
2408 3374 2502 3442 qui
2522 3374 2797 3444 plangunt,
2823 3375 3163 3445 quoadusque
3182 3386 3446 3429 evertatur

1850 3461 2117 3529 funiculus
2145 3463 2371 3533 argenti,
2408 3473 2455 3516 et
2502 3473 2804 3517 conteratur
2842 3464 3038 3519 monile
3067 3465 3205 3529 auri,
3232 3475 3281 3518 et
3313 3482 3445 3519 con-

1850 3542 2125 3620 fringatur
2152 3554 2345 3622 hydria
2384 3554 2464 3606 ad
2503 3553 2721 3622 fontem,
2759 3563 2807 3608 et
2851 3556 3170 3625 impediatur
3209 3564 3324 3608 rota
3361 3572 3446 3609 su-

1848 3659 1941 3713 per
1998 3641 2194 3708 lacum,
2249 3654 2298 3698 et
2344 3655 2680 3698 convertatur
2720 3646 2892 3715 pulvis
2930 3647 2987 3698 in
3034 3656 3250 3711 terram,
3307 3647 3445 3701 sicut

1850 3735 1974 3805 fuit,
1998 3746 2045 3789 et
2068 3737 2285 3806 spiritus
2310 3747 2599 3791 revertatur
2619 3739 2689 3791 ad
2716 3739 3022 3805 Dominum,
3043 3741 3134 3810 qui
3156 3739 3298 3794 dedit
3322 3757 3443 3795 eum

1851 3827 2017 3899 (Ibid.
2044 3830 2166 3901 xu).
2196 3829 2254 3885 ln
2275 3830 2571 3902 Evangelio
2592 3846 2807 3904 quoque
2834 3835 3098 3904 scriptum
3113 3842 3197 3890 est
3221 3854 3233 3889 :
3255 3832 3441 3902 Pueri,

1851 3922 2086 3993 nunquid
2150 3921 2351 3977 habetis
2401 3921 2768 3993 pulmentum?
2823 3923 3018 3979 Mittite
3067 3927 3121 3980 in'
3171 3925 3441 3981 dexteram

1848 4023 2049 4083 partem
2079 4015 2251 4080 navis,
2300 4023 2349 4068 et
2377 4016 2649 4070 invenietis
2693 4014 2876 4087 (Joan.
2912 4017 3051 4089 XXI).
3096 4017 3164 4074 Et
3192 4018 3387 4075 iterum
3423 4035 3436 4072 :

1851 4102 2036 4159 Omnis
2056 4122 2188 4175 puer
2215 4121 2278 4160 ac
2300 4105 2643 4176 juvenculus,
2667 4109 2757 4179 qui
2780 4108 2941 4163 nescit
2976 4110 3130 4163 hodie
3156 4110 3348 4164 bonum
3377 4127 3441 4164 ac

1849 4195 2069 4261 malum,
2099 4197 2198 4266 ipsi
2227 4197 2499 4251 intrabunt
2531 4198 2587 4251 in
2609 4206 2805 4252 terram
2833 4198 3043 4253 bonam.
3069 4197 3151 4254 Ac
3177 4215 3395 4254 rursum
3421 4212 3436 4252 :

1851 4288 2018 4345 Omne
2064 4290 2415 4345 masculinum
2465 4293 2605 4364 quod
2668 4295 2837 4363 aperit
2894 4294 3121 4357 vulvam,
3197 4304 3438 4348 sanctum

1849 4380 2123 4433 vocabitur
2156 4379 2352 4450 (Exod.
2397 4381 2529 4451 Liv).
2558 4381 2625 4435 Et
2651 4382 2706 4435 in
2730 4381 3022 4451 Evangelio
3050 4400 3062 4434 :
3088 4378 3233 4435 Puer
3259 4391 3437 4435 autem

1850 4467 1978 4534 ibat,
2006 4478 2053 4523 et
2090 4470 2375 4535 crescebat,
2436 4480 2484 4524 et
2510 4472 2818 4541 proﬁciebat
2852 4471 2993 4542 apud
3022 4470 3193 4526 Deum
3222 4479 3271 4525 et
3297 4470 3439 4541 apud

1769 4566 1824 4627 1)
1849 4560 2083 4616 homines
2106 4560 2258 4632 (Luc.
2289 4560 2373 4633 ιι).
2403 4560 2561 4617 Iesus
2590 4577 2803 4631 quoque
2829 4562 3079 4617 minister
3100 4546 3268 4633 Moysi
3285 4563 3441 4633 juve-

1851 4652 1937 4706 nis
1960 4659 2098 4717 erat,
2126 4660 2182 4706 et
2202 4666 2309 4705 non
2344 4651 2727 4723 egrediebatur
2750 4651 2817 4706 de
2841 4652 3191 4708 tabernaculo
3220 4652 3337 4708 Dei.
3370 4653 3440 4708 Et

1851 4744 1918 4799 de
1954 4744 2124 4798 David
2161 4743 2425 4814 scriptum
2458 4742 2690 4814 legimus
2720 4762 2732 4797 :
2768 4743 2912 4798 Puer
2933 4746 3060 4815 ﬂavi
3087 4744 3296 4810 coloris,
3335 4744 3440 4801 ele-

1796 4880 1802 4886 .
1850 4835 2092 4907 gantibus
2138 4835 2302 4889 oculis
2354 4834 2407 4907 (Ι
2464 4832 2594 4905 Reg.
2655 4834 2789 4906 xvr).
2849 4835 3166 4892 Timotheus
3219 4851 3437 4906 quoque

1853 4928 2030 4982 adhuc
2084 4941 2235 4997 puer,
2266 4935 2322 4982 et
2364 4926 2679 4982 adolescens
2725 4928 2901 4983 sacris
2950 4928 3148 4984 litteris
3193 4929 3455 4984 eruditus.

1850 5027 1953 5084 est,
1977 5027 2035 5072 ut
2071 5020 2139 5073 ad
2180 5017 2341 5072 ﬁdem
2382 5019 2596 5073 Domini
2641 5019 2940 5075 Salvatoris
2983 5019 3195 5075 illarum
3242 5019 3435 5075 semita

1849 5110 2178 5179 perveniret.
2220 5109 2283 5162 Et
2307 5109 2373 5164 de
2403 5109 2644 5174 Daniele,
2677 5111 2803 5179 quia
2846 5111 3093 5165 eruditus
3133 5118 3270 5174 erat,
3299 5110 3453 5164 scriw

1848 5206 1996 5269 ptum
2024 5198 2271 5270 legimus,
2298 5200 2441 5268 quod
2470 5200 2556 5253 vir
2586 5200 2981 5254 desideriorum
3021 5197 3324 5268 appellatus
3360 5197 3433 5253 sit

1848 5290 2013 5364 (Dan.
2057 5290 2135 5363 ιι).
2179 5290 2375 5360 Joseph
2420 5306 2637 5361 quoque
2685 5298 2805 5345 erat
2854 5288 3239 5344 dilectissimus
3287 5290 3430 5360 patri

1848 5397 1969 5447 suo,
2006 5383 2259 5451 quoniam
2288 5381 2402 5449 ejus
2448 5381 2690 5452 imperiis
2740 5380 3025 5443 serviebat,
3058 5386 3112 5433 et
3148 5379 3336 5435 decem
3365 5394 3430 5437 ac

128 5490 304 5544 tuos,
328 5488 376 5532 et
402 5478 629 5551 loqueris
654 5480 709 5533 in
731 5481 805 5534 eis
834 5480 1018 5535 sedens
1042 5481 1096 5534 in
1119 5478 1295 5544 domo,
1325 5487 1372 5533 et
1394 5479 1670 5534 ambulans
1696 5481 1765 5551 in.
1846 5484 2051 5546 septem
2100 5476 2275 5530 adhuc
2302 5486 2470 5549 natus
2496 5491 2689 5551 {annos
2741 5482 3009 5544 pratcepta
3060 5472 3202 5528 illius
3253 5472 3428 5545 legem

126 5572 270 5633 tria,
306 5580 359 5623 et
405 5571 689 5636 accubans,
739 5583 894 5643 atque
935 5588 1272 5641 consurgens.
1336 5569 1515 5625 Scribe
1553 5588 1614 5624 ea
1655 5589 1750 5642 pro
1845 5568 1970 5622 vita:
1998 5584 2108 5622 sum
2136 5569 2524 5623 arbitrabatur.

121 5662 316 5730 signa
345 5661 401 5713 in
438 5679 600 5715 manu
645 5672 760 5726 tua,
803 5673 851 5716 et
890 5672 1043 5716 erunt
1088 5663 1377 5716 immobilia
1418 5672 1538 5717 ante
1572 5664 1749 5720 oculos
1919 5661 2047 5715 Llll.
2085 5662 2149 5716 Et
2179 5664 2291 5716 haec
2321 5669 2513 5716 cuncta
2547 5658 2821 5727 replicavi,
2864 5667 2923 5711 ut
2945 5665 3252 5713 sanctorum
3287 5657 3429 5713 vita!

126 5766 306 5812 tuos.
334 5749 540 5807 Scribes
573 5770 774 5826 quoque
799 5771 861 5808 ea
884 5754 939 5809 in
961 5754 1191 5826 postibus
1232 5756 1481 5809 domuum
1516 5766 1746 5822 tuarum,
1848 5755 2274 5819 considerantes,
2320 5769 2424 5807 non
2474 5750 2922 5804 circumferuntur
2950 5751 3099 5806 omni
3132 5757 3294 5807 vento
3333 5748 3430 5807 do-
