4004 6328
654 234 767 294 475

1616 228 1675 285 S.
1712 225 2076 284 BENEDICT!
2113 226 2405 284 ABBATIS
2441 226 2857 284 ANlANENSlS

3696 253 3761 313 676

656 349 847 409 ctrinae
872 345 1088 420 (Ephes.
1117 342 1219 417 tv),
1249 342 1345 399 sed
1364 342 1695 409 laboremus,
1719 351 1987 398 eteorum
2013 358 2236 399 conver-
2263 350 2315 411 Α
2408 338 2516 397 LV.
2567 343 2697 412 Qua:
2734 344 2976 415 legentes
3024 346 3338 417 testimonia,
3375 353 3642 417 seminemus
3663 366 3763 427 nobis

655 442 924 501 sationem
953 447 1155 495 nosne:
1198 442 1322 496 vitae
1362 442 1696 511 propositum
1734 442 2029 497 habeamus
2056 456 2239 498 exem-

654 535 825 609 plum,
872 539 935 589 ut
977 533 1149 588 simus
1172 533 1401 603 populus
1428 534 1525 588 Dei
1554 532 1858 602 peculiaris.
1903 533 2015 589 Nec
2043 535 2240 588 contri-

655 635 867 683 stamus
896 624 1161 696 Spiritum
1192 633 1459 689 sanctum,
1494 626 1550 679 in
1579 640 1689 694 quo
1728 624 1922 697 signati
1951 641 2138 680 sumus
2182 626 2239 680 in

654 724 745 780 die
774 722 1193 794 redemptionis;
1224 737 1293 777 ne
1317 721 1466 776 illum
1495 722 1905 792 exstinguamus
1934 722 1988 776 in
2031 722 2187 776 nobis
2220 740 2233 775 :

653 822 710 872 et
736 816 1052 887 prophetiae
1076 828 1185 869 non
1218 821 1655 878 contemnamus;
1687 828 1754 868 ne
1783 812 2011 869 forsitan
2035 812 2237 869 volenti

656 908 888 981 Spiritui
923 915 1115 964 sancto
1143 906 1394 960 habitare
1424 904 1477 959 in
1507 905 1663 960 nobis
1691 920 1798 959 non
1823 905 2011 961 demus
2037 904 2233 959 locum.

654 997 876 1053 Nullum
905 998 1070 1053 alium
1114 997 1419 1062 timeamus,
1444 1004 1643 1067 praeter
1672 996 1865 1063 Deum,
1894 997 1987 1067 qui
2012 996 2159 1051 ultor
2182 1004 2239 1051 et

651 1086 817 1160 iudex
843 1097 928 1146 est
950 1104 1174 1160 operum
1195 1089 1547 1158 singulorum,
1571 1096 1626 1143 et
1655 1104 1779 1144 cum
1803 1096 1991 1144 sancto
2019 1096 2237 1145 sanctus

659 1190 765 1249 est,
797 1191 853 1238 et
896 1199 1018 1240 cum
1059 1185 1177 1239 viro
1227 1183 1514 1255 innocente
1556 1183 1815 1238 innocens
1849 1181 2022 1255 (Psal.
2070 1184 2233 1258 xvu);

651 1282 709 1329 et
729 1273 865 1330 dicit
901 1292 917 1328 :
958 1274 1074 1347 Ego
1113 1283 1348 1329 amantes
1372 1291 1455 1329 me
1484 1274 1668 1346 diligo,
1707 1285 1754 1329 et
1775 1277 1865 1347 qui
1895 1294 1976 1331 me
2003 1286 2237 1351 quwrent

650 1366 915 1422 invenient
948 1368 1201 1443 gaudium
1242 1366 1429 1439 (Prov.
1486 1368 1627 1440 vm).
1661 1369 1728 1429 Et
1777 1370 1904 1425 alibi
1956 1369 2231 1441 loquitur:

649 1453 714 1513 Si
744 1457 1137 1514 ambulaveritis
1189 1471 1372 1515 contra
1417 1478 1500 1515 me
1544 1463 1791 1533 perversi,
1823 1480 1916 1535 ego
1958 1464 2234 1519 ambulabo

648 1558 832 1604 contra
854 1566 942 1605 vos
961 1567 1227 1623 perversus
1251 1552 1395 1623 (Lev.
1420 1552 1594 1626 XXVI).

647 1660 650 1675 ι
719 1639 855 1696 LIV.
904 1640 1025 1697 Non
1049 1641 1353 1698 irascamur
1381 1642 1610 1698 invicem
1640 1642 1812 1719 (Psal.
1855 1644 1931 1720 tv)
1971 1663 1987 1701 :
2021 1646 2235 1702 etiamsi

2332 433 2620 504 justitiam,
2658 444 2719 491 ut
2754 446 3024 495 metamus
3072 440 3293 497 fructum
3334 442 3461 500 vitae.
3503 447 3762 517 lllnminemus

2339 529 2512 584 lucem
2563 531 2820 596 scientia-3,
2862 533 2989 602 quia
3040 541 3241 604 tempus
3282 544 3357 590 est
3401 546 3454 592 ut
3489 555 3764 613 cognoscamus

2339 619 2529 684 Deum,
2556 620 2731 674 donec
2752 621 2931 675 veniat
2960 621 3164 678 fructus
3180 622 3388 692 iustitia:
3404 629 3550 684 nobis.
3573 632 3672 688 Em
3682 654 3764 693 mu

2339 719 2543 781 tempus
2586 710 2923 781 acceptabile,
2974 722 3025 767 et
3072 714 3179 769 dies
3215 715 3387 771 salutis
3414 717 3487 789 (ῙΙ
3511 719 3608 775 Cor.
3640 725 3706 795 vt).
3723 728 3763 782 Et

2337 818 2485 868 vere,
2520 804 2818 859 secundum
2855 807 2999 874 quod
3030 808 3278 877 scriptum
3307 817 3399 876 est,
3442 808 3665 869 Plenitudo
3692 819 3766 888 legit

2337 902 2413 948 est
2451 894 2663 947 dilectio
2684 893 2863 966 (Rom.
2897 895 3043 970 xm).
3064 894 3263 953 Joanne
3291 899 3341 952 in
3367 900 3468 954 lucc
3489 902 3640 956 eadem
3658 909 3767 962 culci-

2338 992 2502 1039 nente
2528 1003 2541 1037 :
2568 983 2621 1037 Π
2625 1003 2685 1039 οι·
2703 997 3017 1058 praeceptum
3040 990 3320 1063 accepimus
3340 1008 3370 1043 a
3388 986 3547 1057 Patre,
3566 1002 3610 1045 ut
3624 994 3767 1066 diligant

2336 1079 2554 1133 invicem
2605 1078 2785 1151 (Joan.
2815 1080 2929 1152 xv).
2956 1080 3040 1145 Et,
3074 1080 3175 1146 Qui
3208 1080 3366 1152 diligit
3410 1082 3571 1148 Deum,
3599 1084 3766 1156 diligite

2340 1173 2558 1242 fratrem
2596 1191 2751 1229 suum
2784 1174 2868 1248 (11
2897 1176 3059 1231 Joan.
3083 1176 3180 1247 tv).
3210 1177 3293 1243 Et,
3320 1177 3432 1231 Non
3459 1178 3572 1230 sicut
3600 1174 3767 1246 Cain,qti

2339 1281 2406 1319 ex
2452 1265 2684 1337 maligno
2725 1276 2861 1335 erat,
2910 1270 3100 1323 occidit
3136 1270 3345 1340 fratrem
3389 1286 3541 1324 suum.
3590 1270 3641 1324 Et
3674 1287 3768 1341 quae

2341 1359 2529 1412 occidit
2547 1361 2572 1412 ?
2596 1361 2721 1430 quia
2748 1377 2902 1431 opera
2934 1363 3049 1432 ejus
3072 1362 3295 1434 maligna
3321 1373 3484 1429 erant;
3513 1362 3654 1432 fratris
3669 1372 3767 1416 auita

2334 1448 2453 1517 ejus
2508 1449 2663 1504 bona.
2710 1450 2835 1506 Non
2870 1453 3211 1519 admiremur,
3265 1453 3464 1522 fratres,
3506 1455 3543 1507 si
3574 1454 3768 1507 oderitttu

2333 1539 2562 1594 mundus
2601 1555 2621 1592 :
2658 1558 2750 1595 nos
2788 1544 3003 1609 scimus,
3035 1545 3158 1615 quia
3196 1545 3507 1598 transivimus
3531 1544 3583 1598 de
3602 1543 3764 1597 mortui

2334 1630 2518 1696 vitam,
2557 1649 2615 1687 eo
2644 1634 2784 1701 quod
2812 1634 3096 1705 diligamus
3135 1637 3321 1707 fratres
3348 1636 3397 1709 (I
3430 1636 3568 1691 Joau.
3593 1636 3766 1708 tn).Ergo

646 1730 729 1789 ira
758 1748 859 1789 nos
880 1734 1091 1800 vicerit,
1126 1750 1233 1790 non
1261 1750 1547 1808 peccemus
1582 1736 1728 1804 irati,
1757 1737 1886 1795 solis
1924 1741 2233 1797 occubitum
2260 1722 2310 1789 Β
2336 1721 2622 1793 diligamus
2647 1739 2746 1779 “05
2770 1733 2977 1781 ῐηυίυο·

647 1823 968 1893 poenltentia
989 1836 1434 1897 prmoccupantes
1465 1827 1679 1901 (Matth.
1711 1829 1889 1902 xvm).
1934 1829 2237 1889 Memineri-

629 1926 770 1966 .mus
800 1927 921 1968 esse
945 1925 1300 1987 praeceptum,
1348 1919 1561 1987 quoties
1587 1922 1831 1992 peccanti
1861 1921 1916 1976 in
1956 1938 2056 1978 nos
2082 1924 2234 1995 igno-

646 2015 804 2058 scere
837 2006 1114 2076 debemus,
1164 2017 1219 2063 et
1253 2026 1450 2067 munus
1476 2021 1721 2069 nostrum
1759 2014 2065 2086 relinquere
2110 2026 2235 2075 ante

645 2091 862 2149 altare:
892 2098 1035 2165 quod
1082 2111 1422 2171 nequaquam
1467 2103 1782 2175 suscipitur,
1818 2105 1862 2160 si
1917 2122 2026 2161 non
2072 2106 2236 2163 fuerit

643 2185 1086 2244 reconciliatione
1116 2190 1377 2261 placabile
1418 2192 1580 2266 (Ibid.
1613 2194 1667 2269 ν)
1706 2215 1718 2249 :
1751 2204 1813 2250 ut
1857 2198 2128 2267 possimus
2156 2200 2236 2254 di-

644 2287 773 2331 cere
799 2290 814 2330 :
859 2276 1076 2335 Dimitte
1100 2283 1247 2337 nobis
1269 2284 1444 2337 debita
1476 2294 1683 2352 nostra,
1708 2287 1842 2341 sicut
1869 2296 1917 2340 et
1942 2305 2035 2343 nos
2058 2290 2234 2343 dimit-

647 2370 807 2427 timus
834 2373 1155 2431 debitoribus
1178 2380 1371 2432 nostris
1390 2378 1540 2450 (Luc.
1568 2380 1668 2450 ιιι).
1698 2380 1766 2435 Ει
1783 2381 2073 2452 Apostolus
2094 2396 2235 2452 prte-

644 2464 790 2531 cepit
820 2481 834 2516 :
871 2463 934 2519 Si
963 2468 1080 2537 quis
1102 2468 1257 2523 habet
1283 2469 1537 2525 adversus
1577 2472 1803 2543 aliquem
1825 2475 2232 2545 querimoniam,

641 2549 780 2604 sicut
802 2561 850 2606 et
873 2552 1112 2611 Christus
1152 2558 1364 2613 donavit
1396 2561 1563 2629 nobis,
1593 2563 1670 2616 sic
1690 2563 1848 2632 facite
1878 2562 2015 2636 (Col.
2045 2566 2121 2637 v).
2150 2564 2235 2622 Si-

643 2653 768 2697 mus
794 2644 1041 2717 discipuli
1082 2652 1514 2708 mansuetudinis
1549 2664 1863 2710 sanctorum
1889 2658 2152 2724 omnium,
2179 2664 2234 2712 et

643 2736 917 2808 prtecipue
942 2739 1136 2809 David,
1159 2744 1226 2799 de
1248 2761 1355 2817 quo
1377 2748 1640 2818 scriptum
1668 2759 1752 2807 est
1778 2770 1791 2805 :
1821 2751 2104 2820 Memento,
2129 2754 2236 2810 Do-

643 2828 804 2897 mine,
846 2831 1038 2901 David,
1091 2845 1142 2889 et
1197 2838 1365 2893 omnis
1403 2842 1825 2917 mansuetudinis
1884 2844 2001 2914 ejus
2056 2844 2230 2917 (Psal.

644 2921 853 2995 cxxxr).
885 2923 954 2979 Et
1003 2925 1195 2997 Moysi,
1240 2929 1306 2985 de
1336 2946 1443 3001 quo
1474 2931 1694 3004 legitur,
1730 2935 1872 3003 quod
1898 2935 2060 2990 fuerit
2080 2952 2234 2993 man—
2266 2922 2269 2925 ’

638 3024 827 3076 suetus
854 3035 1018 3091 super
1036 3037 1249 3078 omnem
1278 3033 1480 3081 terram
1502 3026 1693 3101 (Num.
1716 3028 1840 3101 xu).
1872 3029 1941 3084 Et
1967 3029 2231 3088 Dominus

639 3108 697 3165 in
744 3090 1035 3184 Evangelia
1083 3115 1149 3171 de
1184 3121 1483 3176 mansuetis
1510 3090 1594 3177 ‘ac
1646 3090 1870 3177 mitibus
1919 3123 2159 3194 loquitur
2209 3090 2300 3176 :C

640 3195 792 3257 Beati
830 3205 1089 3258 mansueti
1126 3214 1176 3260 et
1210 3209 1361 3264 mites
1409 3211 1584 3278 corde,
1621 3214 1873 3283 quoniam
1908 3213 2010 3284 ipsi
2060 3216 2227 3285 possi-

639 3288 833 3345 debunt
872 3302 1066 3348 terram
1121 3295 1335 3369 (Matth.
1397 3298 1472 3376 v).
1530 3301 1736 3373 Magna:
1789 3303 2069 3374 sapientia:
2121 3314 2225 3371 est,

640 3384 1111 3442 mansuetudinem
1146 3389 1441 3458 possidere,
1474 3401 1530 3446 et
1561 3394 1753 3448 audire
1784 3412 1797 3447 :
1832 3390 2053 3465 Sapiens
2095 3406 2223 3463 esto,

633 3472 737 3544 fili,
764 3485 821 3530 ut
853 3476 1060 3534 [tutetur
1100 3498 1190 3536 cor
1219 3500 1389 3539 meum
1423 3483 1606 3558 (Prov.
1639 3486 1716 3560 ιι).
1741 3487 1810 3542 Ει
1836 3488 2034 3544 iterum
2057 3504 2073 3543 :
2096 3488 2229 3545 Imi-

634 3576 828 3627 tatores
880 3582 1041 3628 estote
1085 3573 1203 3642 Dei,
1242 3576 1342 3647 ﬁlii
1391 3580 1690 3637 citatissimi
1739 3581 1955 3653 (Ep/tes.
2004 3582 2085 3654 v).
2136 3582 2227 3651 Et,

634 3656 819 3717 Estote
858 3665 1098 3737 perfecti,
1123 3668 1257 3723 sicut
1283 3679 1331 3723 et
1366 3668 1531 3725 Pater
1556 3681 1741 3737 vester,
1769 3673 1860 3743 qui
1881 3674 1935 3727 in
1964 3672 2105 3727 caelis
2129 3681 2225 3740 est,

632 3752 893 3822 perfectus
927 3766 1002 3810 est
1033 3755 1229 3829 (Marc.
1267 3762 1342 3831 v).
1368 3761 1435 3816 Et
1461 3763 1589 3819 alibi
1625 3782 1636 3816 :
1669 3762 1855 3819 Sancti
1886 3775 2065 3833 estote,
2099 3782 2230 3838 quo-

635 3840 781 3895 niam
813 3860 905 3915 ego
940 3859 1154 3903 sanctus
1192 3867 1326 3916 sum,
1360 3852 1486 3907 dicit
1514 3853 1773 3910 Dominus
1800 3854 1942 3929 (Lev.
1972 3856 2047 3927 v).

2414 1854 2548 1911 LVI.
2581 1854 2799 1927 Loquar
2824 1856 2972 1912 aliud
3016 1857 3089 1913 ad
3115 1872 3211 1914 vos
3237 1859 3520 1924 audentius,
3546 1856 3621 1912 ﬁlii
3648 1856 3770 1911 dunt-

2337 1949 2482 2005 simi.
2533 1950 2615 2006 Ex
2658 1966 2766 2021 quo
2815 1953 3047 2009 credidit
3105 1954 3237 2010 mihi
3290 1953 3426 2010 Deus
3470 1950 3770 2010 conversationis

2336 2046 2532 2095 vestra:
2555 2050 2612 2096 et
2632 2050 2832 2099 sancte
2859 2044 3287 2100 conversationis
3307 2058 3524 2114 gregem,
3549 2057 3633 2097 non
3647 2038 3770 2094 cenati

2335 2130 2592 2203 lacrymis
2639 2149 2880 2201 monere,
2913 2143 2969 2190 et
3017 2137 3215 2191 docere
3262 2135 3502 2207 singulos,
3537 2142 3586 2189 ut
3616 2130 3772 2201 plateau

2336 2225 2476 2291 Deo;
2509 2240 2610 2282 nec
2638 2226 2882 2282 subtraxi
2928 2227 3158 2299 aliquid,
3189 2229 3331 2299 quod
3361 2228 3502 2284 vobis
3525 2224 3631 2281 utile
3661 2221 3773 2279 sentit-

2335 2317 2485 2384 bam,
2532 2326 2592 2372 ut
2640 2318 2879 2375 dicerem
2910 2336 2925 2375 :
2958 2318 3029 2374 Et
3076 2337 3220 2376 nunc
3259 2319 3538 2375 commendo
3558 2333 3625 2373 vos
3646 2314 3773 2375 lito,“

2335 2407 2485 2462 verbo
2535 2409 2720 2479 gratia:
2766 2411 2905 2479 ejus,
2945 2413 3038 2481 qui
3068 2422 3243 2484 potest
3279 2430 3368 2467 vos
3393 2411 3634 2479 wdiﬁcare,
3655 2406 3773 2460 alii“

2336 2500 2476 2555 vobis
2509 2501 2867 2557 hwreditatem
2909 2520 3029 2558 cum
3075 2507 3278 2561 sanctis
3318 2503 3449 2576 (Act.
3490 2501 3589 2573 xx).
3626 2496 3776 2567 “cibit.

2291 2648 2297 2653 ,
2336 2591 2484 2645 omni
2528 2593 2705 2648 studio
2735 2608 2974 2664 curaque
3023 2597 3358 2662 contendite,
3412 2610 3476 2652 ne
3513 2583 3777 2649 oblivisctlili

2334 2685 2597 2755 propositi
2644 2688 2831 2753 vestri,
2886 2688 2982 2744 sed
3029 2688 3255 2759 implete
3299 2687 3437 2757 quod
3468 2700 3555 2744 vos
3585 2681 3779 2742 scissus

2334 2781 2622 2851 pollicitos.
2652 2782 2764 2853 Ego
2808 2783 2946 2838 enim
2979 2784 3101 2853 jam
3134 2784 3351 2849 delibor,
3388 2791 3435 2837 et
3471 2790 3634 2849 tempus
3666 2768 3778 2827 καίο-

2335 2874 2493 2929 tionis
2531 2891 2659 2932 mea:
2683 2874 2830 2930 adest
2859 2888 2878 2927 :
2902 2875 3007 2946 qui
3027 2886 3299 2932 certamen
3327 2875 3508 2930 bonum
3529 2887 3582 2926 es
3602 2874 3704 2939 parte
3723 2874 3780 2913 ια·

2335 2966 2460 3031 tari,
2492 2983 2705 3020 cursum
2739 2968 3125 3034 consummavi,
3174 2968 3335 3037 ﬁdem
3367 2964 3566 3023 servavi.
3602 2960 3781 3016 οιωιιτο

2333 3060 2560 3130 reposita
2597 3070 2673 3115 est
2711 3061 2840 3117 mihi
2883 3079 3077 3118 corona
3098 3063 3352 3132 justitite,
3389 3075 3535 3133 quam
3570 3043 3782 3111 reddet!“

2333 3151 2592 3207 Dominus
2620 3153 2679 3206 in
2707 3152 2803 3207 illa
2847 3154 2931 3208 die
2964 3155 3155 3224 justus
3177 3156 3347 3225 judea:
3376 3167 3396 3206 :
3427 3169 3522 3209 non
3552 3146 3679 3206 soluts
3700 3136 3783 3197 sui}

2335 3248 2425 3298 sed
2452 3253 2499 3298 et
2521 3244 2762 3300 omnibus
2791 3246 2882 3316 qui
2908 3245 3213 3303 dilexerunt
3243 3246 3499 3317 justitiam
3522 3232 3691 3312 τέκεσι
3707 3230 3782 3285 Til-

2336 3334 2436 3406 ιν),
2475 3343 2529 3391 et
2555 3336 2735 3392 omnia
2764 3336 2943 3393 Patris
2967 3340 3230 3395 mandata
3252 3340 3507 3395 fecerunt.
3551 3318 3784 3387 Finita“:

2336 3427 2514 3481 omnia
2533 3427 2685 3493 audi,
2707 3426 2875 3483 Deum
2895 3428 3041 3495 time,
3061 3437 3110 3483 et
3135 3430 3389 3485 mandata
3408 3427 3513 3499 ejus
3533 3417 3705 3480 custodi.“
3716 3424 3785 3482 ἢν

2337 3517 2482 3571 niam
2529 3518 2699 3573 omnis
2748 3518 2901 3573 homo
2936 3535 2955 3573 :
2999 3520 3309 3576 universum
3340 3535 3463 3590 opus
3505 3516 3629 3573 Dm
3657 3504 3787 3590 ad“!

2334 3608 2393 3663 in
2411 3607 2705 3677 judicium,
2732 3611 2840 3664 sive
2868 3610 3083 3679 bonum,
3115 3614 3233 3669 sive
3258 3586 3454 3668 malum
3489 3608 3547 3664 sit
3577 3597 3701 3676 (Εαι
3718 3586 3785 3663 ιη)-

2406 3789 2640 3862 Εκριίείι
2677 3788 3118 3847 ἀοσιτίηαέαηιιε
3151 3789 3392 3850 οηεεείί.

656 3959 3783 4009 MM

1405 4107 2038 4221 REGULA
2164 4110 3124 4223 ORIENTALIS

1123 4303 1684 4381 ORIENTALIUM
1726 4308 2067 4372 REGULIS
2108 4307 2529 4376 COLLECTA
2573 4313 2625 4375 A
2670 4314 2980 4381 VlGlLlO
3023 4316 3418 4381 DIACONO.

1446 4541 1539 4600 DE
1574 4542 1857 4601 REGULA
1894 4543 2268 4601 ORIENTALI
2306 4542 2643 4601 VETERUM
2684 4542 3123 4630 TESTIMONIA.

1608 4728 1914 4789 Gennadius
1954 4734 2163 4790 Massil.
2209 4734 2402 4808 Script.
2449 4735 2622 4799 Ere-1.,
2679 4750 2793 4805 cap.
2847 4733 2934 4788 5i.

712 4813 943 4895 Vigilius
965 4814 1228 4873 diaconus
1260 4823 1563 4895 composuit
1588 4838 1653 4878 ex
1685 4824 1977 4882 traditione
2009 4828 2255 4894 Patrum,
2285 4803 2673 4884 monachorum
2704 4803 2967 4895 regulam,
2992 4836 3113 4892 qua:
3156 4822 3216 4895 in
3243 4818 3499 4895 cenabit!
3522 4813 3585 4871 ad

634 4876 867 5015 aratri]?
903 4887 960 4943 in
997 4898 1269 4947 conventu
1318 4876 1534 4961 leéitur,
1550 4876 1823 4952 sistat;
1837 4876 2677 4970 esse;a'.;.;'.;;.';,"13a.1;
2707 4876 3028 4952 satiatae
3053 4876 3423 4964 profesSionis
3457 4891 3511 4947 in
3551 4876 3807 4943 see-enm

676 4974 809 5015 tsctu
832 4975 996 5015 tuam.

633 4958 1293 5114 flsscobfi‘tlblbﬁbnlienedictus
1316 5033 1542 5093 Aniana:
1563 5038 1731 5096 abbas
1755 5037 2069 5097 Concordia:
2093 5040 2422 5114 Regularum
2445 5040 2613 5096 multa
2636 5036 2947 5107 Orientalis,
2976 5037 3089 5093 sive
3118 5033 3486 5095 Orientalium
3516 5022 3685 5101 regula:
3704 5007 3810 5082 capita

633 5110 1043 5254 “ﬁguram:
1065 5190 1300 5254 quoque
1304 5178 1475 5236 abbas
1499 5180 1555 5254 in
1584 5182 1924 5252 expositione
1953 5182 2173 5254 Regulae
2198 5184 2373 5239 sancti
2409 5182 2708 5249 Benedicti,
2739 5197 2861 5254 cap.
2894 5181 2985 5248 28,
3022 5179 3294 5252 Regulam
3335 5171 3676 5234 OrientaltM.
3701 5147 3810 5223 οβ’

639 5251 818 5329 autem
855 5245 1235 5329 §l,§eglllatn
1267 5248 1488 5329 Patrum
1518 5245 1876 5329 Orientalium
1905 5245 2157 5329 appellat.
2226 5326 2236 5329 _
2270 5324 2321 5329 __
2360 5324 2407 5329 ν,
2476 5326 2487 5329 _
2534 5326 2546 5329 _
2693 5245 2701 5249 ⁷
2807 5245 2824 5254 ’
2971 5245 2978 5248 ⁷
3010 5323 3024 5329 ,
3335 5323 3350 5329 -
3384 5319 3436 5329 ,..
3490 5318 3503 5329 .

703 5299 944 5372 Annales
965 5299 2215 5395 iisiussissetis};magistre}...

634 5394 754 5439 mm
787 5382 879 5438 lib.
907 5402 979 5442 vn
1016 5387 1209 5445 Annal.
1241 5388 1450 5446 Trevir.

2227 5326 2242 5385 i
2270 5324 2549 5381 Maximini
2579 5334 2719 5395 part.
2756 5340 2818 5392 ll,
2851 5340 2970 5397 cap.
3003 5323 3053 5376 l.
3099 5321 3169 5381 Et
3202 5323 3352 5392 apud
3377 5299 3808 5385 Christoph-W

702 5451 902 5510 Erecta
923 5456 1027 5511 fuit
1054 5459 1255 5518 ibidem
1284 5463 1474 5534 religio
1499 5465 1811 5521 Christiana
1853 5468 2153 5523 monastica
2184 5468 2285 5524 sub
2316 5468 2524 5541 Regula
2553 5466 2913 5525 Orientalium
2947 5464 3371 5522 Monacborum.
