4004 6328
78 374 79 377 γ
169 303 266 359 m

824 310 1053 369 CODEX
1087 310 1539 368 REGULARUM.
1578 340 1649 351 —
1686 308 1868 364 PARS
1904 309 1945 364 Ι.
1988 307 2291 365 REGULE
2322 307 2430 365 PP.
2469 307 2749 366 ORIENT.

3285 310 3391 369 478

928 519 1365 579 OBSERVATE
1399 518 1670 575 CRITICA
1708 517 1779 573 IN
1815 518 2151 575 REGULAM
2188 519 2621 588 SEQUENTEM.

180 766 192 779 ο
226 696 505 779 Ηυεωίιιιθ
527 705 650 779 octo
674 698 895 771 Regula:
926 700 1283 779 Qrientalinm
1319 701 1540 779 Patrum
1573 705 1826 779 exhibita:
1846 713 1973 760 sunt
2000 705 2185 779 inhoc
2203 702 2364 779 Lucae
2394 703 2656 779 Holstenii
2680 705 2898 779 (lodice,
2926 719 2992 759 ex
3020 701 3217 772 quibus
3247 700 3396 779 Vigi-

156 766 272 851 Iius‘
290 766 544 851 diaconus
595 768 736 851 hanc
757 766 1147 851 monachorum
1184 772 1441 851 Regulam
1469 777 1791 851 composuit,
1823 792 1943 851 qua:
1968 776 2122 851 pr_oin
2152 776 2347 851 merito
2375 784 2430 829 et
2454 774 2751 851 Orientalis
2785 766 2894 851 dici
2918 766 3119 851 potest,
3149 766 3396 851 quamvis

158 836 209 891 in
234 836 525 916 Occidente
544 839 746 910 scripta
768 840 1030 916 videatur.
1067 836 1512 916 Laudat'quidem
1544 836 1684 905 hanc
1713 836 1986 915 Regulam.
2009 845 2349 910 Gennadius,
2376 847 2681 916 asseritque
2702 847 2847 907 illam
2864 836 3113 906 bioviato
3130 836 3394 916 eiaperto

154 920 395 987 sermone
432 908 595 987 totius
621 908 931 987 monasticae
959 908 1669 987 professionis‘disciplinam
1722 908 2037 987 continere,
2060 930 2127 969 ex
2174 930 2278 987 qua
2321 908 2476 987 proin
2499 986 2505 987 ί
2530 908 2749 977 sanctus
2794 916 3136 987 Benedictus,
3167 908 3393 987 Arriana:

155 978 332 1039 abbas,
358 991 469 1030 suae
500 978 544 1031 Β

548 979 829 1056 tegularum
852 979 1167 1056 Quaem-dite
1205 983 1381 1056 multa
1403 979 1659 1050 inseruit;
1688 979 2138 1054 quemadmodum
2162 979 2217 1038 et
2247 979 2580 1056 Sniaragdus
2601 1027 2616 1052 ,
2668 988 2851 1042 Sancti
2884 984 3161 1056 Michaelis
3188 983 3242 1036 in
3293 983 3395 1056 Lo-

155 1046 413 1127 ἓιιπξηὸξθ
434 1046 632 1127 ἕως,
755 1066 853 1127 sua
879 1052 1092 1127 Regula:
1112 1051 1473 1127 Benedictingn
1501 1046 1865 1127 Expositione.
1906 1058 2132 1113 Constat
2153 1062 2334 1127 autem
2385 1046 2521 1110 haec
2548 1046 2749 1127 Regula
2784 1073 2925 1112 xnvn
2957 1054 3244 1127 capitibus,
3276 1052 3397 1127 qui:

152 1116 249 1191 bus
275 1116 559 1191 includitur
585 1118 844 1191 quidquid
870 1122 937 1177 ad

1037 1139 1164 1179 num
1203 1124 1459 1207 cujusque
1488 1126 1803 1207 monasterii
1832 1127 2075 1207 regimen
2092 1125 2347 1207 pertinet,
2369 1135 2429 1207 et
2458 1142 2579 1207 quae
2602 1121 2669 1185 ei
2691 1127 2895 1207 angnia
3112 1121 3396 1207 Pachumii

148 1187 462 1271 plerumque
484 1187 811 1254 desumitnr;
844 1207 964 1271 cum
993 1206 1229 1271 persaepe
1252 1187 1449 1271 ibidem
1473 1187 1922 1271 propriresancti
1940 1187 2244 1271 Pachumii
2264 1187 2546 1271 sententia:
2586 1187 2946 1271 reperiantur.
2985 1194 3129 1271 Vixit
3158 1192 3393 1271 guide

153 1257 370 1338 Vigilius
411 1257 671 1339 diaconus
699 1261 896 1341 saeculo
942 1257 1282 1341 quinm—sed
1328 1257 1609 1341 ignoratur
1637 1265 2082 1341 _cujus_ccclesise
2100 1264 2276 1341 fuerit
2301 1257 2594 1341 diaconus,
2627 1257 2875 1338 quamvis
2909 1265 3049 1341 apud
3076 1257 3259 1341 Gallos
3304 1260 3398 1316 ilo-

152 1333 321 1413 t'uisse
334 1333 591 1413 "supponi
622 1333 816 1413 possit2
846 1348 968 1413 cum
993 1333 1237 1413 nonnulli
1257 1333 1590 1413 centendant
1637 1338 1778 1413 hanc
1806 1336 2067 1413 Regulam
2090 1335 2441 1404 Orientalem,
2473 1339 2542 1393 ab
2565 1333 2685 1408 ipso
2712 1335 3090 1407 compositam,
3122 1333 3178 1386 in
3202 1346 3392 1387 mena.

150 1398 310 1456 sterio
334 1396 519 1455 Sancti
542 1396 817 1459 ila—simini
848 1401 1186 1463 Trevirensis
1210 1405 1399 1471 eodem
1426 1406 1624 1465 smeulo
1652 1406 1820 1463 fuisse
1849 1396 2212 1463 observatam.

183 1521 3390 1569 mmm—W

854 1615 1299 1707 INCIPIT
1366 1613 1861 1705 nEGULA
1923 1560 2667 1719 onI-ENmLIS.

213 1808 254 1864 I.
290 1806 361 1865 Ut
390 1821 566 1878 neque
605 1809 848 1864 seniores
877 1810 934 1864 in
968 1813 1217 1883 regendis
1245 1814 1505 1873 fratribus
1532 1820 1712 1875 inani-
1741 1824 1795 1897 Α
1818 1820 2136 1875 monasterii
2159 1818 2251 1890 qui
2282 1819 2540 1876 fratribus
2567 1819 2885 1893 praepositus
2909 1826 3013 1889 est,
3041 1818 3285 1881 referens
3331 1821 3399 1887 ad

144 1907 230 1955 ter
249 1897 514 1965 laborent,
530 1913 705 1968 neque
730 1899 1014 1969 disciplina
1041 1901 1319 1979 juniorum
1344 1907 1716 1983 vacillet,qu

145 1989 348 2046 abbatis
368 1990 781 2044 conversatione
809 1990 1047 2045 stabilita
1074 1991 1227 2047 lirma
1264 1996 1352 2059 sit,
1382 2007 1594 2067 oportet
1622 2002 1718 2059 ah-

145 2081 315 2135 batem
346 2080 877 2149 irreprehensibilem
907 2097 1047 2147 esse,
1076 2098 1349 2150 severum,
1394 2090 1713 2160 patientem,

132 2170 396 2243 jejunum,
418 2173 591 2243 pium,
612 2173 902 2229 humilem:
921 2182 982 2230 ut
1008 2176 1244 2233 doctoris
1262 2188 1317 2233 et
1337 2179 1516 2237 Patris
1538 2184 1715 2245 locum

134 2265 361 2336 impleat
387 2266 626 2335 seipsum
653 2264 879 2321 formam
900 2268 1147 2337 praebens
1170 2267 1432 2323 bonorum
1463 2286 1708 2341 operum.

128 2356 222 2410 Ad
274 2356 427 2426 cujus
466 2356 862 2411 ordinationem
903 2371 1092 2412 omnes
1142 2356 1341 2414 fratres
1388 2360 1709 2430 respiciant;

128 2444 273 2502 nihil
297 2447 417 2501 sine
439 2446 666 2503 oonsilio
685 2454 741 2502 et
764 2448 1087 2506 auctoritate
1114 2449 1285 2518 ipsius
1307 2447 1587 2507 facientes.
1607 2452 1711 2520 Qui

131 2537 407 2595 sustinens
433 2541 746 2595 monasterii
769 2540 1121 2597 necessitates
1150 2544 1214 2598 de
1235 2544 1487 2600 omnibus
1507 2561 1626 2615 quae
1655 2547 1711 2601 in

134 2632 467 2687 monasterio
495 2640 625 2687 sunt
665 2632 836 2688 libere
858 2633 1153 2704 judicabit;
1197 2634 1397 2690 nullius
1424 2652 1712 2705 personam

132 2723 426 2793 accipiens,
447 2737 547 2779 nec
568 2722 661 2778 ulli
684 2724 912 2795 gratiam
936 2733 1221 2793 praestans,
1237 2741 1333 2781 seu
1359 2742 1715 2796 unumquem-

133 2832 245 2887 que
261 2816 554 2872 secundum
586 2818 780 2872 merita
805 2818 1136 2887 quotidiana:
1182 2820 1610 2875 conversationis
1656 2821 1711 2875 in

128 2908 365 2964 veritate
377 2907 654 2976 judicans,
682 2906 990 2974 admoneat,
1019 2908 1291 2975 hortetur,
1318 2911 1565 2983 eastiget,
1591 2924 1714 2965 con-

129 2999 373 3065 demnet,
393 2998 480 3053 vel
506 2998 786 3068 suscipiat,
819 3000 865 3054 si
909 3000 985 3053 ita
1008 3000 1142 3055 utile
1164 3001 1402 3068 videtur,
1433 3002 1713 3058 venientes

128 3090 209 3145 ad
245 3091 657 3158 monasterium;
697 3091 781 3146 vel
807 3092 1010 3163 ejiciat,
1038 3092 1085 3147 si
1106 3093 1180 3147 ita
1204 3093 1499 3149 necessitas
1524 3093 1707 3161 fuerit,
1742 3097 1758 3106 '

128 3181 296 3238 male'
309 3184 639 3239 habitantes.

203 3276 270 3332 II.
306 3275 365 3330 In
391 3275 719 3332 monasterio
749 3275 992 3331 seniores
1016 3276 1125 3331 sint
1165 3275 1273 3331 duo
1297 3317 1312 3343 ,
1359 3276 1428 3331 ad
1465 3291 1599 3349 quos
1627 3275 1713 3331 vel

126 3378 402 3442 praesente
427 3369 622 3426 abbate
646 3368 731 3426 vel
761 3369 981 3425 absente
1008 3369 1247 3424 omnium
1277 3367 1509 3422 fratrum
1555 3367 1715 3422 disci-

124 3464 285 3535 piina
318 3470 371 3518 et
422 3463 601 3519 omnis
647 3477 778 3519 cura
814 3461 1127 3517 monasterii
1180 3461 1489 3531 pertineat:
1524 3460 1715 3514 dantes

124 3557 244 3613 sibi
266 3556 411 3610 vices
432 3571 528 3625 per
553 3555 689 3623 dies,
722 3562 777 3608 et
812 3552 1113 3609 dividentes
1140 3552 1284 3607 inter
1311 3567 1369 3607 se
1420 3551 1631 3622 pondus
1652 3565 1716 3605 ac

121 3644 517 3703 necessitatem
554 3644 897 3711 monasterii;
931 3659 999 3700 ex
1050 3644 1247 3713 quibus
1301 3659 1438 3697 unus
1474 3651 1717 3715 tempore

123 3750 244 3794 suo
263 3750 498 3807 praesens
525 3736 578 3790 in
608 3736 937 3791 monasterio
959 3749 1173 3804 semper
1196 3733 1322 3797 erit,
1356 3733 1423 3786 ad
1447 3740 1714 3801 praestan-

121 3827 268 3883 dum
291 3824 471 3881 abbati
520 3825 789 3891 solatium,
818 3823 906 3880 vel
956 3824 1275 3894 obsequium
1310 3821 1718 3877 advenientibus

122 3917 429 3984 fratribus;
454 3925 510 3974 et
535 3919 605 3974 ad
630 3917 1031 3988 procedendum
1051 3957 1066 3982 ,
1116 3915 1208 3970 ubi
1247 3912 1541 3969 necessitas
1572 3927 1718 3966 com-

121 4009 319 4066 munis
343 4009 602 4080 exegerit,
631 4016 792 4081 atque
834 4006 1167 4078 diligentiam
1195 4006 1341 4061 circa
1367 4005 1547 4059 omnia
1592 4018 1716 4074 quae

121 4100 202 4156 ad
225 4099 597 4169 quotidianam
628 4099 929 4155 custodiam
956 4106 1012 4152 et
1037 4097 1501 4155 conversationem
1531 4110 1717 4149 mona-

119 4190 290 4247 sterii
330 4190 603 4260 pertinent
627 4189 983 4245 adhibendam
1009 4206 1024 4243 :
1056 4194 1117 4242 ut
1158 4201 1492 4259 quaecunque
1520 4187 1587 4239 ad
1623 4186 1718 4241 ob—

118 4282 384 4352 sequium
404 4277 671 4353 usumque
696 4280 1010 4336 monasterii
1041 4279 1286 4335 facienda
1308 4286 1455 4342 sunt,
1482 4279 1601 4331 sine
1628 4292 1718 4331 ne-

119 4372 393 4445 gligentia
441 4381 497 4430 et
540 4373 760 4444 querela
802 4372 1025 4427 faciant.
1086 4370 1238 4427 Alius
1303 4386 1427 4426 eum
1460 4368 1717 4423 fratribus

118 4467 276 4533 erit,
334 4474 579 4537 tempore
621 4482 718 4522 suo
780 4466 1025 4522 exiturus
1078 4481 1200 4520 cum
1242 4465 1374 4537 ipsis
1418 4464 1486 4523 ad
1534 4462 1716 4518 omnia

116 4571 304 4627 opera
332 4566 389 4612 et
404 4572 623 4613 omnem
668 4557 1047 4621 necessitatem
1072 4597 1086 4621 ,
1140 4555 1430 4624 providens
1481 4570 1550 4615 ne
1587 4552 1716 4625 quid
1743 4558 1789 4622 ε]

112 4655 327 4704 contra
349 4647 688 4719 disciplinam
736 4646 957 4704 faciant.
995 4646 1097 4716 Qui
1137 4648 1486 4705 considerans
1528 4661 1717 4707 omnes

109 4747 295 4794 actus
323 4738 675 4810 singulorum,
706 4740 751 4795 si
783 4756 903 4811 quae
932 4747 1120 4796 contra
1161 4740 1426 4795 rationem
1463 4736 1607 4793 facta
1635 4737 1717 4791 vi-

109 4827 301 4895 derit,
331 4830 424 4884 sed
449 4844 547 4900 per
573 4845 632 4886 se
662 4831 933 4896 emendet,
964 4830 1049 4884 vel
1074 4830 1251 4885 abbati
1280 4829 1497 4884 indicet.

192 4920 294 4975 Ill.
332 4918 427 4976 Ille
453 4937 585 4978 vero
608 4963 624 4988 ,
665 4923 757 4992 qui
794 4923 1088 4977 secundum
1120 4922 1367 4977 ordinem
1418 4919 1715 4995 disciplinze

108 5013 479 5069 ordinatione
510 5013 724 5070 abbatis
751 5028 818 5069 ex
844 5013 1069 5071 consilio
1093 5021 1146 5067 et
1170 5012 1445 5068 voluntate
1473 5011 1715 5069 omnium

106 5104 370 5159 fratrum
397 5103 656 5161 fratribus
678 5105 999 5176 praepositus
1019 5111 1121 5169 est,
1138 5117 1352 5161 omnem
1368 5102 1434 5156 ad
1457 5118 1514 5157 se
1531 5115 1717 5157 curam

107 5197 190 5251 de
217 5196 515 5267 disciplina
544 5197 773 5265 fratrum
821 5206 877 5253 et
905 5195 1234 5267 diligentiam
1283 5194 1592 5249 monasterii
1636 5208 1723 5248 re—

106 5286 390 5353 vocabit;
420 5287 626 5344 habens
654 5295 981 5361 potestatem
1007 5287 1203 5341 abbate
1230 5284 1452 5341 absente
1495 5280 1725 5343 faciendi

104 5377 322 5433 omnia
344 5392 469 5448 quae
499 5378 666 5434 abbas
712 5391 955 5449 praesens
985 5376 1130 5430 facit.
1165 5373 1258 5428 ille
1296 5380 1477 5427 autem
1522 5373 1728 5445 patien-

102 5471 270 5526 tiam
300 5511 316 5537 ,
370 5472 867 5537 mansuetudinem,
906 5469 1295 5533 xtmilitatem,
1351 5464 1674 5521 charitatem
1702 5505 1718 5537 ι

98 5562 480 5633 equitatem,
517 5564 635 5621 sine
673 5577 1029 5637 personanm
1081 5560 1393 5630 acceptione
1444 5557 1717 5625 servabit;

100 5657 199 5712 ita
232 5670 435 5726 agens,
455 5664 516 5711 ut
540 5671 643 5711 nec
667 5653 848 5711 abbati
873 5655 1093 5709 taedium
1114 5661 1365 5724 generet,
1399 5666 1499 5705 nec
1526 5652 1721 5706 fratres

102 5749 567 5821 intemperantia
594 5748 741 5809 illius
762 5748 1031 5808 laborent.
1056 5746 1185 5806 Haec
1208 5745 1517 5803 observabit
1541 5744 1739 5825 senior

1816 1913 2069 1968 abbatem
2113 1914 2315 1979 omnia,
2342 1913 2424 1969 vel
2463 1913 2732 1984 pratcipue
2775 1912 2865 1967 illa
2909 1928 3029 1982 qua:
3054 1927 3154 1984 per
3180 1927 3239 1968 se
3288 1928 3398 1975 non

1815 2005 2051 2060 voluerit
2074 2006 2366 2075 explicare.

1886 2095 1974 2150 IV.
2017 2096 2459 2151 Commendatum
2484 2094 2700 2169 aliquod
2722 2096 2887 2153 etiam
2905 2110 2934 2148 a
2959 2109 3214 2172 germano
3231 2093 3401 2157 fratre

1816 2188 1996 2244 nullus
2031 2190 2299 2260 accipiat:
2331 2187 2466 2247 nihil
2490 2188 2542 2242 in
2569 2187 2707 2243 cella
2754 2202 2852 2249 sua
2882 2187 3083 2263 absque
3111 2186 3398 2261 Praepositi

1807 2277 2054 2347 jussione
2084 2282 2349 2353 quiSpiam
2373 2281 2591 2345 habeat,
2636 2295 2736 2341 nec
2769 2295 2928 2355 poma
2970 2279 3193 2355 quidem
3244 2278 3395 2337 vilis-

1815 2373 1975 2439 sima,
2007 2354 2286 2426 et‘caetera
2313 2370 2703 2439 hujuscemodi.

1887 2463 1951 2517 V.
1994 2460 2294 2531 Operantes
2322 2475 2452 2515 vero
2500 2459 2698 2514 fratres
2734 2458 2871 2517 nihil
2907 2458 3199 2528 loquantur
3234 2472 3402 2518 secn-

1812 2550 1925 2606 lare
1952 2570 1964 2605 :
1997 2551 2090 2606 sed
2114 2558 2207 2605 aut
2230 2550 2560 2609 meditantur
2581 2564 2668 2616 ea,
2697 2563 2818 2623 quae
2868 2558 3056 2621 sancta
3088 2556 3216 2605 sunt
3241 2587 3262 2619 ,
3307 2553 3404 2609 aut

1815 2655 1964 2702 certe
1987 2644 2239 2701 silebunt.

1885 2737 1970 2791 Vl.
2013 2736 2115 2807 Qui
2165 2743 2345 2794 autem
2375 2733 2668 2809 eoquinat,
2723 2724 3016 2809 antequam
3050 2730 3247 2793 fratres
3281 2730 3404 2791 reﬁ-

1814 2827 1974 2889 ciant,
2003 2842 2108 2883 non
2135 2826 2373 2901 gustabit
2396 2826 2711 2899 quidquam.

1884 2917 1994 2971 VII.
2031 2916 2201 2975 Nemo
2226 2916 2281 2974 in
2309 2916 2444 2975 cella
2474 2924 2565 2971 aut
2593 2917 2648 2970 in
2687 2915 2846 2970 domo
2875 2931 2972 2979 sua
3018 2914 3219 2975 habeat
3246 2912 3409 2985 quid-

1814 3025 1975 3080 quam
2000 3017 2198 3080 prmter
2225 3025 2307 3083 ea,
2343 3024 2465 3085 quae
2512 3008 2568 3063 in
2614 3009 2889 3078 communi
2920 3007 3236 3069 monasterii
3277 3004 3395 3081 lege

1814 3109 2084 3173 praecepta
2111 3108 2256 3158 sunt.
2518 3097 2525 3105 “

1739 3203 1789 3263 Β
1887 3193 2018 3248 VIII.
2058 3192 2299 3267 Cumque
2344 3174 2411 3247 ad
2454 3190 2831 3249 dormiendum
2879 3205 2936 3253 se
2976 3188 3399 3255 collocaverint,

1814 3287 1955 3342 alter
1983 3287 2138 3341 alteri
2177 3302 2282 3341 non
2311 3285 2582 3359 loquatur.
2618 3285 2820 3349 Cellam
2849 3285 3096 3353 alterius,
3117 3285 3221 3345 nisi
3248 3285 3404 3359 prius

1813 3377 1879 3432 ad
1902 3378 2101 3431 ostium
2125 3376 2409 3447 percutiat,
2440 3376 2668 3431 introire
2708 3392 2816 3431 non
2847 3375 3061 3435 audeat.

1882 3465 1973 3519 IX.
2015 3464 2219 3519 Mutare
2249 3466 2314 3518 de
2344 3465 2428 3518 his
2451 3480 2570 3532 quae
2599 3480 2629 3517 a
2657 3462 2957 3535 Praeposito
2985 3462 3254 3533 acceperit
3271 3475 3398 3519 cum

1814 3553 1988 3609 altero
2018 3568 2125 3607 non
2161 3552 2400 3607 audebit.
2430 3551 2539 3606 Nec
2564 3551 2792 3624 accipiet
2820 3552 3013 3606 melius
3050 3559 3105 3607 et
3129 3548 3281 3607 dabit
3301 3548 3398 3604 do-

1817 3643 2006 3708 terius,
2028 3650 2121 3696 aut
2141 3657 2171 3695 e
2198 3642 2470 3697 contrario
2513 3640 2648 3698 dans
2677 3641 2872 3696 melius
2894 3648 2949 3694 et
2989 3638 3227 3699 deterius
3256 3638 3398 3695 acci-

1814 3735 1991 3805 piens.
2020 3732 2189 3787 Nemo
2216 3734 2284 3787 ab
2313 3731 2483 3791 altero
2506 3730 2737 3801 accipiat
2776 3730 3076 3803 quidpiam,
3104 3729 3209 3787 nisi
3255 3728 3402 3789 Prm-

1813 3826 2025 3895 positus
2041 3824 2286 3896 jusserit.

1886 3938 1952 3995 X.
1994 3938 2187 3999 Clausa
2207 3937 2342 3993 cella
2368 3936 2545 3996 nullus
2574 3936 2809 3998 dormiat
2828 3976 2849 4003 ν
2890 3950 2993 3997 nec
3011 3935 3213 3995 habeat
3240 3934 3397 3993 cubi-

1816 4028 1995 4095 culum
2031 4028 2172 4100 quod
2209 4028 2389 4083 claudi
2450 4028 2639 4101 possit,
2670 4027 2777 4083 nisi
2808 4027 2952 4087 forte
2976 4026 3124 4085 aetati
3167 4026 3400 4097 alicujus

1814 4120 1899 4176 vel
1920 4120 2225 4183 inﬁrmitati
2258 4118 2419 4179 Pater
2445 4119 2761 4179 monasterii
2784 4119 3135 4185 concesserit.

1885 4232 1975 4289 XI.
2015 4231 2240 4287 Nemea
2268 4239 2415 4289 terra
2461 4230 2631 4288 solvat
2680 4230 2977 4289 funiculum
3024 4231 3233 4298 absque
3267 4227 3389 4299 jus-

1817 4324 1972 4383 sione
1996 4323 2194 4379 Patris.
2222 4323 2327 4390 Qui
2372 4324 2426 4379 in
2476 4325 2806 4379 monasterio
2855 4322 3082 4378 fratrum
3134 4319 3406 4377 invenerit

1817 4413 2124 4483 quidpiam,
2156 4413 2453 4481 suspendat
2488 4420 2551 4469 ut
2576 4413 2731 4469 tollat
2754 4413 2848 4483 qui
2878 4411 3210 4481 cognoverit.

1888 4523 2001 4578 XII.
2036 4524 2118 4578 Ad
2164 4522 2446 4578 collectam
2471 4532 2528 4578 et
2581 4524 2650 4577 ad
2688 4522 3023 4593 psallendum
3068 4519 3247 4577 nullus
3293 4520 3398 4576 sibi

1819 4617 2136 4672 occasiones
2158 4615 2418 4679 inveniat,
2433 4614 2629 4684 quibus
2647 4628 2707 4669 se
2726 4612 2871 4668 dicat
2890 4619 3231 4684 occupatum,
3247 4609 3402 4681 quasi

1820 4708 1903 4764 ire
1928 4723 2031 4764 non
2060 4707 2251 4776 possit.
2300 4705 2368 4760 Et
2398 4706 2445 4760 si
2471 4706 2528 4760 in
2553 4704 2899 4770 monasterio,
2928 4705 3012 4760 vel
3036 4705 3091 4760 In
3121 4720 3271 4777 agro,
3308 4712 3403 4760 aut

1820 4802 1875 4856 in
1906 4801 2124 4867 itinere,
2153 4807 2246 4854 aut
2283 4800 2338 4853 in
2362 4798 2601 4868 quolibet
2630 4798 2931 4865 ministerio
2964 4798 3161 4866 fuerit,
3206 4796 3401 4853 orandi

1819 4901 1876 4947 et
1893 4891 2164 4963 psallendi
2195 4900 2405 4961 tempus
2436 4906 2542 4945 non
2564 4891 2964 4960 pmtermittat.

1889 5006 2024 5061 XIII.
2067 5005 2168 5074 Qui
2191 5006 2442 5061 minister
2488 5012 2597 5071 est,
2641 5006 2835 5061 habeat
2886 5005 3123 5065 studium
3170 5017 3241 5059 ne
3273 5000 3407 5073 quid

1819 5096 2000 5171 operis
2032 5104 2218 5166 pereat
2239 5096 2295 5149 in
2327 5095 2680 5150 monasterio.
2703 5094 2762 5149 In
2792 5093 3156 5166 qualicunque
3180 5090 3404 5149 omnino

1822 5199 1961 5253 arte,
1986 5202 2104 5256 qua:
2129 5194 2413 5241 exercetur
2444 5202 2474 5240 a
2502 5186 2786 5255 fratribus,
2816 5186 2863 5242 si
2899 5185 3029 5255 quid
3054 5183 3279 5255 perierit
3297 5223 3315 5250 ,
3349 5189 3406 5245 et

1822 5293 1920 5349 per
1941 5278 2319 5350 negligentiam
2345 5277 2510 5332 fuerit
2542 5278 2883 5349 dissipatum,
2910 5276 3221 5348 inerepetur
3240 5291 3271 5335 a
3295 5273 3373 5337 Pa

1824 5383 1907 5429 tre
1936 5374 2183 5429 minister
2210 5386 2466 5443 operum;
2506 5378 2561 5426 et
2585 5372 2700 5441 ipse
2730 5370 2925 5427 iterum
2968 5369 3212 5439 increpet
3238 5368 3407 5439 alium

1824 5467 1916 5537 qui
1947 5482 2081 5536 opus
2112 5464 2436 5536 perdiderit,
2490 5465 2754 5519 duntaxat
2790 5462 2947 5533 juxta
2975 5460 3307 5523 voluntatem
3350 5468 3406 5517 et

1822 5556 2217 5628 prcescientiam
2246 5555 2507 5625 principis
2532 5595 2548 5621 ,
2605 5554 2810 5626 absque
2847 5568 2955 5626 quo
3006 5551 3186 5609 nullus
3224 5552 3404 5609 incre-

1823 5649 1985 5721 pandi
2014 5648 2233 5703 fratrem
2261 5647 2478 5702 habebit
2499 5652 2841 5718 potestatem.

1896 5741 2034 5798 XIV.
2079 5739 2139 5798 Si
2184 5740 2438 5797 inventus
2485 5737 2652 5795 fuerit
2694 5751 2836 5799 unus
2865 5750 2897 5805 a
2921 5733 3179 5795 fratribus
3201 5727 3408 5807 aliquid
