4004 6328
519 328 651 402 μθ

1507 325 1564 379 s.
1605 321 1965 379 BENEDICTI
2001 319 2294 374 ABBA'I‘IS
2331 280 2743 378 ANIANENSIS

3713 311 3823 367 480

543 463 639 518 per
667 444 1066 500 contentionem
1107 457 1310 509 agens,
1367 441 1450 494 vel
1478 438 1852 493 contradicens
1897 435 2115 502 majoris
2141 433 2195 492 Α
2288 432 2470 486 XVIII.
2513 431 2571 486 Si
2605 433 2972 502 deprehensus
3021 423 3185 485 fuerit
3235 427 3426 499 aliquis
3469 445 3502 484 e
3547 427 3823 484 fratribus

545 535 795 605 imperio,
824 532 1123 601 increpabit
1145 530 1299 597 juxta
1330 545 1634 584 mensuram
1663 528 1868 597 peccati
1909 527 2009 579 sui.

537 689 540 693 _
617 625 733 679 XV.
777 624 879 690 Qui
924 622 1210 684 mentitur,
1264 630 1356 674 aut
1389 620 1511 673 odio
1559 632 1882 687 quemquam
1923 615 2123 669 habere

546 717 710 772 fuerit
743 715 1146 782 deprehensus,
1199 721 1289 765 aut
1341 711 1675 772 inohediens,
1708 717 1799 762 aut
1837 708 1954 777 plus
1998 707 2122 776 joco

546 823 708 877 quam
737 809 1024 861 honestum
1062 813 1146 859 est
1173 803 1404 866 deditus,
1435 810 1528 854 aut
1561 801 1768 856 otiosus
1790 840 1804 862 ,
1854 807 1947 851 aut
1991 796 2126 850 dure

547 899 912 967 respondens,
972 906 1065 950 aut
1109 895 1314 950 habens
1374 892 1814 949 consuetudinem
1869 887 2126 943 fratribus

550 991 868 1046 detrahendi
895 991 976 1044 vel
1003 991 1087 1044 bis
1113 989 1204 1058 qui
1232 987 1364 1043 foris
1393 995 1534 1049 sunt,
1549 993 1604 1040 et
1624 984 1843 1039 omnino
1865 979 2126 1050 quidquid

551 1092 739 1136 contra
765 1081 1022 1151 Regulam
1065 1079 1470 1149 Scripturarum
1514 1086 1598 1132 est
1621 1085 1676 1131 et
1702 1075 2014 1130 monasterii
2048 1073 2128 1127 di-

552 1174 866 1243 sciplinam,
910 1181 965 1228 et
1006 1173 1235 1228 audierit
1283 1172 1444 1225 Pater
1474 1169 1808 1234 monasterii,
1836 1165 2130 1223 vindicabit

547 1265 699 1335 juxta
730 1281 1036 1320 mensuram
1069 1281 1310 1336 opusque
1334 1263 1564 1332 peccati.

624 1357 760 1412 XVI.
803 1360 858 1413 Si
891 1374 1078 1414 omnes
1131 1357 1327 1412 fratres
1366 1358 1601 1411 viderint
1650 1355 2003 1425 Praepositum
2053 1353 2133 1407 ni-

552 1449 721 1503 mium
752 1450 1128 1519 negligentem,
1157 1457 1250 1502 aut
1275 1449 1793 1517 dureiucrcpantem
1835 1445 2054 1510 fratres,
2077 1452 2132 1498 et

553 1554 863 1593 mensuram
885 1540 1194 1592 monasterii
1223 1540 1593 1603 excedentem,
1622 1537 1861 1591 referant
1893 1538 1993 1590 hoc
2031 1535 2131 1588 Pa-

554 1629 644 1692 tri,
668 1639 725 1682 et
753 1631 819 1683 ab
841 1645 905 1684 eo
932 1630 1260 1698 iucrepetur.
1283 1628 1402 1697 Ipse
1431 1636 1610 1682 autem
1647 1627 1972 1697 Prmpositus
1998 1625 2131 1680 nihil

553 1717 740 1784 faciat,
767 1720 868 1774 nisi
898 1721 1040 1788 quod
1070 1718 1509 1788 Paterjusserit:
1539 1720 1775 1772 maxime
1799 1718 1852 1771 in
1885 1732 1944 1771 re
1967 1731 2126 1770 nova.

2221 522 2453 578 libenter
2477 541 2597 579 cum
2631 526 2814 594 pueris
2843 526 3019 580 ridere
3049 534 3103 579 et
3130 524 3334 582 ludere.
3349 533 3404 577 et
3429 523 3644 578 habere
3685 526 3822 578 arni-

2222 614 2376 667 citias
2400 616 2574 668 aetatis
2605 615 2854 679 infirmae,
2885 617 3044 669 tertio
3065 623 3510 680 commoneatur,
3565 625 3628 668 ut
3669 630 3823 669 rece-

2223 701 2316 756 dat
2348 704 2415 758 ab
2443 719 2626 758 eorum
2658 705 3075 770 necessitudine,
3101 713 3156 758 et
3197 721 3404 760 memor
3435 706 3508 759 sit
3558 705 3824 760 honesta-

2228 793 2316 857 tis,
2348 803 2403 848 et
2430 795 2643 849 timoris
2674 796 2770 850 Dei
2796 814 2807 848 :
2840 796 2885 850 si
2915 781 3021 848 non
3047 796 3361 861 cessaverit,
3385 796 3749 865 corripiatur,
3769 808 3826 849 nt

2225 893 2418 963 dignus
2446 900 2530 948 est
2562 891 2904 960 correptione
2947 891 3308 944 severissima.

2294 983 2434 1037 XIX.
2476 983 2577 1050 Qui
2607 989 2959 1036 contemnunt
2997 989 3265 1050 praecepta
3297 978 3592 1046 majorum.
3634 988 3699 1031 et
3731 976 3810 1032 Re

2226 1073 2378 1145 gulas
2403 1072 2738 1136 monasterii,
2767 1086 2887 1140 quae
2912 1071 3008 1124 Dei
3036 1077 3310 1139 praecepto
3330 1069 3655 1124 constituta:
3684 1077 3824 1132 sunt,

2227 1177 2282 1223 et
2317 1168 2711 1238 parvipendunt
2738 1168 3012 1221 seniorum
3043 1164 3288 1227 consilia,
3307 1164 3691 1231 corripiantur
3718 1165 3828 1233 jux—

2231 1270 2280 1314 ta
2307 1261 2550 1315 ordinem
2574 1259 2927 1314 constitutum
2951 1298 2963 1321 ,
2993 1258 3164 1310 donec
3193 1254 3567 1324 corrigantur.

2300 1350 2419 1404 XX.
2460 1348 2705 1418 Majores,
2736 1349 2826 1417 qui
2879 1361 3003 1401 cum
3036 1345 3295 1398 fratribus
3324 1343 3627 1396 mittuntur
3656 1343 3826 1406 foras,

2229 1439 2463 1509 quandiu
2496 1439 2570 1492 ibi
2597 1438 2816 1500 fuerint,
2851 1437 3128 1491 habebunt
3160 1436 3249 1504 jus
3279 1433 3762 1502 Przepositorum,
3783 1445 3833 1488 et

2232 1545 2420 1584 eorum
2444 1537 2702 1599 regentur
2725 1528 2970 1582 arbitrio.
3017 1527 3297 1580 Doeebunt
3344 1525 3546 1579 fratres
3573 1541 3683 1595 per
3717 1541 3836 1580 con—

2233 1619 2450 1672 stitutos
2503 1619 2654 1681 dies;
2697 1625 2751 1670 et
2781 1619 2826 1670 si
2859 1615 2997 1670 forte
3033 1616 3176 1669 inter
3209 1629 3302 1668 eos
3323 1624 3506 1666 ortum
3536 1612 3717 1667 fuerit
3744 1614 3834 1667 ali-

2236 1711 2366 1778 quid
2395 1710 2704 1774 simultatis,
2736 1707 2956 1762 audient
2996 1707 3094 1776 ipsi
3150 1705 3416 1774 majores,
3467 1711 3528 1757 et
3567 1704 3836 1774 dijudica-

555 1810 687 1877 ρυτε
739 1826 806 1864 εχ
837 1796 1001 1866 more
1029 1811 1330 1877 descendit,
1363 1812 1596 1867 servabit
1645 1811 1901 1881 Regulam
1948 1825 2133 1863 mona-
2159 1777 2208 1835 Β
2236 1801 2369 1854 bunt
2399 1815 2635 1860 causam,
2667 1806 2722 1852 et
2769 1799 2986 1868 dignum
3017 1796 3172 1866 culpa
3206 1795 3604 1863 increpabunt;
3641 1793 3741 1847 vel
3779 1794 3835 1848 ad

555 1902 728 1955 sterii.

627 1991 786 2046 XVII.
829 1991 1154 2061 Praepositus
1177 2009 1308 2049 vero
1336 2010 1442 2049 non
1471 1994 1789 2057 inebrietur,
1820 2008 1922 2048 nec
1949 1992 2135 2046 sedeat

557 2086 613 2141 in
643 2085 1021 2143 humilioribus
1050 2088 1201 2143 locis.
1231 2089 1310 2143 Ne
1352 2097 1567 2157 rumpat
1596 2089 1809 2143 vincula
1845 2103 1964 2156 qua:
1993 2087 2136 2140 Deus

555 2176 609 2230 in
635 2177 773 2232 cmlo
799 2178 1037 2232 condidit
1067 2187 1124 2232 ut
1159 2181 1515 2234 observentur
1548 2181 1601 2233 in
1635 2180 1813 2233 terris.
1853 2178 1930 2232 Ne
1960 2178 2138 2248 lugeat

557 2268 612 2322 in
635 2269 722 2323 die
746 2268 882 2324 festo
913 2269 1124 2324 Domini
1155 2270 1482 2336 Salvatoris;
1520 2270 1824 2324 dominetur
1847 2270 1994 2324 carni
2028 2284 2138 2322 sua:

553 2356 699 2423 juxta
726 2373 1032 2411 mensuram
1061 2357 1405 2414 Sanctorum.
1461 2359 1575 2413 Non
1609 2359 1918 2413 inveniatur
1960 2358 2012 2411 in
2046 2374 2141 2412 ex-

559 2445 720 2500 celsis
745 2447 1029 2507 cubilibus,
1070 2447 1286 2501 imitaus
1333 2463 1538 2502 morem
1568 2449 1868 2518 gentilium.
1924 2449 2041 2502 Non
2070 2449 2142 2504 sit

561 2536 792 2605 duplicis
820 2537 963 2591 ﬁdei.
988 2537 1104 2591 Non
1134 2547 1392 2607 sequatur
1428 2541 1608 2595 cordis
1638 2543 1719 2595 sui
1761 2543 2137 2613 cogitationes,

562 2625 655 2679 sed
683 2625 852 2695 legem
893 2627 1006 2681 Dei.
1037 2626 1150 2684 Non
1189 2629 1406 2683 resistat
1434 2629 1862 2686 sublimioribus
1915 2633 2141 2686 tumenti

563 2715 745 2770 animo
786 2719 1163 2786 potestatibus.
1208 2719 1286 2774 Ne
1327 2718 1541 2782 fremat,
1575 2735 1674 2776 nec
1731 2721 1928 2774 hirriat
1973 2722 2143 2776 iratus

561 2821 724 2876 super
745 2808 1091 2874 humiliores;
1142 2825 1240 2864 nec
1271 2810 1566 2865 transferat
1601 2813 1859 2866 terminos
1902 2811 2138 2881 Regulae.

560 2896 678 2951 Non
706 2897 775 2952 sit
801 2896 1194 2965 fraudulentus,
1219 2916 1396 2971 neque
1428 2901 1482 2955 in
1523 2903 1942 2973 cogitationibus
1966 2911 2147 2957 verset

562 2990 744 3055 dolos;
789 3007 889 3044 nec
920 2993 1153 3063 negligat
1182 3002 1463 3061 peccatum
1493 2995 1684 3050 anima:
1713 3011 1851 3059 suae;
1893 3011 1994 3050 nec
2019 2997 2141 3050 vin-

2237 1890 2523 1959 imperium
2550 1905 2736 1945 eorum
2783 1889 2969 1944 statim
2996 1903 3188 1958 pacem
3234 1886 3391 1956 pleno
3422 1888 3596 1941 corde
3647 1901 3837 1941 conso-

2238 1982 2406 2035 cient.
3086 2045 3089 2047 Α

2309 2072 2448 2125 XX’I.
2489 2071 2544 2127 Si
2578 2074 2699 2142 quis
2740 2072 2908 2127 frater
2937 2081 3126 2128 contra
3159 2071 3521 2141 Praepositum
3554 2087 3727 2125 suum
3753 2071 3841 2124 ha—

2238 2167 2418 2221 buerit
2443 2167 2739 2230 tristitiam,
2769 2175 2860 2220 aut
2889 2167 3002 2236 ipse
3026 2165 3356 2234 Praepositus
3377 2172 3580 2219 contra
3609 2164 3836 2219 fratrem

2240 2258 2475 2327 aliquam
2514 2260 2924 2328 querimoniam,
2948 2261 3189 2328 probata:
3232 2257 3429 2335 fratres
3459 2260 3838 2314 conversatio-

2242 2351 2324 2404 nis
2346 2359 2398 2402 et
2423 2350 2543 2404 ﬁdei
2579 2367 2674 2406 eos
2712 2350 3146 2428 audiredebent,
3178 2359 3231 2406 et
3277 2350 3676 2421 dijudicabunt
3715 2353 3843 2404 inter

2241 2458 2352 2498 eos.
2381 2441 2436 2496 Si
2465 2455 2645 2500 tamen
2674 2444 2870 2497 absens
2918 2452 3000 2498 est
3030 2443 3191 2497 Pater
3219 2443 3583 2505 monasterii,
3634 2443 3734 2496 vel
3762 2443 3843 2496 ali-

2243 2535 2367 2587 cubi
2411 2533 2706 2604 profectus,
2735 2534 2968 2604 primum
2998 2535 3214 2604 quidem
3243 2535 3654 2604 exspectabunt
3685 2551 3839 2590 eum:

2245 2628 2325 2682 sin
2351 2636 2528 2681 autem
2555 2628 2756 2681 diutius
2779 2627 2963 2681 vident
2986 2627 3118 2682 foris
3139 2627 3434 2690 demorari,
3459 2637 3599 2681 tunc
3631 2627 3844 2680 audient

2246 2724 2389 2772 inter
2408 2718 2763 2788 Praepositum
2813 2727 2867 2772 et
2899 2717 3150 2782 fratrem;
3181 2735 3248 2772 ne
3273 2719 3364 2773 diu
3390 2733 3677 2786 suspenso
3724 2717 3845 2785 judi-

2245 2810 2330 2863 cio
2357 2810 2575 2863 tristitia
2624 2809 2800 2878 major
2828 2811 3057 2875 oriatur,
3087 2818 3145 2864 ut
3167 2819 3222 2866 et
3250 2811 3337 2865 ille
3382 2811 3478 2880 qui
3511 2810 3846 2880 Praapositus

2247 2907 2346 2964 est,
2381 2909 2433 2954 et
2457 2900 2543 2954 ille
2564 2901 2653 2970 qui
2682 2899 2956 2970 subjectus
2977 2911 3081 2966 est,
3105 2912 3160 2956 et
3187 2902 3262 2956 illi
3289 2902 3381 2971 qui
3409 2902 3680 2964 audiunt,
3703 2903 3842 2972 juxta

2248 2992 2496 3046 timorem
2524 2990 2616 3046 Dei
2644 3002 2839 3046 cuncta
2871 2991 3088 3058 faciant,
3121 3001 3175 3047 et
3211 3008 3317 3047 non
3345 2993 3480 3047 dent
3505 2993 3568 3046 in
3623 2993 3741 3047 ullo
3769 3007 3846 3047 oe-

568 3090 722 3136 catur
750 3083 930 3136 carnis
961 3084 1192 3139 luxuria.
1224 3084 1337 3140 Non
1378 3087 1617 3141 ambulet
1644 3087 1995 3157 negligenter.
2025 3087 2143 3142 Non
2173 3125 2216 3186 Ο
2250 3083 2520 3137 casiouem
2552 3083 2851 3136 discordiae.

566 3170 818 3240 loquatur
837 3174 1323 3229 verbumotiosum.
1351 3175 1468 3230 Non
1497 3187 1659 3246 ponat
1689 3177 2000 3231 scandalum
2016 3186 2144 3232 ante

563 3263 727 3332 pedes
756 3264 904 3318 czeci.
955 3263 1071 3319 Non
1103 3267 1294 3322 doceat
1321 3268 1648 3322 voluntatem
1677 3269 1914 3322 animam
1969 3285 2143 3323 suam.

565 3351 685 3406 Non
718 3355 1020 3410 resolvatur
1049 3357 1158 3412 risu
1198 3359 1496 3436 ‘stultorum
1527 3376 1591 3415 ac
1621 3359 1766 3429 joco.
1831 3361 1948 3415 Non
1977 3363 2152 3431 capia—

539 3454 654 3507 .tur
683 3463 776 3502 cor
804 3450 919 3518 ejus
963 3451 1030 3503 ab
1056 3452 1141 3505 his
1167 3454 1256 3521 qui
1290 3454 1466 3524 inepta
1522 3455 1820 3524 loquuntur
1853 3464 1907 3512 et
1951 3457 2146 3512 dulcia.

566 3533 681 3589 Non
708 3537 1336 3620 vincatur‘muneribus;
1372 3559 1477 3598 non
1522 3546 1869 3614 parvulorum
1899 3562 2149 3600 sermone

577 3625 823 3682 ducatur.
861 3625 978 3684 Non
1012 3631 1314 3701 deficiatin
1344 3635 1708 3691 tribulatione.
1755 3636 1870 3690 Non
1923 3645 2151 3690 mortem

569 3715 775 3781 timeat,
830 3721 925 3774 sed
979 3721 1177 3786 Deum;
1221 3739 1329 3778 non
1386 3728 1769 3793 praevaricator
1820 3729 1892 3782 sit
1934 3735 2155 3798 propter

571 3805 943 3870 imminentem
972 3811 1240 3866 timorem.
1272 3813 1388 3867 Non
1422 3817 1692 3886 relinquat
1733 3834 1922 3873 verum
1972 3821 2155 3874 lumen

571 3905 795 3983 propter
825 3900 1066 3955 modicos
1086 3903 1257 3956 cibos.
1284 3903 1400 3958 Non
1431 3915 1582 3961 nutet
1609 3924 1672 3961 ac
1702 3909 1920 3963 ﬂuctuet
1948 3911 2001 3964 in
2031 3924 2157 3981 ope-

575 3985 727 4039 ribus
757 3989 1022 4043 suis.1\'on
1062 4001 1232 4046 mutet
1257 3997 1600 4061 sententiam,
1634 3999 1728 4052 sed
1757 3999 1944 4053 firmus
1971 4001 2040 4053 sit
2071 4016 2158 4054 so-

575 4073 779 4142 lidique
808 4078 1044 4143 decreti;
1084 4079 1295 4146 justus,
1347 4095 1540 4139 cuncta
1597 4088 1979 4155 considerans;
2015 4087 2159 4156 judi-

580 4179 710 4219 cans
742 4166 794 4220 in
827 4169 1052 4223 veritate
1076 4171 1279 4240 absque
1319 4177 1555 4242 appetitu
1583 4179 1795 4248 glorize;
1841 4181 2158 4236 manifestus

579 4251 692 4310 Deo
718 4266 773 4311 et
799 4257 1124 4325 hominibus,
1158 4270 1212 4315 et
1257 4279 1288 4316 a
1339 4263 1526 4321 fraude
1572 4270 1778 4337 procul.
1832 4270 1910 4326 Ne
1949 4273 2160 4341 ignoret

577 4350 1046 4405 conversationem
1092 4367 1345 4418 suorum,
1392 4370 1490 4412 nec
1540 4359 1608 4413 ad
1641 4374 1826 4416 eorum
1874 4363 2161 4419 scientiam

2321 3174 2439 3227 XX.
2485 3172 2670 3226 Nullus
2717 3173 2963 3227 mittatur
3009 3172 3152 3226 foras
3179 3173 3244 3226 ad
3285 3173 3506 3242 aliquod
3569 3175 3845 3244 negotium

2249 3265 2410 3320 solus.
2443 3263 2588 3319 Missi
2619 3280 2748 3318 vero
2769 3280 2875 3318 non
2916 3265 3134 3335 singuli,
3157 3265 3251 3319 sed
3277 3265 3389 3318 bini
3421 3264 3510 3318 vel
3553 3267 3710 3320 terni
3739 3281 3846 3319 am-

2247 3358 2437 3412 bulent
2470 3375 2482 3410 :
2513 3365 2572 3411 ut
2601 3357 2728 3410 dum
2763 3372 2821 3410 se
2847 3357 3076 3411 invicem
3109 3357 3418 3411 custodiunt
3461 3365 3519 3410 et
3569 3356 3850 3412 consolan-

2251 3455 2361 3513 tur,
2391 3457 2446 3501 et
2473 3448 2714 3502 seniores
2747 3463 2933 3503 eorum
2961 3447 3028 3501 de
3070 3448 3298 3501 honesta
3325 3462 3522 3501 eorum
3557 3462 3851 3502 conversa-

2253 3539 2398 3592 tione
2426 3539 2600 3592 securi
2627 3539 2754 3602 sint,
2782 3546 2836 3591 et
2866 3538 2940 3590 illi
2965 3552 3072 3591 non
3107 3537 3508 3607 periclitentur.
3539 3537 3849 3593 Observan—

2253 3636 2338 3684 tes
2364 3638 2546 3684 tamen
2577 3631 2698 3694 hoc,
2731 3637 2790 3682 ut
2845 3645 2951 3683 non
2982 3616 3057 3683 vse
3090 3628 3322 3682 invicem
3358 3626 3568 3682 fabulis
3605 3629 3849 3684 inanibus

2254 3702 2553 3788 destruant,
2587 3737 2761 3792 neque
2790 3721 3132 3792 negligentia:
3147 3720 3278 3775 dent
3304 3719 3488 3774 locum
3519 3720 3853 3780 destructioe

2257 3813 2369 3879 nis;
2401 3814 2494 3868 sed
2526 3813 2893 3881 unusquisque
2918 3812 2974 3865 in
3008 3820 3128 3866 actu
3155 3825 3254 3866 suo
3299 3817 3544 3864 attentus
3577 3813 3682 3876 sit,
3715 3822 3855 3882 prout

2257 3911 2469 3972 tempus
2507 3901 2690 3956 fuerit.
3261 3953 3268 3958 .

2329 3993 2514 4048 XXIII.
2555 3993 2779 4059 Quando
2814 4002 2994 4047 autem
3023 3994 3226 4047 reversi
3259 3992 3463 4047 fuerint
3497 3995 3553 4047 in
3584 4006 3856 4050 morast-eo

2259 4083 2430 4150 rium,
2476 4083 2520 4136 si
2566 4092 2691 4137 ante
2719 4083 2916 4138 ostium
2967 4083 3201 4137 viderint
3237 4083 3476 4152 aliquem
3518 4100 3860 4153 quaerentem

2260 4189 2480 4229 suorum
2502 4171 2763 4238 afﬁnium,
2795 4173 2861 4228 de
2902 4175 2988 4229 his
3024 4174 3115 4242 qui
3145 4175 3198 4228 in
3246 4176 3594 4230 monasterio
3623 4193 3860 4233 commo-

2262 4274 2466 4328 rantur,
2497 4280 2603 4318 non
2629 4264 2884 4318 valebunt
2931 4264 3010 4318 ire
3053 4265 3121 4318 ad
3150 4279 3293 4328 eum,
3323 4272 3377 4319 et
3427 4268 3743 4329 nuntiare,
3789 4266 3861 4318 vel

2263 4369 2506 4408 evocare.
2561 4354 2628 4407 Et
2675 4355 2893 4409 omnino
2941 4354 3199 4424 quidquid
3251 4355 3384 4408 foris
3431 4359 3772 4426 gesserint,
3818 4358 3862 4410 in

579 4453 754 4494 caecus
781 4442 999 4494 existat.
1027 4443 1164 4498 Nulli
1194 4455 1389 4500 noceat
1422 4463 1519 4518 per
1553 4451 1889 4521 superbiam;
1929 4471 2029 4511 nec
2077 4472 2147 4512 se-

2264 4442 2594 4497 monasterio
2620 4433 2842 4498 narrare
2866 4459 2974 4499 non
3011 4452 3358 4513 praesumant.

577 4538 778 4598 quatur
812 4533 1278 4600 concupiscentias
1329 4539 1630 4596 oculorum.
1669 4545 1964 4600 Veritatem
2018 4563 2158 4602 nun-

577 4635 740 4688 quam
765 4632 1050 4688 praetereat
1073 4642 1085 4677 :
1118 4628 1294 4682 oderit
1341 4628 1676 4697 injustitiam.
1704 4634 2010 4692 Secundum
2034 4654 2158 4708 per-

580 4724 766 4763 sonam
798 4727 1069 4780 nunquam
1111 4713 1314 4781 judicet
1340 4735 1440 4788 pro
1483 4725 1834 4791 muneribus,
1884 4742 1986 4781 nec
2030 4743 2158 4782 con-

581 4797 796 4854 demnet
832 4802 1067 4856 animam
1090 4805 1429 4863 innocentem
1458 4827 1556 4881 per
1587 4816 1913 4883 superbiam.
1943 4817 2058 4873 Non
2087 4820 2158 4874 ri-

580 4893 704 4947 deat
749 4893 891 4948 inter
948 4912 1180 4964 pueros:
1215 4916 1318 4954 non
1379 4905 1591 4958 deserat
1642 4911 1926 4964 veritatem
1967 4910 2181 4968 timore'

580 4993 892 5053 superatus.
920 4985 1036 5041 Non
1066 4989 1327 5059 despiciat
1375 5009 1498 5058 eos,
1532 4999 1622 5066 qui
1665 4999 1900 5071 indigent
1948 5002 2163 5057 miseri-

581 5076 785 5130 cordia.
846 5077 964 5130 Non
1004 5079 1233 5140 deserat
1291 5085 1556 5154 justitiam
1617 5102 1837 5161 propter
1895 5093 2166 5149 lassitudi-

583 5180 738 5232 nem;
768 5185 836 5225 ne
857 5175 1046 5239 perdat
1077 5176 1310 5229 animam
1335 5193 1486 5232 suam
1510 5193 1728 5250 propter
1749 5186 2160 5241 verecundiam:

584 5271 653 5309 ne
694 5263 947 5330 respiciat
999 5265 1163 5335 dapes
1213 5266 1457 5323 lautioris
1509 5286 1754 5325 mensae:
1798 5289 1898 5328 nec
1940 5275 2162 5343 pulchra

585 5350 906 5407 vestimenta
938 5356 1233 5421 desideret;
1290 5376 1387 5414 nec
1437 5377 1493 5417 se
1535 5363 1791 5432 negligat,
1819 5366 1911 5418 sed
1960 5380 2172 5435 semper

587 5437 844 5506 dijudicet
896 5447 1250 5514 cogitationes
1306 5467 1448 5504 suas.
1504 5451 1619 5506 Non
1660 5454 1955 5508 inebrietur
2009 5458 2168 5522 vino,

589 5529 682 5583 sed
720 5531 1007 5588 humilitati
1051 5536 1292 5604 junctam
1341 5543 1532 5595 habeat
1591 5543 1892 5598 veritatem.
1943 5545 2170 5611 Quando

587 5618 816 5690 judicat,
850 5638 1105 5694 sequatur
1147 5645 1412 5704 przecepta
1466 5634 1730 5703 majorum
1756 5647 1810 5691 et
1841 5637 2010 5708 legem
2039 5638 2131 5696 Dei
2151 5647 2168 5708 ,'

593 5728 712 5790 quae
735 5717 788 5772 in
820 5727 928 5776 toto
957 5725 1087 5778 orbe
1117 5728 1408 5795 praedicata
1435 5738 1538 5785 est.

1950 5886 2001 5900 PQ

2335 4532 2524 4588 XXIV.
2566 4531 2829 4588 Omnibus
2878 4534 2981 4588 erit
3030 4543 3270 4604 potestas
3297 4533 3512 4604 legendi
3563 4555 3764 4611 usque
3810 4541 3866 4592 ad

2265 4625 2452 4679 horam
2483 4627 2695 4680 tertiam
2725 4645 2736 4678 ε
2769 4626 2813 4679 si
2844 4634 3022 4681 tamen
3053 4627 3194 4681 nulla
3223 4643 3388 4683 causa
3419 4632 3746 4700 exstiterit,
3776 4649 3867 4704 qua

2263 4732 2486 4772 necesse
2525 4717 2776 4771 sitetiam
2801 4718 3001 4787 aliquid
3044 4718 3180 4773 ﬁeri.
3215 4718 3343 4774 Post
3368 4722 3562 4775 horam
3601 4741 3754 4780 vero
3780 4737 3870 4779 ter-

2265 4811 2396 4863 tiam
2427 4810 2470 4864 si
2503 4824 2620 4878 qum
2667 4818 2866 4862 statuta
2921 4817 3065 4873 sunt,
3107 4811 3244 4864 sicut
3295 4813 3558 4882 scriptum
3592 4825 3728 4879 est,
3791 4832 3872 4884 per

2265 4902 2592 4970 superbiam,
2621 4902 2700 4955 vel
2739 4901 3138 4971 negligentiam,
3167 4902 3250 4956 vel
3298 4903 3563 4959 desidiam
3636 4911 3874 4965 interr-e—

2265 4992 2480 5046 dentem
2506 5007 2610 5044 non
2647 4992 2988 5053 custodierit,
3012 4993 3149 5044 sciat
3181 5007 3238 5046 se
3269 5008 3391 5046 cum
3436 4994 3490 5046 in
3543 4996 3664 5050 boc
3692 5013 3878 5051 errore

2267 5083 2634 5152 deprehensus
2666 5082 2859 5146 fuerit,
2919 5083 3236 5152 culpabilem
3283 5083 3704 5154 judicandum;
3759 5093 3876 5159 quia

2263 5189 2363 5244 per
2388 5190 2543 5228 suum
2571 5189 2810 5230 errorem
2837 5182 2890 5228 et
2927 5174 3062 5228 alios
3083 5174 3136 5227 in
3167 5173 3356 5228 vitium
3383 5178 3568 5231 mittit.

2335 5265 2499 5319 XXV.
2541 5263 2754 5319 Cellarii
2800 5279 2930 5318 vero
2967 5279 3097 5317 cura
3147 5265 3237 5326 sit,
3275 5277 3334 5318 ut
3382 5268 3804 5326 abstinentiam
3833 5282 3881 5322 ιιι

2272 5358 2619 5412 sobrietatem
2649 5356 2870 5409 studens
2897 5355 3039 5409 illata
3079 5357 3132 5408 in
3158 5361 3488 5411 monasterio
3515 5360 3581 5413 ad
3617 5376 3882 5435 surripias

2270 5454 2500 5509 fratrum
2517 5454 2801 5522 diligenter
2815 5462 2869 5507 et
2895 5452 3124 5508 fideliter
3154 5464 3360 5507 servet:
3381 5455 3511 5508 nihil
3530 5460 3881 5529 suscipiens.

2270 5560 2370 5598 nec
2398 5544 2686 5612 quidquam
2715 5543 2931 5596 tradens
2959 5545 3077 5597 sine
3101 5546 3422 5598 auctoritate
3463 5545 3548 5599 vel
3576 5553 3881 5604 seninrum

2271 5638 2514 5694 consilio.
2568 5636 2666 5704 Qui
2709 5637 2871 5691 etiam
2908 5638 3089 5692 omnia
3117 5639 3390 5703 utensilia,
3417 5655 3537 5716 quae
3581 5640 3646 5694 in
3689 5661 3885 5698 mom-

2272 5723 2438 5788 sterio
2465 5737 2612 5797 sunt,
2651 5729 2704 5783 id
2740 5735 2839 5790 est,
2899 5717 3102 5785 vestem
3124 5774 3138 5798 ,
3172 5745 3290 5801 vas,
3340 5731 3800 5800 ferramentum,
3833 5746 3881 5788 et
