4004 6328
148 457 244 514 481

821 427 1052 489 CODEX
1082 416 1537 482 REGULARUM.
1575 444 1647 456 —
1683 406 1863 467 PARS
1896 407 1939 462 I.
1973 398 2287 458 REGULIE
2327 397 2430 452 PP.
2470 394 2743 452 ORIENT.

3289 393 3396 451 482

145 559 398 634 quidquid
426 553 613 610 usibus
655 544 982 620 quotidianis
1009 538 1374 596 necessarium
1401 541 1504 598 est,
1534 538 1716 586 custo-
1741 523 1795 584 Α
1817 517 2264 634 negligenttiaﬂlel
2291 513 2492 567 desidia
2515 511 2692 580 aliqua
2715 526 2782 566 ex
2812 509 2898 565 his
2924 509 3394 580 praetermiserim,

1558 625 1578 634 -
1675 623 1708 634 ..
1822 623 1937 634 mm.
1967 607 2018 634 ε..
2099 621 2195 634 Μ...
2223 602 2634 634 αΛΛιιΙῖηΔηΙηΙι·
2685 615 2783 634 nm-
2814 601 3065 634 ἱηεηαηιιο
3099 599 3394 634 ιιοαηιιηίίη

144 623 374 717 diam-et
418 652 853 712 unamquamque
881 651 996 692 rem
1032 634 1345 704 proferens,
1393 642 1515 682 cum
1554 623 1718 678 fuerit

145 713 529 798 necessarium,
549 733 616 788 ab
631 731 899 785 eoiterum
923 724 989 779 ad
1014 722 1398 793 reponendum,
1413 717 1499 770 cui
1518 713 1718 768 utendo

143 827 562 901 consignaverit,
590 828 925 890 recepturus.
976 814 1058 868 Ad
1081 813 1281 866 victum
1320 823 1450 862 vero
1489 804 1718 858 fratrum

142 894 380 997 proferat
398 933 463 972 ac
492 915 672 970 tradat
699 905 1116 979 septimanariis,
1131 902 1200 956 ad
1217 900 1549 955 condiendos
1569 894 1719 949 cibos

144 996 235 1072 det
260 1007 566 1067 necessaria
611 1001 905 1060 secundum
932 996 1256 1068 quotidianae
1300 1005 1552 1061 expensae
1593 1003 1722 1043 con-

141 1102 503 1163 suetudinem,
542 1109 715 1164 neque
751 1091 989 1162 profuse,
1023 1101 1198 1157 neque
1225 1099 1416 1147 avare;
1473 1097 1540 1135 ne
1585 1080 1720 1133 vitio

142 1198 310 1268 ipsius
343 1192 427 1246 vel
454 1184 765 1244 monasterii
789 1180 1089 1236 substantia
1121 1184 1393 1248 gravetur,
1416 1171 1498 1227 vel
1528 1171 1720 1224 fratres

142 1264 417 1357 patiantur
439 1278 714 1350 injuriam.
746 1272 852 1327 Sed
879 1279 933 1325 et
960 1269 1340 1325 necessitatem
1384 1264 1722 1320 inﬁrmorum
1768 1295 1771 1298 ›

143 1353 369 1431 fratrum
408 1387 472 1425 ac
503 1369 741 1422 laborem
789 1361 1157 1422 considerans,
1187 1357 1320 1411 nihil
1347 1353 1724 1425 aagrotantium

144 1465 423 1523 desideriis
451 1471 608 1531 neget
637 1473 702 1512 ex
732 1456 836 1518 his,
864 1468 983 1522 quae
1011 1451 1263 1506 habuerit
1286 1488 1300 1512 ,
1328 1454 1588 1516 quantum
1619 1443 1723 1497 illis

143 1573 360 1616 necesse
392 1555 573 1610 fuerit.
589 1547 1012 1604 Advenientibus
1029 1543 1260 1598 diversis
1287 1538 1546 1594 fratribus
1569 1551 1725 1591 escas

143 1648 372 1720 parabit.
402 1645 527 1699 Ilaec
557 1643 660 1698 erit
705 1654 834 1694 cura
882 1636 1119 1691 custodis
1152 1633 1386 1697 cellarii,
1439 1643 1726 1684 recurrens

145 1718 355 1811 semper
398 1737 464 1792 ad
506 1735 781 1790 seniorum
828 1728 1152 1790 consilium,
1212 1733 1268 1779 et
1324 1722 1604 1791 requirens
1659 1718 1727 1773 de

143 1832 415 1893 omnibus,
448 1827 532 1882 vel
578 1824 848 1896 praecipue
875 1822 942 1875 de
973 1819 1058 1873 bis
1109 1832 1227 1885 qua:
1252 1814 1472 1884 proprio
1503 1827 1600 1866 suo
1647 1811 1728 1864 in-

147 1923 359 1977 tellectu
385 1934 490 1974 non
522 1914 760 1987 potuerit
788 1909 1104 1979 adimplere.

217 2010 402 2067 XXVI.
442 2006 663 2064 Ostiarii
694 2019 824 2058 cura
885 2001 992 2062 sit,
1048 2006 1103 2052 ut
1140 2009 1329 2050 omnes
1383 1993 1730 2048 advenientes
1807 2027 1810 2030 .

142 2108 284 2162 intra
309 2105 503 2174 januas
525 2099 786 2167 recipiat;
823 2096 959 2149 dans
988 2093 1068 2147 eis
1097 2089 1727 2160 responsumhonestum

137 2213 266 2253 cum
289 2194 592 2250 humilitate
629 2201 686 2244 et
713 2185 1039 2247 reverentia,
1065 2198 1129 2237 ac
1159 2183 1339 2236 statim
1369 2181 1627 2234 nuntians
1647 2176 1733 2232 vel

135 2287 345 2350 abbati,
381 2284 464 2339 vel
493 2280 828 2344 senioribus,
852 2277 973 2346 quis
998 2273 1231 2336 venerit,
1261 2281 1315 2326 et
1342 2272 1468 2340 quid
1493 2269 1728 2338 petierit.

125 2379 259 2434 Nec
281 2377 418 2430 ullus
446 2384 825 2428 extraneorum
855 2367 1093 2436 patiatur
1124 2362 1406 2432 injuriam;
1440 2374 1615 2428 neque
1637 2359 1734 2412 ha-

133 2470 272 2525 beat
299 2481 422 2520 cum
453 2464 632 2532 aliquo
664 2462 730 2515 de
768 2457 1030 2511 fratribus
1054 2451 1434 2507 necessitatem
1468 2465 1532 2503 ac
1560 2447 1732 2501 facul-

135 2567 310 2614 tatem
339 2554 608 2624 loquendi,
647 2551 849 2618 absque
899 2543 1124 2601 scientia
1166 2541 1378 2596 abbatis
1430 2539 1513 2593 vel
1557 2537 1735 2592 senio-

142 2663 268 2705 rum
293 2643 598 2716 przesentia.
629 2640 687 2695 Si
728 2639 855 2708 quid
883 2653 1014 2692 vero
1042 2635 1344 2703 cuicunque
1377 2633 1443 2686 de
1473 2631 1736 2684 fratribus

139 2743 368 2797 missum
396 2735 818 2800 mandatumque
848 2729 1031 2793 fuerit,
1062 2727 1198 2781 nihil
1225 2725 1292 2779 ad
1328 2725 1503 2794 ipsum
1545 2737 1737 2791 perve-

138 2834 263 2888 niat
297 2831 605 2900 priusquam
629 2824 811 2880 abbati
844 2823 928 2877 vel
956 2820 1259 2877 senioribus
1282 2817 1568 2872 indicetur.
1597 2815 1738 2869 Ante

139 2921 329 2979 omnia
355 2917 608 2974 ostiarius
623 2912 939 2969 monasterii
966 2912 1082 2966 haec
1108 2908 1440 2972 observabit,
1463 2921 1530 2959 ne
1551 2919 1741 2976 quem-

141 3027 312 3083 quam
347 3011 410 3064 de
437 2993 698 3063 fratribus
730 3004 865 3059 foris
890 3003 1118 3072 januam
1157 3001 1307 3056 exire
1335 2999 1632 3070 permittat.

215 3103 430 3160 XXVII.
474 3101 531 3156 Si
563 3101 685 3170 quis
739 3098 1035 3154 accesserit
1092 3096 1161 3151 ad
1202 3095 1400 3150 ostium
1427 3094 1614 3148 volens
1643 3106 1741 3147 sa:-

141 3198 274 3256 culo
300 3195 634 3258 renuntiare,
662 3203 719 3249 et
746 3191 976 3246 fratrum
1000 3190 1284 3262 aggregari
1313 3203 1541 3243 numero
1560 3228 1574 3251 ,
1633 3202 1741 3241 non

144 3289 348 3348 habeat
372 3286 674 3340 libertatem
705 3282 977 3347 intrandi;
1010 3281 1103 3337 sed
1144 3281 1295 3350 prius
1326 3280 1608 3333 nuntietur
1635 3277 1736 3331 Pa-

143 3385 220 3440 tri
246 3381 579 3444 monasterii,
611 3387 666 3434 et
707 3377 948 3431 manebit
974 3374 1162 3445 paucis
1207 3375 1393 3429 diebus
1436 3371 1569 3426 foris
1612 3380 1737 3424 ante

135 3478 370 3548 januam
396 3515 410 3539 ,
467 3489 530 3528 ac
587 3470 874 3526 docebitur
919 3468 1222 3522 orationem
1250 3465 1589 3520 Dominicam
1617 3503 1630 3525 ,
1685 3469 1740 3516 et

143 3547 396 3638 psalmos
418 3571 642 3633 quantos
693 3560 931 3632 potuerit
958 3547 1174 3612 discere
1201 3574 1215 3622 ;
1256 3564 1310 3610 et
1341 3555 1630 3624 diligenter
1657 3552 1740 3607 sui

143 3658 583 3730 experimentum
611 3656 776 3718 dabit,
803 3669 870 3707 ne
905 3652 1045 3707 forte
1072 3649 1199 3704 mali
1227 3648 1500 3718 quidpiam
1527 3645 1738 3708 fecerit,

143 3761 216 3806 ut
242 3749 485 3803 turbatus
505 3748 572 3802 ad
601 3748 791 3802 horam
819 3745 1015 3798 timore
1037 3739 1366 3802 discesserit,
1400 3744 1493 3791 aut
1527 3736 1626 3790 sub
1647 3735 1743 3788 ali-

143 3856 268 3911 qua
289 3844 553 3929 pptestate
581 3837 683 3902 sit;
726 3844 781 3890 et
807 3842 992 3889 utrum
1017 3831 1191 3899 possit
1217 3827 1526 3883 renuntiare
1549 3839 1746 3895 paren-

145 3934 305 3988 tibus
327 3916 479 3995 'suis,
502 3937 555 3984 et
593 3928 868 4000 propriam
900 3932 1250 3981 contemnere
1294 3919 1624 3974 facultatem.
1687 3916 1744 3971 Si

146 4037 286 4078 eum
306 4021 540 4076 vlderint
560 4029 743 4090 aptum
766 4018 834 4072 ad
863 4016 1065 4077 omnia,
1097 4022 1225 4068 tunc
1253 4011 1532 4067 docebitur
1561 4019 1616 4064 et
1661 4025 1746 4063 re-

148 4115 336 4183 liquas
365 4111 676 4166 monasterii
734 4106 1079 4176 disciplinas;
1124 4120 1244 4174 quae
1287 4102 1466 4157 facere
1519 4102 1744 4166 debeat,

147 4206 463 4276 quibusque
488 4203 714 4266 servire,
743 4202 854 4254 sive
879 4203 929 4252 in
961 4198 1185 4253 collecta
1207 4197 1448 4250 omnium
1473 4195 1702 4249 fratrum
1727 4235 1742 4260 ,

150 4299 280 4351 sive
295 4297 348 4350 in
362 4297 521 4350 domo
546 4295 631 4349 cui
660 4293 951 4347 tradendus
976 4299 1080 4353 est,
1101 4290 1214 4344 sive
1244 4289 1493 4342 vescendi
1519 4289 1706 4341 ordine
1731 4305 1744 4340 :

149 4397 218 4443 ut
245 4388 539 4442 instructus
565 4394 726 4454 atque
752 4382 1023 4453 perfectus
1046 4383 1099 4435 in
1125 4380 1271 4435 omni
1296 4393 1458 4447 opere
1480 4378 1620 4432 bono
1641 4377 1750 4431 fra-

153 4480 344 4534 tribus
371 4479 667 4548 copuletur.
699 4477 822 4530 llaec
843 4475 1152 4530 observabit
1182 4481 1362 4527 custos
1382 4470 1582 4540 janute,
1613 4469 1752 4524 refe-

153 4585 297 4626 rens
319 4572 518 4635 omnia,
549 4570 689 4625 sicut
737 4569 982 4637 superius
1025 4568 1284 4636 scriptum
1326 4575 1428 4632 est,
1459 4573 1516 4619 et
1541 4581 1750 4619 annun-

153 4663 317 4718 tians
343 4662 664 4716 senioribus.

244 4753 477 4809 XXVIII.
518 4754 901 4824 Septimanarii
929 4755 996 4807 ad
1045 4753 1518 4823 cibos-parandos,
1553 4751 1636 4805 vel
1685 4751 1754 4804 ad

155 4845 459 4901 luminaria
485 4847 878 4909 concinnanda,
908 4843 1004 4921 vel.
1038 4844 1107 4898 ad
1150 4845 1351 4898 nitores
1375 4841 1670 4903 faciendos,
1702 4848 1757 4894 et

153 4951 295 5007 quae
335 4936 400 4990 ad
439 4929 756 5006 obsequium
807 4950 1043 5004 ususque
1084 4935 1396 4988 monasterii
1443 4933 1752 5001 pertinent,

151 5042 389 5098 semper
413 5029 587 5099 parati
615 5029 743 5083 sint.
775 5028 882 5082 llos
933 5026 1075 5080 nulla
1116 5024 1219 5078 alia
1264 5025 1560 5078 necessitas
1599 5037 1759 5076 occu-

153 5127 284 5189 pet,
316 5117 410 5172 sed
449 5119 503 5172 in
551 5119 656 5173 hoc
711 5117 948 5172 studium
987 5117 1330 5184 impendant,
1358 5124 1416 5167 ut
1441 5128 1554 5168 rem
1582 5127 1763 5166 susce-

156 5219 326 5282 ptam
363 5210 569 5265 utiliter
594 5218 649 5265 et
679 5209 964 5280 diligenter
989 5206 1266 5277 impleant.
1298 5205 1366 5259 Et
1389 5206 1435 5260 si
1463 5205 1591 5274 quid
1622 5205 1760 5258 forte

157 5298 448 5365 nesciunt,
479 5300 544 5355 de
571 5301 655 5355 his
698 5316 817 5368 quae
847 5313 1009 5369 agere
1057 5297 1283 5361 debent,
1312 5296 1429 5350 sine
1459 5293 1762 5350 dissimula-

157 5390 331 5444 tione
356 5391 597 5446 seniores
625 5405 754 5445 suos
791 5403 1004 5459 semper
1023 5388 1379 5457 interrogent.

244 5479 445 5534 XXIX.
488 5480 551 5535 lli
600 5481 781 5552 itaque
810 5481 1004 5550 quibus
1043 5478 1354 5548 disciplina,
1406 5475 1486 5529 vel
1515 5475 1718 5528 utilitas
1745 5516 1759 5540 ,

158 5571 264 5626 vel
325 5572 536 5642 Opinio,
603 5573 682 5626 vel
741 5571 1057 5640 obsequium
1118 5565 1432 5624 monasterii
1481 5565 1762 5632 creditur,

159 5663 362 5721 oﬂicia
408 5665 509 5720 sibi
537 5665 771 5734 iniuncta
803 5665 1031 5720 ﬁdeliter
1068 5662 1373 5719 custodiant
1399 5669 1453 5715 et
1487 5659 1761 5729 impleant.

163 5753 302 5810 Hos
345 5755 491 5811 enim
515 5770 700 5811 errare
742 5772 846 5810 non
895 5756 1067 5818 decet,
1093 5755 1180 5823 qui
1211 5753 1277 5807 ad
1323 5765 1511 5806 omnes
1554 5765 1768 5806 errores

168 5848 564 5902 emendandos
589 5849 862 5920 praepositi
887 5856 1028 5903 sunt.
1062 5847 1162 5913 Qui
1199 5847 1243 5901 si
1274 5845 1358 5899 vel
1382 5843 1653 5911 superbia,
1682 5843 1765 5898 vel

1819 623 1938 676 quze
1967 607 2021 660 in
2049 604 2250 675 Regula
2265 602 2637 665 continentur;
2685 615 2783 669 per
2813 601 3066 670 ipsosque
3099 599 3395 659 destructio

1818 713 1939 753 esse
1977 696 2232 766 coeperit,
2283 709 2380 762 per
2405 708 2539 762 quos
2584 692 2742 746 debet
2779 691 3060 744 aediﬁcatio
3106 705 3357 747 crescere
3383 729 3399 755 ,

1819 788 2069 845 omnibus
2095 784 2653 849 condemnatiouibus,
2684 798 2819 853 quas
2870 782 3075 852 Regula
3125 781 3398 845 continet,

1821 878 2192 948 subiacebunt.

1890 971 2058 1027 XXX.
2098 969 2242 1024 Inter
2266 982 2455 1022 omnes
2499 966 2696 1020 fratres
2742 967 2846 1020 hoc
2870 964 3281 1028 observabitur,
3320 961 3406 1016 vel

1821 1064 2134 1121 obedientes
2154 1058 2459 1115 senioribus
2476 1058 2609 1122 suis,
2629 1065 2683 1111 et
2705 1045 3010 1111 defer-entes
3024 1055 3126 1109 sibi
3151 1053 3402 1116 invicem,

1821 1156 2060 1209 habeant
2109 1150 2444 1222 patientiam,
2479 1148 2903 1203 moderationem
2939 1186 2953 1212 ,
3009 1143 3403 1206 humilitatem,

1823 1246 2172 1306 charitatem,
2213 1255 2404 1311 pacem
2449 1238 2567 1292 sine
2614 1237 2868 1308 ﬁgmento
2892 1243 2947 1290 et
2989 1234 3301 1298 mendacio,
3355 1241 3411 1286 et

1825 1329 2230 1396 maledictione,
2280 1339 2335 1385 et
2362 1330 2714 1393 verbositate,
2744 1339 2798 1383 et
2852 1326 3070 1398 jurandi
3119 1333 3409 1380 consuetu-

1823 1429 1969 1492 dine,
2002 1428 2076 1480 ita
2111 1433 2171 1478 ut
2196 1438 2352 1477 nemo
2393 1436 2549 1476 suum
2594 1420 2888 1490 quidquam
2946 1417 3204 1481 vindicet,
3236 1429 3411 1484 neque

1824 1518 1964 1572 ullus
2003 1514 2204 1585 aliquid
2225 1511 2569 1584 peculiariter
2621 1516 2872 1577 usurpet;
2907 1507 3001 1562 sed
3030 1507 3271 1561 habeant
3286 1519 3408 1585 om-

1825 1608 1916 1662 nia
1939 1606 2267 1662 communia.
2687 1639 2692 1644 .
3286 1579 3290 1586 ’

1897 1696 2089 1752 XXXI.
2135 1695 2264 1749 Sine
2294 1693 2567 1748 seniorum
2611 1691 2778 1744 verbo
2805 1698 2860 1744 et
2887 1689 3213 1743 auctoritate
3238 1687 3416 1743 null-ts

1827 1787 2056 1841 fratrum
2085 1786 2375 1854 quidquam
2404 1791 2526 1852 agat
2553 1799 2565 1834 :
2596 1795 2772 1850 neque
2810 1779 3042 1849 accipiat
3064 1778 3285 1849 aliquid,
3313 1793 3412 1832 ne-

1756 1905 1806 1962 B
1831 1896 1934 1948 que
1957 1879 2076 1942 det;
2108 1892 2282 1946 neque
2319 1889 2546 1944 usquam
2573 1887 2793 1942 prorsus
2829 1870 3108 1941 procedat.

1903 1967 2119 2022 XXXII.
2160 1966 2292 2020 Cum
2316 1980 2446 2018 vero
2501 1965 2718 2017 inventa
2754 1961 2916 2016 fuerit
2960 1961 3114 2030 culpa
3139 2000 3153 2025 ,
3206 1959 3296 2014 ille
3323 1960 3417 2029 qui

1811 2060 2115 2130 sculpabilis
2138 2059 2432 2120 invenitur,
2457 2054 2782 2122 corripiatur
2801 2054 2869 2106 ab
2899 2053 3092 2106 abbate
3130 2052 3412 2106 secretius.

1833 2152 1986 2219 Quod
2015 2153 2059 2205 si
2087 2167 2191 2205 non
2223 2149 2426 2204 sufﬁcit
2450 2147 2516 2200 ad
2536 2145 2988 2209 emendationem,
3019 2143 3346 2212 corripiatur
3388 2157 3421 2196 a

1833 2245 2022 2312 paucis
2049 2242 2372 2297 senioribus.
2431 2237 2583 2304 Quod
2642 2237 2687 2290 si
2745 2251 2845 2289 nec
2892 2236 2972 2289 sic
3017 2235 3420 2299 emendaverit,

1833 2333 2333 2388 excommunicetur
2351 2370 2365 2390 ,
2395 2339 2450 2383 et
2479 2343 2586 2382 non
2604 2332 2894 2382 manducet
2919 2325 3234 2394 quidquam.
3253 2322 3350 2378 Cui
3377 2323 3423 2378 si

1835 2438 1935 2477 nec
1960 2424 2063 2476 hoc
2092 2421 2308 2490 quidem
2333 2419 2620 2488 profuerit,
2641 2417 2691 2468 in
2707 2415 2947 2484 quolibet
2976 2415 3096 2468 loco
3125 2413 3312 2478 fuerit,
3331 2428 3426 2484 po-

1834 2522 2070 2568 stremus
2085 2512 2226 2566 inter
2235 2525 2421 2564 omnes
2437 2509 2490 2562 in
2514 2507 2777 2578 psallendi
2792 2506 2983 2560 ordine
2996 2514 3248 2574 ponatur.
3266 2503 3421 2570 Quod

1835 2609 1881 2662 si
1905 2609 1957 2662 in
1987 2605 2254 2676 pravitate
2279 2609 2607 2673 perseverat,
2626 2601 2790 2654 etiam
2815 2597 3080 2667 psallendi
3111 2597 3163 2651 ei
3196 2596 3428 2650 facultas

1837 2699 2133 2755 auferatur.
2151 2697 2323 2764 Quem
2336 2696 2381 2750 si
2405 2694 2488 2749 vel
2504 2696 2619 2748 haec
2639 2692 2885 2748 confusio
2909 2707 3016 2746 non
3039 2690 3425 2753 commoverit,

1839 2791 2172 2845 abstineatur
2192 2804 2223 2841 a
2247 2796 2515 2842 conventu
2529 2785 2786 2847 fratrum;
2820 2783 2895 2836 ita
2909 2789 3080 2836 utnec
3093 2795 3312 2845 mensae,
3328 2794 3430 2834 nec

1837 2881 2014 2935 Missa:
2049 2879 2282 2942 intersit,
2311 2893 2486 2947 neque
2512 2891 2635 2929 cum
2659 2890 2725 2928 eo
2754 2873 2896 2927 ullus
2917 2871 3089 2926 frater
3109 2873 3175 2926 de
3193 2871 3428 2941 juniori-

1837 2989 1939 3042 pus
1963 2971 2321 3040 colloquatur.
2353 2966 2728 3022 Abstinebitur
2760 2973 2941 3018 autem
2972 2963 3198 3027 tamdiu,
3253 2977 3426 3032 quan-

1839 3063 1930 3118 diu
1961 3061 2043 3116 vel
2068 3051 2304 3130 Qualitas
2330 3058 2501 3129 culpa:
2529 3055 2854 3127 poposcerit,
2889 3054 3188 3109 secundum
3218 3050 3432 3105 abbatis

1840 3169 1904 3208 ac
1934 3149 2553 3212 seniorum‘arbitrium;
2584 3147 2667 3201 vel
2723 3161 2781 3199 se
2812 3159 2879 3199 ex
2920 3145 3083 3199 corde
3131 3157 3230 3213 pro
3276 3140 3430 3212 culpa

1770 3252 1814 3314 C
1845 3245 2116 3312 paenitens
2139 3239 2591 3304 humiliaverit,et
2610 3237 2820 3292 veniam
2843 3235 3045 3290 erroris
3071 3234 3154 3288 sui
3183 3231 3434 3288 omnibus

1842 3336 2200 3407 praesentibus
2238 3333 2474 3403 petierit.
2521 3329 2674 3397 Quod
2719 3330 2763 3383 si
2792 3329 2846 3382 in
2886 3327 3110 3382 fratrem
3155 3325 3432 3393 peccavit,

1840 3429 2003 3482 etiam
2029 3425 2098 3478 ab
2121 3439 2185 3479 eo
2212 3423 2383 3479 fratre
2408 3422 2622 3475 veniam
2646 3429 2813 3490 petat,
2837 3420 2923 3474 cui
2953 3417 3209 3488 injuriam
3235 3414 3382 3470 fecit.

1874 3578 1887 3598 ‘
1913 3516 2147 3571 XXXIII.
2191 3514 2248 3568 Si
2273 3515 2392 3583 quis
2415 3512 2592 3567 errori
2615 3511 2732 3580 ejus
2761 3507 3120 3570 consenserit,
3147 3514 3203 3558 et
3230 3519 3428 3558 secun-

1843 3611 1971 3664 dum
1995 3608 2252 3662 duritiam
2290 3607 2432 3659 illius
2484 3605 2658 3674 magis
2683 3603 2967 3657 consilium
2993 3599 3237 3663 dederit,
3288 3605 3348 3650 ut
3376 3610 3437 3651 se

1846 3702 2052 3756 tardius
2085 3699 2355 3763 humiliet,
2384 3697 2520 3751 sciat
2550 3711 2628 3760 se,
2655 3710 2780 3749 cum
2825 3693 2881 3746 in
2910 3692 3015 3746 hoc
3040 3704 3226 3744 errore
3272 3686 3439 3742 fuerit

1844 3796 2231 3866 deprehensus,
2264 3791 2424 3846 simili
2450 3789 2609 3844 modo
2633 3785 2952 3856 culpabilem
2988 3781 3362 3852 iudicandum.

1916 3884 2156 3942 XXXIV.
2199 3883 2311 3938 Hoc
2338 3883 2503 3936 etiam
2530 3880 2833 3934 addendum
2864 3877 2982 3942 fuit,
3010 3885 3069 3929 ut
3100 3876 3303 3938 frater,
3339 3872 3431 3941 qui

1847 3999 1944 4053 pro
1982 3980 2219 4050 qualibet
2241 3977 2397 4046 culpa
2438 3975 2682 4046 arguitur
2717 3972 2801 4027 vel
2833 3971 3144 4039 increpatur
3166 4007 3180 4032 ,
3227 3965 3437 4042 patien-

1849 4077 1977 4130 tiam
2004 4073 2219 4134 habeat,
2248 4080 2302 4124 et
2329 4086 2432 4123 non
2476 4066 2797 4135 reSpondeat
2823 4061 3068 4133 arguenti
3089 4075 3146 4138 se
3172 4076 3184 4136 :_
3212 4058 3307 4112 sed
3332 4057 3437 4112 hu-

1847 4170 2020 4224 miliet
2047 4183 2105 4222 se
2133 4167 2185 4220 in
2215 4165 2467 4221 omnibus
2515 4168 2567 4214 et
2595 4159 2863 4213 emendet.

1920 4278 2136 4332 XXXV.
2179 4276 2234 4329 Si
2264 4290 2390 4328 vero
2421 4272 2580 4325 fuerit
2620 4269 2813 4336 aliquis
2841 4276 2948 4321 tam
2977 4267 3142 4320 durus
3162 4304 3177 4327 ,
3225 4271 3280 4316 et
3327 4271 3437 4315 tam

1852 4371 2057 4425 alienus
2089 4385 2119 4422 a
2157 4369 2348 4420 timore
2394 4363 2630 4426 Domini,
2663 4370 2718 4415 ut
2758 4369 2834 4414 tot
2885 4355 3333 4427 castigationibus
3382 4359 3441 4407 et

1853 4471 1931 4516 tot
1958 4458 2366 4515 remissionibus
2401 4473 2505 4510 non
2534 4455 2816 4515 emendet,
2865 4447 3182 4519 projiciatur
3211 4446 3276 4499 de
3323 4458 3441 4499 mo-

1853 4551 2112 4613 nasterio,
2135 4557 2190 4602 et
2216 4547 2359 4600 velut
2379 4555 2666 4599 extraneos
2692 4542 2987 4596 habeatur:
3019 4552 3087 4591 ne
3115 4535 3246 4590 vitio
3268 4533 3440 4605 ipsius

1855 4643 1946 4697 alii
1981 4641 2379 4711 periclitentur.

1924 4755 2162 4810 XXXVI.
2204 4752 2357 4818 Quod
2386 4751 2432 4804 si
2464 4749 2659 4819 aliquis
2690 4748 2901 4803 locutus
2945 4745 3127 4808 fuerit,
3151 4741 3235 4798 vel
3257 4739 3441 4796 riserit

1857 4849 1911 4902 in
1946 4850 2231 4910 vescendo,
2260 4846 2586 4912 increpetur,
2613 4849 2670 4894 et
2689 4847 2811 4910 agat
2839 4836 3231 4908 pmnitentiam.

1929 4957 2193 5011 XXXVII.
2237 4955 2294 5009 Si
2323 4955 2445 5023 quis
2474 4953 2539 5006 ad
2586 4949 3017 5006 manducandum
3046 4944 3252 5000 tardius
3278 4953 3442 4994 vene-

1861 5049 1934 5103 rit
1965 5048 2167 5116 absque
2210 5043 2429 5111 majoris
2450 5042 2694 5112 itnperio,
2722 5038 2968 5094 similiter
3021 5042 3143 5104 agat
3173 5029 3438 5101 poeniten-

1867 5142 2016 5206 tiam,
2046 5149 2138 5194 aut
2161 5139 2229 5193 ad
2249 5138 2441 5192 cellam
2473 5152 2622 5190 suam
2637 5133 2856 5204 jejunus
2878 5137 3203 5186 revertatur.

1934 5254 2219 5310 XXXVIII.
2263 5251 2321 5308 Si
2356 5253 2556 5322 aliquid
2581 5247 2944 5306 necessarium
2974 5242 3136 5297 fuerit
3159 5240 3214 5293 in
3229 5253 3438 5306 mensa,

1863 5363 2022 5406 nemo
2055 5345 2274 5402 audebit
2302 5345 2468 5413 loqui,
2500 5343 2595 5398 sed
2622 5336 3055 5395 ministrantibus
3081 5332 3293 5402 signum
3320 5329 3438 5386 soni

1868 5440 2034 5494 dabit.
2066 5437 2294 5491 Ministri
2321 5412 2451 5490 vero
2479 5433 2679 5502 absque
2708 5431 2790 5484 his
2815 5443 2932 5497 quae
2955 5426 3006 5478 in
3031 5437 3312 5478 commune
3333 5412 3441 5475 fra-

1868 5535 2040 5588 tribus
2084 5539 2382 5603 praeparata
2413 5536 2577 5591 sunt,
2620 5524 2750 5578 nihil
2787 5521 2930 5576 aliud
2979 5517 3292 5582 comedant,
3342 5527 3442 5568 nec

1870 5635 2104 5681 mutatos
2133 5625 2283 5678 cibos
2309 5622 2410 5676 sibi
2437 5620 2671 5673 audeant
2696 5628 3016 5684 prazparare.

1941 5737 2178 5795 XXXIX.
2222 5736 2387 5792 Nemo
2424 5733 2541 5805 plus
2565 5730 2721 5785 alteri
2751 5728 2899 5783 dabit
2925 5741 3084 5796 quam
3109 5723 3248 5777 alter
3290 5731 3443 5776 acoe-

1872 5839 1976 5908 pit;
2005 5837 2146 5904 quod
2168 5834 2212 5888 si
2240 5829 2548 5886 obtenditur
2576 5825 2881 5886 inﬁrmitas,
2903 5820 3228 5891 Praepositus
3250 5813 3440 5868 domus
