4004 6328
194 349 288 406 489

813 345 1040 403 CODEX
1080 344 1544 402 REGULARUM.
1582 374 1654 386 -—
1690 343 1759 400 PA

1862 346 1872 398 ὃ
1909 345 1950 400 l.
1995 342 2300 402 REGULIE
2338 343 2442 400 PP.
2484 345 2762 402 ORIENT.

3323 350 3429 408 490

195 477 337 532 quam
366 461 432 515 ab
461 462 576 531 ipso
624 462 677 515 in
729 469 923 515 natura
960 468 1162 514 nostra:
1205 458 1496 514 ereationis
1546 455 1749 526 accepi-
1775 459 1828 518 Α
1854 456 2026 526 ipsum
2057 458 2100 512 si
2131 459 2341 513 accidat
2377 459 2554 524 nobis,
2586 458 2789 514 alienos
2816 459 2955 516 efﬁci
2985 477 3083 517 nos
3109 479 3138 516 a
3166 464 3430 520 charitate

196 569 321 608 mus.
351 550 615 619 Quoniam
663 551 878 621 quidem
909 567 970 606 ea
1017 565 1136 622 qua:
1176 551 1333 605 nobis
1377 565 1408 605 a
1449 550 1560 604 Deo
1591 548 1750 601 insita

196 653 324 708 sunt,
373 644 418 698 si
449 653 597 698 recte
625 653 680 698 et
727 651 1098 713 competenter
1128 657 1442 696 moveamus
1488 640 1542 694 in
1593 654 1748 709 Opus,

193 738 286 794 hoc
309 744 388 790 est
427 733 722 789 secundum
757 734 1010 788 virtutem
1039 735 1243 788 vivere.
1273 732 1331 789 Si
1381 748 1510 787 vero
1545 742 1753 786 natura:

191 824 433 881 beneﬁcia
467 837 896 893 corrumpamus,
933 825 1034 878 hoc
1090 831 1174 878 est
1227 824 1281 877 in
1330 823 1595 876 malitiam
1632 836 1753 874 ver-

192 931 321 988 gere.
345 914 440 969 Est
462 928 593 984 ergo
633 913 761 968 mali
794 914 895 968 ista
926 914 1188 979 deﬁnitio,
1223 929 1330 968 non
1355 921 1502 968 recte
1531 912 1608 966 uti
1637 927 1753 965 mo-

190 1009 320 1064 tibus
351 1007 518 1062 animi
560 1021 591 1060 a
635 1007 746 1061 Deo
771 1007 925 1061 nobis
955 1007 1152 1062 insitis.
1182 1006 1249 1060 Et
1275 1022 1489 1062 rursum
1538 1005 1755 1059 virtutis

190 1100 285 1155 ista
320 1098 581 1163 definitio,
615 1109 761 1153 recte
783 1099 882 1162 uti,
908 1098 962 1152 id
997 1108 1080 1153 est
1110 1099 1408 1154 secundum
1438 1096 1752 1152 mandatum

189 1191 294 1256 Dei,
335 1199 387 1245 et
423 1190 720 1245 secundum
764 1189 1174 1254 conscientiam,
1213 1189 1379 1244 animi
1437 1188 1674 1243 motibus
1721 1203 1753 1240 a

189 1283 290 1338 Deo
315 1282 508 1336 insitis.
543 1281 676 1336 Cum
707 1296 836 1352 ergo
866 1283 980 1336 haec
1004 1282 1076 1335 ita
1100 1296 1158 1335 se
1190 1281 1445 1346 habeant,
1480 1282 1619 1335 idem
1650 1279 1754 1333 hoc

188 1375 507 1429 inveniemus
544 1374 706 1427 etiam
748 1373 813 1427 de
837 1374 1104 1427 charitate
1135 1382 1406 1427 constare.
1442 1371 1753 1425 Mandatum

187 1467 477 1537 accepimus
527 1466 751 1536 diligere
804 1467 992 1520 Deum.
1038 1465 1353 1519 Dilectionis
1399 1465 1654 1518 virtutem
1698 1463 1753 1516 in

185 1557 291 1627 ipsa
316 1557 490 1610 statim
528 1557 701 1626 prima
751 1557 1058 1610 conditione
1087 1572 1118 1609 a
1165 1555 1274 1610 Deo
1309 1555 1489 1609 anima
1521 1555 1624 1610 sibi
1674 1556 1754 1608 in-

185 1649 330 1702 sitam
371 1647 552 1717 gerit:
590 1649 642 1702 in
692 1663 800 1717 quo
827 1663 1169 1718 nequaquam
1216 1649 1558 1702 extrinsecus
1602 1647 1755 1702 testi-

183 1740 352 1795 monio
380 1740 678 1810 indigemus
706 1758 718 1794 :
747 1743 1121 1810 unusquisque
1172 1741 1318 1795 enim
1352 1740 1407 1794 in
1461 1740 1752 1810 semetipso

1855 546 1991 601 Dei?
2028 548 2178 614 Quod
2210 550 2255 604 si
2282 540 2593 620 parentibus
2616 551 2756 605 inest
2779 552 3038 607 naturalis
3059 553 3282 607 allectus
3304 570 3430 627 erga

1854 649 1947 690 eos
1981 651 2115 706 quos
2151 648 2490 708 genuerunt;
2531 648 2586 694 et
2617 655 2720 692 non
2766 640 2936 694 solum
2967 642 3069 696 hoc
3099 643 3153 696 in
3202 643 3435 698 bomini~

1853 725 1990 787 bus,
2034 744 2216 781 verum
2259 732 2420 783 etiam
2471 730 2522 783 in
2567 731 2729 784 mutis
2771 732 3094 787 animalibus
3124 733 3430 788 invenitur:

1853 820 2031 874 videte
2069 836 2136 874 ne
2163 821 2504 876 inveniamur
2533 823 2618 877 vel
2661 825 2958 894 pecudibus
2996 825 3320 892 hebetiores,
3350 828 3435 884 vel

1854 910 2046 966 belluis
2077 911 2204 967 feris
2248 914 2624 981 inunaniores,
2667 917 2710 970 si
2763 916 2908 970 nullo
2956 932 3082 988 erga
3113 917 3432 972 Genitorem

1854 1004 2290 1075 constringamur
2341 1005 2558 1061 aﬂ'ectu.
2613 1007 2783 1074 Quem
2835 1007 3046 1062 etiamsi
3094 1017 3328 1078 quantus
3382 1017 3438 1064 et

1855 1093 2030 1163 qualis
2076 1093 2148 1148 sit
2188 1094 2328 1148 scire
2372 1111 2482 1150 non
2523 1111 2840 1166 possumus,
2881 1112 2947 1152 ex
2977 1099 3080 1152 hoc
3107 1105 3288 1154 tamen
3323 1098 3439 1154 solo

1855 1185 1996 1253 quod
2027 1199 2092 1238 ex
2124 1185 2239 1254 ipso
2270 1201 2481 1252 sumus,
2530 1187 2779 1242 venerari
2827 1196 2882 1242 et
2929 1188 3151 1260 diligere
3196 1189 3439 1260 parentis

1855 1277 2112 1332 debemus
2135 1277 2350 1345 aﬂ‘ectu,
2366 1289 2528 1350 atque
2543 1281 2913 1337 indesinenter
2939 1298 3069 1354 erga
3099 1297 3213 1352 ejus
3236 1299 3440 1339 memo-

1855 1368 1991 1422 riam
2017 1371 2271 1439 pendere,
2302 1372 2442 1427 sicut
2473 1388 2600 1444 erga
2629 1375 2915 1444 genitriees
2943 1391 3070 1430 suas
3096 1375 3296 1430 faciunt
3317 1393 3442 1446 par-

1855 1461 1981 1515 vuli.
2009 1463 2115 1517 Sed
2139 1465 2308 1520 multo
2333 1466 2563 1536 amplius
2588 1468 2862 1537 multoque
2885 1470 3215 1540 promptius;
3241 1479 3443 1538 quanto

1856 1564 1910 1608 et
1938 1555 2330 1612 immensorum
2361 1575 2459 1613 nos
2493 1559 2876 1614 beneﬁciorum
2911 1559 3027 1629 ejus
3057 1563 3318 1616 obnoxios
3341 1561 3445 1616 sci-

1855 1661 1995 1698 mus.
2028 1645 2180 1712 Quod
2213 1648 2386 1716 ipsum
2431 1651 2518 1702 no‘;
2543 1649 2588 1702 is
2632 1665 2917 1704 commune
2947 1666 3068 1706 esse
3108 1661 3238 1721 puto
3280 1653 3444 1706 etiam

1857 1753 1978 1791 eum
2007 1740 2217 1794 eteteris
2243 1739 2597 1794 animalibus:
2630 1741 2997 1796 meminerunt
3026 1758 3258 1812 namque
3280 1743 3444 1796 etiam

183 1841 236 1884 et
257 1847 313 1886 ex
341 1832 630 1900 semetipso
659 1833 852 1886 horum
878 1848 999 1901 qua:
1047 1832 1279 1886 dicimus
1318 1833 1484 1886 sumit
1529 1832 1752 1886 indicia.
1783 1814 1830 1874 Β
1859 1828 1972 1891 illa,
2004 1829 2048 1883 si
2081 1830 2210 1898 quid
2237 1830 2318 1884 eis
2346 1831 2468 1899 quis
2503 1831 2794 1886 contulerit
2828 1831 3050 1885 bonum.
3087 1831 3144 1887 Si
3176 1833 3307 1886 mihi
3342 1848 3445 1888 non

182 1922 357 1979 Omnis
399 1926 561 1978 homo
590 1925 861 1979 desiderat
901 1939 1064 1978 omne
1103 1924 1245 1992 quod
1291 1924 1492 1977 bonum
1539 1932 1656 1987 est,
1704 1932 1758 1977 et

179 2018 363 2073 aﬂectu
411 2020 644 2088 quodam
690 2013 924 2072 naturali
991 2017 1418 2087 eonstringimur
1470 2017 1538 2071 ad
1597 2033 1758 2071 omne

176 2109 313 2176 quod
342 2109 539 2163 bonum
572 2117 846 2178 putamus.
877 2106 985 2162 Sed
1004 2117 1060 2163 et
1082 2122 1212 2176 erga
1245 2107 1682 2178 consanguineos
1707 2116 1763 2162 et

173 2202 351 2255 carnis
381 2202 680 2271 proximos,
712 2201 860 2256 nullo
889 2201 1136 2268 docente,
1171 2201 1225 2254 in
1273 2216 1460 2256 amore
1496 2201 1764 2255 constrin—

175 2293 356 2364 gimur
389 2312 401 2347 :
445 2294 533 2348 his
567 2308 784 2364 quoque
821 2309 1050 2365 quorum
1097 2293 1350 2350 allectum
1406 2303 1461 2349 et
1498 2294 1760 2350 beneﬁcia

165 2385 496 2454 accepimus,
511 2387 658 2441 omni
681 2385 872 2442 aﬂ'ectu
895 2394 950 2441 et
973 2384 1166 2440 oﬂiciis
1185 2385 1523 2454 comitamur.
1540 2385 1605 2438 Et
1632 2384 1761 2453 quid

165 2477 316 2535 aliud
335 2486 438 2531 tam
457 2479 657 2534 bonum
685 2479 915 2533 habetur
929 2479 1294 2549 quamDeus?
1323 2479 1438 2534 lmo
1463 2479 1590 2548 quid
1615 2479 1761 2558 aliud

164 2572 386 2636 bonum,
402 2573 507 2627 nisi
529 2573 675 2628 solus
690 2574 866 2628 Deus?
881 2573 983 2641 Qui
1004 2574 1204 2629 decor?
1229 2575 1319 2643 qui
1339 2574 1625 2644 splendor?
1641 2588 1761 2643 qua:

164 2665 527 2738 pulchritudo,
567 2681 729 2735 quam
761 2666 1086 2721 naturaliter
1113 2668 1336 2737 diligere
1371 2682 1757 2738 provocamur,

165 2774 390 2827 usquam
416 2759 540 2813 talis
576 2759 752 2828 qualis
783 2759 836 2814 in
860 2760 970 2814 Deo
996 2768 1080 2815 est
1111 2769 1164 2815 et
1194 2775 1314 2815 esse
1341 2759 1613 2815 credenda
1641 2759 1761 2812 est?

165 2849 301 2917 Qua:
323 2864 548 2919 usquam
574 2849 696 2904 talis
711 2851 918 2922 gratia?
941 2866 1062 2921 qua:
1082 2851 1286 2906 amoris
1309 2851 1547 2915 ﬂamma,
1565 2867 1684 2920 qum
1706 2858 1762 2904 et

165 2942 361 2995 animae
399 2949 609 2998 secreta
634 2951 687 2998 et
712 2943 968 2998 interiora
985 2944 1296 3006 succendat,
1318 2943 1459 2997 sicut
1479 2957 1634 2997 amor
1663 2943 1758 2998 Dei

162 3031 510 3089 inﬂammare
547 3035 710 3090 debet
739 3037 937 3091 mentis
969 3037 1206 3091 arcana?
1229 3036 1505 3106 przecipue
1526 3037 1569 3090 si
1597 3037 1666 3090 sit
1693 3036 1760 3089 ab

161 3126 315 3179 omni
344 3123 639 3193 pollutione
676 3136 943 3197 purgata;
994 3127 1038 3182 si
1090 3127 1160 3181 sit
1206 3126 1406 3181 munda
1441 3127 1655 3190 anima,
1702 3133 1757 3180 et

165 3230 295 3286 qua:
323 3231 450 3270 vero
479 3213 673 3272 afl'eetu
700 3216 877 3271 dicat:
914 3215 1177 3281 Quoniam
1202 3214 1476 3271 vulnerata
1506 3217 1762 3271 charitate

160 3321 264 3374 ego
291 3322 404 3359 sum
454 3303 632 3376 (Cant.
683 3306 788 3377 ιιι).
836 3305 1166 3362 lneﬂabilem
1198 3322 1422 3376 prorsus
1459 3323 1558 3380 ego
1589 3310 1762 3364 sentio

162 3410 411 3451 amorem
454 3397 573 3462 Dei,
599 3405 654 3452 et
681 3399 774 3468 qui
819 3399 1009 3454 sentiri
1034 3399 1208 3469 magis
1237 3414 1400 3468 quam
1433 3400 1539 3454 dici
1570 3401 1760 3469 possit.

160 3486 558 3544 Inenarrahilis
587 3491 834 3559 quadam
862 3491 952 3545 lux
977 3499 1098 3546 est:
1143 3493 1309 3546 etiam
1353 3493 1399 3546 si
1445 3492 1687 3564 fulgura,
1718 3495 1765 3548 si

159 3593 461 3634 coruscum
486 3580 755 3644 adhibeat,
792 3583 877 3637 vel
908 3592 1188 3653 comparet
1215 3600 1395 3638 sermo
1414 3627 1427 3649 ,
1458 3600 1563 3639 non
1594 3587 1766 3654 patie-

156 3681 286 3734 tur,
303 3687 407 3727 non
427 3674 644 3744 recipiet
665 3677 900 3732 auditus.
928 3676 984 3732 Si
1011 3677 1222 3732 lueiferi
1253 3678 1510 3748 fulgores,
1536 3680 1578 3734 si
1601 3680 1766 3735 Lunze

155 3761 508 3833 Splendores,
539 3765 584 3819 si
617 3765 791 3837 ipsum
822 3767 951 3822 solis
991 3767 1171 3822 lumen
1202 3785 1480 3834 assumas,
1523 3771 1590 3824 ad
1619 3786 1765 3826 com-

153 3855 507 3927 parationem
530 3857 715 3928 gloria:
738 3859 883 3914 illius
905 3861 1138 3915 obseura
1160 3871 1288 3916 sunt
1303 3860 1506 3928 omnia,
1521 3873 1574 3918 et
1596 3865 1765 3919 multo

156 3948 417 4013 tetriora,
444 3965 606 4018 quam
635 3952 680 4006 si
712 3968 854 4007 eatea
894 3968 1000 4006 nox
1031 3962 1088 4008 et
1117 3955 1453 4010 obscuritate
1483 3956 1764 4025 profunda:

152 4039 416 4109 caliginis
445 4056 621 4096 mersa
669 4043 1048 4114 limpidissimo
1096 4045 1381 4100 meridiani
1413 4048 1543 4101 solis
1574 4048 1762 4102 lumini

145 4140 535 4201 comparetur.
569 4134 743 4190 Decor
767 4136 874 4191 iste
898 4138 1178 4206 corporeis
1203 4139 1374 4193 oculis
1399 4155 1504 4194 non
1529 4141 1758 4207 videtur,

145 4226 350 4280 anima
382 4226 494 4281 sola
527 4236 583 4282 et
613 4237 798 4284 mente
827 4231 1176 4299 conspicitur.
1207 4231 1310 4298 Qui
1338 4233 1503 4288 decor
1537 4235 1581 4288 si
1611 4234 1762 4304 cujus

142 4316 308 4371 forte
333 4325 645 4372 sanctorum
677 4329 914 4375 mentem
957 4322 1304 4393 animamque
1344 4326 1758 4394 perstrinxerit,

140 4410 649 4479 ﬂagrantissimum
682 4412 736 4466 in
771 4413 851 4467 eis
882 4415 1084 4468 amoris
1125 4417 1205 4470 sui
1247 4417 1522 4471 stimulum
1553 4418 1756 4489 deﬁgit.

138 4501 464 4570 Propterea
514 4503 748 4573 denique
793 4504 943 4559 velut
991 4508 1192 4562 amoris
1235 4508 1514 4577 cujusdam
1547 4511 1758 4580 ignibus

138 4591 473 4657 tabescens,
503 4600 560 4647 et
583 4603 907 4664 pnesentem
938 4597 1104 4651 vitam
1143 4600 1588 4667 perhorrescens,
1616 4602 1760 4658 dice-

133 4684 254 4738 bat
295 4681 491 4752 aliquis
517 4699 584 4738 ex
615 4685 732 4740 eis:
775 4684 1002 4750 Quando
1032 4688 1255 4755 veniam,
1279 4699 1326 4743 et
1353 4692 1612 4762 apparebo
1638 4703 1760 4746 ante

131 4771 365 4842 facient
396 4772 487 4827 Dei
523 4774 696 4845 (Psal.
728 4776 874 4848 xu)?
904 4777 971 4831 Et
1010 4779 1203 4834 iterum
1235 4781 1450 4836 dicebat
1483 4782 1642 4837 istius
1667 4799 1758 4838 ar-

128 4863 320 4921 doris
361 4863 572 4934 ignibus
600 4866 870 4937 ﬂagrans:
912 4871 1086 4925 Sitivit
1125 4874 1302 4927 anima
1334 4892 1449 4928 mea
1488 4883 1554 4928 ad
1587 4875 1758 4930 Deum

128 4960 341 5014 tivum
370 4958 542 5029 (Psal.
574 4962 746 5036 xxvi).
778 4963 847 5017 Et
877 4964 1261 5020 insatiabiliter
1296 4968 1495 5023 ardens
1523 4969 1639 5039 ejus
1667 4969 1760 5024 de-

121 5048 375 5106 siderio
399 5052 610 5117 orabat,
642 5062 703 5108 ut
731 5053 924 5109 uideret
947 5054 1262 5111 voluntatem
1298 5057 1533 5124 Domini,
1561 5070 1610 5114 et
1638 5077 1759 5125 pro-

119 5149 430 5212 tegeretur
455 5142 510 5198 in
537 5144 724 5214 templo
747 5155 928 5200 sancto
951 5147 1065 5217 ejus
1089 5146 1300 5219 (lbid.).
1331 5149 1410 5204 Ita
1435 5167 1565 5222 ergo
1599 5160 1758 5207 natu-

120 5233 362 5288 raliter
385 5244 440 5288 et
469 5238 903 5308 concupiscimus
938 5254 1058 5308 qua:
1083 5240 1227 5294 bona
1250 5250 1376 5296 sunt
1405 5250 1460 5298 et
1488 5259 1754 5300 amamus.

117 5323 315 5380 Nihil
343 5334 546 5390 autem,
578 5335 637 5382 ut
662 5329 930 5396 diximus,
977 5340 1087 5386 tam
1133 5346 1404 5386 summum
1450 5333 1650 5389 bonum
1679 5343 1763 5391 est

116 5431 334 5487 quam
361 5415 506 5473 Deus
531 5436 544 5472 :
575 5429 629 5474 et
656 5420 776 5476 ideo
796 5422 976 5477 debito
1003 5423 1240 5493 quodam
1267 5423 1601 5480 exsolvimus
1622 5426 1764 5483 hanc

113 5521 336 5579 quam
376 5508 447 5563 ab
487 5524 553 5564 eo
583 5513 891 5581 accepimus
920 5514 1260 5570 charitatem.
1321 5515 1452 5583 Qua:
1488 5517 1675 5587 utique
1716 5518 1765 5574 si

111 5601 496 5666 denegetur,
526 5609 584 5656 et
611 5617 717 5656 non
737 5604 1065 5671 exsolvatur,
1089 5606 1184 5660 ira:
1205 5622 1304 5662 nos
1326 5607 1767 5665 inexcusabiliter

109 5692 444 5748 obnoxios
463 5690 614 5748 facit.
641 5694 709 5748 Et
733 5695 862 5764 quid
883 5696 1003 5751 dico
1026 5698 1121 5752 ira:
1143 5699 1442 5754 obnoxios?
1465 5698 1595 5765 Quae
1617 5700 1765 5756 enim

105 5783 376 5856 poterit
403 5798 526 5840 esse
550 5783 724 5852 major
756 5786 859 5850 ira,
890 5803 1010 5858 quae
1034 5788 1167 5845 ultio
1197 5790 1436 5861 gravior,
1473 5804 1634 5860 quam
1661 5790 1764 5849 hoc

464 5885 739 5951 Parant.
785 5884 946 5948 CIII.

1788 3177 1835 3241 C

1783 4549 1838 4608 D

1863 1920 2106 1985 creditis,
2146 1922 2326 1976 audite
2361 1922 2688 1992 Prophetam
2733 1924 3042 1978 dicentem:
3082 1922 3332 1994 Cognovit
3359 1924 3449 1978 bos

1861 2027 2210 2080 possessorem
2254 2031 2407 2067 suum
2429 2055 2442 2078 ,
2472 2026 2519 2068 et
2548 2019 2729 2070 asinus
2767 2019 3078 2087 praesepium
3122 2017 3321 2070 domini
3367 2017 3451 2070 sui

1864 2100 2001 2171 (Isa.
2035 2105 2098 2172 ι).
2144 2105 2301 2159 Absit
2329 2114 2507 2160 autem
2549 2106 2616 2160 de
2645 2108 2802 2162 nobis
2830 2108 2935 2162 diei
2973 2123 3038 2162 ea
3067 2123 3187 2177 qua:
3213 2123 3449 2178 sequun-

1863 2203 1988 2248 tur:
2027 2194 2167 2260 Quia
2195 2195 2366 2250 lsrael
2409 2213 2489 2250 me
2527 2213 2632 2251 non
2672 2199 2938 2267 cognovit,
2980 2210 3028 2251 et
3057 2197 3280 2268 populus
3308 2214 3452 2252 meus

1863 2304 1947 2340 me
1971 2304 2075 2342 non
2105 2288 2358 2342 intellexit
2378 2287 2431 2359 (1
2436 2288 2590 2360 bid.).
2613 2288 2766 2357 Quod
2795 2289 2840 2344 si
2869 2289 3034 2344 etiam
3062 2303 3155 2344 eos
3176 2289 3269 2358 qui
3292 2289 3456 2344 bene-

1864 2376 1971 2432 ﬁcii
2003 2378 2206 2447 aliquid
2238 2379 2392 2433 nobis
2420 2379 2791 2444 contulerunt,
2820 2380 2966 2434 nullo
3006 2381 3236 2436 docente
3278 2380 3456 2450 diligi-

1861 2485 2004 2532 mus,
2033 2477 2088 2523 et
2117 2470 2264 2524 omni
2305 2469 2484 2526 sldio
2503 2513 2517 2536 ,
2565 2481 2826 2541 quantum
2855 2472 2972 2527 ﬁeri
3003 2481 3214 2542 potest,
3251 2471 3457 2528 referre

1863 2559 2065 2630 gratias
2100 2559 2366 2624 nitimur;
2407 2561 2678 2629 quomodo
2721 2559 3048 2616 sulliciemus
3087 2562 3317 2633 gratiam
3366 2578 3457 2616 re-

1863 2649 2007 2706 ferre
2037 2652 2316 2708 beneﬁciis
2355 2653 2472 2720 Dei,
2520 2669 2640 2723 quae
2681 2662 2833 2709 tanta
2880 2664 3036 2720 sunt,
3090 2664 3150 2710 ut
3197 2654 3457 2728 eﬂ'ugiant

1862 2759 2194 2809 numerum;
2236 2755 2292 2800 et
2320 2744 2478 2811 talia,
2519 2754 2581 2800 ut
2627 2744 2856 2800 suﬂiciat
2902 2761 3070 2801 unum
3121 2747 3341 2819 aliquod
3389 2762 3455 2803 ex

1863 2836 2118 2889 omnibus
2157 2849 2257 2904 per
2294 2844 2460 2891 totam
2493 2837 2658 2891 vitam
2702 2845 2947 2892 nostram
2985 2836 3198 2894 allicere
3227 2853 3326 2894 nos
3355 2838 3457 2893 ob-

1863 2929 2056 2984 noxios
2104 2929 2392 3000 largitori?
2429 2928 2563 2984 Nam
2612 2931 2804 2985 omitto
2851 2937 3046 2986 caetera
3095 2931 3301 2996 omnia,
3337 2945 3460 3000 quae

1865 3020 2083 3090 quidem
2133 3031 2188 3075 et
2237 3023 2355 3090 ipsa
2400 3036 2596 3093 magna
2643 3029 2768 3077 sunt
2795 3031 2850 3078 et
2891 3023 3171 3092 praeclara,
3203 3038 3394 3078 verum
3425 3038 3458 3078 a

1870 3111 2167 3182 majoribus
2194 3121 2250 3169 et
2281 3112 2618 3179 melioribus,
2648 3114 2797 3167 velut
2818 3113 2984 3169 stella:
3006 3115 3253 3184 quaedam
3280 3113 3460 3183 splen-

1865 3207 2165 3263 didioribus
2195 3207 2325 3263 solis
2356 3207 2524 3263 radiis
2550 3209 2915 3277 obteguntur;
2954 3209 3210 3278 quoniam
3241 3206 3458 3278 quidem

1866 3318 1965 3356 nec
1998 3313 2209 3373 tempus
2234 3303 2390 3357 nobis
2419 3310 2504 3358 est
2525 3303 2754 3372 amplius
2784 3303 3013 3359 dilatare
3043 3317 3368 3365 sermonem,
3400 3309 3460 3355 ut

1863 3395 2135 3464 possimus
2159 3396 2325 3450 etiam
2360 3397 2426 3450 de
2463 3396 2704 3450 minimis
2730 3397 2911 3451 divina
2949 3412 3076 3467 erga
3103 3411 3203 3451 nos
3229 3410 3456 3450 enume-

1872 3501 1994 3540 rare
2022 3485 2304 3541 beneﬁcia.
2339 3485 2610 3542 Sileamus
2635 3487 2803 3557 igitur
2829 3487 3178 3556 quotidianos
3211 3486 3340 3542 solis
3371 3501 3460 3541 or-

1867 3588 1972 3641 tus,
1987 3587 2041 3631 et
2062 3580 2222 3632 unius
2242 3579 2506 3647 lampadis
2529 3578 2737 3650 fulgore
2761 3579 3118 3633 illuminatum
3145 3579 3454 3633 universum

1867 3671 2146 3725 mundum.
2183 3671 2453 3724 Sileamus
2483 3670 2623 3725 luna:
2666 3671 2960 3736 circuitus,
2992 3670 3138 3726 aeris
3177 3679 3456 3740 permuta-

1868 3763 2044 3816 tiones
2070 3762 2608 3831 vicissitudinesque;
2637 3762 2840 3816 imbres
2869 3777 2937 3817 ex
2957 3761 3211 3826 nubibus,
3236 3760 3458 3816 ﬂumina

1868 3855 2154 3925 fontesque
2207 3856 2274 3910 de
2324 3863 2509 3918 terra;
2570 3855 2884 3911 latitudines
2932 3866 3096 3925 atque
3146 3855 3461 3912 altitudines

1870 3950 2080 4003 maris:
2115 3949 2528 4004 universitatem
2571 3957 2759 4012 terrae,
2805 3963 2870 4005 ac
2915 3948 3228 4004 nativitates
3271 3963 3460 4004 eorum

1867 4041 2220 4094 animantium
2244 4056 2364 4110 quze
2389 4041 2444 4094 in
2471 4040 2626 4110 aquis
2657 4041 2951 4111 gignuntur
2970 4081 2985 4106 ,
3037 4047 3092 4095 et
3129 4055 3249 4110 quae
3279 4039 3456 4095 coale-

1865 4139 2026 4186 scunt
2052 4131 2137 4185 vel
2166 4131 2416 4186 oriuntur
2456 4131 2510 4185 in
2542 4132 2722 4197 terris,
2755 4132 2958 4186 nostris
3008 4130 3328 4186 ministeriis
3373 4128 3458 4185 vel

1864 4221 2051 4276 usibus
2077 4222 2348 4292 deputata.
2384 4221 2509 4278 Haac
2538 4238 2668 4294 ergo
2694 4223 2879 4278 omnia
2900 4231 2957 4278 et
2983 4231 3179 4278 caatera
3208 4223 3456 4278 innume-

1864 4312 2056 4365 rabilia
2105 4314 2500 4382 prtetermitto:
2553 4315 2656 4369 hoc
2704 4315 2912 4381 solum,
2962 4316 3108 4385 quod
3153 4329 3221 4368 ne
3250 4314 3453 4370 volenti

1865 4403 2080 4471 quidem
2104 4405 2382 4472 praeterire
2400 4405 2657 4474 possibile
2678 4415 2782 4470 est,
2805 4406 2967 4460 silere
2997 4421 3103 4458 non
3129 4420 3448 4474 possumus:

1866 4504 1921 4550 et
1947 4496 2195 4564 quamvis
2222 4496 2451 4550 reticere
2480 4497 2712 4566 gratiam
2739 4513 2845 4551 non
2876 4497 3252 4566 sitpossibile,
3286 4496 3453 4552 multo

1866 4593 2047 4640 tamen
2078 4585 2466 4655 impossibilius
2489 4595 2574 4641 est
2595 4595 2654 4641 ut
2675 4587 2898 4655 dignum
2925 4596 3007 4643 est
3032 4597 3087 4643 et
3107 4596 3166 4643 ut
3193 4589 3453 4660 competit

1861 4677 2140 4748 proloqui:
2166 4678 2291 4743 hoc,
2323 4678 2567 4748 inquam,
2594 4687 2856 4748 quantum
2879 4688 2982 4746 est,
2999 4681 3142 4751 quod
3167 4681 3452 4738 scientiam

1860 4771 1944 4826 sui
1975 4771 2197 4827 donavit
2225 4773 2430 4827 homini
2461 4773 2626 4840 Deus,
2671 4782 2724 4828 et
2765 4775 3084 4832 rationabile
3107 4777 3307 4832 animal
3331 4792 3454 4833 esse

1863 4861 1992 4919 fecit
2021 4865 2076 4919 in
2107 4865 2291 4931 terris,
2329 4873 2383 4920 et
2425 4865 2716 4922 ineﬂ‘abilis
2742 4867 2980 4937 paradisi
3005 4871 3153 4925 abuti
3181 4869 3455 4939 voluptate

1865 4972 1930 5013 ac
1965 4960 2162 5014 decore
2187 4958 2502 5014 concessit?
2534 4973 2802 5030 quemque
2840 4961 3110 5031 serpentis
3143 4969 3259 5015 arte
3297 4960 3455 5015 dece-

1865 5058 2038 5120 ptum,
2071 5059 2127 5106 et
2170 5051 2225 5105 in
2266 5059 2546 5121 peccatum
2583 5051 2816 5122 lapsum,
2849 5067 2915 5107 ac
2943 5068 3040 5123 per
3080 5059 3364 5122 peccatum
3395 5052 3452 5106 in

1866 5149 2098 5195 mortem
2127 5138 2459 5205 devolutum,
2487 5156 2826 5211 nequaquam
2852 5140 3126 5210 despexit;
3159 5141 3253 5195 sed
3278 5139 3451 5210 legem

1867 5233 1924 5288 in
1946 5231 2272 5302 adjutorium
2293 5231 2463 5299 dedit,
2488 5233 2728 5303 praefecit
2749 5233 2992 5304 angelos,
3017 5232 3310 5288 destinavit
3332 5247 3454 5302 pro-

1867 5325 2098 5395 phetas;
2139 5333 2364 5380 conatus
2392 5325 2612 5380 malitiae
2648 5325 3133 5380 comminationum
3163 5325 3454 5381 severitate

1835 5409 2238 5486 compescuit;
2292 5417 2559 5473 bonorum
2613 5416 2881 5472 desideria
2932 5415 3451 5471 muniﬁcentissimis

1870 5511 2377 5579 repromissionibus
2400 5510 2732 5582 provocavit,
2765 5518 2822 5564 et
2854 5509 3015 5564 ﬁnem
3043 5509 3327 5579 utriusque
3348 5508 3451 5562 vias

1868 5611 2069 5658 nostras
2092 5604 2146 5658 in
2171 5603 2356 5658 multis
2379 5601 2698 5672 imaginibus
2719 5600 3086 5671 praesignavit.
3102 5598 3300 5654 Verum
3323 5615 3448 5655 cum

1868 5705 1992 5767 post
2016 5695 2132 5750 haec
2154 5695 2336 5749 omnia
2359 5693 2412 5747 in
2437 5693 2593 5747 malis
2629 5693 2829 5746 nostris
2861 5691 3324 5747 incredulitatibus
3351 5691 3449 5746 du-

1870 5802 2134 5850 raremus,
2164 5800 2272 5841 non
2300 5794 2384 5841 est
2405 5798 2646 5855 aversus,
2673 5800 2771 5839 nec
2802 5784 3093 5854 dereliquit
3119 5799 3216 5839 nos
3243 5783 3321 5854 pii
3337 5781 3446 5842 Do-

2855 5879 2921 5942 16
