4004 6328
509 302 607 378 an

1544 282 1620 356 ‘s.
1663 294 2027 368 summa“
2062 290 2358 352 ABBATIS
2394 282 2806 346 ANIANENSIS

3708 282 3818 340 ιρι

517 432 665 499 mini,
695 427 955 493 bonitas;
995 437 1171 495 neque
1218 435 1345 479 cum
1374 415 1656 477 beneﬁciis
1697 413 1815 484 ejus
1862 424 2110 468 essemus
2136 410 2192 472 Α
2215 405 2475 480 quidquid
2514 402 2795 499 confertur
2836 399 2889 455 in
2920 397 3252 471 proximum.
3291 396 3360 452 Et
3390 395 3610 468 quidem
3648 395 3710 450 in
3740 395 3822 452 his

518 524 745 599 ingrati,
776 527 1025 577 avertere
1067 517 1344 599 potuimus
1375 520 1431 570 et
1478 508 1767 568 excludere
1805 504 2115 561 misericor-

445 620 502 697 ι
521 596 672 675 diam
699 614 817 687 ejus
841 628 874 667 a
900 609 1061 666 nobis
1086 627 1099 663 :
1142 596 1236 665 sed
1268 617 1593 663 revocamur
1622 616 1654 655 a
1679 604 1873 661 inerte,
1918 605 1974 652 et
2013 596 2116 651 ite-

525 725 649 768 rum
676 685 1021 763 vivilieamur
1044 715 1143 772 per
1162 699 1450 755 Dominum
1475 700 1723 750 nostrum
1753 687 1937 745 Jesum
1958 685 2119 742 Chri-

460 781 473 811 i
527 816 696 873 stum,
725 802 830 870 Qui
850 814 969 856 cum
994 798 1051 852 in
1079 796 1251 867 forma
1274 793 1375 848 Dei
1400 799 1554 856 esset,
1578 805 1684 842 non
1711 786 1952 857 rapinam
1975 781 2119 836 arbi-

528 912 700 960 tratus
722 907 798 954 est
827 912 937 953 esse
977 910 1032 948 se
1064 887 1317 962 aqualem
1346 887 1496 941 Deo:
1536 883 1625 939 sed
1664 881 1996 950 semetipsum
2023 891 2117 929 ea:-

462 1048 489 1061 _
529 992 772 1058 inanivit,
797 991 1022 1062 formam
1038 984 1171 1040 servi
1189 980 1450 1051 accipiens
1470 974 1636 1051 (Phil.
1663 974 1750 1047 ιι).
1773 972 2121 1043 Inﬁrmitates

533 1097 740 1145 nostras
765 1082 984 1153 accepit,
1014 1088 1060 1134 et
1090 1074 1428 1149 (egritudines
1451 1079 1656 1127 nostras
1679 1066 1925 1140 portavit,
1950 1073 1999 1119 et
2026 1080 2122 1135 pro

534 1179 684 1236 nobis
709 1174 1008 1232 vulneratus
1036 1177 1135 1234 est,
1161 1175 1219 1220 ut
1248 1165 1411 1220 livore
1446 1162 1588 1217 illius
1617 1173 1930 1216 sanarentur
1973 1154 2121 1228 (Isa.

534 1270 675 1345 un).
708 1268 777 1323 Et
816 1285 852 1321 a
891 1262 1169 1319 maledicto
1208 1275 1301 1315 nos
1343 1256 1601 1321 redemit,
1638 1253 1811 1323 factus
1851 1247 2125 1320 pro-nobis

534 1341 872 1421 maledictum
907 1354 1050 1430 (Gal.
1082 1353 1189 1426 ιιι).
1222 1352 1291 1407 Et
1318 1356 1497 1406 morte
1525 1344 1840 1418 turpissima
1869 1341 2128 1397 condem-

535 1465 697 1515 natus
723 1460 827 1523 est,
854 1460 915 1507 ut
940 1465 1042 1506 nos
1074 1452 1359 1503 revocaret
1389 1431 1455 1498 ad
1480 1441 1668 1495 vitam.
1698 1436 1810 1494 Nec
1839 1434 2040 1493 sufﬁcit
2074 1432 2129 1489 ei

534 1545 816 1604 viviﬁcare
856 1558 956 1600 nos
986 1547 1249 1604 mortuos,
1279 1536 1375 1592 sed
1402 1541 1457 1590 et
1484 1531 1785 1589 divinitatis
1813 1543 1927 1585 sum
1957 1525 2130 1600 parti-

537 1641 741 1714 cipium
773 1636 999 1703 tribuit,
1052 1641 1107 1689 et
1158 1645 1356 1686 munus
1392 1625 1711 1682 aeternitatis
1756 1620 2037 1693 indulget;
2074 1626 2131 1676 et

538 1750 705 1807 supra
724 1747 886 1790 omne
907 1728 1052 1800 quod
1071 1725 1157 1782 vel
1176 1732 1364 1795 petere
1385 1719 1472 1775 vel
1492 1717 1793 1789 intelligere
1811 1728 2126 1786 possumus,

540 1803 887 1887 credentibus
914 1820 1001 1876 vel
1024 1815 1368 1889 diligentibus
1390 1827 1450 1868 se
1473 1816 1765 1883 przeparat,
1792 1806 1933 1880 quod
1952 1803 2137 1861 oculus

540 1938 650 1979 non
675 1919 832 1985 vidit,
855 1926 948 1972 nec
973 1914 1120 1969 auris
1149 1907 1370 1976 audivit,
1400 1921 1492 1962 nec
1513 1905 1569 1960 in
1594 1919 1686 1958 cor
1708 1901 1935 1959 hominis
1957 1914 2141 1955 ascen-

540 2016 621 2072 dit
652 2013 704 2087 (Ι
743 2012 868 2068 Cor.
910 2026 983 2077 n;
1033 2005 1182 2062 Psal.
1227 2001 1372 2077 cxv).
1423 2000 1564 2068 Quid
1611 2012 1744 2070 ergo
1774 1994 2142 2087 retribuemus

541 2086 777 2163 Domino
809 2117 910 2174 pro
949 2099 1202 2157 omnibus
1236 2110 1359 2166 qua:
1390 2090 1649 2148 retribuit
1695 2086 1901 2144 nobis?
1936 2086 2143 2141 Verum

540 2198 634 2256 ille
657 2205 769 2253 tam
786 2193 1054 2266 benignus
1077 2197 1134 2249 et
1156 2188 1398 2246 clemens
1420 2189 1603 2251 est,ut
1628 2195 1697 2237 ne
1723 2177 2142 2237 retributionem

541 2294 766 2368 quidem
796 2295 1087 2362 reposcat;
1130 2285 1226 2343 sed
1250 2281 1450 2340 sumcit
1478 2279 1530 2337 el
1551 2285 1615 2333 ut
1644 2290 1746 2348 pro
1778 2275 1865 2331 his
1889 2272 2145 2328 omnibus

544 2364 669 2460 qua
693 2385 927 2457 largitus
953 2391 1039 2439 est
1082 2379 1363 2450 diligatur.
1395 2373 1529 2442 Quis
1563 2384 1694 2442 ergo
1717 2364 2145 2460 italrremediaa-

546 2456 737 2537 biliter
757 2456 1004 2548 ingratus
1022 2479 1203 2539 θείω
1223 2475 1446 2541 propter
1472 2463 1699 2520 tantm
1725 2458 1854 2516 talia
1879 2456 2145 2513 beneficia

548 2585 660 2628 non
684 2568 876 2639 diligat
901 2561 1262 2637 largitorem?

619 2661 690 2717 Et
712 2659 782 2715 de
812 2656 1081 2713 charitate
1107 2652 1328 2723 quidem
1355 2647 1453 2704 Dei
1483 2647 1589 2703 ista
1613 2642 1916 2701 sufﬁciant:
1948 2656 2147 2715 propo-

548 2751 717 2810 situm
740 2762 978 2817 namque
998 2752 1103 2810 est,
1133 2750 1194 2798 ut
1215 2740 1465 2812 superius
1504 2737 1767 2805 diximus,
1814 2751 1924 2791 non
1961 2733 2147 2789 omnia

549 2844 764 2908 dicere,
788 2835 1132 2911 impossibile
1165 2833 1313 2889 enim
1354 2838 1476 2897 est;
1518 2828 1616 2885 sed
1648 2827 1890 2885 breviter
1926 2832 1981 2880 et
2017 2838 2145 2880 sue-

552 2935 742 2992 einete‘
757 2940 1191 2988 commemorare
1230 2938 1296 2980 ea
1327 2937 1449 2994 qua:
1493 2930 1737 2976 amorem
1766 2919 1861 2974 Dei
1902 2918 2147 2973 inserere

553 3024 751 3082 anima:
779 3031 836 3079 et
858 3019 1126 3077 suscitare
1153 3015 1442 3072 suﬂiciant;
1471 3012 1822 3082 Consequens
1854 3008 1970 3079 jam
2001 3021 2148 3064 nune

551 3126 662 3184 est,
684 3116 853 3171 etiam
878 3113 947 3169 de
970 3126 1038 3168 eo
1062 3108 1341 3174 mandato,
1363 3105 1508 3177 quod
1533 3103 1724 3160 ordine
1762 3111 1818 3159 et
1841 3101 2041 3156 virtute
2060 3115 2147 3156 se-

554 3208 801 3268 cundum
822 3206 1077 3269 diximus,
1107 3200 1403 3273 explicare.
1433 3197 1502 3253 Et
1527 3195 1747 3268 quidem
1771 3194 2031 3266 quoniam
2058 3191 2146 3248 lex

553 3318 652 3362 eas
679 3302 911 3359 virtutes
945 3313 1066 3369 quae
1090 3296 1287 3352 anima:
1311 3308 1342 3348 a
1375 3291 1635 3348 Creatore
1663 3288 1840 3346 insitae
1866 3296 2016 3353 sunt,
2045 3285 2145 3341 eli-

555 3403 671 3454 met
705 3402 764 3451 et
796 3391 1043 3457 excolat,
1084 3388 1201 3459 jam
1247 3385 1501 3458 superius
1531 3382 1789 3440 diximus.
1835 3380 1975 3449 Quia
2017 3394 2148 3452 ergo

550 3488 906 3564 νωάνίωιιι·
933 3484 1160 3556 diligere
1185 3480 1468 3553 proximos
1487 3477 1633 3534 sicut
1652 3486 1754 3533 nos
1775 3475 1942 3546 ipsos,
1963 3475 2149 3530 videa-

554 3598 680 3640 mus
703 3582 872 3639 etiam
906 3579 955 3637 si
987 3579 1131 3634 inest
1154 3575 1319 3633 nobis
1344 3574 1518 3637 virtus
1546 3578 1603 3627 et
1627 3570 1860 3627 facultas
1890 3569 1959 3625 ad
1989 3569 2152 3641 hujus

554 3688 772 3749 quinque
799 3668 1043 3729 mandati
1070 3667 1456 3740 erpietidnem.
1485 3662 1556 3719 Et
1598 3661 1723 3734 quis
1750 3662 1981 3749 ignorat
2016 3675 2153 3731 quo-

554 3743 705 3824 niam
730 3768 1031 3823 humanum
1067 3759 1273 3817 animal
1294 3766 1351 3815 et
1378 3743 1833 3814 communicabile
1858 3753 2022 3810 homo
2043 3758 2149 3821 est,

554 3869 614 3918 et
647 3844 760 3917 non
789 3865 1005 3930 agreste
1050 3852 1269 3924 aliquod
1312 3859 1379 3907 a'c
1425 3848 1645 3906 fenum?
1681 3846 1828 3903 Nihil
1856 3848 2003 3903 enim
2038 3852 2152 3903 tam

556 3954 839 4026 proprium
861 3956 947 4008 est
973 3956 1184 4005 naturae
1208 3953 1434 4011 nostrae,
1473 3958 1640 4014 quam
1666 3942 1900 3997 alterum
1927 3941 2153 3997 alterius

560 4043 826 4114 indigere,
863 4048 919 4096 et
960 4040 1242 4110 requirere
1268 4036 1529 4102 invicem,
1558 4049 1623 4090 ae
1648 4032 1873 4103 diligere
1895 4033 2043 4103 quod
2067 4049 2154 4090 re-

561 4138 820 4211 quiritur.
845 4134 985 4205 Quia
1013 4147 1143 4207 ergo
1178 4131 1445 4187 Dominus
1472 4131 1668 4185 harum
1697 4127 1755 4182 in
1786 4126 1944 4183 nobis
1981 4127 2154 4182 virtu-

560 4240 682 4287 tum
710 4231 915 4286 semina
954 4226 1263 4290 seminavit,
1296 4223 1416 4279 sine
1439 4221 1606 4278 dubio
1630 4219 1827 4276 horum
1847 4217 2015 4277 etlam
2043 4216 2154 4274 fru-

562 4334 715 4384 etum
744 4325 1025 4395 requiret,
1067 4329 1122 4379 et
1146 4318 1523 4377 testimonium
1550 4323 1750 4371 nostra:
1777 4326 1906 4385 erga
1934 4326 1993 4371 se
2019 4311 2155 4370 dile-z

562 4419 764 4476 etionis
800 4417 1147 4474 (“lectionem
1204 4411 1436 4481 accipiet
1485 4408 1878 4481 proximorum.
1938 4406 2008 4462 In
2053 4408 2153 4462 hoc

2218 498 2310 569 qui
2352 497 2503 552 initia
2530 486 2733 548 habent
2759 490 2828 546 ad
2865 490 3115 545 timorem
3156 484 3407 554 Domini,
3437 496 3493 543 et
3513 487 3585 542 ad
3611 486 3823 558 primos

2221 589 2399 644 aditus
2424 574 2703 655 religionis
2729 580 3028 649 accedunt,
3078 581 3256 652 prima
3294 578 3569 635 institutio
3599 586 3692 634 est
3723 580 3825 635 uti-

2222 670 2325 734 lior
2341 693 2441 748 per
2466 676 2737 741 timorem,
2758 672 3055 730 secundum
3075 672 3401 729 sententiam
3431 672 3827 742 sapientissimi

2225 771 2554 836 Salomonis,
2586 767 2849 825 dicentis:
2880 760 3102 821 Initium
3126 766 3401 836 sapientia:
3426 765 3590 819 timor
3611 763 3831 818 Domini

2226 854 2409 940 (Prov.
2435 864 2497 936 1).
2518 862 2755 934 ldipsum
2777 860 2942 915 etiam
2963 859 3018 914 in
3042 858 3266 929 psalmis
3294 856 3490 928 legitur
3509 852 3699 928 (Paul.
3720 855 3827 927 ex).

2226 960 2337 1017 Vos
2361 972 2491 1012 vero
2522 955 2741 1020 fratres,
2775 953 2867 1024 qui
2884 951 2999 1022 jam
3020 950 3231 1023 parvuli
3258 950 3311 1005 in
3335 950 3562 1005 Christo
3591 963 3724 1004 esse
3747 948 3834 1003 de-

2229 1054 2420 1119 siistis,
2454 1066 2555 1107 nec
2601 1049 2744 1105 ultra
2790 1048 2931 1103 lacte
2975 1045 3262 1117 indigetis,
3311 1045 3462 1101 cibos
3505 1043 3726 1100 solidos
3774 1059 3834 1099 ex

2229 1149 2542 1218 dogmatum
2586 1142 2845 1197 ﬁrmitate
2893 1140 3223 1210 perquirite,
3270 1138 3339 1193 ad
3383 1137 3753 1215 nutriendum
3789 1144 3837 1191 et

2230 1211 2561 1313 pascendum
2590 1236 2906 1292 interiorem
2932 1233 3210 1289 hominem
3234 1231 3286 1304 (1
3308 1229 3433 1286 Cor.
3460 1230 3581 1302 ιιι);
3612 1211 3840 1301 quoper

2231 1332 2591 1393 eminentiora
2639 1341 2869 1401 quaeque
2916 1327 3171 1382 mandata
3210 1323 3495 1395 perveniat
3542 1322 3616 1377 ad
3663 1321 3839 1393 perie-

2234 1436 2402 1497 ctum,
2434 1435 2492 1483 et
2520 1426 2578 1481 in
2603 1423 2787 1489 omni,
2831 1435 2951 1491 qum
2976 1420 3033 1474 in
3060 1418 3280 1476 Christo
3306 1426 3389 1475 est
3414 1416 3686 1482 veritate,
3718 1432 3841 1471 eon-

2233 1519 2501 1579 ﬁrmetur.
2541 1512 2957 1573 Observandum
2980 1526 3110 1567 sane
3129 1519 3213 1567 est
3236 1526 3306 1567 ne
3343 1506 3486 1565 forte
3509 1508 3842 1580 copiosioris

2234 1612 2426 1686 gratiae
2455 1609 2668 1681 pondus
2690 1621 2856 1662 causa
2885 1603 3044 1661 nobis
3075 1603 3342 1675 gravioris
3363 1600 3843 1658 condemnationis

2241 1705 2462 1770 existat,
2478 1703 2526 1759 si
2545 1701 2741 1775 ingrati
2763 1698 3108 1756 inveniamur
3126 1697 3183 1752 in
3202 1696 3519 1752 muneribus
3542 1695 3841 1767 largitoris.

2165 1776 2216 1837 Β
2242 1799 2378 1855 Illud
2420 1805 2603 1860 autem
2648 1802 2775 1850 ante
2825 1792 3009 1849 omnia
3056 1790 3511 1847 considerandum
3553 1800 3683 1856 est,
3728 1791 3845 1862 qui

2241 1908 2419 1964 neque
2446 1890 2596 1948 aliud
2621 1888 2793 1945 ullum
2835 1887 3152 1943 mandatum
3173 1924 3189 1952 ,
3233 1899 3411 1956 neque
3454 1886 3566 1940 hoc
3602 1886 3768 1955 quod
3793 1888 3847 1943 de

2243 1984 2513 2041 charitate
2555 1981 2651 2038 Dei
2694 1987 2751 2035 et
2794 1978 3029 2051 proximi
3065 1978 3410 2049 praecipitur,
3461 1975 3709 2048 implere
3735 1980 3847 2050 quis

2242 2075 2466 2149 poterit,
2482 2074 2529 2131 si
2555 2088 2653 2145 per
2673 2072 2858 2128 varias
2875 2078 2932 2127 et
2955 2071 3201 2127 diversas
3221 2072 3614 2142 occupationes
3634 2073 3848 2128 animus

2245 2171 2485 2228 aberret.
2511 2168 2619 2224 Sed
2642 2183 2821 2238 neque
2842 2165 3135 2222 artiﬁcium
3162 2166 3357 2233 ullum,
3380 2166 3466 2221 vel
3495 2166 3673 2224 ullius
3700 2168 3847 2225 indu-

2246 2265 2397 2322 striae
2424 2261 2768 2334 disciplinam
2802 2260 3060 2332 possibile
3085 2266 3170 2316 est
3210 2260 3437 2331 adipisci
3475 2275 3580 2316 eos
3608 2264 3713 2332 qui
3754 2262 3848 2318 fre-

2244 2367 2478 2430 quenter
2514 2372 2586 2413 ex
2627 2355 2751 2410 aliis
2782 2355 2851 2411 ad
2889 2354 2995 2409 alia
3037 2352 3459 2438 transferuntuh
3509 2353 3687 2410 Omni
3732 2370 3850 2424 ergo

2246 2449 2494 2508 custodia
2523 2454 2739 2519 oportet
2766 2462 2867 2503 nos
2897 2461 3117 2503 servare
3142 2461 3241 2502 cor
3269 2455 3545 2515 nostrum,
3597 2463 3670 2503 ne
3722 2448 3851 2505 forte

2248 2540 2581 2599 desiderium
2612 2540 2709 2595 Dei
2736 2538 2879 2595 mala
2904 2539 3179 2595 desideria
3209 2547 3266 2595 et
3291 2540 3529 2596 sordida:
3570 2541 3853 2612 cogitatio-

2248 2648 2348 2689 nes
2372 2632 2641 2704 depellant
2663 2632 2865 2688 nostris
2890 2631 3086 2687 animis
3111 2647 3175 2687 ac
3201 2631 3498 2687 detrudant
3527 2631 3729 2705 (Prov.
3756 2635 3851 2703 iv);

2248 2726 2347 2781 sed
2367 2741 2398 2781 e
2417 2724 2693 2780 contrario
2715 2724 2933 2779 assidua
2958 2723 3336 2779 recordatione
3358 2732 3409 2778 et
3443 2725 3729 2779 memoria
3751 2726 3853 2792 Dei,

2248 2816 2481 2873 formam
2508 2815 2908 2887 quodammodo
2936 2831 3002 2871 ac
3025 2816 3255 2886 ﬁguram
3274 2815 3392 2885 ejus
3420 2817 3633 2872 ultimm
3662 2827 3858 2872 nostra

2249 2907 2542 2978 signaculis
2571 2906 2768 2977 singuli
2808 2907 3125 2978 inligamus,
3156 2922 3279 2978 quae
3316 2907 3482 2963 nullis
3523 2918 3711 2979 queat
3749 2924 3857 2980 per-

2248 3003 2655 3060 turbationibus
2678 3001 2906 3058 aboleri.
2941 3000 3035 3056 Sie
3059 3002 3206 3057 enim
3227 3010 3283 3057 et
3305 3001 3651 3058 desiderium
3683 3003 3749 3058 in
3778 3020 3859 3059 uo-

2249 3097 2336 3154 bis
2364 3096 2563 3152 divina:
2597 3094 2881 3151 charitatis
2908 3094 3247 3160 accenditur,
3277 3095 3405 3150 dum
3438 3094 3721 3166 frequens
3750 3099 3856 3168 ejus

2250 3190 2516 3248 memoria
2540 3198 2777 3245 mentem
2797 3196 2964 3260 atque
2986 3187 3229 3243 animum
3252 3187 3520 3255 illustrat;
3554 3200 3615 3245 et
3637 3191 3711 3245 ad
3735 3206 3858 3261 ripas

2250 3283 2631 3340 mandatorum
2656 3280 2754 3336 Dei
2781 3281 3045 3352 erigimur
3068 3296 3135 3337 ac
3154 3281 3508 3337 suscitamur.
3535 3282 3615 3337 Et
3644 3298 3718 3337 ex
3742 3284 3861 3353 ipsis

2252 3391 2473 3433 rursum
2518 3375 2803 3432 charitatis
2846 3372 3103 3444 operibus
3146 3373 3234 3429 vel
3273 3381 3646 3429 conservatur
3682 3374 3788 3430 Dei
3812 3374 3862 3429 iu

2250 3470 2410 3528 nobis
2436 3468 2710 3535 eharitas,
2738 3467 2824 3523 vel
2852 3474 3100 3539 augetur.
3147 3466 3215 3522 Et
3254 3467 3363 3523 hoc
3398 3476 3541 3538 puto
3572 3472 3865 3526 ostendere

2252 3558 2529 3624 volentem
2557 3560 2847 3618 Dominum
2890 3558 3103 3622 dicere.
3157 3557 3453 3629 aliquando
3490 3560 3724 3631 quidem
3754 3582 3769 3615 ε
3808 3562 3867 3617 εί

2250 3662 2473 3735 diligitis
2499 3677 2601 3728 me,
2644 3642 2899 3715 mandatu
2927 3666 3045 3713 mea
3089 3660 3292 3711 servate
3336 3653 3527 3725 (ιοαη.
3580 3657 3747 3729 m);
3778 3658 3865 3712 ali-

2253 3755 2469 3827 quando
2496 3761 2679 3809 autem
2702 3767 2717 3807 :
2760 3750 2820 3807 Si
2849 3751 3025 3821 facitis
3052 3756 3171 3821 qua:
3190 3765 3287 3819 ego
3308 3750 3427 3802 dico
3450 3749 3626 3816 vobis,
3658 3767 3866 3819 per-9

2253 3848 2388 3903 iretis
2412 3847 2470 3902 in
2495 3845 2752 3902 charitate
2778 3859 2938 3908 mea;
2977 3844 3113 3899 sicut
3148 3850 3200 3896 et
3227 3857 3322 3912 ego
3360 3843 3569 3897 seruari
3609 3846 3865 3898 mandas

2256 3937 2439 3995 Patris
2464 3939 2590 4007 mei,
2612 3946 2663 3994 et
2684 3953 2872 3993 maneo
2890 3937 2945 3991 in
2966 3936 3221 3991 charitate
3247 3936 3363 4006 ejus
3389 3934 3439 4007 (1
3446 3935 3613 4009 ωτι).
3641 3938 3732 3993 Ex
3760 3938 3866 4009 qui-

2252 4032 2357 4089 bus
2383 4031 2573 4087 edocet
2601 4045 2731 4093 nos,
2765 4034 3113 4099 prospectum
3138 4026 3321 4095 aperis
3346 4028 3524 4081 nostri
3555 4027 3778 4084 debere
3811 4042 3869 4082 ex

2255 4138 2355 4180 sna
2379 4120 2660 4177 voluntate
2687 4119 2964 4189 pendere;
3002 4123 3063 4171 ut
3093 4120 3353 4187 tanquam
3374 4116 3671 4185 speculum
3699 4119 3868 4191 grnd-

2254 4215 2382 4272 dam
2411 4215 2588 4286 ipsum
2612 4211 2896 4276 habentes,
2926 4219 2982 4266 et
3004 4220 3223 4280 semper
3257 4207 3326 4263 ad
3355 4209 3539 4279 ipsum
3564 4212 3871 4283 respicis-

2255 4318 2359 4377 tes,
2387 4322 2525 4380 opus
2549 4317 2797 4363 nostrum
2831 4305 2940 4360 ﬁxo
2978 4306 3048 4360 ad
3092 4304 3272 4375 ipsum
3310 4302 3500 4357 cordis
3542 4304 3725 4360 oculo
3750 4304 3871 4361 diri-

2256 4413 2465 4472 gamus.
2499 4398 2654 4454 Sieut
2678 4397 2824 4452 enim
2852 4394 3085 4450 artiﬁcia
3135 4408 3256 4463 quae
3286 4394 3347 4447 in
3392 4393 3503 4449 hac
3542 4394 3678 4451 vita
3720 4405 3872 4461 sunt,

560 4514 723 4579 sitim,
766 4511 971 4582 inquit,
1004 4509 1169 4565 scient
1203 4518 1405 4571 omnes,
1436 4504 1560 4577 quia
1601 4502 1705 4557 mei
1730 4500 1976 4572 discipuli
2005 4502 2149 4569 estis,
2177 4508 2233 4570 Β
2257 4500 2603 4566 prospectum
2626 4492 2917 4562 quemdam
2940 4489 3107 4544 animi
3128 4496 3346 4560 gerunt,
3373 4497 3430 4544 et
3450 4490 3533 4544 ita
3566 4493 3872 4548 secundum

560 4607 608 4661 si
632 4604 852 4659 invicem
877 4600 1111 4671 diligatis
1131 4598 1315 4671 (Joan.
1342 4595 1483 4667 xm).
1509 4595 1578 4649 Et
1599 4594 1671 4649 ita
1698 4592 1753 4647 in
1776 4594 2030 4648 omnibus
2046 4593 2152 4648 ista

562 4697 819 4754 mandata
844 4693 1144 4763 c'onjungit,
1166 4701 1227 4747 ut
1249 4693 1416 4749 etiam
1437 4689 1826 4746 misericordiae
1843 4694 2009 4758 opera
2031 4699 2154 4757 quae

560 4792 617 4855 in
644 4790 895 4862 proximo
922 4786 1091 4853 ﬁunt,
1116 4786 1410 4841 transferat
1446 4785 1503 4840 in
1533 4783 1905 4854 semetipsum.
1940 4780 2155 4836 Esurivi

559 4886 718 4951 enim,
736 4881 937 4953 inquit,
950 4887 1000 4935 et
1022 4872 1244 4933 dedistis
1263 4869 1589 4932 manducare
1610 4876 1739 4930 mihi
1754 4874 1972 4949 (Matth.
2000 4873 2150 4946 xxv).

561 4979 629 5035 Et
654 4976 862 5047 reliqua
889 4980 1011 5045 quae
1036 4971 1092 5026 in
1119 4971 1371 5042 proximo
1396 4972 1547 5042 gesta
1578 4974 1727 5036 sum,
1771 4974 1835 5025 s'e
1869 4968 2005 5025 (ﬁcit
2028 4980 2154 5025 esse

558 5076 897 5141 remessum.
926 5072 1059 5119 mm
1080 5059 1310 5134 αάιεάιε
1340 5060 1592 5127 ρυαηᾶἱὴ
1621 5060 1819 5131 revisas
1846 5060 1942 5113 uti!
1966 5074 2031 5114 ex
2053 5060 2153 5112 mi-

560 5159 715 5214 armis
744 5158 860 5212 iam
883 5154 1141 5226 fratribus
1169 5153 1298 5208 mets
1319 5193 1335 5218 ,
1373 5152 1502 5206 mihi
1533 5151 1729 5222 recisus
1758 5149 1970 5224 (Ibid).
2010 5146 2153 5222 Ergo

556 5258 656 5321 per
687 5249 927 5320 primum
951 5244 1256 5317 completur
1277 5252 1333 5300 et
1356 5244 1652 5299 semiudum
1676 5259 1691 5310 ;
1725 5248 1826 5315 per
1848 5245 2152 5300 secundum

560 5350 692 5395 vero
725 5340 1040 5397 ascenditur
1071 5342 1129 5395 et
1150 5337 1360 5394 reditur
1380 5336 1448 5390 ad
1477 5334 1741 5406 primum:
1768 5340 1827 5391 ut
1852 5336 1946 5406 qui
1974 5332 2153 5408 diligit

560 5429 869 5493 Dominum,
898 5432 1017 5488 sine
1037 5429 1203 5487 dubio
1225 5427 1415 5498 diligat
1442 5432 1497 5482 et
1524 5425 1854 5495 proximum.
1885 5426 1978 5482 Ait
2002 5427 2150 5482 enim

562 5522 859 5579 Dominus:
884 5521 991 5590 Qui
1020 5522 1194 5595 diligit
1212 5536 1317 5589 me,
1340 5517 1595 5574 mandata
1619 5534 1737 5573 mea
1756 5520 2005 5575 custodit.
2036 5518 2154 5573 Hoc

564 5624 641 5671 est
671 5624 845 5670 autem
876 5615 1183 5670 mandatum
1220 5630 1418 5680 meum,
1454 5612 1665 5685 inquit,
1690 5622 1749 5668 ut
1782 5614 2001 5668 invicem
2024 5611 2155 5666 dili-

567 5706 702 5777 gatis
731 5703 913 5779 (Joan.
947 5721 1039 5761 xiv
1064 5716 1116 5762 et
1143 5706 1258 5781 xv).
1283 5705 1367 5762 Ita
1393 5714 1451 5763 et
1476 5708 1572 5778 qui
1600 5706 1776 5779 diligit
1808 5706 2115 5777 proximum
2134 5738 2154 5771 ,

568 5796 747 5870 explet
790 5798 846 5855 in
885 5798 995 5856 Deo
1036 5800 1399 5869 charitatem;
1441 5800 1571 5872 quia
1610 5799 1730 5873 ipse
1770 5798 1829 5855 in
1868 5810 1929 5853 se
1960 5796 2154 5869 recipit

2258 4588 2363 4643 hoc
2386 4586 2531 4657 quod
2552 4585 2735 4640 animo
2761 4582 3135 4655 conceperint,
3154 4582 3322 4637 etiam
3351 4582 3409 4636 in
3436 4592 3623 4652 opere
3652 4594 3878 4641 utuntur

2257 4694 2514 4736 manuum
2544 4678 2883 4743 ministerio;
2922 4677 3001 4732 sic
3020 4685 3077 4732 et
3102 4677 3159 4732 in
3191 4677 3294 4732 huc
3317 4684 3513 4732 nostro
3535 4690 3721 4749 opere
3739 4694 3878 4735 unus

2258 4784 2441 4832 manet
2480 4775 2636 4829 nobis
2661 4774 2764 4829 iste
2793 4782 3149 4843 prospectus,
3196 4780 3360 4844 atque
3400 4788 3551 4829 unus
3604 4781 3885 4833 terminus

2259 4870 2400 4925 ﬁxus
2421 4876 2526 4932 est,
2542 4882 2649 4936 quo
2669 4867 2779 4920 Deo
2799 4864 3016 4936 placere
3036 4864 3352 4920 debeamus.
3374 4862 3719 4925 Secundum
3738 4870 3883 4927 hunc

2256 4966 2389 5034 ergo
2423 4967 2772 5032 prospectum
2808 4958 2944 5028 opus
2985 4957 3283 5028 dirigamus
3312 4957 3748 5017 mandatorum.
3784 4963 3887 5019 lm-

2257 5054 2513 5127 possibile
2534 5054 2771 5124 namque
2796 5060 2882 5109 est
2909 5052 3067 5108 aliter
3091 5060 3343 5107 constare
3365 5066 3537 5124 posse
3556 5059 3772 5128 operis
3792 5072 3889 5112 ne-

2258 5149 2359 5204 stri
2402 5148 2668 5215 formam,
2716 5149 2823 5204 nisi
2860 5148 3112 5203 voluntas
3156 5146 3274 5216 ejus
3314 5147 3407 5217 qui
3456 5147 3717 5218 injunin
3748 5169 3891 5224 quis

2259 5252 2474 5312 semper
2500 5242 2556 5296 in
2584 5243 2847 5297 meritoria
2874 5242 3170 5298 habeatur:
3203 5248 3263 5296 ut
3284 5238 3404 5309 eius
3428 5242 3741 5303 voluntate
3772 5262 3891 5303 sero

2258 5338 2402 5399 rata,
2429 5339 2487 5388 et
2519 5331 2704 5388 labore
2726 5332 2909 5401 operis
2936 5346 3002 5386 ae
3034 5331 3317 5403 diligentia
3340 5339 3750 5402 competenter
3788 5352 3895 5391 ex-

2256 5424 2424 5497 pleta,
2452 5436 2669 5495 semper
2687 5422 2985 5495 iungamur
3008 5422 3141 5489 Deo,
3171 5423 3298 5478 dum
3336 5434 3559 5495 semper
3603 5428 3741 5498 ejus
3770 5444 3896 5483 me»

2255 5516 2437 5572 moues
2461 5528 2668 5571 sumus.
2696 5514 2852 5569 Sicut
2884 5513 3054 5581 enim,
3081 5514 3234 5569 verbi
3279 5529 3442 5569 causa
3466 5555 3482 5579 ,
3515 5512 3693 5572 faber
3718 5534 3900 5575 seem

2253 5616 2371 5665 rem
2400 5608 2606 5665 iaciens
2646 5615 2740 5664 aut
2776 5607 3005 5677 falcem,
3042 5608 3293 5664 meminit
3328 5618 3548 5679 semper
3598 5612 3737 5681 ejus
3797 5613 3895 5686 qui

2253 5712 2393 5774 Opus
2420 5704 2675 5775 iniunxit,
2705 5712 2762 5759 et
2784 5704 2988 5758 retinet
3021 5703 3077 5757 in
3105 5703 3268 5758 corde
3301 5716 3399 5758 suo
3438 5701 3607 5771 cujus
3648 5707 3898 5778 magni-

2254 5795 2481 5864 tudinis,
2509 5796 2596 5851 vel
2623 5796 2924 5868 qualitatis,
2957 5793 3045 5852 vel
3067 5794 3257 5853 formae
3284 5795 3593 5868 iniunxerit
3626 5797 3771 5857 ﬁeri
3808 5815 3902 5857 sev
