4004 6328
565 380 672 443 δ95

1570 375 1628 434 S.
1671 375 2032 433 BENEDICTI
2067 375 2359 435 ABBATIS
2397 377 2806 435 ANIANENSIS

3739 382 3837 438 £96

567 502 923 560 necessitates
963 502 1163 568 poterit
1208 497 1596 568 proximorum.
1631 493 1767 548 Tum
1811 493 2004 548 deinde
2045 508 2147 547 nec
2174 495 2226 556 Α
2249 491 2436 550 minus
2455 510 2562 550 non
2596 492 2890 549 aestimavit
2925 492 3172 550 sufﬁcere
3214 493 3318 550 sibi
3362 495 3532 550 solam
3559 497 3721 552 verbi
3753 499 3842 551 do-

575 594 823 652 suﬂicere
844 599 1021 663 potest
1044 605 1184 646 unus
1199 590 1269 644 ad
1289 585 1631 656 suscipienda
1657 585 1840 639 omnia
1867 585 2006 638 dona
2035 582 2154 652 Spi-

571 688 712 744 ritus
727 685 923 749 sancti,
937 683 1064 754 quia
1084 679 1378 737 secundum
1400 674 1820 745 uniuscujusque
1840 689 2152 730 mensuram

573 779 698 835 fidei
729 784 785 832 et
808 777 1072 831 donorum
1099 769 1458 843 spiritualium
1481 767 1793 823 distributio
1816 766 2148 822 celebratur:

574 882 637 929 ut
677 872 734 928 id
776 870 920 941 quod
947 884 1045 940 per
1083 875 1269 936 partes
1306 863 1598 932 unicuique
1643 861 1988 916 distributum
2033 867 2152 924 est,

567 979 790 1022 rursum
839 970 1095 1030 tanquam
1139 957 1380 1013 membra
1425 955 1494 1008 ad
1538 952 1950 1008 aedificationem
1995 950 2155 1004 unius

573 1056 822 1128 corporis
846 1064 1000 1110 coeat
1025 1059 1079 1107 et
1112 1049 1405 1119 conspiret.
1449 1046 1554 1099 Alii
1601 1045 1738 1098 enim
1784 1043 1944 1096 datur
1985 1058 2154 1096 sermo

575 1148 867 1220 sapientior,
897 1145 990 1200 alii
1018 1159 1186 1199 sermo
1213 1141 1478 1204 scientiw,
1510 1137 1604 1191 alii
1631 1136 1760 1206 ﬁdes
1781 1177 1794 1198 ,
1824 1133 1916 1188 alii
1938 1133 2158 1204 prophe-

575 1241 668 1302 tia,
694 1237 788 1292 alii
817 1236 987 1308 gratia
1010 1235 1298 1289 sanitatum
1321 1229 1373 1302 (I
1401 1228 1526 1284 Cor.
1558 1227 1682 1297 xu),
1706 1237 1761 1282 et
1784 1235 2008 1290 etetera;
2037 1241 2158 1296 quae

572 1315 782 1399 Singula
828 1326 1013 1396 utique
1060 1340 1169 1379 non
1218 1332 1330 1376 tam
1376 1337 1474 1392 pro
1506 1337 1564 1376 se
1602 1320 1969 1389 unusquisque
1994 1334 2157 1388 quam

573 1436 672 1490 pro
701 1417 822 1472 aliis
851 1416 1079 1486 suscipit
1110 1431 1140 1468 a
1171 1413 1376 1482 Spiritu
1426 1420 1633 1466 sancto.
1667 1411 1734 1464 Et
1773 1411 1894 1464 ideo
1937 1425 2158 1466 necesse

574 1517 652 1566 est
678 1505 1101 1576 uniuscujusque
1122 1505 1376 1575 gratiam,
1393 1517 1554 1572 quam
1579 1501 1878 1572 susceperit
1900 1516 1930 1555 a
1953 1499 2157 1570 Spiritu

572 1603 690 1667 Dei,
727 1609 783 1658 et
811 1599 867 1655 in
904 1612 1193 1654 commune
1219 1595 1498 1666 prodesse.
1531 1592 1743 1648 Accidit
1767 1608 1895 1664 ergo
1918 1601 1968 1647 ut
2000 1592 2046 1646 is
2067 1591 2157 1661 qui

571 1701 815 1750 remotus
841 1691 974 1744 vivit
1003 1697 1058 1743 et
1085 1695 1389 1757 separatus,
1413 1701 1961 1756 unamquamcunque
1989 1686 2162 1741 susci-

570 1786 683 1858 piet
717 1783 967 1855 gratiam,
1015 1789 1072 1835 et
1097 1780 1259 1844 ,hanc
1288 1779 1460 1849 ipsam
1510 1777 1758 1832 inutilem
1803 1776 1999 1842 faciat,
2033 1777 2157 1831 dum

2253 587 2501 649 ctrinam,
2528 587 2622 641 sed
2643 593 2698 641 et
2723 600 2887 656 opere
2913 586 3031 657 ipso
3053 587 3225 642 voluit
3244 587 3402 642 nobis
3429 589 3649 644 tradere
3674 590 3845 645 humi.

2253 675 2424 732 litatis
2466 677 2746 746 exempla,
2793 692 2917 732 cum
2965 679 3290 747 praecinctus
3326 679 3494 734 linteo
3515 680 3653 734 lavit
3685 680 3845 750 pedes

2253 769 2636 837 discipulorum
2664 785 2888 837 suorum
2921 769 3103 840 (Joan.
3137 770 3259 839 xu).
3302 771 3383 825 Tu
3406 787 3536 842 ergo
3570 773 3737 843 cujus
3759 787 3847 842 pe-

2253 857 2351 913 des
2397 859 2644 914 lavabis?
2683 875 2844 930 quem
2887 862 3105 917 curabis
3153 861 3390 918 ofﬁciis?
3423 862 3581 930 cujus
3619 864 3848 921 inferior

2255 953 2350 1005 aut
2381 951 2604 1007 ultimus
2623 953 2748 1016 eris,
2781 968 2905 1008 cum
2928 954 3076 1009 solus
3102 954 3286 1009 vivas?
3309 953 3420 1011 Sed
3448 964 3506 1010 et
3534 955 3688 1011 aliud
3709 959 3848 1027 quod

2255 1043 2487 1098 dicitur:
2512 1043 2719 1099 Bonum
2745 1055 2792 1099 et
2809 1045 3109 1116 jucundum
3129 1047 3368 1103 habitare
3391 1049 3587 1118 fratres
3609 1051 3668 1104 in
3691 1067 3847 1105 unum

2259 1135 2432 1208 (Psal.
2464 1137 2694 1209 cxxxu),
2722 1139 2864 1208 quod
2892 1148 3169 1210 unguento
3205 1141 3502 1210 pontiﬁcali
3537 1143 3596 1197 in
3623 1143 3846 1199 barbam

2258 1227 2324 1282 de
2353 1228 2530 1298 capite
2571 1228 2922 1284 descendenti
2965 1238 3186 1287 sanctus
3225 1230 3461 1302 Spiritus
3483 1236 3848 1303 comparavit,

2259 1321 2529 1389 quomodo
2558 1321 2609 1375 in
2638 1321 2881 1376 solitaria
2908 1323 3246 1380 habitatione
3283 1325 3652 1394 complebitur
3673 1328 3701 1380 ?
3741 1327 3851 1382 Sta-

2260 1411 2404 1466 dium
2435 1428 2668 1483 namque
2693 1423 2776 1469 est
2802 1415 3070 1484 quoddam
3090 1457 3105 1480 ,
3129 1431 3197 1470 ex
3228 1417 3525 1488 apostolico
3554 1431 3849 1489 praecepto,

2261 1507 2327 1558 ad
2357 1505 2786 1560 emendationem
2830 1521 3040 1561 morum
3077 1507 3350 1577 vitamque
3388 1507 3742 1565 formandam
3763 1554 3776 1575 ,
3808 1513 3850 1568 in

2261 1614 2366 1668 quo
2390 1613 2485 1670 per
2508 1599 2724 1655 virtutis
2761 1601 3079 1656 exercitium
3119 1602 3444 1672 proficitur;
3486 1606 3546 1658 in
3589 1621 3708 1674 quo
3753 1623 3851 1662 me-

2261 1690 2453 1744 ditatio
2494 1691 2797 1746 divinorum
2841 1693 3219 1748 mandatorum
3264 1693 3484 1764 effulget
3526 1697 3774 1766 amplius
3812 1707 3854 1753 et

2264 1781 2534 1844 clarescit,
2580 1782 2696 1836 tunc
2721 1783 3022 1837 communis
3052 1783 3194 1837 inter
3229 1799 3288 1838 se
3336 1786 3732 1858 unanimorum
3761 1789 3854 1842 fra-

572 1851 830 1945 nibilper
853 1888 971 1927 eam
1002 1879 1259 1942 operatur
1280 1911 1295 1936 ,
1338 1870 1433 1925 sed
1480 1867 1686 1924 defodit
1713 1884 1832 1923 eam
1871 1868 1924 1923 in
1965 1876 2162 1923 semet-
2189 1851 2236 1911 Β
2267 1880 2409 1927 trum
2436 1873 2737 1927 habitatio:
2765 1873 2969 1928 habens
2999 1873 3053 1927 in
3093 1889 3152 1930 se
3185 1873 3327 1928 illam
3357 1856 3788 1932 similitudinem
3815 1889 3856 1934 et

575 1969 694 2038 ipso
723 1965 936 2038 (Matth.
966 1964 1082 2035 vn).
1116 1963 1269 2031 Quod
1294 1961 1448 2032 cujus
1488 1970 1542 2016 et
1584 1963 1771 2030 quanti
1806 1961 1876 2016 sit
1903 1961 2158 2032 periculi,

576 2057 752 2115 nostis
777 2071 968 2111 omnes
996 2055 1086 2125 qui
1126 2055 1304 2126 legitis
1338 2053 1709 2123 Evangelium.
1747 2053 1805 2107 Si
1840 2062 2022 2108 autem
2061 2068 2163 2107 cce-

575 2150 709 2206 teris
735 2148 1099 2205 communicat
1127 2147 1378 2218 gratiam,
1408 2154 1463 2201 et
1489 2147 1604 2214 ipse
1629 2145 1926 2217 perfruitur
1947 2147 2164 2218 proprie

575 2258 642 2298 ea
669 2242 784 2312 ipsa
823 2256 984 2311 quam
1025 2239 1301 2309 suscepit;
1341 2246 1397 2293 et
1426 2238 1815 2308 multiplicatur
1844 2239 1897 2292 in
1927 2254 2011 2302 eo,
2037 2239 2164 2293 dum

573 2333 1010 2389 communicatur
1031 2341 1086 2388 et
1105 2331 1352 2395 caeteris;
1379 2339 1436 2384 et
1458 2331 1570 2399 ipse
1595 2329 1947 2384 nihilominus
1971 2328 2167 2384 fruitur

577 2425 754 2498 gratia
778 2423 1127 2492 reliquorum.
1156 2421 1331 2476 Habet
1354 2430 1534 2475 autem
1553 2421 1744 2508 etualia
1769 2422 2167 2493 quamplurima

579 2516 720 2572 bona
750 2513 1055 2569 communis
1091 2511 1202 2564 vita
1243 2511 1346 2564 ista
1387 2520 1735 2578 sanctorum,
1780 2528 1900 2582 quae
1943 2528 2052 2567 non
2085 2518 2170 2568 est

578 2619 723 2660 nunc
748 2601 1004 2673 possibile
1033 2601 1217 2656 oumia
1260 2602 1622 2658 dinumerare.
1663 2603 1907 2670 Interim,
1939 2611 2001 2660 ut
2027 2604 2168 2659 dixi-

583 2713 729 2764 mus,
756 2697 826 2752 ad
854 2695 1227 2751 conservanda
1272 2695 1448 2750 sancti
1495 2694 1728 2767 Spiritus
1756 2699 1897 2753 dona
1929 2714 2168 2754 commo-

585 2791 702 2846 dior
731 2798 816 2845 est
836 2788 1128 2844 multorum
1155 2788 1407 2854 societas,
1447 2804 1608 2860 quam
1635 2792 1681 2846 si
1713 2791 1972 2864 degamus
2003 2793 2058 2848 in
2083 2808 2170 2848 so-

584 2881 831 2938 litudine.
884 2879 990 2936 Sed
1027 2890 1080 2935 et
1111 2881 1372 2936 adversus
1400 2881 1624 2938 insidias
1662 2883 1898 2950 inimici,
1930 2902 2051 2958 qua:
2076 2902 2172 2942 ex-

585 2973 856 3028 trinsecus
884 2970 1210 3036 inferuntur,
1241 2972 1412 3028 multo
1441 2974 1652 3028 cautior
1679 2983 1764 3028 est
1789 2983 1843 3030 et
1871 2977 2057 3032 utilior
2084 2993 2172 3034 so-

583 3067 756 3122 cietas
779 3064 1132 3135 plurimorum
1158 3083 1170 3118 :
1212 3073 1275 3119 ut
1306 3065 1517 3122 facilius
1545 3069 1835 3125 suscitetur
1861 3086 1892 3126 e
1939 3088 2130 3129 somno
2151 3114 2166 3138 ,

584 3156 636 3214 si
665 3158 786 3226 quis
813 3155 951 3211 forte
981 3155 1338 3211 obdormierit
1367 3173 1612 3213 somnum
1646 3160 1794 3214 illum
1819 3162 1910 3231 qui
1939 3163 2171 3219 ducitad

2263 1965 2602 2034 exemplum,
2631 1965 2774 2034 quod
2807 1965 2858 2019 in
2899 1965 3124 2021 Actibus
3163 1965 3532 2035 apostolorum
3581 1974 3766 2025 reflert
3805 1970 3856 2024 de

2265 2057 2466 2112 sanctis
2500 2056 2780 2126 Scriptura
2821 2056 3023 2122 divina,
3065 2057 3292 2113 dicens:
3336 2059 3476 2123 Quia
3520 2076 3714 2114 omnes
3760 2069 3858 2114 cre-

2263 2148 2440 2203 dentes
2471 2158 2620 2202 erant
2646 2149 2701 2202 in
2737 2165 2919 2214 unum,
2955 2158 3004 2202 et
3043 2149 3297 2203 habebant
3329 2151 3508 2204 omnia
3559 2153 3857 2207 communis

2267 2238 2406 2311 (Act.
2440 2239 2536 2310 iv).

2739 2329 3260 2389 lNTERROGATIO
3287 2329 3376 2387 IV.

2269 2445 2484 2524 Oportet
2531 2447 2758 2524 primum
2803 2444 3104 2524 renuntiare
3135 2444 3395 2524 omnibus,
3443 2454 3494 2499 et
3546 2447 3628 2499 ita
3686 2449 3852 2524 venire

2338 2517 2415 2570 ad’
2453 2515 2589 2570 hanc
2640 2517 2797 2571 vitam
2824 2515 2899 2571 vel
2925 2515 3365 2571 conversationem
3409 2533 3532 2586 quc
3563 2519 3853 2572 secundum

2342 2586 2510 2643 Deum
2533 2589 2651 2642 est?

2341 2703 2500 2758 Raso.
2542 2702 2771 2758 Domino
2807 2710 2863 2759 et
2901 2701 3185 2759 Salvatore
3227 2711 3415 2758 nostro
3461 2703 3598 2759 Jesu
3648 2705 3860 2761 Christo

2269 2796 2516 2852 dicente:
2552 2793 2611 2851 Si
2635 2797 2752 2867 quis
2783 2797 2919 2851 venit
2945 2796 3016 2850 ad
3062 2813 3164 2860 me,
3213 2797 3429 2869 abneget
3484 2801 3857 2870 semetipsum,

2270 2898 2319 2943 et
2353 2887 2502 2943 tollat
2529 2904 2736 2942 crucem
2782 2904 2956 2952 suam,
2984 2895 3032 2942 et
3056 2898 3308 2960 sequatur
3327 2906 3405 2944 me
3434 2888 3670 2961 (Matth.
3703 2893 3852 2961 xvi);

2273 2988 2329 3036 et
2355 2981 2555 3035 iterum
2589 2999 2602 3033 :
2646 2978 2750 3046 Qui
2782 2995 2885 3033 non
2915 2981 3292 3034 renuntiaverit
3321 2981 3571 3036 omnibus
3607 3000 3732 3052 qua!
3763 3002 3863 3054 pa-

2275 3072 2427 3137 sidet,
2464 3089 2568 3126 non
2615 3082 2781 3143 potest
2829 3088 2974 3126 meus
3009 3089 3118 3126 esse
3172 3071 3465 3142 discipulus
3504 3072 3673 3145 (Luc.
3701 3076 3862 3148 nn).

2277 3163 2379 3233 Qui
2409 3165 2477 3219 ad
2509 3165 2613 3220 hoc
2652 3166 2800 3219 venit
2831 3173 2890 3218 ut
2916 3165 3202 3220 Dominum
3244 3175 3528 3236 sequatur,
3589 3170 3766 3226 etiam
3794 3187 3866 3227 se-

584 3223 814 3303 mortem
863 3245 882 3317 (
917 3246 947 3300 1
989 3245 1111 3300 Cor.
1158 3264 1212 3302 χι
1239 3246 1280 3318 ).
1336 3247 1442 3303 Sed
1478 3257 1533 3304 et
1558 3223 1886 3321 delinque'riti
1917 3253 2171 3310 delictum
2200 3223 2245 3286 Ε
2279 3223 2453 3328 ipsum
2478 3266 2660 3329 neget,
2701 3268 2756 3314 et
2785 3260 2936 3314 tollat
2963 3275 3182 3315 crucem
3210 3223 3384 3315 suam.
3409 3259 3648 3318 Certum
3679 3275 3772 3320 est
3789 3281 3866 3319 au-

584 3354 742 3394 suum
772 3337 982 3393 facilius
1003 3339 1304 3408 apparebit,
1327 3355 1449 3394 cum
1476 3357 1506 3395 a
1531 3342 1775 3412 pluribus
1797 3344 1882 3399 vel
1907 3347 2170 3417 arguitur,

582 3431 667 3486 vel
718 3438 975 3484 notatur:
1019 3431 1312 3485 secundum
1363 3434 1507 3501 quoi
1559 3443 1614 3487 et
1660 3433 1952 3504 Apostolus
2001 3439 2168 3494 dicit:

589 3523 790 3595 Suﬂicit
819 3525 868 3579 ei
898 3525 987 3594 qui
1015 3524 1274 3594 ejusmodi
1318 3534 1414 3587 est,
1446 3524 1743 3595 objurgatio
1766 3529 1877 3582 lucc
1903 3546 2020 3601 quia
2052 3531 2112 3599 ﬁt
2142 3548 2175 3585 a

585 3615 824 3686 pluribus
851 3614 936 3684 (ΙΙ
959 3612 1081 3668 Cor.
1110 3615 1208 3686 vi).
1247 3615 1353 3671 Sed
1375 3625 1430 3670 et
1459 3617 1513 3671 iu
1544 3619 1791 3676 oratione
1817 3636 1924 3675 non
1953 3639 2176 3692 parvum

585 3708 1008 3763 emolumentum
1041 3725 1068 3762 a
1097 3709 1344 3778 pluribus
1375 3711 1636 3775 nascitur,
1671 3729 1794 3767 cum
1823 3729 2091 3770 consensu
2123 3723 2180 3768 et

583 3801 937 3854 universitate
980 3801 1292 3866 orantibus;
1337 3811 1396 3857 ut
1440 3819 1506 3858 ex
1557 3804 1852 3859 multorum
1895 3808 2175 3876 personis,

588 3907 686 3957 per
714 3892 941 3961 gratiam
967 3907 1086 3959 qua:
1113 3892 1166 3946 in
1193 3895 1349 3947 nobis
1373 3902 1476 3958 est,
1504 3895 1612 3949 Deo
1637 3898 1821 3964 gratia:
1855 3897 2174 3953 refcrantur.

591 3980 700 4034 Sed
733 3982 1002 4035 interdum
1030 3991 1084 4036 ct
1119 3984 1358 4053 periculo
1397 3986 1642 4053 proxima
1669 3997 1751 4041 est
1778 3988 1885 4041 vita
1915 3991 2176 4046 solitaria.

595 4067 776 4122 Primo
805 4069 1023 4136 quidem
1051 4071 1124 4123 illi
1156 4072 1398 4139 periculo
1423 4073 1688 4141 subjacet,
1717 4077 1860 4144 quod
1883 4087 2030 4132 certe
2060 4097 2183 4150 gra-

594 4161 876 4214 vissimum
904 4172 988 4215 est
1009 4202 1023 4224 ,
1074 4161 1127 4215 in
1174 4179 1280 4232 quo
1313 4163 1426 4233 ipse
1461 4166 1564 4219 sibi
1601 4167 1796 4235 placet,
1828 4179 1883 4223 et
1912 4171 2183 4228 neminem

592 4255 802 4309 habens
840 4253 928 4323 qui
959 4255 1129 4323 possit
1151 4269 1286 4324 opus
1317 4256 1486 4324 ipsius
1507 4257 1761 4326 probare,
1792 4261 2061 4316 videbitur
2080 4264 2184 4319 sibi

593 4346 662 4400 ad
690 4360 958 4400 summam
990 4343 1377 4413 perfectionem
1403 4347 1636 4402 venisse.
1681 4348 1815 4403 Tum
1848 4350 2043 4407 deinde
2069 4353 2186 4409 sine

601 4437 708 4491 ullo
736 4437 997 4492 exercitio
1028 4437 1248 4507 degens,
1288 4454 1462 4507 neque
1488 4441 1616 4509 quid
1647 4442 1746 4496 sibi
1777 4443 1890 4498 vitii
1918 4445 2182 4512 abundet,

2280 3356 2385 3403 tem
2418 3351 2542 3418 quia
2563 3348 2676 3418 jam
2704 3359 2759 3406 et
2790 3360 2917 3405 ante
2949 3351 3161 3406 diabolo
3201 3353 3540 3409 renuntiavit
3591 3364 3650 3411 et
3697 3360 3867 3428 cperi-

2281 3443 2380 3496 bus
2410 3442 2544 3512 ejus.
2602 3444 2754 3512 Quod
2791 3453 2967 3500 tamen
3003 3461 3111 3500 non
3161 3446 3228 3500 ab
3275 3445 3360 3502 his
3388 3449 3485 3518 qui
3518 3449 3579 3502 in
3625 3454 3869 3520 profectu

2278 3542 2404 3588 sunt
2435 3535 2578 3601 vitm,
2609 3536 2693 3589 vel
2719 3537 2810 3606 qui
2835 3535 2947 3603 jam
2974 3535 3039 3590 ad
3081 3537 3472 3607 perfectionem
3503 3542 3761 3606 tendunt,
3785 3544 3869 3599 sed

2279 3629 2346 3680 ab
2378 3628 2460 3682 his
2483 3629 2574 3697 qui
2608 3643 2638 3681 a
2663 3629 3387 3697 primastatimconfessione
3410 3630 3731 3698 initiantur,
3761 3634 3868 3691 fieri

2280 3719 2433 3774 solet.
2479 3721 2538 3774 lu
2567 3722 2668 3776 hoc
2717 3730 2897 3775 autem
2940 3723 3236 3787 renuntiat,
3275 3722 3414 3776 sicut
3448 3726 3712 3793 superius
3740 3728 3865 3782 disi-

2279 3829 2423 3878 mus,
2459 3815 2621 3868 etiam
2657 3817 2768 3883 ipse
2800 3815 2901 3869 sibi
2935 3816 3114 3880 homo,
3143 3817 3194 3870 id
3225 3824 3331 3880 est,
3365 3817 3410 3871 si
3439 3819 3620 3886 priori
3652 3835 3868 3873 consue-

2283 3906 2452 3958 tudini
2477 3921 2588 3960 suze
2601 3907 2684 3961 vel
2707 3907 2830 3961 vitae
2848 3907 3139 3972 renuntiet,
3159 3916 3252 3961 aut
3267 3909 3433 3963 etiam
3463 3909 3724 3964 moribus
3749 3913 3864 3966 suis.

2280 3996 2365 4050 vel
2386 3997 2837 4053 delectationibus
2892 3999 3074 4054 saeculi
3120 3998 3299 4068 hujus,
3333 4000 3428 4055 sed
3456 4011 3514 4054 et
3541 4004 3868 4071 consangui-

2281 4086 2440 4140 nitati
2509 4089 2815 4156 corporali;
2855 4088 2931 4142 illi
2987 4089 3223 4144 maxime
3270 4105 3390 4159 quae
3440 4091 3723 4159 impedire
3768 4093 3868 4158 ejus

2281 4178 2615 4248 propositum
2666 4189 2844 4249 potest
2869 4198 2882 4234 :
2913 4189 2969 4234 et
2999 4189 3253 4250 parentes
3310 4181 3532 4250 quidem
3568 4200 3671 4238 eos
3698 4188 3792 4254 qui
3820 4201 3870 4238 se

2285 4269 2339 4322 in
2381 4268 2597 4324 Christo
2638 4269 2765 4325 Jesu
2814 4285 2912 4340 per
2956 4271 3307 4340 Evangelium
3335 4284 3678 4342 genuerunt,
3713 4275 3871 4345 magis

2285 4360 2534 4430 putabit;
2588 4360 2783 4416 fratres
2817 4371 2996 4417 autem
3042 4377 3136 4418 eos
3162 4363 3254 4433 qui
3282 4363 3537 4419 eumdem
3569 4367 3872 4438 adoptionis

2287 4451 2535 4519 spiritum
2605 4461 3016 4522 susceperunt:
3064 4454 3436 4523 possessiones
3491 4470 3633 4512 vero
3697 4472 3874 4512 omnes

592 4544 769 4599 neque
790 4529 919 4598 quid
946 4529 1165 4583 virtutis
1191 4530 1348 4591 desit,
1391 4532 1654 4602 agnoscit.
1690 4534 1873 4604 Neque
1896 4536 2184 4594 discretio-
2207 4579 2263 4637 D
2289 4544 2452 4598 simul
2478 4560 2508 4597 a
2535 4560 2592 4600 se
2619 4545 2768 4601 ducit
2801 4545 3029 4601 alienas.
3061 4546 3128 4601 Et
3157 4555 3217 4601 ut
3267 4546 3515 4602 breviter
3541 4548 3777 4620 dicam}
3798 4552 3875 4605 hic

591 4635 717 4674 nem
737 4618 938 4674 habere
959 4621 1158 4688 poterit
1186 4621 1237 4675 in
1263 4635 1488 4690 operum
1515 4624 1798 4694 qualitate,
1824 4643 1922 4698 pro
1950 4645 2014 4684 eo
2037 4632 2180 4699 quod

591 4711 851 4781 operandi
878 4713 1101 4765 materia
1130 4715 1307 4770 omnis
1328 4715 1548 4771 exclusa
1576 4718 1667 4771 sit.
1697 4718 1756 4772 In
1784 4736 1892 4790 quo
1912 4723 2059 4776 enim
2082 4725 2181 4778 hu-

596 4802 881 4858 militatem
908 4817 1060 4857 suam
1089 4803 1367 4872 probabit,
1416 4807 1688 4862 neminem
1728 4809 1935 4866 habens
1961 4813 2046 4866 cui
2078 4813 2181 4868 hu-

596 4895 779 4950 milem
825 4909 884 4949 se
926 4894 1168 4964 przebcre
1217 4896 1443 4951 debeat?
1492 4899 1548 4952 In
1597 4916 1704 4970 quo
1756 4903 2179 4959 misericordiam

597 4987 994 5043 demonstrabit
1036 4987 1199 5041 totius
1237 4991 1496 5044 consortii
1541 4999 1597 5046 et
1634 4992 1909 5050 societatis
1937 4996 2185 5052 alienus?

526 5091 559 5176 δι
593 5079 676 5134 Ad
701 5079 1018 5147 patientiam
1045 5093 1171 5131 vero
1195 5080 1465 5148 quomodo
1488 5082 1722 5152 scipsum
1746 5087 2042 5153 exercebit,
2067 5087 2187 5142 nul-

595 5169 706 5222 lum
731 5169 935 5225 habens
960 5169 1054 5238 qui
1082 5169 1336 5224 videatur
1371 5169 1489 5239 ejus
1525 5173 1896 5232 voluntatibus
1924 5179 2187 5236 obviare?

597 5260 656 5314 Si
686 5263 807 5330 quis
851 5273 1032 5317 autem
1069 5261 1215 5316 dicat
1244 5261 1493 5319 sufficere
1541 5266 1644 5322 sibi
1685 5269 1993 5324 doctrinam
2035 5272 2185 5328 Scri-

597 5359 770 5421 pturae
798 5362 852 5408 et
879 5353 1174 5424 apostolica
1199 5364 1470 5426 prrecepta
1509 5359 1575 5412 ad
1615 5361 2047 5419 emendationem
2073 5381 2188 5420 mo-

601 5456 721 5497 rum
743 5444 1016 5514 vitamque
1041 5443 1398 5511 formandam,
1417 5447 1594 5505 simile
1623 5451 1754 5505 mihi
1781 5452 1984 5524 aliquid
2008 5455 2188 5513 facere

567 5533 813 5600 ,videtur
857 5535 940 5590 his
969 5538 1062 5606 qui
1103 5553 1317 5608 semper
1360 5539 1553 5597 fabrile
1595 5543 1884 5600 artificium
1935 5549 2183 5614 discunt,

571 5614 878 5695 nunquam
917 5633 1096 5682 tamen
1140 5627 1496 5686 fabrifaciuut
1539 5647 1711 5703 opus,
1754 5635 1838 5690 vel
1877 5638 1962 5694 his
1999 5643 2090 5711 qui
2133 5645 2189 5700 in

605 5722 940 5772 structorum
971 5728 1088 5772 arte
1118 5736 1332 5791 semper
1361 5723 1654 5806 docentur,
1703 5743 1978 5799 nunquam
2010 5742 2189 5792 tamen

606 5800 938 5860 mdificandas
965 5804 1156 5862 domus
1182 5800 1656 5879 operamdabunt.
1683 5813 1820 5873 Ecce
1844 5818 1986 5874 enim
2012 5829 2066 5876 et
2085 5822 2188 5879 Do-

2287 4634 2373 4689 cui
2395 4651 2495 4705 pro
2515 4635 2733 4692 Christo
2754 4638 2987 4693 mundus
3010 4639 3188 4694 omnis
3208 4637 3512 4694 crucifixus
3542 4652 3663 4708 est,
3697 4652 3756 4698 et
3777 4643 3873 4712 ipsi:

2287 4730 2508 4795 mundo,
2561 4733 2831 4800 quomodo
2881 4741 3058 4804 potest
3086 4749 3277 4789 servus
3307 4733 3445 4790 cllici
3482 4740 3877 4809 cogitationum

2287 4828 2344 4875 et
2374 4821 2795 4877 sollicitudinum
2815 4827 3000 4881 mundi
3023 4843 3038 4892 ;
3073 4842 3196 4882 cum
3219 4827 3482 4884 Dominus
3501 4829 3716 4899 jubeat
3736 4836 3878 4890 etiam

2289 4911 2526 4966 animam
2557 4913 2729 4984 ipsam
2781 4916 3154 4986 abnegandam
3186 4934 3306 4975 esse
3332 4937 3432 4991 pro
3489 4925 3600 4978 se?
3642 4926 3882 4982 Perfecta

2292 5002 2476 5074 itaque
2527 5018 2609 5061 est
2651 5009 2938 5081 abnegatio
2965 5012 3018 5066 iu
3074 5029 3159 5078 eo,
3192 5026 3252 5069 ut
3281 5017 3653 5086 passionibus
3682 5026 3888 5096 penitus

2297 5105 2501 5161 careat,
2530 5098 2656 5153 dum
2687 5102 2862 5156 adhuc
2889 5103 2945 5158 in
2985 5119 3212 5176 corpore
3247 5117 3352 5163 est.
3405 5109 3517 5165 Sed
3553 5113 3692 5170 haec
3719 5117 3890 5185 incipit

2294 5201 2456 5256 agere
2499 5190 2567 5243 ab
2621 5189 2705 5246 his
2743 5193 2921 5263 primo
2977 5212 3099 5266 quae
3125 5198 3474 5254 extrinsecus
3510 5215 3682 5269 sunt,
3718 5207 3770 5260 id
3793 5215 3887 5263 est.

2294 5291 2324 5329 a
2358 5279 2723 5348 passionibus,
2756 5284 2841 5340 vel
2869 5286 3016 5342 inani
3042 5288 3236 5358 gloria,
3268 5298 3325 5345 et
3363 5292 3409 5347 si
3445 5310 3576 5363 qua:
3639 5311 3770 5353 sunt
3794 5299 3890 5352 alia

2293 5369 2516 5438 similia,
2548 5381 2609 5428 ut
2637 5374 2706 5429 ab
2735 5375 2820 5430 his
2859 5379 3093 5449 primum
3117 5381 3386 5439 efliciatur
3417 5385 3674 5446 alienus.
3702 5393 3772 5448 Et
3800 5394 3894 5448 hoc

2295 5471 2380 5518 est
2415 5466 2557 5534 quod
2585 5482 2686 5522 nos
2732 5468 3037 5528 docuerunt
3086 5477 3316 5546 apostoli
3365 5476 3617 5538 Iacobus
3649 5496 3713 5541 et
3742 5486 3898 5542 Joan-

2295 5571 2414 5622 nes,
2455 5560 2546 5629 qui
2599 5561 2936 5633 reliquerunt
2987 5576 3196 5637 patrem
3244 5587 3402 5629 suum
3447 5575 3820 5646 Zcbedenm,
3850 5591 3899 5634 et

2293 5663 2486 5704 navem
2531 5649 2702 5720 ipsam
2751 5653 2804 5708 in
2859 5671 2963 5726 qua
2994 5670 3154 5717 erant
3190 5662 3384 5734 (Marc.
3410 5665 3473 5736 ι).
3513 5667 3639 5726 Sed
3671 5684 3733 5729 et
3774 5673 3900 5729 lat-

2292 5738 2464 5840 :bmllS
2505 5740 2818 5814 relinquens
2863 5751 3114 5823 vectigal,
3158 5764 3213 5808 et
3237 5771 3488 5826 surgens,
3542 5774 3622 5817 ac
3655 5780 3902 5840 sapiens

2295 5828 2578 5890 Dominum
2627 5833 2839 5907 (Matth.
2869 5843 2988 5913 ut);
3048 5847 3139 5915 qui
3167 5863 3272 5905 non
3317 5849 3493 5907 solum
3543 5828 3902 5919 lucra-rei}
