4004 6328
180 363 278 426 b9?

835 371 1062 431 CODEK
1092 369 1555 435 REGULARUM.
1577 365 1665 418 :—
1700 377 1878 435 PARS
1914 378 1955 434 l.
1996 378 2299 438 REGULIE
2337 379 2443 436 PP.
2483 380 2757 439 ORIENT.

3314 393 3421 453 I98

181 491 363 548 querat
411 491 778 551 vectigalium,
816 485 912 540 sed
955 495 1011 542 et
1064 487 1363 557 periculum
1401 496 1740 559 contempse-
1764 488 1898 550 Ain
1947 501 2187 548 sanctam
2250 495 2587 562 doctrinam;
2619 497 2715 552 sed
2743 499 2885 553 sicut
2934 500 3197 560 Dominus
3234 514 3423 563 noster

184 581 289 635 rat;
320 570 460 639 quod
491 574 678 643 utique
714 583 930 644 poterat
969 580 1189 635 evenire
1219 594 1249 633 a
1271 579 1608 650 principibus
1641 594 1742 634 sae-

183 660 305 726 culi,
335 676 432 730 pro
459 677 524 717 eo
553 665 695 733 quod
716 665 1061 738 vectigalium
1111 669 1352 726 rationes
1396 669 1743 741 imperfectas

181 760 334 821 atque
363 753 751 824 incompositus
787 758 1111 829 reliquisset.
1141 760 1221 816 lta
1249 773 1428 818 autem
1449 765 1744 835 cupiditate

178 845 429 914 sequendi
454 846 742 902 Dominum
789 849 982 906 ductus
1033 862 1136 919 est,
1169 863 1230 907 ut
1282 855 1488 910 nullum
1519 870 1744 926 prorsus

178 936 334 1006 hujus
367 939 491 994 vita:
519 951 824 1012 respectum
871 945 956 1000 vel
980 947 1364 1018 cogitationem
1389 951 1608 1006 sibimet
1629 966 1744 1006 ser-

176 1029 395 1084 vaverit.
433 1029 585 1097 Quod
637 1042 814 1089 autem
847 1051 1021 1106 neque
1066 1039 1132 1092 ad
1159 1037 1384 1096 affectus
1431 1051 1740 1111 parentum,

177 1121 220 1176 si
249 1123 602 1179 adversantur
657 1126 954 1185 Dominicis
995 1132 1302 1200 praeceptis,
1361 1146 1538 1202 neque
1567 1135 1632 1188 ad
1661 1133 1742 1187 ul-

175 1211 278 1268 lam
315 1213 548 1284 aliquam
576 1216 866 1273 humanam
907 1219 1321 1278 delectationem
1371 1233 1622 1293 oporteat
1643 1225 1742 1279 ali-

175 1317 326 1372 quem
379 1306 670 1374 respicere,
721 1317 778 1364 et
811 1325 910 1380 per
956 1312 1058 1366 hoc
1085 1314 1152 1368 ab
1196 1329 1262 1369 eo
1285 1318 1429 1384 quod
1458 1319 1742 1387 proposuit

174 1395 434 1465 impediri,
469 1397 728 1454 Dominus
751 1401 960 1466 edocet,
993 1403 1180 1459 dicens
1210 1423 1222 1458 :
1257 1403 1316 1459 Si
1351 1407 1468 1475 quis
1509 1423 1632 1477 ergo
1657 1425 1740 1462 ve-

172 1487 300 1540 nerit
340 1488 407 1540 ad
433 1504 532 1554 me,
594 1497 769 1556 etnon
816 1492 921 1545 odit
965 1503 1167 1562 patrem
1219 1511 1375 1548 suum
1419 1505 1466 1548 et
1515 1508 1738 1552 matrem

168 1594 335 1641 suam,
363 1587 411 1632 et
449 1595 665 1634 uxorem
720 1591 769 1636 et
821 1581 983 1651 ﬁlios,
1012 1594 1062 1638 et
1105 1585 1298 1654 fratres
1330 1596 1378 1639 et
1405 1603 1631 1653 sorores,
1657 1590 1740 1642 in-

167 1686 321 1740 super
339 1681 386 1726 et
422 1673 653 1728 animam
694 1692 868 1741 suam,
905 1693 1010 1730 non
1038 1687 1203 1747 potest
1239 1695 1385 1732 meus
1424 1696 1532 1733 esse
1579 1681 1739 1735 disci-

169 1761 321 1830 pulus
357 1763 506 1833 (Luc.
543 1765 676 1837 XIV).
706 1767 860 1834 Quod
885 1777 966 1823 est
991 1769 1168 1824 simile
1213 1771 1290 1825 illi
1327 1772 1469 1841 quod
1496 1773 1653 1840 dixit,
1677 1783 1736 1829 ut

139 1923 142 1926 q
168 1856 392 1928 deneget
419 1859 543 1928 quis
568 1861 823 1931 seipsum.

647 1951 1158 2010 INTERROGATIO
1184 1954 1250 2009 ν.

163 2034 226 2090 Si
241 2048 442 2123 .op-ortet
477 2058 596 2096 eum
635 2044 723 2112 qui
750 2044 910 2123 servis
938 2044 1039 2123 Dei
1060 2047 1252 2123 sociari
1286 2048 1414 2114 vult,
1434 2051 1738 2123 _relinquere

233 2108 594 2232 indi/ferequer
622 2108 928 2184 propinquis
957 2117 1067 2169 suis
1098 2108 1736 2189 portionem'facultatum

237 2194 452 2232 suarum

237 2194 452 2232 suarum

234 2266 390 2323 Rssr.
442 2271 668 2327 Domino
704 2273 953 2330 dicente:
1000 2275 1170 2331 Vende
1225 2281 1401 2334 omnia
1453 2282 1587 2336 bona
1618 2294 1732 2350 tua,

152 2366 211 2410 et
247 2358 313 2411 da
339 2362 674 2430 pauperibus,
725 2374 773 2417 et
801 2367 1009 2420 habebis
1059 2361 1362 2424 thesaurum
1413 2372 1468 2425 in
1495 2374 1654 2439 caelis,
1685 2384 1735 2428 et

151 2448 294 2511 veni,
336 2466 547 2519 sequere
598 2470 678 2507 me
719 2454 870 2525 (Luc.
928 2459 1126 2529 xvln);
1183 2469 1237 2515 et
1272 2462 1467 2518 iterum
1514 2482 1526 2518 :
1601 2464 1736 2521 Ven-

153 2537 266 2592 dite
285 2541 457 2592 omnia
483 2557 601 2611 quae
631 2543 855 2611 habetis,
887 2556 934 2600 et
960 2548 1080 2603 date
1132 2550 1517 2624 eleemosynam
1576 2554 1728 2625 (Luc.

153 2625 302 2696 xu);
339 2629 576 2685 arbitror
627 2635 840 2702 quidem
883 2639 1025 2707 quod
1068 2640 1115 2695 is
1157 2642 1246 2711 qui
1304 2645 1512 2699 accedit
1541 2647 1607 2700 ad
1638 2645 1732 2702 Dei

154 2718 458 2785 servitium,
501 2738 604 2777 non
630 2724 824 2781 debeat
853 2739 1199 2789 contemnere
1232 2743 1287 2789 et
1317 2746 1377 2790 ut
1403 2736 1534 2791 libet
1564 2738 1730 2793 relin-

159 2825 328 2880 quere
354 2826 417 2867 ea
439 2830 560 2884 quae
582 2817 682 2873 sibi
714 2831 1057 2892 competunt;
1092 2827 1188 2881 sed
1229 2836 1400 2884 tentet
1455 2832 1656 2896 omnia,
1685 2831 1732 2886 si

150 2899 275 2953 ﬁeri
306 2911 498 2970 potest,
550 2922 672 2962 cum
712 2925 922 2966 summa
967 2915 1244 2986 diligentia
1281 2929 1575 2991 assumpta,
1612 2930 1732 2976 tan-

149 3005 317 3060 quam
367 3007 428 3050 ea
477 3013 598 3066 qua:
637 3000 749 3070 jam
798 3003 1025 3060 Domino
1069 3019 1280 3064 sacrata
1334 3020 1496 3078 sunt,
1563 3029 1734 3084 quan-

155 3094 276 3139 tum
325 3088 439 3143 fieri
482 3099 659 3160 potest
713 3091 1106 3153 rationabiliter
1157 3102 1516 3172 dispensare:
1554 3106 1731 3160 sciens

153 3171 286 3244 quia
324 3193 428 3233 non
485 3192 570 3236 est
604 3185 809 3254 absque
859 3189 1098 3258 periculo
1132 3191 1186 3244 in
1237 3208 1400 3262 opere
1442 3193 1537 3249 Dei
1571 3209 1731 3266 agere
1759 3211 1805 3274 ρ

152 3267 490 3339 negligenter
514 3271 651 3343 (Jer.
675 3285 888 3347 mnu).
926 3277 984 3332 Si
1019 3295 1148 3336 vero
1194 3285 1480 3355 propinqui
1509 3285 1626 3355 ejus
1648 3288 1732 3342 vel

149 3373 410 3430 parentes
433 3372 621 3420 contra
650 3366 808 3422 ﬁdem
837 3370 1080 3438 veniant,
1109 3373 1267 3430 debet
1301 3393 1517 3432 rursum
1545 3380 1734 3434 memi-

150 3453 306 3508 nisse
355 3453 566 3512 Domini
617 3459 886 3517 dicentis:
918 3463 1056 3529 Quia
1089 3484 1192 3522 non
1229 3481 1304 3522 est
1351 3472 1439 3540 qui
1467 3470 1733 3542 reliquerit

149 3546 392 3612 domum,
429 3558 516 3602 aut
566 3550 780 3620 fratres,
809 3563 899 3608 aut
943 3567 1166 3626 patrem,
1201 3570 1291 3613 aut
1343 3571 1580 3625 matrem,
1637 3572 1731 3616 aut

154 3651 406 3701 uxorem,
437 3649 524 3691 aut
556 3641 712 3708 filios,
764 3654 855 3698 aut
877 3663 1033 3717 agros
1081 3661 1292 3720 propter
1321 3669 1422 3718 me,
1453 3661 1500 3706 et
1522 3663 1734 3724 propter

155 3723 529 3796 Euangelium,
553 3732 642 3800 qui
665 3749 768 3787 non
813 3737 1040 3806 accipiat
1083 3739 1380 3811 centuplum
1407 3743 1462 3796 in
1489 3723 1733 3812 prtrsenti

146 3823 401 3881 tempore,
435 3827 484 3872 et
509 3819 562 3874 in
590 3820 772 3890 futuro
809 3826 1004 3880 steculo
1034 3827 1193 3882 vitam
1227 3841 1476 3886 (eternam
1509 3833 1727 3903 (Matth.

141 3902 295 3976 xxx).
337 3906 717 3969 Verumtamen
760 3926 975 3986 oportet
1021 3935 1145 3974 eum
1188 3922 1274 3976 his
1325 3925 1414 3993 qui
1463 3925 1567 3979 sibi
1613 3941 1732 3995 qua:

147 4009 258 4050 sua
294 4008 418 4054 sunt
455 4002 724 4076 denegant
755 4016 808 4062 et
838 4011 1120 4078 resistunt,
1149 4022 1203 4068 et
1231 4015 1467 4071 desidem
1505 4017 1729 4087 faciunt,

139 4093 439 4160 protestari
468 4102 524 4150 et
549 4098 866 4156 denuntiare
918 4103 1043 4172 quia
1089 4107 1360 4178 sacrilegii
1415 4110 1619 4163 crimen
1651 4111 1732 4164 in-

141 4192 398 4248 currunt,
465 4190 764 4244 secundum
830 4195 1143 4248 mandatum
1198 4196 1410 4250 Domini
1460 4199 1726 4256 dicentis:

139 4275 311 4341 Quod
331 4279 377 4332 si
400 4291 576 4348 peccat
602 4283 657 4336 in
686 4293 734 4338 te
756 4284 922 4355 frater
959 4297 1102 4352 tuus,
1133 4297 1180 4341 et
1209 4305 1369 4359 argue
1394 4307 1535 4355 eum,
1563 4299 1618 4344 et
1646 4307 1732 4345 re-

134 4367 301 4437 liqua
357 4368 572 4441 (Matth.
612 4374 789 4446 xvnt).
846 4373 1058 4431 Judicio
1105 4391 1232 4433 vero
1272 4379 1506 4448 experiri
1556 4379 1730 4436 dehis

139 4459 304 4527 apud
354 4457 567 4526 judices
607 4464 808 4531 seculi,
867 4467 1056 4521 abnuit
1094 4469 1366 4539 religionis
1411 4471 1726 4537 auctoritas,

1843 581 2002 638 Jesus
2023 582 2274 641 Christus
2288 584 2546 652 juvenem
2574 587 2725 642 illum
2764 590 2858 659 qui
2895 590 2964 645 ad
2995 608 3054 648 se
3082 605 3307 651 venerat
3333 598 3419 652 in-

1845 677 2139 746 terrogavit
2167 677 2233 732 de
2257 680 2439 748 priore
2480 683 2589 736 vita
2616 699 2735 751 sua,
2768 694 2969 742 etcum
2999 687 3241 745 audisset
3293 691 3421 761 quia

1843 777 1990 824 recte
2030 778 2303 826 transacta
2359 782 2524 839 esset,
2573 777 2717 845 quod
2754 778 2942 834 deerat
2964 784 3014 836 ei
3039 784 3297 853 praecepit
3327 783 3423 839 ad-

1844 859 2086 929 implere,
2145 870 2200 915 et
2228 865 2302 916 ita
2353 864 2572 920 demum
2627 866 2789 936 jussit
2841 885 2965 926 eum
3018 873 3173 943 sequi
3201 889 3303 930 se:
3345 875 3421 929 ita

1843 950 2010 1006 etiam
2067 966 2172 1006 non
2227 964 2440 1023 oportet
2489 957 2763 1028 inquirere
2793 961 2859 1016 de
2912 965 3186 1032 praeterita
3225 965 3335 1020 vita
3367 973 3423 1020 et

1841 1047 2274 1112 conversatione,
2311 1063 2378 1103 ne
2407 1048 2548 1104 forte
2600 1053 2850 1109 simulata
2881 1057 3002 1125 quis
3030 1066 3211 1113 mente
3239 1067 3294 1113 et
3324 1057 3422 1112 fal-

1842 1134 1944 1190 laci
1975 1136 2156 1190 animo
2184 1140 2406 1194 accedat
2424 1142 2490 1196 ad
2517 1157 2635 1196 nos.
2695 1144 2847 1211 Quod
2882 1146 2957 1200 ita
2989 1149 3203 1202 demum
3232 1148 3421 1218 digno-

1841 1225 2031 1290 scitur,
2061 1226 2105 1280 si
2133 1226 2290 1282 facile
2330 1245 2546 1285 omnem
2578 1233 2818 1289 laborem
2852 1239 3098 1306 corporis
3122 1239 3213 1308 qui
3242 1237 3420 1308 injun-

1841 1315 1987 1383 gitur
2016 1315 2178 1380 ferat,
2215 1325 2271 1371 et
2296 1320 2363 1374 ad
2402 1322 2814 1394 castigationem
2859 1327 2985 1381 vita:
3033 1344 3234 1398 pronus
3263 1330 3418 1385 incli-

1842 1413 2036 1471 natur;
2093 1408 2177 1461 vel
2230 1409 2274 1463 si
2315 1411 2476 1465 etiam
2514 1413 2766 1470 delictum
2815 1416 3030 1488 aliquod
3080 1436 3258 1486 suum,
3295 1438 3419 1476 cum

1841 1495 2208 1566 interrogatus
2237 1497 2422 1565 fuerit,
2451 1518 2790 1573 nequaquam
2818 1511 3172 1578 pronuntiare
3201 1511 3421 1566 confun-

1839 1589 2005 1654 ditur,
2049 1598 2103 1643 et
2134 1591 2400 1646 medelam
2442 1593 2623 1650 delicti
2656 1613 2776 1668 quae
2811 1599 3050 1655 adhibita
3098 1602 3261 1657 fuerit
3296 1621 3420 1674 gra-

1840 1687 2021 1734 tanter
2055 1683 2338 1736 assumit:
2393 1692 2448 1738 et
2473 1685 2520 1739 si
2550 1685 2619 1740 ad
2650 1702 2867 1742 omnem
2911 1689 3268 1747 humilitatem
3295 1693 3419 1748 abs-

1840 1787 1944 1840 que
1965 1771 2072 1825 ulla
2102 1775 2429 1828 verecundia
2457 1776 2764 1844 inclinatur,
2795 1796 2858 1835 ac
2886 1780 3165 1838 vilioribus
3188 1791 3242 1838 et
3271 1785 3420 1852 abje-

1767 1843 1813 1902 Β
1841 1861 2102 1915 ctiuribus
2146 1863 2414 1930 artiﬁciis,
2463 1867 2509 1920 si
2548 1867 2622 1922 ita
2655 1870 2795 1923 ratio
2825 1873 3152 1940 poposcerit,
3187 1875 3326 1928 tradi
3358 1891 3418 1931 se

1837 1963 1946 2002 non
1978 1953 2207 2021 accipiat
2245 1965 2621 2022 aspernanter.
2656 1959 2788 2014 Cum
2828 1976 2958 2031 ergo
2985 1979 3049 2017 ex
3081 1965 3163 2018 his
3193 1965 3418 2036 singulis

1839 2041 2176 2098 documentis
2207 2044 2370 2100 fuerit
2416 2053 2798 2117 comprobatus
2846 2055 2971 2123 quia
3017 2055 3174 2110 ﬁrma
3213 2066 3414 2123 mente,

1838 2140 1892 2186 et
1922 2134 2102 2188 stabili
2149 2136 2395 2201 consilio,
2427 2154 2490 2193 ac
2515 2151 2764 2212 prompto
2793 2145 2976 2198 animo
3013 2148 3104 2212 sit,
3138 2157 3265 2202 tunc
3293 2165 3416 2204 sus-

1837 2224 1943 2293 cipi
1975 2228 2105 2280 eum
2136 2227 2312 2284 decet.
2342 2229 2502 2287 Prius
2529 2244 2706 2288 autem
2755 2251 2918 2305 quam
2973 2242 3187 2308 corpori
3218 2241 3419 2297 frater-

1837 2314 2022 2369 uitatis
2049 2316 2338 2384 inseratur,
2392 2332 2608 2390 oportet
2632 2324 2681 2378 ei
2733 2326 2936 2396 injungi
2972 2332 3219 2397 quaedam
3263 2331 3417 2387 labo—

1836 2407 1978 2462 riosa
2034 2422 2223 2478 opera,
2274 2419 2329 2465 et
2353 2427 2474 2481 quae
2504 2415 2794 2470 videantur
2831 2421 3121 2488 opprobrio
3167 2422 3356 2477 haberi
3384 2439 3416 2478 a

1837 2502 2227 2569 Stecularibus;
2269 2514 2325 2560 et
2381 2508 2658 2564 observari
2713 2522 2927 2581 oportet
2970 2517 3015 2568 si
3042 2515 3273 2572 libenter
3300 2517 3418 2575 haec

1835 2603 1891 2647 et
1928 2593 2099 2650 libere
2147 2612 2213 2652 ac
2251 2597 2483 2653 ﬁdeliter
2512 2602 2744 2671 expleat,
2784 2619 2884 2659 nec
2927 2607 3299 2664 confusionem
3324 2623 3418 2663 eo-

1836 2700 1955 2738 rum
1978 2687 2215 2756 graviter
2240 2688 2417 2745 ferat:
2473 2692 2558 2747 vel
2589 2695 2755 2750 etiam
2782 2697 2826 2751 si
2863 2697 2917 2752 in
2967 2697 3148 2754 labore
3189 2700 3417 2772 impiger

1836 2777 2144 2834 inveniatur
2181 2791 2236 2836 et
2259 2793 2559 2854 promptus.

2298 2915 2366 2971 IN
2371 2917 2815 2978 TERROGATIO
2843 2923 2951 2979 Vll.

1836 3004 1922 3059 Ea:
1947 3023 2057 3085 qua
2086 3017 2247 3085 rctate
2309 3022 2506 3085 oportet
2552 3015 2895 3084 nosmetipsos
2939 3016 3127 3085 οπεηέ
3156 3015 3262 3071 Deo
3286 3031 3305 3070 :
3334 3019 3417 3072 vel

1908 3079 2222 3157 virginitatis
2253 3079 2629 3157 professionem
2657 3079 2869 3155 quando
2901 3079 3098 3157 oportet
3119 3088 3326 3156 ﬁrmam
3351 3105 3415 3143 ac

1909 3149 2144 3202 stabilem
2163 3149 2403 3219 judica’ri
2427 3153 2453 3205 ?

1905 3240 2067 3298 Resp.
2110 3243 2334 3300 Dicente
2382 3245 2649 3304 Domino:
2693 3249 2865 3306 Sinite
2889 3250 3119 3320 infantes
3141 3254 3313 3308 venire
3343 3253 3414 3307 ad

1832 3350 1914 3388 me
1939 3333 2092 3406 (Luc.
2124 3336 2322 3408 xvnt);
2361 3347 2414 3392 et
2449 3341 2691 3409 apostolo
2738 3340 2905 3397 Paulo
2931 3343 3266 3398 collaudante
3287 3359 3414 3398 eum

1832 3426 1924 3495 qui
1951 3427 2018 3481 ab
2049 3426 2274 3484 infantia
2306 3445 2496 3486 sacras
2528 3432 2740 3488 litteras
2781 3434 3080 3499 didicisset,
3108 3443 3165 3489 et
3194 3450 3413 3490 rursum

1831 3517 2178 3587 praecipiente
2205 3521 2428 3575 educari
2473 3521 2611 3578 ﬁlios
2638 3524 2693 3578 in
2722 3524 2968 3580 doctrina
2991 3535 3047 3579 et
3071 3525 3412 3594 correptione

1832 3607 2084 3674 Domini;
2116 3623 2279 3665 omne
2329 3620 2540 3682 tempus
2584 3630 2615 3667 a
2641 3615 2817 3684 prima
2843 3624 3007 3670 :etate
3050 3624 3412 3687 opportunum

1833 3695 2052 3765 quidem
2101 3713 2224 3754 esse
2253 3700 2501 3757 ducimus
2537 3705 2606 3758 ad
2651 3705 3053 3774 suscipiendum
3083 3707 3330 3763 timorem
3358 3716 3415 3763 et

1832 3789 2188 3846 eruditionem
2239 3792 2497 3850 Domini:
2533 3796 2686 3852 ﬁrma
2738 3807 2918 3855 tamen
2973 3809 3100 3858 tunc
3150 3803 3253 3858 erit
3281 3818 3412 3873 pro.-

1831 3877 1996 3936 fessio
2024 3883 2377 3954 virginitatis,
2431 3903 2498 3943 ex
2529 3905 2636 3958 quo
2656 3890 2835 3946 adulta
2853 3892 2966 3963 jam
2989 3903 3120 3951 tetas
3161 3911 3282 3952 esse
3301 3911 3414 3953 caeo

1829 3977 1990 4046 perit,
2031 3988 2085 4034 et
2115 3995 2179 4035 ea
2210 3997 2330 4052 quae
2358 3983 2493 4039 solet
2521 3987 2722 4056 nuptiis
2767 3999 2889 4058 apta
2919 3990 3166 4060 deputari
3197 4007 3260 4048 ac
3286 4007 3414 4063 per-

1829 4068 1992 4124 fecta.
2021 4069 2249 4141 Oportet
2274 4083 2454 4130 tamen
2480 4076 2731 4144 infantes,
2761 4080 3038 4138 voluntate
3066 4091 3121 4138 et
3140 4098 3409 4140 consensu

1827 4170 2136 4232 parentum,
2168 4164 2277 4219 imo
2307 4165 2375 4220 ab
2425 4167 2559 4236 ipsis
2586 4170 2901 4237 parentibus
2932 4173 3162 4238 oblatos,
3200 4175 3300 4230 sub
3334 4185 3412 4230 te-

1829 4254 2083 4309 stimonio
2103 4255 2456 4324 plurimorum
2485 4261 2685 4331 suscipi
2709 4279 2723 4327 ;
2756 4272 2816 4317 ut
2842 4265 3019 4318 omnis
3046 4267 3262 4320 occasio
3291 4283 3408 4322 ma-

1829 4344 2009 4400 ledicti
2077 4349 2250 4417 gratia
2311 4351 2636 4406 excludatur
2692 4355 2969 4409 hominum
3021 4358 3405 4425 pessimorum.

1828 4434 2086 4490 Adhiberi
2147 4448 2327 4493 autem
2385 4443 2464 4496 eis
2517 4453 2729 4512 oportet
2757 4461 3022 4499 summam
3050 4447 3402 4515 diligentiam,

138 4563 258 4621 per
297 4550 349 4605 id
376 4554 520 4621 quod
545 4555 681 4610 dixit
705 4528 994 4628 Apostolus
1021 4576 1034 4612 :
1067 4528 1236 4613 Audet
1263 4561 1452 4631 aliquis
1480 4528 1727 4628 vestrum:
1753 4567 1804 4627 D
1830 4528 2168 4631 sint
2197 4530 2265 4628 at}
2285 4533 2686 4631 Olnne.vmuus
2711 4535 3027 4631 ciem?!"
3055 4540 3411 4608 promum"

132 4641 420 4710 negotium
451 4643 644 4700 habens
684 4647 932 4702 adversus
964 4648 1148 4715 alium,
1192 4651 1429 4721 judicari
1479 4653 1620 4723 apud
1648 4654 1731 4707 in-

128 4734 348 4801 iustos,
375 4745 421 4789 et
456 4726 559 4793 non
590 4739 730 4810 apud
757 4751 964 4795 sanctos
992 4741 1045 4813 (Ι
1081 4741 1205 4797 Cor.
1229 4743 1306 4816 vt)
1329 4745 1352 4798 ?
1381 4744 1448 4798 Et
1471 4761 1686 4800 rursum
1711 4765 1724 4800 :

125 4825 302 4892 Quia
322 4827 436 4896 jam
457 4831 666 4901 quidem
691 4835 903 4888 omnino
939 4835 1181 4890 delictum
1210 4845 1282 4891 est
1322 4837 1378 4891 in
1411 4837 1574 4903 vobis,
1603 4839 1728 4908 quia

121 4919 360 4987 judicia
393 4921 590 4979 habetis
609 4926 746 4979 inter
767 4942 854 4980 vos
883 4925 1092 4998 (lbid.).

614 5017 1128 5075 INTERROGATIO
1174 5021 1261 5076 Vl.

131 5101 199 5156 Si
236 5113 446 5172 oportet
481 5123 657 5185 omnes
685 5110 774 5185 qui
807 5110 1074 5185 inveniunt
1097 5112 1166 5185 ad
1188 5115 1612 5185 nosqsuscipere;
1635 5124 1728 5168 aut

206 5189 343 5296 inqu
392 5177 833 5299 probationefet
885 5181 1059 5251 qualis
1102 5183 1204 5236 ista
1269 5183 1411 5238 debet
1460 5177 1732 5256 esse-pro-

249 5259 366 5297 aio

249 5259 366 5297 auo

210 5334 391 5392 ἣκει).
431 5337 564 5395 Cum
587 5343 681 5399 Dei
709 5345 993 5402 clementia
1023 5360 1209 5402 omnes
1252 5355 1433 5415 vocet,
1456 5363 1554 5419 per
1585 5349 1729 5403 illam

137 5429 591 5510 medicationem
617 5453 721 5506 qua
771 5439 938 5494 dicit:
983 5438 1159 5493 Venite
1198 5440 1267 5493 ad
1305 5457 1408 5506 me,
1433 5457 1608 5494 omnes
1636 5442 1725 5512 qui

115 5503 410 5577 daboratis
447 5534 495 5578 et
519 5503 720 5582 onerati
757 5532 903 5596 estis,
929 5540 976 5584 et
999 5548 1090 5602 ego
1133 5532 1366 5602 reficiam
1391 5549 1479 5587 vos
1507 5531 1722 5604 (Matth.

105 5612 248 5683 ιι),
293 5628 398 5668 non
436 5625 518 5672 est
548 5619 751 5689 absque
781 5622 1091 5677 discrimine
1139 5622 1373 5691 abjicere
1419 5623 1726 5694 quempiam

105 5707 457 5762 venientem
488 5711 554 5766 ad
578 5727 694 5766 nos.
725 5712 1106 5770 Verumtamen
1137 5731 1309 5786 neque
1337 5716 1646 5781 immundis,
1669 5724 1730 5772 ut

106 5799 332 5865 aiunt,
359 5802 587 5871 pedibus
626 5805 1009 5876 indulgendum
1047 5819 1130 5864 est
1172 5809 1396 5863 introire
1421 5811 1724 5880 quempiam

1835 4615 2059 4677 institui,
2098 4623 2207 4670 tam
2239 4617 2293 4672 in
2349 4621 2514 4674 verbo
2540 4636 2701 4689 quam
2740 4623 2791 4677 in
2824 4624 3097 4681 intellectu
3139 4638 3194 4684 et
3219 4645 3403 4699 apere.

1834 4705 2105 4774 Quidquid
2132 4707 2184 4761 in
2209 4715 2396 4764 tenero
2422 4712 2544 4780 quis
2572 4721 2626 4767 et
2653 4728 2820 4783 parvo
2846 4717 3152 4785 inseruerit,
3196 4710 3411 4778 ﬁrmius.

1832 4803 1886 4849 et
1940 4798 2182 4852 tenacius
2233 4799 2585 4869 imposterum
2645 4808 3006 4864 conservabit.
3071 4811 3404 4883 lnjungenda

1831 4895 1916 4942 est
1933 4903 2064 4959 ergo
2084 4888 2371 4945 infantium
2415 4907 2544 4946 cura
2572 4894 2658 4949 his
2703 4898 2794 4964 qui
2841 4907 2967 4953 ante
2996 4903 3178 4957 omnia
3208 4903 3263 4956 in
3291 4904 3403 4958 vir-

1832 4987 1947 5034 tute
1967 4981 2245 5048 patientize
2297 4983 2618 5040 documenta
2649 4989 2732 5041 sui
2780 4989 3132 5059 probabiliter
3165 4994 3408 5062 pra-hue-

1828 5081 1955 5126 runt
1983 5091 1995 5126 :
2025 5074 2118 5143 qui
2147 5076 2355 5143 possint
2376 5092 2476 5146 pro
2505 5080 2698 5134 merito
2725 5081 2903 5136 delicti
2932 5090 2987 5137 et
3025 5084 3200 5138 aetatis
3228 5084 3410 5155 singu-

1832 5161 1899 5217 lis
1925 5164 2230 5234 quibusque
2286 5168 2448 5221 etiam
2501 5173 2861 5239 correptionis
2902 5174 3156 5228 adbibere
3185 5191 3404 5231 mensu-

1833 5268 1946 5307 ram
1976 5269 1990 5307 :
2018 5263 2073 5309 et
2110 5257 2202 5325 qui
2239 5270 2456 5314 servent
2482 5275 2576 5316 eos
2605 5263 2851 5330 proximo
2879 5265 3117 5318 omnium
3143 5281 3174 5318 a
3205 5281 3408 5324 sermo-

1831 5343 1992 5398 nibus
2016 5346 2226 5411 otiosis,
2248 5355 2300 5402 et
2331 5349 2398 5403 ab
2427 5349 2728 5416 iracundia,
2759 5362 2921 5422 atque
2955 5355 3024 5409 ab
3044 5355 3406 5417 incitamentis

1832 5434 1988 5504 gulae,
2031 5444 2139 5490 eta
2190 5440 2398 5494 cunctis
2449 5441 2819 5497 indecentibus
2870 5452 3034 5513 atque
3084 5447 3407 5509 inordinatis

1833 5527 2094 5583 moribus.
2131 5527 2187 5584 Si
2220 5545 2346 5586 vero
2375 5548 2495 5586 cum
2530 5535 2706 5588 :etatis
2731 5545 3020 5605 augmento
3044 5538 3220 5597 nullus
3251 5544 3302 5597 in
3325 5545 3407 5600 eis

1833 5622 2254 5693 deprehenditur
2306 5625 2580 5696 profectus
2614 5627 2914 5693 industriae,
2955 5631 3048 5685 sed
3091 5648 3227 5703 vaga
3250 5651 3407 5692 mens

1833 5726 1886 5771 et
1941 5717 2152 5771 animus
2205 5732 2390 5772 cassus
2450 5733 2513 5770 ac
2541 5726 2752 5772 tumens
2800 5720 2964 5774 etiam
3010 5732 3133 5793 post
3159 5725 3406 5782 instituta.

1832 5808 2127 5881 probabilia
2183 5808 2546 5865 infructuosus
2589 5812 2966 5880 permanserit,
3036 5814 3409 5886 hujuscemodt
