4004 6328
553 367 663 429 ω

1584 355 1645 413 8'.
1683 349 2061 411 BENEDIGTII
2083 345 2385 407 ABBATIS
2408 337 2827 404 ANIANENSis

556 482 719 555 abjict
746 486 981 554 oportet,
1034 485 1091 533 'et
1110 476 1357 532 maxime
1384 487 1508 531 cum
1572 468 1806 524 uvenilis
1824 466 2019 553 fervor
2045 480 2136 520 ru~
2160 464 2216 526 Λ
2238 468 2368 515 tunc
2393 458 2594 545 dicitur
2619 455 2815 525 dignus
2843 450 3333 553 eliectusnmtmet
3356 444 3473 516 ipse

559 552 683 630 dem
733 552 955 628 lacessit
1001 576 1238 625 atatem.
1266 594 1269 595 ν
1299 565 1500 620 Eorum
1530 575 1661 616 vero
1690 559 1785 629 qui
1824 552 1993 613 aetate
2025 555 2141 625 jam

558 666 785 723 robusta
833 661 1103 720 accedunt
1166 659 1237 714 ad
1289 655 1573 713 servitium
1630 651 1750 716 Dei,
1799 655 2013 719 oportet
2065 647 2142 702 im

557 758 803 827 quirere,
858 762 920 812 ut
945 753 1201 815 diximus,
1254 749 1572 820 qualitatem
1600 745 1727 800 vita:
1750 742 2058 813 praeteritae,
2086 746 2142 796 et

558 850 808 907 sullicere
837 848 1001 905 etiam
1033 846 1137 903 hoc
1165 844 1360 913 ipsum,
1387 840 1433 894 si
1456 839 1591 894 satis
1629 838 1898 891 instanter
1926 834 2030 887 hoc
2049 846 2143 886 ιιι-ν

556 949 773 1015 petunt,
803 950 862 996 et
880 940 929 995 si
955 952 1144 995 verum
1175 944 1229 990 et
1250 933 1451 988 ardens
1475 930 1803 987 desiderium
1845 936 1929 982 est
1953 938 2143 981 eorum

557 1014 691 1106 erga
713 1050 851 1106 opus
865 1032 983 1089 Dei.
1017 1024 1401 1097 Huiuscemodi
1428 1037 1559 1079 vero
1588 1020 1707 1076 ﬁeri
1724 1020 2051 1075 documenta
2074 1014 2146 1073 ab

558 1128 648 1183 his
666 1132 901 1196 oportet,
926 1123 1018 1192 qui
1043 1120 1203 1176 valde
1227 1117 1523 1188 prudenter
1550 1114 1616 1169 de
1636 1114 1721 1168 his
1745 1112 2015 1166 discutere
2043 1122 2144 1177 po-

559 1218 765 1274 tuerint
817 1225 873 1273 et
928 1212 1180 1282 probatae.
1238 1209 1373 1264 Cum
1403 1215 1583 1261 autem
1634 1203 1834 1259 fuerint
1882 1199 2143 1269 suscepti,

561 1312 610 1365 si
640 1311 780 1366 forte
824 1305 1160 1376 propositum
1189 1317 1346 1357 suum
1394 1298 1718 1371 transgressi
1772 1295 1993 1357 fuerint,
2043 1307 2145 1347 nec

558 1398 730 1455 videri
776 1413 872 1453 eos
910 1401 1123 1465 oportet
1174 1391 1438 1461 amplius,
1488 1398 1750 1458 tanquam
1800 1400 1895 1441 eos
1951 1385 2045 1453 qui
2086 1385 2144 1439 in

558 1491 732 1546 Deum
787 1489 1169 1559 deliquerunt;
1200 1499 1310 1555 quo
1343 1491 1482 1539 teste
1502 1479 1862 1537 confessionis
1892 1492 2003 1534 suae
2050 1492 2147 1547 pa-

558 1590 707 1638 ctum
732 1578 1059 1650 transgressi
1083 1584 1228 1631 sunt.
1277 1574 1395 1629 Etsi
1421 1571 1728 1643 peccaverit,
1763 1568 1958 1638 inquit,
1984 1568 2147 1620 homo

557 1681 615 1734 in
654 1679 916 1734 hominem
943 1717 959 1742 ,
988 1675 1215 1730 orabunt
1235 1689 1329 1744 pro
1359 1672 1471 1743 ipso
1499 1671 1569 1724 ad
1604 1671 1933 1724 Dominum:
1963 1668 2010 1721 si
2051 1682 2149 1719 au-

558 1785 662 1829 tem
721 1772 778 1825 in
837 1769 1006 1824 Deum
1069 1765 1379 1830 peccaverit,
1434 1764 1552 1835 quis
1610 1762 1779 1816 orabit
1841 1776 1937 1832 pro
1995 1775 2056 1813 eo
2092 1756 2145 1829 (I

558 1864 689 1935 Reg.
730 1863 797 1936 ιι)
817 1863 841 1916 i

1016 1948 1537 2007 INTERROGATIO
1565 1947 1696 2003 Vill.

562 2068 626 2123 Si
653 2076 853 2140 oportet
879 2085 997 2140 eum
1031 2067 1123 2138 qui
1150 2083 1220 2140 se,
1253 2067 1445 2140 piceae
1490 2062 1749 2140 religiosi?
1778 2060 1898 2140 vita:
1919 2060 2144 2129 dederit,

879 2133 1053 2193 etiam
1083 2133 1458 2191 continentiam
1497 2135 1772 2187 observare
1798 2133 1822 2185 Ρ

639 2232 799 2287 lisse.
845 2230 983 2299 Quia
1024 2230 1081 2284 in
1127 2228 1379 2284 omnibus
1422 2226 1733 2281 necessaria
1764 2224 1833 2278 sit
1862 2221 2146 2278 continen-

563 2324 661 2389 tia,
715 2322 1067 2378 manifestum
1117 2328 1224 2386 est,
1282 2321 1459 2390 primo
1502 2318 1744 2372 omnium
1796 2330 1955 2369 exeo
2004 2314 2150 2384 quod

561 2414 765 2469 Paulus
795 2415 938 2468 inter
967 2411 1179 2467 fructus
1210 2410 1447 2479 Spiritus
1476 2409 1649 2462 sancti
1680 2408 1843 2460 etiam
1872 2406 2151 2459 continett-

561 2509 696 2561 tiam
727 2506 974 2561 nominat
1001 2502 1233 2574 (Gal.v).
1268 2501 1407 2555 Tum
1443 2499 1636 2554 deinde
1693 2499 1857 2551 etiam
1881 2497 2148 2551 immacu-

558 2594 735 2652 latum)
754 2596 1115 2651 ministerium
1146 2607 1243 2663 per
1268 2593 1408 2647 hanc
1457 2591 1664 2645 servari
1690 2604 1850 2660 posse
1877 2588 2144 2658 designat,

560 2685 685 2747 cum
714 2684 890 2743 dicit:
927 2686 995 2740 In
1032 2684 1322 2749 laboribus,
1367 2685 1424 2737 in
1469 2682 1691 2752 vigiliis,
1724 2681 1780 2734 in
1809 2682 2060 2752 jejuniis,
2091 2683 2149 2736 in

561 2782 806 2835 castitate
847 2779 933 2852 (II
962 2778 1086 2834 Cor.
1121 2779 1219 2851 vl).
1270 2777 1338 2831 Et
1369 2777 1567 2831 iterum
1593 2776 1723 2830 alibi
1754 2793 1766 2828 :
1801 2774 1868 2829 In
1899 2774 2075 2830 labore
2100 2783 2149 2829 et

562 2875 897 2945 fatigatione,
946 2874 1004 2927 in
1046 2871 1238 2943 vigiliis
1269 2870 1468 2934 multis,
1515 2871 1572 2923 in
1610 2869 1749 2939 {ante
1771 2879 1817 2923 et
1856 2869 1967 2935 siti,
1998 2869 2050 2922 in
2067 2868 2149 2937 je-

554 2967 727 3038 juniis
748 2967 1046 3038 frequenter
1073 2964 1155 3038 (II
1188 2963 1310 3021 Cor.
1342 2966 1439 3031 ιι).
1474 2964 1541 3019 Et
1571 2965 1768 3019 iterum
1802 2983 1815 3018 :
1848 2962 2033 3019 Omnis
2057 2965 2149 3034 qui

559 3060 618 3115 in
639 3074 806 3129 agone
832 3057 1118 3119 contendit,
1160 3056 1225 3110 ab
1253 3057 1494 3112 omnibus
1517 3056 1786 3110 continens
1814 3065 1887 3110 est
1945 3054 1996 3127 (Ι
2021 3054 2145 3109 Cor.

561 3147 649 3220 ιι).
685 3150 753 3202 Ει
778 3147 1042 3204 rursum':
1082 3148 1297 3202 Macero
1341 3164 1530 3217 corpus
1584 3163 1781 3211 meum,
1817 3155 1867 3200 et
1913 3145 2149 3200 servituti

2243 556 2321 609 tio
2342 544 2644 622 temporum
2674 564 2706 605 a
2736 546 2860 603 cibo
2885 560 2945 603 se
2969 537 3691 615 continuissevperscribitur
3715 533 3800 607 (Il
3808 534 3835 588 ι

2242 648 2372 718 Reg.
2403 646 2544 718 χιιι).
2588 643 2695 698 Sed
2721 648 2778 696 et
2831 638 3073 694 Danielis
3104 646 3163 693 et
3196 635 3363 691 tritus
3388 645 3693 704 puerorum
3724 644 3837 683 me-

2244 745 2408 798 ritum
2438 743 2580 813 apud
2608 740 2802 803 Deum,
2827 751 2935 805 quo
2972 734 3040 789 de
3091 730 3345 787 omnibus
3382 726 3626 783 inimicis
3651 724 3842 779 suisd

2243 838 2313 892 de
2342 838 2458 907 ipso
2494 844 2727 906 tyranno
2755 829 3090 899 triumphum
3116 828 3385 895 ceperunt
3431 818 3600 890 (Dan.
3632 817 3703 890 ι),
3735 831 3843 871 non

2244 928 2465 983 aliunde
2493 926 2597 981 nisi
2636 940 2735 994 per
2761 914 3354 978 c’ontinentiamvenit.
3383 910 3621 968 Joannis
3658 916 3843 964 ante.

2244 1021 2426 1079 omnis
2462 1020 2576 1081 vita
2624 1014 2967 1072 continentia
3031 1009 3137 1067 fuit
3190 1006 3407 1080 (Matth.
3456 1004 3566 1075 nr).
3606 1002 3845 1058 Abh:

2243 1114 2408 1168 etiam
2434 1110 2696 1165 Dominus
2725 1102 3181 1162 manifestationis
3225 1114 3339 1155 sum
3367 1097 3523 1153 initia
3544 1094 3736 1166 prima
3756 1109 3844 1163 pa-

2247 1205 2434 1261 tefecit
2473 1202 2696 1274 (Matth.
2750 1200 2846 1270 tv).
2883 1194 3291 1254 Continentiam
3339 1202 3525 1246 autem
3582 1189 3844 1251 dicimus,

2247 1312 2356 1352 non
2384 1307 2551 1365 quoa
2599 1293 2722 1349 cibo
2770 1291 2990 1361 penitus
3043 1285 3428 1342 abstinendum
3475 1284 3576 1349 sit,
3603 1281 3723 1335 hoc
3769 1288 3844 1337 ei

2247 1387 2395 1442 enim
2421 1386 2590 1438 vitam
2617 1382 2883 1437 violenter
2923 1379 3220 1436 dissolvere
3247 1418 3264 1442 ,
3293 1377 3389 1431 sed
3417 1390 3545 1430 eam
3575 1389 3695 1445 qua
3723 1373 3844 1429 vita

2248 1493 2383 1533 usus
2412 1492 2518 1531 non
2547 1474 2870 1545 superﬂuus,
2903 1472 2997 1527 sed
3026 1470 3369 1525 necessarius
3415 1474 3641 1523 constat
3676 1484 3691 1518 :
3727 1480 3845 1519 cun

2249 1567 2548 1639 refugimus
2577 1566 2722 1636 quod
2757 1574 2935 1621 suave
2980 1571 3085 1627 est,
3133 1561 3413 1630 explorans
3458 1574 3528 1614 ea
3580 1571 3713 1628 quae
3740 1558 3845 1612 sola

2249 1660 2495 1729 corporis
2542 1658 2841 1712 necessitas
2894 1654 3091 1724 poscit.
3120 1652 3211 1717 Et,
3244 1660 3305 1704 ut
3342 1649 3590 1705 breviter
3643 1649 3843 1711 dicam,

2250 1754 2432 1809 omnia
2460 1768 2579 1823 quas
2627 1768 2725 1823 per
2768 1750 3082 1821 passibilem
3134 1746 3641 1816 concupiscentiam
3675 1746 3849 1816 requi-

2174 1830 2226 1891 Β
2253 1856 2466 1911 runtur,
2506 1845 2575 1899 ab
2604 1845 2688 1899 his
2718 1844 3015 1908 abstinere,
3043 1832 3757 1905 virtuse‘st‘continentir.
3784 1838 3844 1891 Et

2249 1938 2371 1993 ideo
2399 1953 2530 2008 ergo
2555 1951 2663 1990 non
2687 1935 2861 1989 solum
2892 1936 2948 1988 in
2977 1949 3074 1988 esu
3101 1932 3210 1988 cibi
3239 1940 3294 1987 et
3319 1931 3373 1985 in
3404 1930 3638 1986 libidine
3672 1930 3849 1984 conti-

2253 2029 2454 2083 nentim
2482 2028 2656 2081 virtus
2712 2024 3059 2093 agnoscitur;
3086 2022 3186 2077 sed
3236 2036 3363 2075 cum
3402 2021 3478 2075 ab
3500 2020 3776 2075 omnibus
3802 2020 3851 2073 ὴ

2252 2120 2449 2189 quibus
2488 2118 2821 2173 delectamur
2848 2115 3068 2186 quidem
3097 2111 3283 2178 carne,
3332 2112 3427 2167 sed
3458 2111 3514 2180 in
3543 2111 3741 2164 anima
3772 2110 3851 2165 lm-

2259 2215 2461 2285 dimur,
2488 2212 2840 2267 abstinemus.
2884 2209 3058 2277 Verus
3088 2222 3217 2279 ergo
3242 2205 3558 2260 continens
3602 2220 3713 2257 nec
3745 2203 3849 2274 glo-

2251 2308 2390 2361 riam
2428 2307 2716 2360 humanam
2746 2302 3061 2366 desiderat;
3102 2298 3195 2354 sed
3231 2314 3263 2351 a
3290 2297 3443 2351 vitiis
3462 2312 3521 2350 se
3571 2297 3840 2362 continet,

2252 2410 2305 2455 et
2336 2400 2405 2455 ab
2432 2400 2536 2466 ira,
2582 2407 2636 2451 et
2660 2413 2688 2452 a
2723 2395 2967 2460 tristitia,
3000 2402 3056 2448 et
3082 2392 3148 2446 ab
3176 2391 3429 2445 omnibus
3457 2404 3586 2460 qum
3614 2404 3850 2458 occupa:

2256 2498 2338 2544 tas
2388 2498 2576 2545 tenere
2627 2491 3028 2541 consueverunt
3074 2480 3376 2535 ineruditus
3429 2481 3652 2533 animas
3702 2488 3759 2532 et
3780 2479 3853 2533 in-

2253 2590 2460 2636 cautas.
2502 2578 2650 2633 Pene
2677 2586 2857 2631 autem
2910 2565 2968 2629 in
2996 2570 3250 2627 omnibus
3300 2562 3583 2625 mandatis
3616 2568 3717 2623 Dei
3755 2569 3854 2625 hoc

2254 2672 2579 2737 invenimus,
2612 2666 2756 2740 quod
2803 2682 2972 2721 unum
3024 2663 3182 2720 alteri
3231 2663 3495 2727 cohaeret,
3542 2670 3601 2715 et
3632 2676 3851 2731 separa-

2254 2775 2369 2821 tum
2408 2763 2551 2818 aliud
2586 2762 2654 2817 ab
2709 2760 2815 2815 alio
2849 2759 3113 2829 compleri
3166 2756 3501 2828 impossibile
3532 2763 3644 2809 est.
3680 2753 3743 2810 ιιι
3774 2763 3848 2809 ta-

2258 2857 2679 2927 menprtecipue
2714 2854 2770 2907 in
2796 2852 2897 2907 hac
2949 2853 3063 2922 ipsa
3116 2849 3451 2927 continentia
3490 2848 3857 2917 deprehendi-

2256 2955 2378 3011 tur;
2410 2923 2688 3013 ﬁquoniam
2725 2943 2944 3013 quidem
2979 2941 3200 2997 humilis
3236 2939 3327 2994 ille
3347 2923 3640 3006 iudicatur
3682 2939 3781 3009 qui
3804 2954 3855 2995 se

2256 3060 2286 3098 a
2314 3044 2567 3113 superbia
2622 3043 2893 3107 continet,
2932 3050 2987 3094 et
3018 3039 3130 3103 ille
3159 3036 3437 3094 renuntiat
3475 3036 3749 3091 omnibus
3788 3034 3857 3089 fa-

2257 3135 2555 3191 Cultatibus
2606 3134 2739 3199 suis,
2799 3142 2854 3187 et
2899 3125 3197 3188 Secundum
3251 3128 3619 3199 Evangelium
3672 3127 3856 3182 vendit

563 3194 797 3309 subjicio-
825 3194 1057 3310 (Ibid);
2176 3194 2224 3259 θ
2255 3227 2438 3282 omnia
2467 3240 2562 3280 sua
2588 3232 2640 3279 et
2669 3194 2999 3295 pauperibus
3028 3220 3239 3286 dividit,
3264 3220 3358 3291 qui
3388 3194 3509 3274 sine
3532 3218 3710 3275 dubio
3730 3232 3857 3273 cou-

561 3333 953 3389 continentiam
990 3333 1205 3386 videtur
1244 3331 1476 3400 impleri.
1532 3331 1599 3385 Et
1620 3330 1920 3398 juventutis
1946 3338 2145 3394 tumor,

560 3440 626 3480 ac
652 3424 835 3481 fervor
857 3426 1034 3480 aetatis
1053 3424 1202 3479 velut
1235 3423 1391 3479 freno
1413 3425 1648 3494 quodam
1696 3423 1952 3494 restringi
1981 3432 2034 3478 et
2065 3437 2150 3477 rec-

558 3516 726 3587 primi
754 3530 852 3587 per
878 3516 1049 3571 solam
1080 3517 1467 3570 continentiam
1497 3522 1695 3585 potest.
1736 3514 1861 3568 Non
1897 3515 2034 3568 enim
2061 3530 2151 3567 ex-

557 3610 773 3680 pediunt
803 3608 960 3663 stulto
1002 3608 1225 3671 delicia,
1254 3607 1549 3663 secundum
1576 3606 1926 3662 Salomonem
1961 3605 2144 3678 (Prov.

565 3698 746 3771 xvm).
789 3698 859 3752 Et
903 3700 1103 3763 carnis,
1132 3699 1307 3767 inquit
1345 3697 1658 3768 Apostolus,
1717 3713 1898 3751 curam
1927 3712 1988 3749 ne
2014 3695 2150 3764 fece-

559 3792 769 3851 ritisin
787 3791 1223 3861 concupiscentiis
1251 3790 1429 3861 (Rom.
1462 3789 1568 3859 ιιι).
1596 3790 1663 3843 Et
1692 3791 1886 3843 iterum
1918 3807 1929 3841 :
1975 3787 2147 3841 Vidua

561 3896 680 3951 quia
705 3881 761 3934 in
779 3880 1103 3945 deliciisest,
1138 3881 1311 3935 vivens
1335 3890 1544 3935 mortua
1580 3889 1655 3933 est
1685 3878 1736 3949 (Ι
1765 3878 1898 3931 Tim.
1932 3877 2007 3947 v).
2042 3876 2149 3931 Sed

564 3973 869 4043 exemplum
888 3974 1020 4030 illud
1036 3974 1218 4031 divitis
1233 3974 1286 4027 in
1305 3973 1516 4027 deliciis
1529 3972 1764 4026 viventis
1783 3971 2147 4025 necessariam

567 4068 727 4121 nobis
760 4067 999 4122 ostendit
1053 4080 1175 4120 esse
1222 4063 1638 4126 continentiam,
1685 4063 1770 4117 "ne
1798 4061 1935 4115 forte
1965 4072 2020 4115 et
2049 4077 2151 4115 nos

566 4159 852 4213 audiamus
906 4157 1051 4226 quod
1099 4156 1306 4210 audivit
1333 4162 1389 4209 et
1433 4154 1629 4209 dives:
1664 4151 1805 4217 Quia
1840 4160 2149 4205 consecutus

564 4266 621 4303 es
649 4249 787 4304 bona
812 4251 870 4303 in
903 4250 1009 4303 vita
1037 4257 1130 4301 tua
1188 4245 1341 4316 (Luc.
1366 4243 1501 4307 χιιι).
1545 4244 1827 4310 Quomodo
1852 4250 2031 4298 autem
2061 4243 2148 4296 in-

562 4342 898 4398 continentia
929 4338 1233 4410 periculosa
1273 4337 1363 4403 sit,
1415 4337 1583 4390 etiam
1626 4336 1916 4405 Apostolus
1968 4336 2147 4403 docet,

564 4450 687 4490 cum
734 4448 855 4489 eam
903 4430 1125 4502 preprie
1179 4428 1288 4483 illis
1343 4429 1568 4483 ascribit
1627 4444 1763 4498 quos
1817 4430 2075 4485 recedere
2115 4447 2147 4485 a

563 4524 795 4579 Domino
824 4523 956 4577 dicit
982 4539 997 4587 ;
1030 4521 1107 4575 ait
1130 4520 1274 4574 enim
1306 4533 1323 4572 :
1356 4518 1423 4573 In
1455 4520 1746 4574 novissimis
1769 4520 1953 4574 diebus
1980 4522 2151 4574 insta-

567 4616 695 4668 bunt
744 4623 979 4683 tempora
1024 4610 1358 4682 periculosa:
1410 4622 1564 4669 erunt
1611 4612 1749 4666 enim
1798 4612 2032 4667 homines
2066 4629 2149 4667 se-

564 4709 706 4780 ipsos
742 4714 975 4760 amantes
1028 4705 1115 4777 (II
1141 4705 1275 4759 Tim.
1322 4705 1428 4775 ιιι),
1484 4713 1541 4761 et
1597 4720 1719 4758 eum
1746 4704 1896 4773 plura
1928 4705 2148 4760 malitiae

566 4816 770 4874 genera
796 4809 1189 4867 enumerasset,
1231 4800 1298 4854 ad
1335 4800 1588 4854 ultimum
1613 4799 1797 4869 posuit
1828 4816 1840 4851 :
1876 4796 2149 4853 Comesso-

566 4912 673 4961 res,
716 4893 1112 4957 incontinentes,
1134 4892 1381 4946 immites.
1444 4891 1551 4945 Sed
1601 4898 1656 4944 et
1683 4891 1826 4944 Esau
1879 4889 2148 4944 malorum

565 5002 786 5043 suorum
809 4986 962 5058 quasi
994 4986 1235 5041 fomitem
1262 4984 1548 5055 quemdam
1572 4983 1758 5037 habuit
1799 4982 2145 5037 incontinen-

566 5082 721 5147 tiam,
765 5081 855 5151 qui
884 5096 984 5151 ι)γο
1007 5094 1118 5134 uno
1147 5078 1270 5133 cibo
1296 5076 1539 5131 vendidit
1559 5075 1830 5144 primitiva
1869 5088 1963 5127 sua
1989 5072 2142 5144 (Gen.

567 5173 719 5245 xxv).
769 5172 875 5227 Sed
920 5178 976 5225 et
1003 5170 1178 5239 prima
1232 5167 1323 5222 illa
1356 5165 1732 5235 praevaricatio
1785 5179 1892 5217 non
1933 5163 2147 5217 aliunde

566 5265 773 5320 homini
810 5264 915 5319 nisi
970 5279 1068 5334 per
1120 5258 1566 5316 incontinentiam
1622 5255 1820 5310 accidit
1857 5252 2008 5323 (Gen.
2039 5252 2143 5322 ιιι).

569 5354 760 5411 Omnis
793 5370 926 5411 vero
953 5362 1264 5411 sanctorum
1291 5351 1424 5415 vita,
1466 5360 1627 5417 atque
1654 5348 1823 5417 ipsius
1849 5344 2061 5400 Domini
2091 5344 2144 5397 in

569 5460 739 5502 carne
762 5446 929 5516 positi
974 5444 1287 5516 praesentia,
1316 5457 1436 5512 qum
1467 5439 1623 5493 nobis
1681 5438 1808 5503 alia,
1838 5437 1939 5491 nisi
1968 5437 2129 5491 conti-

568 5539 768 5595 nentia:
820 5538 1073 5609 proponit
1116 5535 1407 5604 exempla?
1460 5532 1668 5602 Moyses
1725 5532 1963 5601 quidem,
2020 5532 2153 5585 dum‘

568 5630 903 5687 continuatio
952 5628 1312 5700 quadraginta
1372 5624 1584 5679 dierum
1617 5620 1823 5690 jejunio
1880 5622 2144 5676 astitisset

570 5725 888 5790 indefectus,
949 5724 1147 5780 dicitur
1191 5737 1222 5775 a
1249 5720 1359 5775 Deo
1403 5717 1666 5773 memisse
1724 5716 1858 5787 legis
1886 5718 2144 5772 auxilium

568 5821 806 5879 humano
835 5818 1026 5894 generi
1069 5817 1297 5901 deferre.
1349 5815 1494 5873 Elias
1531 5829 1742 5887 quoque
1786 5815 1998 5871 visione
2048 5815 2143 5869 Dei

2255 3318 2395 3371 tinet
2430 3332 2489 3372 se
2518 3333 2549 3369 a
2578 3316 2821 3386 pecuniae
2850 3312 3138 3369 desiderio.
3174 3312 3284 3367 Sed
3328 3318 3384 3365 et
3412 3318 3754 3367 mansuetus
3775 3308 3857 3367 ille

2254 3412 2360 3469 erit
2394 3409 2485 3480 qui
2516 3409 2653 3463 iram
2706 3407 2967 3470 continet,
3024 3414 3078 3460 et
3124 3405 3341 3465 cohibet
3387 3386 3662 3480 furorem.
3719 3401 3860 3470 Quid

2253 3518 2384 3556 vero
2414 3500 2528 3569 jam
2569 3514 2735 3569 vagos
2784 3498 2926 3553 oculi
2980 3498 3154 3563 visus,
3204 3504 3259 3551 et
3312 3476 3464 3553 auris
3520 3495 3768 3555 auditus,
3798 3502 3862 3553 et

2253 3592 2451 3663 linguas
2479 3588 2960 3660 intemperantiam
2996 3587 3141 3641 aliud
3167 3602 3332 3656 quam
3361 3576 3711 3641 continentia
3741 3600 3859 3639 mo-

2255 3688 2477 3741 deratur
2497 3696 2549 3741 et
2581 3685 2841 3740 cohibet?
2883 3683 2990 3743 Sed
3035 3690 3090 3737 et
3120 3682 3513 3752 intemperatos
3733 3695 3856 3735 con-

2255 3782 2484 3837 tinentia
2550 3787 2765 3836 coercet
2797 3797 2808 3835 :
2842 3778 2983 3833 sicut
3032 3774 3442 3833 incontinentite
3496 3774 3725 3849 signum
3756 3782 3856 3837 est,

2255 3870 2582 3927 inordinatis
2603 3878 2657 3925 et
2692 3867 3067 3937 incompositis
3125 3865 3361 3921 motibus
3408 3878 3580 3939 agere
3608 3863 3665 3921 in
3696 3863 3854 3917 risu:

2254 3978 2377 4017 cum
2407 3963 2595 4030 utique
2627 3959 2956 4015 subrideudo
2979 3956 3364 4013 tantummodo
3404 3953 3663 4009 laetitiam
3698 3969 3856 4009 men-

2256 4055 2329 4108 tis
2359 4063 2609 4125 oporteat
2638 4052 2903 4119 indicari;
2959 4050 3271 4107 indecorum
3318 4056 3506 4121 autem
3558 4047 3639 4103 sit
3681 4046 3857 4116 crepi-

2257 4151 2465 4200 tantem
2487 4160 2614 4199 cum
2641 4144 2817 4199 sonitu
2857 4128 3069 4197 elevare
3094 4139 3276 4203 risum
3302 4157 3315 4193 :
3349 4137 3498 4208 quod
3521 4146 3749 4193 certum
3772 4144 3853 4193 est

2251 4258 2353 4314 per
2392 4241 2841 4297 incontinentiam
2869 4236 3066 4292 mentis
3089 4235 3338 4294 accidere
3374 4232 3557 4289 solere
3581 4233 3759 4288 etiam
3786 4234 3861 4288 in-

2254 4336 2417 4403 vitis;
2472 4352 2593 4405 qua:
2641 4349 2728 4390 res
2782 4334 3107 4403 gravitatem
3136 4340 3193 4386 et
3249 4329 3633 4387 constantiam
3685 4330 3856 4385 animi

2254 4430 2499 4489 emollire
2554 4444 2619 4483 ac
2673 4428 2944 4484 resolvere
2999 4427 3156 4483 solet.
3213 4423 3369 4481 Unde
3413 4430 3473 4479 et
3544 4421 3857 4485 Salomon:

2254 4522 2462 4589 Risum,
2493 4522 2689 4592 inquit,
2721 4522 2835 4577 dixi
2860 4523 3144 4577 amentiam
3195 4517 3409 4592 (Eccie.
3432 4516 3523 4585 ιι).
3552 4518 3635 4573 Et
3666 4536 3680 4572 :
3710 4518 3858 4573 Sicut

2254 4632 2353 4671 vos;
2396 4617 2671 4686 spinarum
2697 4614 2791 4668 sub
2838 4612 2962 4678 οιια,
3010 4614 3085 4671 ita
3128 4612 3266 4671 risus
3304 4609 3603 4671 stultorum
3656 4609 3859 4680 (Ecds.

2253 4705 2377 4779 vu).
2410 4708 2478 4762 Et
2510 4706 2744 4761 iterum:
2781 4704 2983 4761 Stultus
3007 4705 3061 4759 in
3087 4706 3199 4759 risu
3224 4701 3427 4759 exultat
3460 4718 3652 4756 vocem
3675 4715 3859 4759 suam;

2254 4800 2333 4856 vir
2358 4810 2535 4855 autem
2555 4800 2763 4870 sapiens
2782 4800 2864 4853 vix
2889 4799 3045 4853 tacite
3070 4797 3255 4855 ridebit
3270 4794 3465 4867 (Eccli.
3493 4796 3648 4865 ut).
3666 4795 3863 4853 Osten-

2255 4892 2335 4947 dit
2358 4900 2541 4945 autem
2574 4898 2629 4943 et
2658 4890 2914 4944 Dominus
2944 4889 3001 4944 in
3031 4888 3324 4957 semetipso
3352 4890 3722 4953 necessarias
3748 4888 3864 4959 αὐ

2254 4984 2377 5038 dem
2408 4983 2593 5038 carnis
2633 4998 2690 5037 se
2746 4982 3003 5039 habuisse
3035 4980 3336 5051 passiones,
3371 4979 3423 5033 id
3445 4988 3559 5045 est,
3594 4997 3731 5052 qua:
3756 4982 3867 5035 vix»

2253 5078 2357 5133 tuti
2389 5077 2757 5139 testimonium
2785 5075 3009 5140 ferrent,
3044 5074 3188 5133 velut
3214 5074 3458 5131 laborem
3485 5083 3543 5129 et
3568 5074 3777 5132 ﬂetum
3796 5088 3863 5131 ac

2252 5170 2569 5236 tristitiam;
2624 5185 2890 5240 nusquam
2941 5177 3122 5225 autem
3169 5168 3441 5222 invenitur
3495 5168 3685 5223 etiam
3752 5171 3863 5223 risu

2253 5277 2404 5326 usus,
2435 5270 2697 5330 quantum
2726 5261 2792 5314 ad
2821 5260 3105 5314 historiam
3136 5258 3368 5328 pertinet
3394 5258 3723 5329 (Evangelii.
3757 5260 3864 5315 Sed

2253 5360 2308 5406 et
2340 5352 2537 5407 deﬂere
2570 5354 2743 5423 magis
2787 5352 3059 5405 invenitur
3082 5365 3177 5405 eos
3203 5350 3293 5418 qui
3349 5348 3554 5415 rident,
3621 5352 3863 5407 dicens:

2267 5440 2353 5499 Vas
2404 5444 2544 5499 vobis
2597 5443 2687 5514 qui
2738 5460 2875 5497 nunc
2918 5442 3119 5507 ridetis,
3154 5433 3502 5512 quia'ﬂebia'is
3548 5437 3729 5511 (Luc.
3762 5440 3863 5511 τι).

2249 5537 2363 5592 Nec
2390 5552 2522 5592 sane
2559 5536 2817 5590 seducere
2845 5549 2945 5590 nos
2977 5535 3139 5589 debet
3168 5533 3462 5589 similitudo
3495 5537 3761 5592 nominis
3787 5537 3867 5590 ri—

2251 5647 2361 5687 sus.
2395 5629 2507 5684 Mos
2537 5643 2771 5697 namque
2813 5624 3218 5697 est‘Scripturae
3271 5626 3543 5681 interdum
3600 5616 3869 5685 laetitiam

2251 5725 2446 5779 anima:
2486 5729 2542 5775 et
2575 5718 2825 5775 all‘cctum
2856 5720 3143 5790 quemdam
3167 5718 3426 5774 laetiorem
3450 5718 3641 5774 risum
3678 5723 3867 5777 nomi-

2248 5826 2400 5872 nare.
2433 5807 2587 5864 Sicut
2615 5806 2689 5863 ibi
2726 5806 2882 5876 Sara,
2905 5804 3109 5876 Risum,
3134 5805 3333 5880 inquit,
3361 5804 3492 5859 mihi
3532 5803 3680 5877 fecit
3716 5808 3871 5867 Da;
