4022 6334
542 353 647 411 503
1564 351 1620 410 S.
1659 344 2024 408 BENEDICTI
2057 341 2344 399 ABBATIS
2381 336 2794 395 ANIANENSIS
3703 329 3812 386 504

541 469 851 526 habendum
872 477 956 526 est
984 469 1225 525 omnium
1259 483 1381 527 esse
1409 466 1664 524 minimos
1683 474 1738 521 et
1757 465 1994 520 omnium
2025 475 2128 516 no-
2155 464 2209 522 Α
2233 468 2326 514 aut
2350 457 2693 529 vapulantem
2722 453 2960 526 publice,
2986 450 3072 507 vel
3098 450 3330 521 turpiter
3355 447 3816 520 proclamantem,

541 562 827 628 vissimos;
858 569 1068 616 certum
1091 568 1176 616 est
1193 562 1316 630 quia
1341 570 1396 615 et
1415 557 1744 614 indumentis
1763 555 2000 610 omnium
2027 568 2128 607 nos

543 653 867 714 novissimos
893 652 1154 724 deputare
1178 653 1454 708 debemus.
1478 649 1613 704 Nam
1637 648 1680 702 si
1709 649 1764 703 hi
1787 649 1878 718 qui
1899 645 2127 717 gloriam

543 747 644 802 sibi
685 762 754 802 ex
795 747 1234 801 indumentorum
1278 746 1565 818 splendore
1607 745 1959 816 conquirunt,
1993 742 2128 798 satis

545 848 712 910 agunt
743 840 1016 910 quomodo
1045 839 1296 910 pretiosis
1334 849 1388 892 et
1426 839 1729 911 magnificis
1765 838 2007 893 vestibus
2046 835 2129 889 vi-

543 931 776 986 deantur
804 932 996 998 induti,
1033 933 1107 987 ita
1135 948 1474 1004 consequens
1513 941 1601 990 est
1625 949 1748 987 eum
1776 932 1868 1001 qui
1900 931 1966 985 de
2004 929 2131 984 ulti-

542 1023 647 1077 mis
673 1033 727 1077 et
752 1024 1085 1090 novissimis,
1135 1025 1190 1080 id
1230 1035 1329 1087 est,
1382 1041 1482 1096 per
1513 1024 1736 1080 nimiam
1767 1023 2130 1078 humilitatem

543 1113 761 1181 placere
803 1117 1006 1183 studet,
1037 1118 1239 1187 eligere
1272 1117 1472 1173 debere
1506 1119 1609 1173 hoc
1649 1119 1703 1172 in
1741 1133 1847 1187 quo
1887 1116 2129 1172 omnium

547 1215 601 1261 et
636 1207 859 1266 ultimus
893 1218 948 1266 et
975 1211 1300 1267 novissimus
1326 1222 1622 1282 appareat:
1655 1213 1794 1267 sicut
1830 1211 1919 1266 ille
1945 1226 1974 1265 e
2003 1227 2130 1267 con-

523 1300 739 1362 .trario,
773 1301 830 1356 id
855 1309 958 1368 est,
996 1303 1063 1359 de
1093 1303 1320 1359 summis
1361 1313 1416 1359 et
1446 1304 1701 1374 pretiosis
1729 1303 1902 1359 videri
1933 1302 2133 1359 clarior

544 1398 600 1444 et
627 1391 861 1448 nobilior
884 1395 1068 1465 gestit.
1104 1394 1161 1449 Si
1187 1395 1334 1449 enim
1372 1395 1424 1450 in
1451 1395 1666 1464 publica
1704 1410 1859 1449 coena
1891 1409 2129 1464 arguun-

545 1491 633 1536 tur
656 1482 924 1540 Corinthii
963 1487 1106 1556 quod
1144 1501 1244 1556 per
1281 1502 1437 1542 suam
1477 1487 1865 1542 abundantiam
1906 1485 2134 1542 confun-

545 1574 676 1630 dant
704 1592 799 1632 eos
829 1578 921 1648 qui
949 1595 1055 1634 non
1079 1580 1280 1635 habent
1312 1579 1363 1649 (Ι
1379 1579 1502 1633 Cor.
1527 1577 1627 1648 ιιι),
1655 1587 1864 1634 certum
1893 1587 1977 1633 est
2007 1579 2134 1647 quia

543 1674 599 1720 et
639 1667 691 1722 in
731 1669 836 1724 hoc
865 1670 1096 1739 simplici
1128 1679 1184 1726 et
1225 1672 1500 1727 communi
1541 1670 1782 1725 omnium
1820 1671 2134 1725 indumento

543 1759 687 1829 quod
736 1762 804 1815 ad
853 1776 1194 1829 communem
1244 1764 1486 1818 habitum
1520 1764 1622 1818 ~vel
1669 1779 1825 1818 usum
1872 1763 2132 1832 pertinet,

543 1853 589 1906 si
625 1853 762 1907 alter
805 1855 978 1909 altero
1015 1855 1230 1912 differat
1268 1857 1506 1924 habitus,
1538 1856 1620 1912 vel
1651 1856 1943 1926 pretiosior
1981 1856 2134 1910 inve-

543 1942 741 2006 niatur,
776 1959 839 1998 ex
883 1945 997 2015 ipsa
1037 1949 1441 2018 comparatione
1477 1947 1858 2004 contundimus
1901 1964 2008 2004 non
2039 1949 2135 2002 ha-

543 2034 755 2090 bentes.
822 2036 1165 2094 Sufﬁcienter
1215 2055 1428 2110 quoque
1473 2039 1714 2110 Apostoli
1763 2039 2135 2108 hujuscemodi

545 2126 734 2183 usibus
761 2129 911 2185 brevi
948 2147 1199 2188 sermone
1228 2134 1465 2206 regulam
1497 2135 1699 2203 posuit,
1733 2134 1922 2189 dicens
1955 2151 1968 2188 :
2020 2133 2135 2188 Ha-

543 2217 717 2274 bentes
763 2232 936 2277 autem
973 2225 1164 2279 victum
1207 2235 1255 2280 et
1283 2227 1546 2290 vestitum,
1583 2227 1663 2280 his
1699 2226 1929 2279 contenti
1971 2227 2135 2279 simus

543 2305 597 2371 (Ι
633 2307 768 2365 Tim.
797 2312 894 2383 vr).
940 2312 1246 2370 Ostendens
1296 2317 1615 2370 indumento
1658 2315 1774 2370 solo
1802 2330 1910 2383 quo
1944 2322 2135 2370 conte-

543 2418 735 2470 gamur
772 2405 1015 2476 indigere
1059 2424 1179 2472 nos,
1224 2416 1280 2462 et
1320 2425 1425 2462 non
1460 2409 1722 2461 varietate
1764 2408 1943 2477 aliqua
1970 2411 2136 2462 vestis

543 2504 600 2548 et
640 2506 960 2550 ornamento
1000 2497 1117 2564 ejus
1159 2514 1223 2552 ac
1263 2500 1458 2554 decore
1500 2497 1719 2564 jactari.
1779 2498 1910 2566 Quae
1949 2501 2137 2568 utique

542 2589 887 2654 postmodum
930 2589 1235 2644 introducta
1277 2597 1426 2654 sunt,
1452 2591 1699 2644 humana:
1731 2589 1857 2644 vita
1891 2590 2137 2646 artificiis

545 2688 600 2732 et
642 2678 868 2735 luxuria;
915 2681 1132 2750 ingenio
1181 2682 1509 2751 conquisita.
1560 2681 1666 2737 Sed
1706 2689 1762 2737 et
1802 2682 2010 2753 primus
2047 2681 2138 2737 ille

545 2773 853 2829 indumenti
901 2790 1033 2830 usus
1083 2775 1197 2830 hate
1249 2777 1438 2831 eadem
1495 2776 1719 2841 indicat,
1762 2791 1886 2831 cum
1935 2775 2139 2830 dicitur

548 2863 692 2918 Deus
747 2864 945 2920 fecisse
995 2865 1188 2934 primis
1252 2867 1565 2921 hominibus
1623 2867 1869 2936 pellicias
1929 2867 2139 2922 tunicas

547 2955 701 3025 (Gen.
732 2957 837 3025 ιιι).
887 2956 1201 3012 Sulﬁciebat
1239 2958 1386 3014 enim
1425 2959 1492 3012 ad
1529 2958 1902 3014 confusionem
1946 2967 2134 3012 conte-

545 3051 776 3121 gendam
819 3049 1193 3119 hujuscemodi
1229 3052 1533 3107 indumenti
1577 3067 1724 3106 usus.
1767 3052 1968 3107 Verum
1997 3066 2134 3121 quo-

546 3142 692 3196 niam
733 3143 890 3198 nobis
927 3152 1246 3212 prospectus
1287 3152 1373 3198 est
1408 3144 1740 3199 indumentis
1782 3145 1948 3198 etiam
1993 3143 2137 3198 cale-

546 3236 664 3292 fieri
697 3245 752 3292 et
785 3237 977 3302 foveri,
1011 3238 1382 3293 necessarium
1408 3237 1624 3292 videtur
1658 3247 1719 3290 ut
1751 3237 1818 3290 ad
1842 3246 2133 3305 utrumque

547 3347 678 3386 usus
708 3331 824 3401 ipse
863 3340 1216 3402 temperetur,
1252 3347 1360 3402 quo
1389 3339 1446 3387 et
1473 3333 1676 3402 Operiri
1709 3331 1922 3386 nuditas
1951 3332 2138 3388 videa-

548 3431 652 3485 tur,
694 3432 749 3479 et
786 3424 870 3479 vel
906 3424 990 3479 vis
1027 3423 1268 3496 frigoris,
1308 3424 1391 3479 vel
1432 3439 1591 3479 omne
1629 3425 1769 3494 quod
1807 3425 2136 3480 intrinsecus

547 3513 714 3580 laedit,
746 3517 941 3570 arceri.
979 3514 1086 3571 Sed
1120 3518 1374 3585 quoniam
1408 3517 1462 3571 in
1493 3517 1580 3570 his
1620 3517 1750 3586 ipsis
1784 3517 1890 3570 alia
1917 3517 2136 3586 quidem

547 3616 677 3661 sunt
710 3607 954 3670 meliora,
1003 3608 1112 3662 alia
1152 3607 1434 3672 inferiora,
1467 3624 1806 3678 consequens
1833 3617 1918 3664 est
1947 3625 2012 3663 ea
2042 3609 2138 3663 eli-

546 3715 676 3770 gere
711 3717 832 3771 quae
872 3701 1029 3756 nobis
1065 3717 1224 3756 usum
1253 3703 1548 3757 exhibeant
1575 3702 1872 3770 longiorem
1901 3719 1912 3754 :
1940 3703 2015 3756 ita
2055 3711 2136 3756 ta—

547 3809 672 3847 men
711 3801 770 3847 ut
808 3794 864 3848 in
899 3793 1047 3848 nullo
1078 3793 1307 3848 laedatur
1339 3793 1525 3864 regula
1557 3793 1876 3848 voluntaria:
1913 3809 2140 3863 pauper-

547 3885 700 3949 tatis,
740 3885 794 3939 id
826 3894 930 3950 est,
968 3900 1036 3940 ne
1075 3885 1180 3940 alia
1222 3885 1440 3955 quidem
1479 3885 1636 3939 nobis
1679 3885 1789 3938 sint
1818 3885 2140 3940 vestimenta

531 3976 616 4036 ad
647 3977 1051 4045 procedendum
1081 3985 1406 4047 praeparata,
1443 3985 1497 4031 et
1523 3976 1628 4030 alia
1666 3976 1731 4030 ad
1760 3992 1920 4031 usum
1949 3977 2138 4032 dome-

549 4070 776 4134 sticum;
809 4077 864 4122 et
889 4085 1106 4124 rursum
1134 4070 1238 4124 alia
1261 4071 1319 4124 in
1351 4070 1495 4124 aliud
1527 4078 1756 4139 tempus,
1783 4069 1870 4124 vel
1901 4071 1956 4124 in
1981 4077 2141 4124 nocte

550 4160 654 4214 alia
697 4167 751 4214 et
787 4159 842 4214 in
882 4159 969 4214 die
1003 4177 1016 4213 :
1058 4160 1153 4214 sed
1191 4161 1406 4228 oportet
1441 4175 1607 4214 unum
1647 4159 1774 4215 illud
1815 4161 1990 4230 ipsum
2033 4160 2141 4216 tale

548 4267 670 4307 esse
715 4251 1123 4317 indumentum,
1172 4253 1315 4321 quod
1362 4252 1518 4306 nobis
1562 4251 1807 4308 suflicere
1855 4253 2030 4321 possit
2070 4252 2140 4307 ad

550 4343 753 4410 omnia,
783 4352 840 4399 et
863 4352 924 4398 ut
952 4345 1010 4399 in
1040 4343 1126 4399 die
1153 4344 1437 4399 honestum
1463 4344 1709 4400 videatur
1739 4344 2136 4411 indumentum,

549 4447 604 4493 et
634 4438 689 4493 in
719 4445 881 4493 nocte
913 4435 1125 4507 expleat
1171 4437 1574 4494 necessitatem.
1623 4437 1703 4492 Ex
1735 4438 1839 4492 hoc
1867 4437 2014 4492 enim
2045 4437 2142 4492 flet

551 4539 612 4584 ut
660 4537 716 4584 et
761 4530 980 4584 habitus
1037 4538 1226 4585 noster
1279 4531 1582 4586 communis
1628 4539 1682 4584 et
1727 4530 1920 4586 similis
1971 4539 2135 4600 atque

553 4619 714 4673 unius
741 4617 930 4674 forma:
953 4619 1302 4686 sitomnium,
1334 4628 1390 4674 et
1416 4621 1788 4676 Christianum
1813 4621 1978 4675 etiam
1999 4620 2138 4676 visio

551 4712 670 4782 ipsa
703 4711 968 4781 designet.
1008 4711 1086 4766 Ea
1123 4713 1270 4766 enim
1299 4728 1420 4782 qua:
1457 4729 1566 4768 uno
1593 4720 1884 4782 prospectu
1923 4727 1987 4766 ac
2019 4727 2140 4782 pro-

549 4805 732 4877 posito
769 4811 1047 4875 geruntur,
1091 4805 1312 4871 similia,
1358 4805 1469 4859 imo
1505 4805 1696 4860 eadem
1739 4819 1860 4859 esse
1889 4804 2141 4859 omnibus

555 4893 772 4949 debent.
813 4893 955 4950 Utile
994 4900 1177 4948 autem
1217 4901 1303 4948 est
1338 4893 1505 4948 etiam
1547 4908 1615 4948 ex
1653 4894 1769 4962 ipsa
1802 4895 2139 4964 proprietate

555 4987 782 5042 vestitus
817 4995 873 5042 et
911 4987 1127 5043 habitus
1163 4985 1390 5057 intelligi
1429 4999 1890 5056 unumquemque,
1933 4994 1989 5042 et
2013 5001 2140 5057 pro-

556 5079 847 5138 fessionem
892 5081 1010 5152 ejus
1058 5081 1275 5148 agnosci
1319 5081 1375 5135 in
1417 5095 1480 5135 ea
1525 5082 1636 5134 vita
1684 5095 1790 5149 qua
1840 5081 2140 5135 secundum

557 5171 724 5228 Deum
770 5173 920 5239 vivit,
972 5181 1032 5226 ut
1078 5171 1214 5226 sciat
1259 5171 1363 5226 sibi
1414 5170 1579 5226 etiam
1628 5177 1782 5226 actus
1825 5168 2140 5225 consimiles

498 5290 507 5301 ι
557 5280 678 5319 esse
715 5266 952 5331 debere;
1009 5273 1065 5320 et
1106 5265 1174 5319 ad
1211 5279 1304 5320 eos
1347 5264 1440 5334 qui
1491 5279 1589 5318 nos
1623 5265 1806 5320 vident
1843 5262 2140 5318 secundum

561 5361 802 5416 habitum
829 5368 1094 5423 nostrum,
1114 5359 1349 5431 aequales
1376 5359 1538 5414 etiam
1563 5358 1616 5411 in
1647 5358 1858 5411 actibus
1883 5368 2146 5424 apparere

557 5453 772 5508 debere.
821 5453 937 5508 Non
982 5453 1129 5508 enim
1179 5452 1428 5507 similiter
1477 5461 1632 5518 turpe
1670 5458 1754 5502 est
1796 5447 1851 5500 in
1901 5445 2145 5515 quolibet

557 5545 684 5610 alio,
719 5544 766 5600 si
797 5546 1078 5601 inhoneste
1116 5544 1245 5614 quid
1279 5551 1423 5614 agat,
1465 5542 1606 5595 sicut
1653 5540 1704 5592 in
1732 5537 1818 5592 bis
1851 5537 1942 5607 qui
1971 5537 2141 5591 vitam

559 5636 796 5692 sobriam
825 5637 989 5690 etiam
1019 5638 1136 5706 ipso
1163 5637 1350 5692 habitu
1376 5633 1718 5703 profitentur.
1759 5630 1815 5684 Si
1846 5630 1988 5683 enim
2022 5629 2144 5696 quis

559 5729 739 5786 videat
763 5728 828 5782 de
859 5729 1018 5782 trivio
1050 5729 1285 5800 aliquem
1317 5725 1592 5781 hominem
1626 5723 1922 5776 medentem
1953 5719 2140 5786 alium,

2230 559 2323 605 aut
2360 551 2417 604 in
2461 547 2700 604 tabernis
2743 546 2971 614 aliisque
3003 543 3139 600 locis
3175 543 3344 596 vitam
3388 557 3522 597 cum
3542 541 3820 596 dedecore

2229 651 2500 714 agentem,
2533 657 2634 696 nec
2660 637 2972 694 observabit
2999 637 3220 707 quidem
3247 635 3408 690 facile
3437 631 3819 702 hujuscemodi

2229 734 2539 797 hominem,
2590 729 2676 785 vel
2725 729 2967 794 notabit,
3019 728 3200 782 sciens
3247 740 3372 781 eum
3421 731 3816 793 consequenter

2230 827 2347 882 base
2389 827 2458 880 ad
2490 824 2754 894 reliquam
2792 823 2960 876 vitam
3003 837 3158 876 suam
3187 834 3394 891 gerere.
3437 817 3496 873 Si
3528 833 3662 873 vero
3698 833 3823 872 eum

2231 921 2324 991 qui
2360 919 2652 990 gloriosam
2683 918 2851 972 vitam
2885 914 3194 985 profitetur,
3227 914 3412 968 videat
3445 911 3573 982 quis
3603 909 3690 964 vel
3732 926 3826 980 pa

2232 1029 2352 1068 rum
2383 1013 2588 1082 aliquid
2613 1021 2802 1066 contra
2832 1026 2994 1079 quam
3026 1010 3288 1064 condecet
3321 1021 3504 1078 agere,
3527 1005 3828 1059 observant

2233 1117 2446 1168 omnes,
2488 1110 2545 1156 et
2581 1102 2884 1170 increpant,
2933 1109 2988 1154 et
3033 1100 3103 1154 ad
3151 1095 3431 1167 religionis
3469 1093 3816 1164 opprobrium

2234 1191 2456 1246 ducunt.
2519 1190 2707 1260 Itaque
2748 1190 2894 1246 velut
2923 1189 3253 1259 ptedagogus
3286 1186 3506 1256 quidam
3547 1192 3638 1238 est
3677 1184 3829 1238 infir-

2235 1281 2498 1337 mioribus
2532 1282 2749 1336 habitus
2787 1282 2890 1336 iste
2931 1279 3259 1351 religiosior,
3308 1285 3367 1332 ut
3410 1276 3578 1332 etiam
3624 1275 3830 1329 invitos

2235 1365 2328 1428 eos
2358 1373 2426 1426 ab
2450 1389 2612 1444 opere
2644 1373 2934 1427 inbonesw
2975 1370 3355 1446 indecentique
3382 1367 3678 1422 custodiat.
3723 1365 3833 1420 De-

2234 1465 2398 1533 nique
2471 1472 2528 1518 et
2567 1462 2860 1534 Apostolus
2939 1462 3252 1532 episcopum
3317 1459 3634 1516 ordinatum
3711 1473 3832 1512 esse

2236 1557 2483 1627 designat
2523 1555 2576 1628 (Ι
2607 1554 2743 1609 Tim.
2774 1555 2858 1626 ιιι)
2889 1573 2900 1607 :
2926 1569 3042 1624 quin
3095 1568 3185 1608 res
3234 1551 3302 1606 ad
3352 1550 3602 1605 habitum
3651 1549 3832 1619 magis

2235 1655 2544 1703 revocatur.
2589 1645 2696 1701 Sed
2745 1655 2802 1701 et
2857 1645 2924 1700 de
2972 1643 3290 1698 mulieribus
3338 1641 3490 1707 dicit,
3540 1641 3598 1694 in
3639 1640 3833 1695 habitu

2236 1740 2515 1795 ordinatas
2539 1754 2632 1794 eas
2669 1753 2788 1793 esse
2813 1735 3033 1792 debere.
3066 1733 3360 1790 Ordinatus
3398 1741 3581 1786 autem
3611 1732 3836 1786 habitus

2161 1819 2210 1878 Β
2237 1832 2531 1888 Christiani
2574 1832 2773 1886 dicitur
2821 1831 2886 1894 is,
2929 1830 3022 1900 qui
3059 1830 3356 1885 secundum
3387 1827 3741 1898 propositum
3779 1841 3839 1880 ac

2236 1925 2630 1997 professionem
2680 1923 2796 1993 ejus
2851 1933 3011 1993 aptus
3064 1922 3407 1992 intelligitur.
3477 1918 3632 1974 Sicut
3692 1919 3837 1973 enim

2237 2019 2518 2089 proprium
2561 2024 2647 2072 est
2686 2016 2889 2085 aliquid
2941 2015 3099 2069 militi
3151 2015 3206 2068 in
3257 2013 3448 2068 habitu
3493 2010 3838 2076 vestimenti,

2237 2119 2294 2165 et
2323 2111 2461 2165 alius
2501 2117 2585 2164 est
2619 2108 2840 2163 habitus
2869 2105 3163 2171 senatoris,
3193 2119 3260 2159 ex
3297 2103 3718 2174 quolprmcipue
3768 2102 3842 2154 in-

2238 2203 2522 2274 telligitur,
2555 2201 2638 2256 vel
2674 2202 2776 2256 iste
2806 2200 2900 2269 qui
2941 2208 3164 2270 senator
3189 2205 3292 2260 est,
3324 2197 3408 2251 vel
3437 2195 3526 2250 ille
3552 2195 3645 2264 qui
3680 2193 3842 2249 miles

2239 2303 2352 2360 est;
2389 2296 2460 2349 ita
2491 2294 2657 2347 etiam
2684 2291 3030 2347 Christianus
3069 2289 3269 2344 habere
3316 2286 3518 2358 aliquid
3548 2285 3841 2356 proprium

2239 2389 2405 2443 etiam
2435 2403 2498 2441 ex
2528 2387 2871 2440 ordinatione
2918 2383 3216 2438 indumenti
3275 2382 3447 2453 ipsius
3488 2381 3672 2434 debet.
3736 2378 3841 2435 Sed

2239 2479 2395 2533 etde
2426 2465 2810 2532 calceamentis
2863 2473 3051 2528 eadem
3102 2471 3242 2526 ratio
3289 2468 3678 2524 observabitur
3727 2487 3740 2520 ε
3785 2477 3841 2522 ut

2240 2571 2383 2640 quod
2411 2567 2709 2638 simplicius
2738 2575 2822 2621 est
2851 2573 2907 2620 et
2935 2562 3200 2636 paratius,
3231 2571 3288 2617 et
3311 2569 3494 2640 aptum
3529 2559 3842 2629 proposito,

2239 2671 2295 2716 et
2345 2659 2532 2714 usibus
2578 2656 2871 2718 suflicieus,
2929 2655 2981 2709 id
3033 2662 3363 2708 assumatur.
3413 2651 3574 2704 Zome
3617 2663 3844 2720 quoque

2238 2767 2396 2806 usum
2441 2751 2735 2805 ostendunt
2782 2747 3149 2802 necessarium
3194 2759 3314 2800 esse
3352 2745 3517 2798 etiam
3574 2744 3669 2812 qui
3706 2757 3844 2812 prae-

2240 2851 2529 2898 cesserunt
2581 2857 2680 2896 nos
2729 2840 2922 2895 sancti.
2969 2837 3106 2892 Nam
3153 2837 3389 2893 Joannes
3442 2853 3576 2889 zona
3609 2835 3844 2904 pellicea

2241 2935 2616 3005 constringere
2671 2933 2884 2988 lumbos
2942 2947 3070 2987 suos
3121 2929 3320 2985 dicitur
3368 2927 3586 2999 (Matth.
3625 2929 3740 2998 ut),
3792 2936 3846 2982 et

2241 3026 2390 3081 Elias
2428 3035 2628 3080 antea:
2665 3034 2923 3094 tanquam
2970 3023 3115 3078 enim
3164 3022 3414 3092 proprius
3442 3021 3666 3075 habitus
3727 3022 3845 3091 qui-

2243 3117 2367 3170 dam
2399 3117 2569 3187 ipsius
2599 3117 2939 3187 designatur,
2970 3130 3093 3170 cum
3122 3113 3355 3168 dicitur:
3393 3110 3484 3164 Vir
3502 3113 3773 3178 hirsutus,
3797 3123 3843 3165 et

2162 3201 2207 3266 C
2242 3225 2429 3263 zonam
2453 3207 2722 3278 pelliceam
2745 3207 2940 3260 habens
2964 3207 3104 3259 circa
3129 3203 3331 3258 lumbos
3349 3201 3606 3272 suos(lll
3633 3201 3762 3274 Reg.
3783 3203 3842 3270 t).

2245 3299 2350 3354 Sed
2383 3309 2437 3354 et
2453 3300 2651 3354 Petrus
2680 3314 2814 3354 zona
2848 3314 2978 3354 usus
3015 3297 3344 3361 ostenditur,
3372 3295 3515 3351 sicut
3549 3311 3616 3349 ex
3657 3295 3848 3349 verbis

2241 3390 2452 3462 angeli,
2503 3407 2624 3460 quze
2677 3390 2745 3444 ad
2789 3405 2914 3444 cum
2959 3389 3102 3444 dicta
3151 3397 3306 3453 sunt,
3358 3388 3844 3458 recognoscimus:

2225 3484 2468 3553 'Accinge
2494 3492 2562 3545 te,
2589 3483 2786 3552 inquit,
2817 3491 2867 3535 et
2895 3483 3073 3536 calcea
3101 3489 3149 3534 te
3175 3481 3374 3550 caligas
3398 3491 3518 3532 tuas
3538 3479 3676 3546 (Act.
3712 3479 3844 3549 xu).

2242 3574 2351 3630 Sed
2379 3584 2435 3628 et
2457 3575 2647 3629 beatus
2667 3573 2870 3628 Paulus
2897 3587 3034 3628 zona
3059 3571 3518 3627 usus'OStemlitur
3540 3584 3638 3639 per
3664 3571 3846 3640 Agabi

2239 3666 2605 3738 prophetiam,
2635 3663 3097 3720 dicentiszVirum
3128 3678 3246 3716 eum
3271 3662 3425 3732 cujus
3449 3671 3523 3716 es!
3547 3678 3682 3714 zona
3710 3665 3847 3726 ha'c,

2241 3763 2317 3814 ita
2360 3759 2653 3830 alligabunt
2683 3759 2738 3812 in
2771 3757 3106 3811 Hierusalem
3163 3757 3304 3827 (Act.
3343 3754 3480 3826 xxi).
3516 3754 3625 3808 Sed
3654 3765 3718 3808 et
3751 3753 3848 3808 Jol-

2244 3853 2398 3906 audit
2425 3867 2456 3906 a
2488 3851 2758 3905 Domino:
2787 3849 3012 3919 Accinge
3043 3849 3178 3901 sicut
3211 3848 3292 3900 vir
3312 3845 3515 3900 lumbos
3542 3856 3661 3899 (nos
3699 3845 3848 3915 (Job.

2242 3941 2497 4011 XXXVIII).
2543 3939 2773 3995 Virtutis
2820 3953 3057 4006 namque
3095 3935 3377 4005 cujusdam
3415 3945 3471 3990 ct
3497 3937 3744 4005 prompti
3784 3937 3850 3991 ad

2243 4047 2408 4102 opera
2453 4033 2621 4086 animi
2673 4031 2886 4102 sigmun
2911 4029 3126 4085 videtur
3151 4043 3270 4084 esse
3310 4017 3441 4082 usus
3469 4026 3706 4096 Cinguli.
3743 4027 3850 4082 Sed

2243 4135 2299 4180 et
2335 4124 2612 4194 discipulis
2660 4123 2876 4178 Domini
2923 4136 3074 4176 zonae
3120 4136 3249 4176 usus
3299 4119 3468 4175 fuisse
3521 4119 3744 4174 videtur
3785 4135 3848 4175 es

2243 4231 2419 4282 more,
2448 4215 2644 4285 quibus
2689 4213 3081 4282 prohibebatur
3119 4226 3188 4266 ne
3235 4210 3522 4280 pecuniam
3570 4209 3850 4266 baberent

2244 4309 2299 4362 in
2337 4307 2490 4363 zonis
2520 4305 2633 4360 suis
2664 4303 2881 4376 (Matth.
2910 4303 2988 4375 ιι).
3029 4303 3242 4357 Revera
3274 4303 3417 4357 enim
3466 4301 3850 4356 necessariuml

2240 4395 2474 4458 videtur,
2499 4408 2624 4447 eum
2654 4391 2747 4462 qui
2777 4406 3036 4445 manuum
3063 4405 3226 4460 opere
3262 4390 3340 4442 uti
3377 4389 3432 4441 in
3468 4388 3650 4456 aliquo
3682 4388 3857 4442 debet

2237 4485 2572 4540 succinctum
2602 4496 2724 4538 esse
2757 4489 2808 4536 et
2835 4482 2888 4536 in
2914 4481 3166 4536 omnibus
3198 4487 3563 4550 praeparatum
3613 4493 3680 4531 ac
3733 4479 3856 4533 sine

2162 4559 2217 4618 Ῑ)
2248 4574 2361 4630 ullo
2424 4573 2812 4644 impedimento
2855 4571 3106 4637 inveniri,
3157 4572 3223 4626 ad
3270 4586 3432 4626 omne
3486 4567 3614 4622 boni
3656 4567 3858 4638 Operis

2231 4666 2618 4722 ministerium.
2669 4661 2823 4719 Unde
2853 4671 2908 4717 et
2946 4661 3160 4732 cingulo
3201 4661 3425 4730 indiget,
3457 4668 3517 4714 ut
3553 4658 3642 4713 vel
3689 4658 3855 4714 colli-

2233 4767 2360 4831 gata
2389 4760 2535 4816 cirea
2564 4773 2764 4828 corpus
2811 4758 2882 4812 sit
2925 4757 3106 4812 tunica
3140 4775 3152 4811 :
3185 4773 3252 4813 ex
3291 4770 3398 4827 qua
3441 4755 3614 4826 magis
3644 4753 3856 4810 confo-

2233 4854 2351 4910 veri
2377 4853 2571 4925 possit,
2599 4852 2646 4906 si
2682 4851 2922 4921 undique
2951 4851 3280 4906 constrictus
3329 4850 3434 4914 sit;
3465 4848 3549 4903 vel
3578 4861 3694 4902 non
3745 4849 3856 4903 im—

2232 4948 2408 5020 pediri
2447 4947 2515 5002 ad
2540 4961 2756 5002 omnem
2780 4961 2895 5002 rem
2917 4963 3080 5017 quam
3105 4961 3267 5018 agere
3292 4953 3467 5016 parat.
3498 4944 3574 4999 De
3595 4959 3850 5000 numero

2236 5047 2416 5095 autem
2468 5039 2907 5093 indumentorum
2945 5038 3081 5093 nihil
3119 5054 3407 5108 possumus
3457 5039 3663 5103 dicere,
3713 5052 3859 5095 eum

2235 5129 2524 5187 manifesta
2555 5131 2868 5187 definitione
2908 5133 3288 5202 przescriptum
3319 5133 3408 5198 sit,
3443 5133 3493 5186 in
3525 5148 3636 5201 quo
3659 5132 3810 5187 dicit
3835 5149 3854 5186 ι

2237 5224 2342 5290 Qui
2382 5223 2533 5279 habet
2560 5225 2693 5279 duas
2719 5227 2946 5291 tunicas,
2995 5225 3080 5280 det
3106 5243 3208 5281 non
3237 5228 3447 5281 habenti
3493 5243 3654 5279 unam
3682 5226 3858 5298 (Luc.

2237 5313 2344 5386 ιιι).
2380 5313 2461 5369 Ex
2497 5329 2604 5384 quo
2629 5315 2746 5372 sine
2773 5316 2937 5372 dubio
2963 5317 3150 5387 plures
3195 5317 3400 5374 habere
3445 5318 3701 5372 illicitum
3737 5327 3858 5374 est.

2239 5407 2445 5476 Quibus
2464 5424 2594 5480 ergo
2630 5409 2833 5466 habere
2861 5410 2995 5464 duas
3023 5411 3238 5466 tunicas
3271 5427 3377 5466 non
3411 5411 3556 5478 licet,
3585 5411 3672 5466 his
3707 5428 3864 5481 quo-

2241 5500 2402 5556 modo
2439 5500 2640 5571 aliquid
2679 5501 2746 5558 de
2787 5502 3100 5560 diversitate
3138 5503 3578 5561 indumentorum
3615 5503 3869 5576 praecipi

2242 5605 2425 5665 potest
2445 5597 2466 5648 ?
