4004 6328
244 364 349 420 505

696 472 1208 531 INTERROGATIO
1245 474 1354 529 XII.

912 359 1141 418 CODEX
1181 359 1634 421 REGULARUM.
1672 350 1746 406 :—
1779 360 1791 418 l

1893 361 1960 419 ιε
1991 363 2035 419 ῐ.
2075 361 2381 422 ΒΕΟΠΕΕ
2418 362 2524 420 PP.
2561 362 2839 424 ORIENT.

3374 364 3481 426 506

1836 474 1892 535 Α
1916 474 2032 539 Dei,
2072 477 2191 531 alite
2219 491 2347 531 vero
2377 477 2767 549 interrumpere
2806 482 3139 545 mandatum,
3175 484 3263 536 vel
3295 490 3483 539 conta-

242 589 301 646 εἰ
349 568 662 659 καταθεῶ
695 604 758 642 η
787 588 995 659 proprio
1028 605 1203 659 mm,
1224 588 1394 659 digere
1428 593 1565 658 quod
1610 588 1811 659 "idem.
1912 568 2119 620 minare
2164 567 2290 659 illud
2329 568 2595 659 videntur,
2633 570 2751 624 alite
2784 586 2914 626 vero
2960 571 3028 625 ad
3068 570 3389 640 explendam
3424 573 3481 628 id

344 658 443 713 sibi
472 658 685 723 bonum,
720 657 911 728 absque
944 658 1241 713 testimonio
1267 657 1658 728 Scripturarum
1679 658 1705 711 .’

1910 665 2073 725 atque
2112 656 2481 710 aediﬁcandum
2521 660 2758 713 veniunt.
2805 659 3176 716 Necessarium
3211 677 3340 730 ergo
3398 671 3483 719 est

297 749 459 805 RESP.
478 749 706 805 Domino
727 760 913 806 nostro
927 750 1053 807 Jesu
1068 752 1283 807 Christo
1297 754 1506 808 dicente
1520 754 1585 807 de
1602 752 1806 822 Spiritu
1909 747 2222 802 meminisse
2259 748 2534 817 apostolici
2581 752 2833 820 praecepti
2864 752 3093 807 dicentis
3122 771 3135 807 :
3168 751 3480 824 PrOphetias

236 850 453 897 sancto:
480 838 602 895 Non
622 842 758 895 enim
776 841 1057 914 loquetura
1073 845 1367 913 semetipso,
1382 844 1472 898 sed
1490 859 1807 914 quacunque
1909 837 2066 891 nolite
2086 855 2324 909 spernere
2349 856 2367 894 :
2410 842 2585 893 omnia
2613 841 2841 911 probate,
2874 843 3012 914 quod
3042 843 3231 896 bonum
3256 853 3331 897 est
3359 845 3482 898 reti-

234 933 436 995 audiet,
463 932 575 986 ha'c
604 933 843 1005 loquetur
872 933 1052 1003 (Joan.
1078 934 1207 1007 xvi).
1260 934 1336 988 De
1362 951 1418 990 se
1448 933 1564 1005 ipso
1593 945 1800 990 autem:

236 1024 361 1079 Non
403 1034 569 1095 potest
606 1025 752 1095 ﬁlius
799 1043 832 1079 a
877 1043 932 1080 se
971 1026 1145 1095 facere
1184 1027 1469 1097 quidquam
1512 1026 1694 1098 (Joan.
1725 1026 1799 1095 v).

231 1118 298 1171 Et
329 1119 521 1173 iterum
546 1133 562 1173 :
590 1117 705 1189 Ego
740 1136 773 1172 a
800 1135 879 1172 me
908 1120 1020 1188 ipso
1061 1137 1163 1174 non
1192 1136 1307 1173 sum
1349 1119 1572 1184 locutus,
1601 1120 1691 1173 sed
1713 1120 1803 1190 qui

228 1226 311 1263 me
339 1210 481 1264 misit
511 1207 692 1276 Pater,
720 1213 829 1281 ipse
864 1211 991 1265 mihi
1023 1212 1163 1265 dedit
1197 1213 1525 1277 mandatum,
1552 1212 1677 1282 quid
1717 1211 1802 1264 di-

228 1316 367 1365 cam,
397 1310 486 1354 aut
514 1300 641 1371 quid
673 1299 892 1373 loquar;
924 1310 973 1357 et
1015 1303 1122 1356 scio
1166 1304 1289 1373 quia
1336 1304 1643 1357 mandatum
1684 1303 1800 1372 ejus

225 1386 330 1442 vita
370 1399 565 1443 trtcrna
610 1399 704 1444 est.
749 1390 880 1456 Qua?
926 1408 1046 1462 ergo
1087 1391 1293 1463 loquor,
1333 1394 1467 1447 sicut
1505 1394 1637 1447 dixit
1672 1393 1799 1446 mihi

226 1473 412 1544 Pater,
449 1480 522 1533 ita
558 1478 743 1552 loquor
764 1481 944 1553 (Joan.
966 1482 1086 1554 xu).
1137 1482 1268 1550 Quis
1298 1492 1475 1554 potest
1503 1485 1559 1538 in
1589 1494 1797 1539 tantum

224 1570 547 1626 temeritatis
582 1574 854 1643 progredi,
894 1582 956 1627 ut
998 1574 1195 1629 audeat
1234 1591 1263 1629 a
1300 1591 1359 1631 se
1390 1575 1680 1646 quidquam
1712 1576 1797 1630 vel

222 1660 390 1731 loqui,
430 1662 516 1718 vel
566 1665 841 1733 cogitare?
886 1665 1001 1721 lmo
1046 1682 1177 1721 vero
1225 1667 1504 1722 sciendum
1544 1678 1627 1722 est
1667 1667 1794 1737 quia

222 1767 411 1808 omnes
457 1755 594 1809 duce
640 1756 853 1812 itineris
897 1758 1201 1828 indigemus
1232 1757 1437 1827 Spiritu
1481 1769 1689 1825 sancto,
1735 1768 1798 1813 ut

1906 940 2055 993 nete;
2090 929 2155 982 ab
2187 930 2325 983 omni
2364 933 2532 1000 specie
2560 930 2700 985 mala
2736 931 2987 987 abstinete
3018 950 3103 988 vos
3144 933 3197 1004 (1
3224 933 3373 988 Thes.
3401 933 3477 996 v).

1903 1018 1971 1072 Et
2017 1019 2212 1072 iterum
2259 1036 2273 1074 :
2313 1020 2665 1090 Cogitationes
2703 1033 3006 1093 purgantes,
3049 1022 3126 1078 vel
3161 1023 3479 1079 destruentes

1904 1125 2106 1162 onmem
2168 1108 2499 1163 altitudinem
2549 1109 2877 1165 extollentem
2920 1129 2974 1166 se
3020 1113 3267 1167 adversus
3313 1114 3481 1167 scien-

1902 1199 2028 1253 tiam
2059 1200 2177 1265 Dei,
2210 1210 2258 1254 et
2291 1202 2610 1272 captivantes
2647 1220 2850 1256 omnem
2890 1203 3227 1269 intellectum,
3261 1203 3331 1257 ad
3361 1204 3480 1257 obe-

1901 1293 2149 1347 diendum
2190 1294 2398 1349 Christo
2447 1294 2499 1367 (Ι
2530 1295 2652 1351 Cor.
2679 1299 2759 1369 χ).
2813 1298 2868 1353 Si
2899 1300 3025 1369 quid
3060 1315 3188 1371 ergo
3221 1308 3303 1354 est
3333 1300 3478 1369 quod

1900 1386 2189 1462 conveniat
2241 1402 2362 1440 cum
2410 1389 2668 1443 mandato
2713 1390 2806 1444 Dei
2857 1398 2911 1445 et
2961 1392 3155 1447 anima:
3200 1392 3473 1462 expediat,

1897 1489 1953 1531 et
1970 1477 2076 1531 hoc
2099 1477 2255 1533 nobis
2276 1480 2344 1534 ab
2365 1478 2546 1549 aliquo
2567 1479 2733 1535 fuerit
2756 1481 3093 1551 imperatum,
3116 1482 3262 1538 velut
3284 1484 3475 1539 volun-

1899 1573 2065 1621 tatem
2102 1566 2196 1622 Dei
2239 1578 2483 1640 prompte
2528 1578 2584 1624 et
2627 1571 2861 1626 libenter
2905 1574 3162 1628 debemus
3206 1574 3473 1643 accipere,

1897 1666 1954 1712 et
1977 1659 2195 1728 explere
2222 1662 2363 1730 quod
2388 1662 2591 1717 dictum
2619 1673 2733 1719 est:
2762 1662 3184 1735 Obtemperantes
3217 1666 3271 1720 in
3297 1668 3475 1720 chari-

1897 1761 2002 1806 tate
2031 1751 2227 1808 Christi
2266 1753 2479 1826 (Ephes.
2514 1756 2610 1828 tv).
2654 1757 2751 1813 Sin
2789 1766 2970 1814 autem
2997 1759 3328 1814 contrarium
3373 1758 3474 1813 ali-

221 1843 337 1912 ipse
370 1860 471 1900 nos
504 1846 557 1900 in
583 1846 728 1901 viam
755 1847 951 1919 dirigat
981 1849 1244 1913 veritatis,
1273 1858 1329 1903 et
1365 1850 1419 1903 in
1448 1850 1791 1921 cogitatione,
1821 1845 1870 1905 Β
1898 1844 2028 1912 quid
2052 1847 2318 1901 mandatis
2339 1846 2456 1914 Dei,
2480 1848 2568 1904 vel
2595 1851 2738 1919 quod
2762 1866 2826 1904 ea
2853 1865 3201 1920 corrumpere
3228 1850 3476 1905 videatur

218 1943 274 1989 et
300 1936 354 1990 in
383 1936 586 2003 verbis,
616 1945 671 1991 et
707 1937 761 1992 in
787 1939 1020 1993 actibus.
1051 1937 1237 1994 Caecus
1260 1946 1344 1993 est
1374 1939 1521 1994 enim
1548 1950 1603 1994 et
1632 1942 1685 1993 in
1718 1948 1797 1995 tc-

217 2025 402 2083 nebris
431 2028 576 2098 degit
604 2029 782 2084 omnis
806 2030 900 2099 qui
928 2038 1013 2085 est
1047 2030 1251 2101 absque
1280 2031 1392 2086 sole
1418 2030 1668 2100 justitiaz,
1704 2034 1796 2103 qui

215 2126 302 2171 est
330 2118 583 2174 dominus
614 2127 804 2174 noster
822 2118 978 2175 Jesus
1005 2119 1283 2187 Christus;
1317 2122 1471 2191 cujus
1502 2125 1793 2193 mandatis,

211 2207 367 2261 velut
415 2210 583 2263 radiis
629 2210 950 2279 quibusdam
977 2253 993 2279 ,
1040 2211 1424 2268 illuminamur.
1477 2214 1795 2271 Mandatum

212 2301 377 2364 enim,
412 2301 603 2369 inquit,
633 2302 846 2357 Domini
875 2303 1107 2358 lucidum
1144 2316 1242 2371 est,
1274 2305 1579 2361 illuminans
1615 2308 1793 2364 oculos

212 2386 395 2459 (Psal.
422 2394 599 2463 xvttt).
657 2393 792 2471 Quia
833 2409 963 2465 ergo
1008 2395 1062 2449 in
1113 2395 1363 2451 omnibus
1412 2399 1644 2469 negotiis
1673 2415 1792 2470 quat

210 2476 361 2532 inter
397 2494 496 2533 nos
538 2491 841 2548 versantur,
878 2483 962 2537 vel
1014 2483 1228 2550 verbis,
1274 2487 1519 2556 quiedam
1572 2487 1791 2557 quidem

207 2583 313 2638 per
339 2572 650 2626 mandatum
679 2574 773 2629 Dei
820 2574 874 2628 in
902 2576 1099 2630 divinis
1131 2576 1427 2647 Scripturis
1450 2579 1791 2651 distinguun-

211 2669 321 2723 tur,
363 2663 607 2730 qucetlam
650 2679 782 2720 vero
826 2667 1157 2731 reticentur;
1192 2670 1258 2725 de
1300 2670 1386 2726 his
1422 2671 1638 2740 quidem
1669 2688 1791 2743 quae

210 2753 420 2822 scripta
456 2763 601 2819 sunt,
635 2756 781 2810 nulla
810 2772 1032 2827 prorsus
1067 2759 1286 2815 licentia
1313 2763 1647 2832 permittitur
1674 2764 1792 2819 cui-

211 2859 419 2914 quam,
468 2845 556 2901 vel
599 2845 891 2905 admittere
941 2852 1084 2921 quod
1130 2852 1523 2923 prohibendum
1554 2864 1658 2921 est,
1705 2855 1790 2910 vel

208 2938 468 2994 omittere
499 2942 642 3010 quod
673 2952 1001 3014 praeceptum
1037 2953 1123 3000 est
1155 2961 1171 2999 :
1208 2962 1330 3001 cum
1383 2948 1497 3016 ipse
1531 2948 1790 3005 Dominus

209 3030 288 3085 ita
310 3034 651 3102 praeceperit,
685 3036 871 3092 dicens
896 3054 909 3091 :
934 3036 1005 3091 Et
1034 3038 1238 3094 custodi
1265 3039 1471 3094 verbum
1500 3041 1620 3107 hoc,
1648 3043 1789 3113 quod

201 3123 421 3193 egotibi
451 3125 643 3179 mando
673 3125 828 3181 hodie
859 3144 880 3183 :
914 3144 1017 3182 non
1061 3129 1280 3199 adficies
1320 3131 1390 3185 ad
1426 3130 1582 3197 illud,
1626 3149 1788 3204 neque

206 3215 420 3285 auferes
454 3217 521 3270 ab
561 3234 621 3272 eo
655 3218 834 3289 (om.
872 3220 968 3291 iv).
1014 3197 1208 3277 Sedet
1236 3222 1496 3279 terribilis
1539 3197 1785 3293 quaedam
1813 3197 1857 3260 C

206 3310 552 3378 exspectatio
582 3318 669 3366 est
699 3311 888 3382 judicii
931 3322 986 3368 et
1025 3314 1165 3385 ignis
1204 3315 1370 3380 zelus,
1403 3317 1494 3386 qui
1536 3331 1789 3373 consum-

204 3409 403 3469 pturus
443 3410 526 3457 est
565 3403 937 3471 adversarios,
980 3414 1034 3461 et
1080 3420 1175 3461 eos
1223 3407 1315 3476 qui
1358 3409 1474 3462 ausi
1521 3416 1647 3463 sunt
1682 3407 1790 3463 tale

208 3491 417 3561 aliquid
445 3494 682 3564 operari.
716 3494 792 3549 De
818 3496 904 3551 his
928 3510 1058 3551 vero
1089 3512 1209 3566 quae
1234 3495 1517 3566 Scriptura
1547 3499 1785 3566 reticuit,

210 3583 461 3653 regulam
499 3586 655 3641 nobis
679 3586 970 3656 Apostolus
1011 3587 1191 3658 posuit
1235 3588 1517 3643 evidenter
1564 3589 1785 3644 dicens:

213 3672 414 3729 Omnia
435 3674 608 3744 licent,
628 3678 719 3732 sed
746 3696 848 3733 non
868 3679 1044 3733 omnia
1070 3677 1384 3749 expediunt;
1409 3679 1586 3733 omnia
1611 3678 1786 3745 licent,

201 3768 307 3822 sed
321 3786 425 3823 non
440 3772 613 3825 omnia
636 3771 922 3840 wdiﬁcant.
947 3768 1115 3825 Nemo
1135 3771 1273 3841 quod
1287 3785 1438 3824 suum
1466 3779 1543 3824 est
1566 3780 1786 3842 quaerat,

203 3860 305 3914 sed
347 3862 488 3931 quod
532 3862 751 3917 alterius
786 3864 840 3935 (Ι
869 3860 993 3917 Cor.
1025 3862 1122 3936 vt).
1178 3861 1366 3932 Itaque
1418 3863 1565 3918 omni
1629 3864 1789 3920 modo

204 3967 318 4008 non
359 3968 480 4023 qua:
513 3955 672 4011 nobis
704 3956 849 4011 licita
888 3964 1033 4020 sunt,
1073 3956 1167 4011 sed
1204 3971 1326 4026 quae
1371 3955 1639 4010 aediﬁcant
1664 3971 1790 4027 pro-

203 4046 408 4112 ximos,
446 4063 608 4119 agere
646 4048 927 4113 debemus,
969 4057 1026 4103 et
1071 4063 1178 4104 non
1223 4048 1378 4103 nobis
1416 4046 1652 4117 placere,
1695 4048 1788 4104 sed

202 4139 475 4210 proximis
528 4139 598 4195 ad
648 4138 1084 4195 aediﬁcationem.
1150 4138 1424 4209 Scriptum
1473 4146 1557 4195 est
1608 4139 1783 4194 enim:

201 4230 445 4304 Subjecti
483 4233 698 4289 invicem
753 4232 809 4288 in
850 4234 1034 4287 timore
1087 4230 1282 4286 Christi
1332 4230 1548 4303 (Ephes.
1575 4232 1651 4303 v).
1681 4230 1789 4286 Sed

201 4334 267 4381 et
289 4341 480 4382 rursus
516 4326 778 4382 Dominus
819 4327 936 4381 ait:
975 4322 1035 4380 Si
1060 4325 1175 4396 quis
1209 4324 1315 4379 vult
1351 4326 1407 4379 in
1442 4324 1581 4379 vobis
1614 4323 1789 4395 major

200 4434 340 4485 esse,
364 4417 459 4488 ﬁat
484 4420 718 4473 omnium
749 4419 1079 4483 novissimus,
1103 4427 1152 4471 et
1173 4417 1404 4471 omnium
1426 4433 1603 4471 servus
1632 4414 1784 4488 (Luc.

202 4512 372 4582 χιιι).
420 4511 573 4579 Quod
625 4510 811 4581 utique
855 4511 945 4580 qui
995 4509 1217 4579 implere
1264 4509 1396 4576 vult,
1449 4510 1567 4564 sine
1619 4509 1785 4564 dubio

197 4605 455 4679 proprias
493 4604 597 4660 sibi
631 4610 874 4674 amputat
906 4600 1229 4669 voluntates,
1265 4604 1559 4658 secundum
1600 4602 1783 4657 imita-

199 4696 415 4751 tionem
453 4696 622 4765 ipsius
656 4694 869 4750 Domini
911 4694 1140 4749 dicentis
1175 4712 1187 4748 :
1231 4693 1484 4749 Descendi
1524 4693 1589 4748 de
1634 4693 1779 4758 calo,

202 4806 317 4844 non
339 4798 394 4841 ut
421 4788 615 4859 faciam
646 4788 964 4843 voluntatem
997 4804 1187 4852 meam,
1210 4788 1301 4842 sed
1335 4787 1648 4842 voluntatem
1668 4787 1783 4857 ejus

195 4882 301 4951 qui
337 4897 416 4935 me
451 4882 614 4943 misit,
655 4878 835 4934 Patris
863 4879 1043 4953 (Joan.
1072 4878 1169 4952 vt).
1207 4879 1275 4934 Et
1306 4881 1502 4935 iterum
1529 4880 1789 4951 praecepit

198 4974 471 5031 Dominus
498 4992 511 5027 ε
547 4972 604 5029 Si
638 4974 754 5045 quis
784 4981 834 5026 te
866 4971 1220 5041 angariavcrit
1241 4971 1383 5025 mille
1404 4988 1615 5043 passus,
1653 4971 1785 5025 vade

196 5084 329 5123 cum
356 5065 449 5121 illo
474 5065 582 5120 alia
603 5064 709 5120 duo
738 5062 954 5136 (Matth.
979 5062 1055 5133 v).

650 5153 1164 5212 INTERROGATIO
1200 5154 1336 5209 XIII.

329 5249 387 5308 Si
407 5258 607 5319 oportet
632 5248 873 5303 omnibus
902 5247 982 5302 vel
1002 5247 1395 5319 quibuscunque
1423 5247 1672 5303 obedire?

279 5342 441 5399 Resp.
469 5342 675 5397 Horum
712 5342 928 5411 quidem
955 5342 1045 5411 qui
1074 5341 1340 5410 imperant
1367 5338 1670 5395 dili'ercntia
1698 5340 1783 5396 vel

198 5435 499 5492 diversitas
538 5449 646 5488 non
685 5432 843 5488 debet
882 5431 1145 5501 impedire
1180 5430 1548 5486 obedientium
1587 5443 1783 5499 propo-

196 5526 564 5598 situmtquia
604 5539 779 5596 neque
807 5524 1018 5595 Moyses
1058 5524 1424 5594 intemperans
1461 5522 1669 5576 exstitit
1696 5536 1782 5577 co-

196 5631 373 5695 gnato
397 5637 498 5677 suo
521 5618 730 5685 Jethro,
755 5632 878 5674 cum
903 5618 1051 5673 utilia
1073 5625 1321 5673 moueret
1343 5624 1398 5671 et
1414 5614 1558 5685 justa
1580 5614 1777 5687 (Exod.

200 5711 389 5785 xvttt).
420 5710 912 5767 Commonitionum
950 5725 1080 5765 sane
1120 5725 1227 5764 non
1254 5724 1419 5779 parva
1449 5716 1531 5763 est
1558 5708 1782 5763 diversi-

201 5813 300 5863 tas
329 5820 343 5858 :
373 5802 493 5861 aliae
522 5817 753 5875 namque
782 5801 1067 5863 contraria
1092 5801 1344 5857 videntur
1366 5815 1487 5857 esse
1514 5799 1784 5861 mandatis

1895 1944 1988 1988 aut
2035 1941 2423 2005 contaminare,
2452 1939 2630 1995 facere
2649 1942 2905 2012 jubemur
2930 1942 2999 1997 ab
3029 1943 3229 2013 aliquo,
3267 1950 3477 2011 tempus

1894 2035 1979 2082 est
2000 2043 2100 2083 nos
2127 2029 2342 2087 dicere:
2368 2030 2737 2102 Obtemperare
2764 2034 2874 2089 Deo
2904 2038 3071 2106 magis
3100 2051 3257 2105 quam
3300 2035 3473 2088 homi-

1895 2119 2047 2173 nibus
2073 2120 2209 2192 (Act.
2235 2121 2312 2194 v).
2344 2122 2413 2177 Et
2439 2140 2654 2179 rursum
2680 2127 2991 2181 meminisse
3010 2127 3222 2181 Domini
3244 2126 3476 2182 dicentis

1894 2210 1962 2267 de
1990 2213 2245 2268 omnibus
2273 2215 2421 2269 suis:
2449 2213 2621 2269 Alieni
2643 2227 2817 2271 autem
2841 2234 3012 2272 vocem
3038 2235 3141 2272 non
3162 2227 3475 2290 sequuntur,

1891 2302 1985 2357 sed
2011 2302 2219 2373 fugiunt
2242 2304 2307 2358 ab
2327 2322 2387 2359 eo
2413 2320 2433 2358 :
2454 2308 2702 2378 quoniam
2728 2309 2963 2363 nesciunt
2989 2308 3278 2363 alienorum
3302 2324 3475 2362 vocem

1893 2392 2075 2464 (Joan.
2113 2394 2190 2467 κ).
2244 2394 2349 2451 Sed
2378 2404 2435 2451 et
2462 2399 2636 2452 sancti
2665 2398 2905 2467 Apostoli
2934 2413 3203 2455 memores
3230 2413 3349 2455 esse
3384 2399 3476 2452 de-

1889 2484 2105 2551 bemus,
2136 2485 2229 2556 qui
2258 2488 2327 2542 ad
2364 2495 2608 2543 nostram
2648 2488 2915 2543 cautelam
2956 2504 3119 2544 ausus
3148 2497 3250 2556 est,
3283 2504 3349 2543 ne
3378 2504 3475 2543 an-

1860 2574 2025 2645 gelis
2064 2575 2281 2645 quidem
2319 2591 2567 2647 parcere,
2614 2576 2801 2632 dicens
2835 2592 2851 2631 :
2880 2577 3105 2631 Etiamsi
3148 2576 3365 2647 angelus
3410 2577 3475 2632 de

1890 2666 2017 2720 calo
2042 2667 2471 2738 evangelisaverit
2502 2668 2643 2723 vobis
2672 2676 3022 2740 prtrterquam
3044 2667 3186 2739 quod
3214 2667 3473 2738 evangeli-

1890 2775 2073 2813 samus
2110 2760 2278 2822 vobis,
2324 2760 2603 2814 anathema
2641 2759 2709 2814 sit
2746 2755 2890 2829 (Cal.
2924 2757 2986 2830 t).
3032 2758 3113 2814 Ex
3142 2774 3250 2828 quo
3278 2758 3474 2813 edoce-

1889 2866 2033 2915 utur,
2080 2860 2142 2906 ut
2188 2851 2401 2906 etiamsi
2453 2851 2609 2907 valde
2664 2850 2821 2907 nobis
2874 2852 3074 2907 charus
3129 2851 3201 2905 sit
3251 2850 3469 2921 aliquis,

1890 2944 2104 2999 etiamsi
2147 2943 2463 3015 magniﬁcus
2501 2944 2783 3007 habeatur,
2825 2949 2881 2997 et
2916 2943 2970 2997 in
3009 2941 3365 2996 admiratione
3400 2941 3472 2995 sit

1888 3036 2117 3107 positus,
2162 3035 2253 3105 qui
2302 3035 2551 3105 prohibet
2594 3048 2693 3089 nos
2740 3033 2938 3096 facere,
2987 3032 3130 3102 quod
3177 3046 3207 3086 a
3238 3031 3470 3086 Domino

1888 3136 2217 3200 praeceptum
2246 3139 2360 3194 est,
2394 3127 2479 3184 vel
2509 3144 2724 3183 rursum
2754 3128 3007 3197 imperat,
3040 3127 3184 3198 quod
3212 3125 3471 3180 Dominus

1888 3221 2189 3292 prohibuit,
2217 3220 2565 3277 exsecrabilis
2600 3221 2761 3277 debet
2791 3234 2912 3276 esse
2961 3218 3055 3291 qui
3084 3216 3350 3291 ejusmodi
3386 3222 3472 3273 est

1886 3312 2138 3368 omnibus
2172 3312 2264 3381 qui
2294 3311 2521 3383 diligunt
2549 3311 2859 3366 Dominum.

2333 3426 2846 3483 INTERROGATIO
2882 3424 3023 3480 XIV.

1890 3520 2051 3587 Quali
2081 3522 2274 3591 affectu
2294 3520 2441 3575 debet
2471 3520 2682 3583 servire,
2704 3520 2793 3591 qui
2815 3518 2970 3591 servit
2989 3514 3140 3570 Deo?
3174 3522 3224 3569 et
3243 3513 3341 3567 istc
3360 3511 3470 3583 ipse

2418 3591 2638 3660 a/I'ectus
2662 3588 2789 3659 quid
2817 3597 2891 3643 cst
2913 3588 2938 3640 7

1958 3680 2120 3736 Rnsr.
2169 3678 2435 3736 Al’fectum
2485 3680 2686 3735 bonum
2732 3676 2819 3732 vel
2863 3676 3103 3731 animum
3147 3672 3299 3729 illum
3346 3685 3468 3727 esse

1889 3772 2125 3828 arbitror
2151 3786 2271 3841 ego,
2305 3786 2428 3827 cum
2458 3769 2786 3826 desiderium
2816 3768 3110 3823 vehemens
3144 3772 3201 3821 et.
3227 3763 3469 3833 inexple-

1888 3865 1997 3920 bile
2031 3873 2194 3935 atque
2229 3863 2506 3919 immobile
2547 3863 2691 3917 inest
2728 3860 2883 3917 nobis
2925 3858 3330 3930 placendti.
3361 3855 3468 3910 Im-

1888 3955 2067 4026 pletur
2115 3962 2298 4009 autem
2346 3953 2449 4009 iste
2498 3951 2723 4008 affectus
2766 3966 2865 4022 per
2911 3949 3210 4013 theoriam,
3262 3947 3317 4001 id
3360 3954 3465 4012 est,

1888 4046 2192 4114 scientiam,
2224 4061 2322 4117 per
2344 4060 2507 4117 quam
2545 4043 2745 4100 intueri
2773 4050 2829 4098 et
2852 4043 3158 4114 perspicere
3179 4053 3467 4111 possumus

1886 4139 2344 4211 magniﬁcentiam
2384 4136 2570 4208 gloria:
2594 4136 2715 4201 Dei,
2744 4142 2799 4191 et
2836 4148 2934 4205 per
2966 4133 3322 4206 cogitationes
3349 4131 3466 4201 pias

1886 4239 1941 4286 et
1984 4245 2171 4300 puras,
2219 4236 2275 4283 et
2314 4243 2413 4298 per
2457 4226 2778 4282 memoriam
2822 4224 3111 4289 bonorum,
3158 4237 3277 4292 quae
3311 4219 3466 4276 nobis

1889 4335 1920 4373 a
1944 4319 2056 4375 Deo
2094 4319 2286 4375 collata
2329 4327 2482 4384 sunt;
2524 4332 2590 4372 ex
2634 4330 2865 4386 quorum
2910 4312 3283 4369 recordatione
3320 4309 3469 4363 venit

1889 4414 2086 4469 animae
2131 4412 2348 4468 dilectio
2374 4411 2589 4467 Domini
2629 4410 2724 4465 Dei
2761 4408 2867 4473 sui,
2911 4413 2974 4460 ut
3004 4419 3127 4460 eum
3166 4402 3352 4470 diligat
3398 4413 3466 4453 ex

1890 4516 2005 4563 toto
2040 4506 2207 4562 corde
2239 4519 2372 4571 suo,
2413 4511 2469 4558 et
2505 4519 2573 4558 ex
2615 4509 2726 4555 tota
2766 4499 2946 4554 anima
2997 4509 3123 4560 sua,
3166 4500 3223 4549 et
3257 4506 3324 4546 ex
3354 4496 3466 4545 tota

1889 4609 2068 4661 mente
2108 4614 2227 4663 sua,
2257 4596 2552 4653 secundum
2587 4593 2735 4649 illum
2760 4591 2855 4662 qui
2896 4590 3141 4647 dicebat:
3170 4584 3319 4641 Sicut
3350 4598 3467 4636 cer-

1884 4713 1980 4752 vus
2002 4694 2263 4750 desiderat
2292 4691 2361 4746 ad
2389 4690 2558 4762 fontes
2587 4703 2867 4760 aquarum,
2899 4685 2975 4739 ita
2997 4682 3260 4738 desiderat
3286 4678 3466 4731 anima

1884 4804 2002 4843 mea
2034 4785 2103 4840 ad
2132 4794 2200 4850 te,
2232 4782 2372 4837 Deus
2400 4779 2575 4854 (Psal.
2601 4779 2763 4849 .xu).
2795 4776 2930 4832 Cum
2967 4775 3061 4830 tali
3105 4771 3301 4828 affectu
3335 4779 3466 4836 ergo

1884 4877 2092 4933 servire
2131 4882 2343 4947 oportet
2370 4862 2621 4935 Domino,
2649 4867 3005 4939 adimplentes
3049 4863 3180 4920 illud
3210 4860 3354 4931 quod
3396 4857 3465 4912 ab

1885 4968 2143 5040 Apostolo
2179 4968 2381 5023 dictum
2418 4973 2539 5020 est:
2569 4962 2700 5029 Quis
2728 4978 2821 5017 nos
2841 4958 3105 5032 separabit
3148 4973 3182 5010 a
3212 4950 3466 5007 charitate

1887 5058 2123 5114 Christi?
2159 5054 2490 5111 Tribulatio?
2523 5072 2593 5109 an
2620 5052 2907 5125 angustia?
2934 5067 3003 5105 an
3028 5044 3274 5119 gladius?
3305 5050 3352 5095 et
3379 5056 3465 5095 rc-

1887 5153 2030 5225 liqua
2066 5150 2242 5225 (Rom.
2272 5151 2413 5221 vm).

1894 5258 1903 5265 ’
2334 5259 2851 5319 INTERROGATIO
2886 5257 2995 5314 XV.

1891 5361 2032 5429 Quid
2073 5360 2265 5415 sentire
2310 5358 2374 5412 de
2415 5376 2468 5411 se
2499 5357 2645 5410 debet
2687 5357 2733 5429 is
2761 5353 2875 5429 ‘qui
2918 5354 3139 5429 prefest,
3179 5344 3235 5398 in
3276 5341 3465 5411 quibus

2345 5430 2580 5500 prmripit
2600 5467 2614 5492 ,
2648 5425 2723 5479 vel
2753 5418 2971 5493 imperat
2988 5418 3014 5472 .9

1962 5523 2122 5577 Resp.
2163 5520 2317 5592 Apud
2345 5498 2513 5573 Deum
2550 5516 2787 5586 quidem,
2818 5512 2957 5566 sicut
2991 5508 3237 5563 minister
3264 5498 3466 5559 Christi

1889 5623 1945 5672 et
1974 5616 2313 5684 dispensator
2347 5608 2726 5683 mysteriorum
2759 5603 2855 5659 Dei
2889 5601 2939 5673 (1
2967 5599 3091 5656 Cor.
3122 5599 3227 5670 tv);
3270 5596 3466 5652 timens

1889 5720 1957 5762 ne
1995 5715 2192 5775 praeter
2221 5703 2548 5759 voluntatem
2592 5698 2704 5763 Dei,
2748 5696 2831 5750 vel
2865 5704 3062 5766 prazter
3099 5691 3242 5763 quod
3285 5690 3338 5743 in
3379 5699 3468 5743 sa-

1890 5799 1999 5863 cris
2033 5796 2329 5869 Scripturis
2366 5792 2645 5849 evidenter
2672 5788 3023 5863 ‘prtecipitur,
3067 5785 3151 5842 vel
3187 5784 3329 5838 dicat
3368 5777 3474 5879 ali:
