4004 6328
571 344 670 404 ιιι

570 554 760 611 ﬁdeles
788 562 845 609 et
865 554 1159 624 prudentes
1201 552 1621 622 dispensatores,
1677 550 1810 617 ipsis
1839 548 2024 604 offerri
2057 550 2150 605 de-

542 650 720 713 .bent,
747 647 1044 703 secundum
1075 646 1431 700 imitationem
1450 659 1661 709 eorum,
1692 644 1785 713 qui
1833 643 1887 697 in
1925 642 2149 698 Actibus

569 737 939 809 apostolorum
991 737 1045 791 id
1104 734 1294 790 fecisse
1340 735 1785 805 perscribuntur,
1836 733 1903 788 de
1956 733 2151 802 quibus

570 831 806 886 dicitur:
839 828 978 895 Quia
1017 828 1292 897 afferentes
1325 826 1492 896 pretia
1541 825 1860 896 pra'diorum
1908 840 2149 890 suorum,

568 922 827 992 ponebant
875 930 996 975 ante
1052 920 1206 990 pedes
1261 918 1614 989 apostolorum
1663 918 1802 987 (Act.
1833 921 1937 978 In).
1993 917 2150 972 Certe

569 1012 827 1080 quoniam
855 1027 962 1065 non
988 1019 1074 1065 est
1100 1013 1343 1065 omnium
1377 1008 1747 1077 hujuscemodi
1790 1010 2149 1079 dispensatio-

566 1117 667 1157 nes
691 1103 912 1173 explere
942 1102 1187 1163 ﬁdeliter,
1228 1102 1334 1155 illis
1362 1100 1543 1155 oﬁ‘erri
1572 1100 1842 1164 convenit,
1871 1103 1963 1170 qui
2009 1101 2149 1171 apud

569 1209 758 1249 omnes
787 1194 840 1248 in
870 1195 973 1249 hoc
998 1192 1178 1248 ofﬁcio
1209 1191 1418 1262 probati
1445 1191 1734 1245 habentur.
1765 1189 2149 1245 Verumtamen

571 1285 730 1338 etiam
761 1285 827 1339 de
856 1285 940 1339 bis
959 1284 1211 1354 probabit
1233 1282 1320 1337 ille
1350 1282 1441 1353 qui
1486 1290 1704 1351 przeest,
1744 1297 1843 1353 per
1867 1297 2026 1353 quem
2058 1282 2151 1338 de-

571 1376 734 1431 beant
765 1377 1090 1448 dispensari.

971 1468 1485 1527 INTERROGATIO
1516 1469 1728 1526 XXXII.

570 1559 842 1627 Quomodo
863 1562 1035 1635 videre
1057 1563 1300 1618 debemus
1326 1581 1434 1629 eos,
1454 1566 1543 1635 qui
1565 1565 1710 1620 nobis
1733 1565 1813 1619 vel
1834 1565 2147 1635 familiares,

808 1631 886 1686 vel
915 1635 1293 1703 consanguinei
1331 1631 1613 1703 fueruntet
1646 1631 1917 1707 proximi?

636 1722 800 1779 Resr.
831 1723 983 1779 Sicut
1014 1724 1276 1781 Dominus
1303 1726 1562 1791 ostendit,
1595 1736 1721 1783 tunc
1751 1744 1873 1784 cum
1922 1729 1973 1785 ei
2013 1747 2153 1787 nun-

567 1814 840 1868 tiaverunt
872 1834 884 1868 :
933 1815 1071 1881 Quia
1110 1825 1277 1871 mater
1296 1827 1386 1870 tua
1410 1830 1457 1871 et
1482 1818 1670 1887 fratres
1701 1820 1777 1872 tui
1809 1820 1940 1888 foris
1986 1831 2150 1887 stant,
2179 1839 2228 1899 Β

1606 344 1663 399 S.
1701 342 2067 400 BENEDICTI
2102 342 2392 399 ABBATIS
2426 342 2840 400 ANIANENSIS

570 467 657 522 his
685 479 779 535 qm
833 475 932 533 per
954 457 1073 518 loca
1128 461 1340 533 singula
1369 459 1615 518 ecclesiis
1642 467 1903 529 praesunt,
1946 460 1992 514 si
2027 467 2154 513 sunt
2178 465 2230 525 Α

3739 344 3837 401 δια

2647 457 3160 516 INTERROGATIO
3197 457 3444 515 XXXVI.

2253 546 2415 614 Quali
2450 549 2642 619 affectu
2676 551 2921 605 debemus
2950 552 3177 620 inﬁrmis
3204 551 3459 620 fratribus
3497 554 3839 610 ministrare!

2322 639 2480 694 Rnsr.
2532 640 2685 695 Sicut
2730 642 2830 711 ipsi
2862 643 3088 697 Domino
3146 643 3438 700 offerentes
3481 644 3835 715 obsequium,

2250 729 2342 798 qui
2372 730 2543 784 dixit:
2578 730 2714 797 Quia
2748 750 2864 786 cum
2897 734 3093 803 fecistis
3128 736 3218 789 uni
3242 748 3307 790 e1:
3331 735 3567 790 minimis
3592 736 3722 791 istis
3742 738 3842 805 frs-

2249 822 2416 876 tribus
2439 823 2584 883 meis,
2609 824 2736 877 mihi
2765 824 2959 895 fecistis
2984 825 3197 896 (Matth.
3230 826 3379 895 xxv).
3407 826 3647 898 Expedit
3668 838 3838 887 nam

2250 913 2318 968 ad
2373 918 2804 973 conservandum
2856 918 3224 987 hujuscemodi
3274 919 3532 976 allectum
3583 922 3643 975 in
3690 925 3835 978 obse

2251 1006 2413 1075 quiis,
2455 1016 2512 1060 ut
2533 1016 2589 1062 et
2618 1008 2673 1062 hi
2693 1008 2784 1079 qui
2807 1010 3065 1079 obsequia
3099 1027 3131 1066 a
3170 1012 3326 1067 nobis
3348 1013 3688 1082 suscipiunt,
3719 1014 3837 1068 tales

2250 1097 2381 1163 sint,
2431 1098 2625 1167 quibus
2673 1100 2867 1156 merito
2897 1100 3096 1156 deferri
3148 1103 3467 1172 obsequium
3527 1103 3834 1161 debeat.£‘.

2250 1186 2372 1241 ideo
2400 1197 2614 1259 oportet
2660 1204 2755 1244 eos
2780 1191 2871 1260 qui
2912 1199 3155 1261 praesunt
3182 1208 3369 1248 curam
3421 1208 3647 1265 gerere,
3687 1211 3759 1249 ne
3794 1196 3833 1254 bi

2250 1278 2446 1348 quibus
2484 1280 2827 1336 ministratur
2856 1283 2991 1338 tales
3033 1284 3143 1339 sint
3167 1285 3259 1355 qui
3312 1287 3462 1340 carni
3518 1286 3832 1357 indulgeant
3882 1320 3889 1327 -

2250 1378 2307 1425 et
2345 1371 2539 1435 ventri,
2573 1373 2665 1427 sed
2716 1373 2896 1443 potius
2922 1374 2977 1428 in
3012 1390 3196 1430 amore
3241 1374 3337 1430 Dei
3385 1384 3440 1430 et
3482 1374 3711 1432 Christi
3738 1378 3835 1447 ejus

2251 1464 2562 1533 probabiles
2620 1465 2998 1533 inveniantur,
3054 1476 3109 1521 et
3153 1483 3251 1538 per
3298 1469 3631 1537 patientiam
3695 1486 3834 1526 suam

2253 1567 2319 1608 ac
2364 1554 2488 1610 vita:
2538 1556 2790 1611 meritum
2833 1556 3062 1612 fratrum
3104 1567 3418 1614 mereantur
3442 1560 3836 1629 obsequiant

2253 1645 2555 1702 habeantur
2580 1647 2649 1703 ad
2674 1647 2902 1718 gloriam
2924 1648 3146 1715 Christi,
3177 1657 3235 1704 et
3261 1652 3622 1720 opprobrium
3650 1651 3835 1708 ἀίεὺῶ

2255 1741 2399 1797 sicut
2429 1740 2533 1797 fuit
2561 1749 2619 1797 et
2650 1750 2870 1797 sanctus
2895 1740 3014 1797 Job.

2629 1833 3147 1891 INTERROGATIO
3186 1835 3428 1893 XXXVII

569 1904 793 1959 volentes
822 1915 871 1959 te
900 1907 1106 1970 videre;
1133 1906 1199 1961 ad
1229 1922 1366 1977 quos
1387 1922 1509 1962 cum
1534 1908 1905 1978 increpatione
1934 1926 2153 1982 respon-
2255 1925 2387 1982 Cum
2420 1926 2566 1998 quati
2586 1928 2881 1983 humilitate
2902 1929 3051 2012 debet
3074 1930 3218 2012 'quis;
3240 1932 3505 1986 suscipere
3526 1950 3563 1986 a
3578 1932 3835 2000 fratribus

570 1995 671 2061 dit,
696 1995 885 2053 dicens
915 2015 929 2051 :
964 1995 1096 2062 Quae
1114 2007 1190 2052 est
1212 2008 1381 2052 mater
1422 2000 1577 2053 mea?
1615 2008 1663 2053 et
1700 2000 1790 2071 qui
1812 2010 1933 2054 sunt
1959 2002 2151 2071 fratres

565 2087 667 2141 mei
681 2086 706 2140 7
755 2084 859 2152 Qui
917 2088 1055 2141 enim
1115 2088 1294 2156 fecerit
1333 2087 1647 2143 voluntatem
1691 2088 1868 2145 Patris
1901 2093 2025 2159 mei,
2061 2097 2151 2165 qui

562 2176 621 2230 in
653 2175 793 2230 culis
824 2186 923 2243 est,
959 2177 1055 2231 iste
1095 2194 1240 2233 meus
1280 2177 1467 2257 frater,
1496 2187 1544 2233 et
1573 2195 1745 2247 soror,
1784 2190 1835 2237 et
1870 2192 2038 2238 mater
2074 2194 2150 2240 est

564 2266 716 2338 (Luc.
747 2270 891 2342 VIII).
950 2339 1466 2398 INTERROGATIO
1504 2341 1740 2398 xxxm,

565 2425 794 2499 Quodsi
814 2430 1159 2499 deprecantur
1194 2449 1310 2496 nos,
1337 2431 1562 2487 volentes
1583 2443 1638 2487 ut
1668 2451 1848 2488 eamus
1883 2453 2000 2489 cum
2021 2437 2147 2499 ipsis

670 2498 740 2552 ad
774 2498 956 2553 domos
977 2517 1178 2565 eorum,
1209 2503 1256 2556 si
1293 2512 1526 2572 oporteat
1564 2521 1656 2558 nos
1678 2506 2044 2575 acquiescere?

635 2586 798 2644 Resp.
829 2588 885 2668 Si
911 2591 1127 2659 quidem
1179 2608 1277 2663 pro
1304 2593 1664 2650 :ediﬁcatione
1691 2596 1812 2651 ﬁdei
1849 2598 2044 2668 aliquis
2067 2600 2147 2656 ire

564 2683 763 2747 potest,
788 2680 831 2734 si
860 2663 1165 2750 probaverit
1187 2682 1275 2738 ille
1295 2686 1385 2753 qui
1408 2695 1623 2755 praeest,
1649 2690 1913 2745 mittatur.
1938 2663 1996 2748 Si
2017 2709 2146 2750 vero

484 2828 491 2835 _
562 2778 784 2839 propter
837 2770 1127 2829 humanam
1179 2775 1414 2845 aliquam
1460 2780 1711 2848 gratiam,
1754 2783 1939 2838 audiat
1965 2785 2147 2840 Domi-

563 2872 691 2912 num
720 2860 991 2917 dicentem
1035 2865 1102 2917 ad
1132 2864 1281 2920 illum
1313 2868 1405 2936 qui
1431 2869 1481 2923 ei
1520 2870 1693 2925 dixit:
1730 2871 1997 2944 Magister,
2028 2894 2147 2949 per-

562 2947 703 3001 mitte
723 2950 850 3003 mihi
870 2953 1095 3021 primum
1118 2954 1217 3021 ire,
1239 2965 1288 3009 et
1327 2960 1627 3015 renuntiare
1649 2962 1728 3015 his
1753 2965 1844 3033 qui
1895 2966 1950 3019 in
1989 2947 2143 3021 domo

559 3048 702 3094 sunt.
739 3039 876 3106 Quia
911 3060 1060 3098 nemo
1089 3048 1298 3102 mittens
1336 3064 1550 3103 manum
1599 3068 1753 3107 suam
1801 3056 1855 3109 in
1880 3068 2140 3122 aratrum.

559 3138 607 3184 et
624 3140 760 3186 retro
787 3134 1082 3204 respiciens,
1105 3147 1258 3206 aptus
1280 3149 1355 3193 cst
1383 3157 1538 3211 regno
1555 3142 1804 3199 cazlorum
1849 3146 1999 3217 (Luc.
2038 3151 2136 3223 Ix).

2876 1999 3176 2071 obsequium
3192 2001 3218 2055 1’

2321 2086 2483 2143 Resp.
2518 2086 2669 2143 Sicut
2705 2104 2893 2146 servus
2939 2105 2971 2144 a
3018 2091 3260 2158 domino,
3319 2100 3374 2148 et
3407 2100 3557 2148 sicut
3600 2104 3835 2150 ostenun

2248 2177 2441 2233 Petrus
2503 2180 2815 2249 apostolus,
2883 2174 3008 2240 cum
3068 2182 3119 2238 ei
3174 2183 3436 2239 Dominus
3490 2185 3832 2242 ministraret

2250 2266 2435 2341 (Joan.
2473 2269 2614 2342 xm).
2664 2271 2721 2325 In
2748 2287 2856 2342 quo
2896 2272 3058 2328 simul
3096 2274 3261 2329 etiam
3287 2274 3597 2345 periculum
3625 2292 3832 2343 eumne.

2248 2363 2342 2433 qui
2370 2363 2558 2420 nolunt
2586 2366 2826 2437 recipere
2853 2367 3111 2438 obsequia
3140 2367 3393 2434 fratrum,
3415 2368 3719 2428 docemur.

2624 2478 3019 2537 INTERROGA
3028 2480 3141 2538 TIO
3187 2482 3474 2540 XXXVIII.

2319 2571 2542 2637 Qualem
2564 2572 2806 2628 debemus
2839 2574 3029 2629 habere
3066 2576 3377 2630 charitatem
3402 2577 3472 2629 ad
3503 2578 3781 2634 invicem?

2319 2662 2480 2719 Resp.
2506 2663 2730 2731 Qualem
2751 2665 3013 2721 Dominus
3032 2668 3266 2722 ostendit
3289 2675 3345 2722 et
3368 2668 3578 2731 docuit.
3607 2670 3829 2727 dicens:

2246 2752 2462 2823 Diligite
2515 2754 2754 2821 invicem,
2808 2756 2945 2810 sicut
3001 2766 3050 2811 et
3088 2773 3180 2828 ego
3213 2756 3375 2813 dilexi
3419 2774 3531 2814 vos.
3573 2758 3832 2831 Πρῖσκε

2245 2857 2419 2902 autem
2444 2849 2753 2905 charitatem
2807 2869 2955 2908 nemo
2978 2853 3151 2919 habet,
3177 2873 3335 2924 quam
3377 2867 3436 2911 ut
3453 2860 3577 2929 quis
3599 2861 3830 2916 enim

2242 2954 2394 2993 suam
2431 2948 2591 3010 ponat
2633 2958 2728 3012 pro
2776 2943 2957 2998 amicis
2992 2946 3101 3000 suis
3142 2945 3323 3017 (Joan.
3348 2948 3424 3012 v).
3456 2950 3515 3004 Si
3558 2960 3752 3007 autem
3787 2960 3833 3007 et

2245 3029 2479 3085 animam
2506 3031 2631 3102 poni
2661 3042 2895 3103 oportet,
2951 3045 3154 3106 quanto
3184 3039 3359 3109 magis
3394 3039 3448 3095 in
3477 3040 3604 3097 aliis
3643 3054 3827 3098 votum

2244 3127 2301 3174 et
2329 3122 2567 3177 studium
2594 3122 2754 3179 debet
2780 3126 3034 3182 ostendi?
3057 3126 3189 3184 Sine
3213 3130 3375 3187 dubio
3393 3147 3501 3187 non
3535 3135 3829 3191 secundum

558 3219 712 3287 Quod
742 3223 785 3277 si
809 3238 908 3293 pro
937 3227 1296 3283 renuntiando
1333 3208 1668 3288 hoc'dictum
1717 3244 1798 3291 est
1826 3208 2026 3295 volenti
2062 3208 2143 3298 ire
2170 3221 2214 3285 (ἶ
2246 3210 2513 3268 humanas
2559 3208 2883 3282 “unum”;
2938 3219 3032 3273 sed
3067 3220 3365 3277 secundum
3410 3224 3563 3279 illum
3610 3241 3829 3298 βψ

565 3312 1010 3377 utrenuntiaret,
1049 3315 1177 3384 quid
1201 3316 1445 3373 dicemus
1469 3319 1536 3376 de
1567 3326 1817 3381 metet-is"

958 3403 1476 3467 INTERROGATIO
1509 3411 1749 3471 XXXIV.

565 3488 719 3547 Unde
768 3509 890 3564 ergo
932 3505 1154 3578 vagatur
1177 3514 1321 3553 mens
1343 3511 1560 3578 nostra,
1609 3514 1656 3578 et
1685 3508 2028 3578 cogitationes
2062 3513 2142 3569 di-

625 3578 789 3618 versa:
819 3567 1201 3654 qscenduntun
1228 3570 1383 3654 chorde
1410 3567 1627 3629 nostra?
1646 3586 1694 3631 et
1734 3567 1994 3649 quomodo
2014 3567 2139 3654 pos-

627 3648 809 3689 sumus
829 3636 929 3690 Itoc
947 3639 1227 3694 emendare
1240 3641 1267 3694 .9

627 3725 788 3785 Resr.
824 3729 1063 3803 Vagatur
1081 3736 1298 3804 quidem
1322 3753 1475 3796 mens
1496 3740 1767 3799 interdum
1807 3746 1973 3802 etiam
2001 3749 2136 3818 otio,

557 3830 678 3871 cum
710 3834 818 3873 non
844 3832 1141 3892 occupatur
1166 3825 1223 3879 in
1257 3831 1568 3884 necessaria
1603 3832 1997 3904 sollicitudine;
2041 3842 2138 3894 sed

558 3908 614 3961 in
653 3911 969 3967 remissione
994 3916 1168 3982 posita
1207 3926 1263 3971 et
1300 3922 1616 3986 securitate,
1661 3939 1770 3979 non
1799 3929 1971 3983 credit
1998 3946 2138 3999 prte-

451 4020 457 4026 -
556 4005 764 4052 sentem
793 4014 915 4054 esse
944 4002 1134 4069 Deum,
1173 4017 1509 4063 scrutantem
1560 4013 1726 4067 corda
1771 4025 1828 4070 et
1868 4032 2044 4075 renes.
2077 4019 2136 4075 Si

555 4088 700 4141 enim
750 4090 852 4145 hoc
907 4093 1169 4160 crederet,
1218 4096 1423 4154 faceret
1452 4103 1594 4170 quoi
1642 4108 1893 4174 superius
1923 4110 2133 4167 dictum

554 4185 639 4232 est
668 4195 680 4232 :
714 4176 1060 4238 Providebam
1082 4184 1365 4244 Dominum
1389 4192 1446 4246 in
1470 4208 1745 4266 conspectu
1765 4216 1878 4255 meo
1900 4219 2134 4275 semper;

552 4268 731 4339 quiaa
760 4272 959 4329 dextris
996 4286 1071 4330 est
1116 4279 1263 4346 mihi,
1320 4299 1383 4337 ne
1436 4302 1762 4343 commoveor
1810 4268 2126 4372 (Psal.'xv).

551 4360 653 4429 Qui
676 4365 820 4420 enim
847 4366 947 4423 hoc
978 4371 1110 4440 agit,
1153 4375 1236 4429 vel
1265 4376 1457 4433 horum
1498 4382 1716 4450 similia,
1758 4402 1934 4457 neque
1964 4360 2130 4465 vaga-

528 4451 697 4510 -bitur
726 4473 982 4528 unquam,
1013 4478 1187 4534 neque
1213 4466 1432 4524 habebit
1465 4472 1635 4527 otium
1663 4476 1816 4549 vanis
1844 4451 2129 4549 cogitatio-

2248 3309 2408 3367 ctum,
2437 3304 2490 3359 in
2518 3321 2626 3377 quo
2646 3315 2732 3363 est
2749 3323 3034 3368 commune
3060 3315 3303 3371 omnium
3328 3320 3674 3390 propositum
3712 3321 3828 3393 pla-

2240 3393 2397 3449 cendi
2421 3394 2550 3451 Deo.

2627 3466 3139 3531 INTERROGATIO
3189 3474 3437 3533 XXXIX.

2242 3554 2516 3622 Quomodo
2534 3562 2722 3630 poterit
2755 3565 2875 3644 quis
2913 3566 3126 3637 implere
3170 3570 3483 3644 clraritatem
3521 3573 3667 3628 circa
3712 3591 3829 3644 pro-

2818 3636 3019 3690 ximum
3045 3655 3200 3693 suum
3214 3640 3242 3694 7

2309 3716 2475 3776 Resp.
2508 3721 2694 3779 Primo
2723 3726 2941 3795 quidem
2985 3738 3232 3789 metuens
3273 3734 3543 3805 judicium
3571 3741 3825 3810 pravas-i-

2238 3811 2412 3865 cantis
2440 3814 2753 3869 mandatum
2775 3814 3021 3886 Domini;
3048 3821 3179 3891 quia
3207 3822 3324 3893 ipse
3359 3824 3497 3881 dixit
3529 3841 3548 3881 :
3580 3826 3690 3894 Qui
3729 3847 3823 3885 nos

2236 3902 2512 3957 crediderit
2533 3902 2698 3972 Filio,
2726 3924 2829 3962 non
2856 3909 3061 3965 habebit
3084 3914 3276 3969 vitam:
3299 3918 3389 3995 sed
3418 3919 3502 3972 ira
3522 3918 3622 3973 Dei
3654 3932 3823 3977 manet

2237 4010 2395 4064 super
2413 4011 2530 4049 eum
2558 3995 2739 4068 (Joan.
2775 3999 2882 4071 ιιι).
2911 4001 3044 4057 Τιιιιι
3076 4004 3270 4062 deinde
3292 4008 3439 4063 velut
3472 4012 3710 4081 cupiens
3757 4013 3820 4067 ad

2235 4092 2492 4140 reternam
2522 4087 2686 4144 vitam
2716 4093 3016 4160 pervenire,
3053 4098 3181 4166 quia
3228 4101 3548 4156 mandatum
3573 4102 3694 4175 ejus
3723 4106 3821 4159 vita

2234 4185 2438 4233 teterna
2485 4187 2587 4235 est.
2629 4179 2870 4239 Primum
2907 4198 3081 4243 autem
3127 4198 3175 4243 et
3214 4207 3463 4262 magnum
3506 4196 3819 4250 mandatu

2228 4278 2309 4324 est
2334 4286 2353 4325 :
2392 4269 2589 4343 Diliges
2611 4272 2891 4331 Dominum
2914 4277 3080 4333 Deum
3103 4289 3272 4347 tuum,
3302 4298 3368 4337 es:
3387 4291 3498 4338 toto
3524 4286 3688 4339 corde
3712 4297 3817 4349 tu,

2231 4375 2298 4414 ea:
2338 4369 2447 4415 tota
2486 4374 2651 4437 mente
2695 4375 2809 4432 tua,
2857 4376 2907 4421 et
2953 4379 3144 4424 extota
3167 4372 3482 4428 animatua.
3517 4373 3820 4430 Secundi:

2232 4466 2353 4505 vero
2381 4450 2551 4505 simile
2572 4453 2653 4508 illi
2672 4473 2691 4509 ,ο
2725 4455 2924 4527 Diliges
2952 4462 3251 4530 proximum
3271 4473 3421 4518 tuum
3442 4466 3587 4520 sicut
3602 4470 3819 4539 tepu-

554 4548 717 4603 nibus
746 4551 1052 4623 indulgere;
1093 4557 1178 4611 vel
1202 4559 1403 4631 aliquid
1448 4540 1886 4639 cogitare,.quod
1913 4540 2030 4629 bon
2062 4577 2129 4632 ad
2156 4572 2208 4632 D
2235 4540 2457 4639 “{th
2491 4543 2649 4639 “'9'
2681 4546 2823 4639 ἕξεί
2860 4550 2985 4639 anis
3010 4551 3281 4608 desiderat
3321 4555 3518 4612 Similis
3549 4558 3692 4614 eam
3720 4561 3823 4616 00'

553 4636 966 4696 auliﬁcationem
992 4643 1117 4700 ﬁdei
1143 4650 1429 4719 pertineat,
1470 4664 1525 4709 et
1568 4656 1637 4711 ad
1672 4636 1908 4729 aliquam
1937 4663 2130 4720 anima;

553 4726 842 4820 utilitatem
897 4742 1125 4801 spectet.
1194 4738 1408 4806 Quanto
1435 4746 1609 4816 magis
1665 4726 1800 4801 nihil
1866 4752 2126 4820 audebit,

549 4818 695 4888 quod
752 4820 1039 4878 adversum
1080 4825 1152 4880 sit
1191 4827 1322 4897 Deo,
1358 4840 1413 4888 et
1457 4850 1564 4890 non
1612 4836 1663 4891 ei
1697 4838 1929 4908 placeat,
1977 4818 2125 4915 cogi?

949 4984 1464 5052 INTERROGATIO
1492 4995 1707 5054 XXXV.

548 5070 699 5132 Unde
739 5085 787 5132 et
819 5089 1091 5137 nocturna:
1113 5086 1723 5214 pltznta‘siwbinlgonestm
1744 5103 1793 5149 et
1819 5104 1996 5169 turpes
2036 5115 2126 5154 ac-

1138 5171 1182 5209 Ct
1227 5174 1297 5211 un
1338 5175 1403 5213 no
1439 5178 1511 5214 ιε.

1138 5171 1316 5211 ειαιιηι
1338 5171 1511 5215 1100181

614 5231 778 5292 Rnse.
827 5240 1066 5299 Veniunt
1110 5247 1326 5315 quidem
1372 5251 1488 5306 ha‘c
1533 5254 1769 5311 maxime
1799 5271 1866 5313 ex
1915 5257 2126 5316 diurnis

545 5325 740 5381 anima:
794 5334 1029 5389 motibus
1058 5344 1112 5390 et
1136 5340 1366 5405 actibus,
1422 5342 1655 5414 indignis
1706 5354 1759 5400 et
1792 5348 2122 5420 incongruis.

543 5413 604 5471 Si
634 5417 777 5472 enim
799 5433 955 5478 vacet
996 5426 1051 5480 in
1092 5427 1310 5496 judiciis
1338 5432 1455 5497 Dei,
1487 5413 1898 5507 etexpurgetur
1941 5413 2121 5497 anima

543 5523 641 5579 per
690 5512 1092 5572 meditationem
1140 5520 1275 5592 legis
1324 5524 1535 5589 divinae,
1589 5536 1645 5581 et
1682 5529 1919 5587 studium
1970 5535 2120 5590 verbi

543 5600 674 5666 Dei,
703 5603 884 5674 ibique
924 5606 1316 5668 indesinentem
1355 5629 1539 5670 curam
1567 5628 1741 5688 gerat,
1791 5637 2007 5692 semper
2039 5640 2122 5680 re-

543 5693 766 5765 quirens
796 5709 850 5753 et
872 5712 1124 5760 scrutatis
1157 5709 1286 5777 quid
1313 5710 1384 5765 sit
1407 5713 1552 5782 quod
1590 5714 1804 5786 placeat
1833 5715 1965 5784 Deo,
1993 5720 2120 5776 talia

544 5786 711 5847 etiam
738 5789 958 5847 habebit
978 5798 1211 5855 somnia.

2233 4630 2382 4686 mino
2407 4631 2605 4689 dicenti
2637 4652 2651 4687 :
2701 4636 3015 4694 Mandatum
3057 4658 3245 4698 novum
3288 4645 3357 4701 do
3391 4647 3563 4714 vobis,
3617 4660 3676 4703 ut
3701 4651 3821 4704 dili-

2231 4720 2367 4790 gatis
2400 4722 2636 4792 invicem,
2669 4727 2802 4780 sicut
2827 4740 2875 4782 et
2901 4746 2993 4801 ego
3015 4726 3179 4787 dilexi
3201 4750 3287 4789 vos
3311 4734 3498 4809 (Joan.
3539 4742 3689 4813 xm).
3716 4739 3819 4796 Sed

2230 4820 2284 4866 et
2309 4828 2375 4868 ex
2398 4816 2667 4871 communi
2687 4831 2846 4873 sensu
2871 4821 3072 4876 sentire
3111 4822 3213 4878 hoc
3241 4838 3531 4894 possumus
3559 4847 3574 4882 :
3599 4830 3729 4900 quia
3768 4832 3815 4885 si

2228 4905 2551 4963 beneﬁcium
2575 4924 2974 4980 consequamur
2994 4928 3026 4968 a
3048 4913 3239 4981 fratre,
3282 4917 3337 4974 in
3364 4933 3432 4974 eo
3461 4922 3614 4992 quod
3637 4923 3817 4993 diligi-

2227 5009 2352 5050 mur
2380 5012 2409 5050 a
2435 4996 2621 5065 fratre,
2650 5000 2922 5057 debitores
2950 5004 3000 5059 ei
3022 5003 3310 5074 efﬁcimur,
3350 5018 3411 5064 ut
3455 5026 3590 5066 eum
3620 5016 3815 5069 merito

2224 5086 2540 5155 diligamus;
2571 5090 2714 5156 quod
2736 5091 2902 5145 etiam
2924 5092 3067 5147 inter
3089 5095 3317 5165 gentiles
3338 5100 3632 5157 observari
3655 5104 3814 5165 solet,

2222 5177 2365 5232 sicut
2394 5177 2651 5235 Dominus
2694 5182 2748 5236 in
2800 5183 3094 5258 Evangelia
3138 5187 3270 5244 dicit
3313 5208 3326 5243 :
3371 5188 3431 5246 Si
3459 5194 3687 5267 diligitis
3724 5213 3814 5251 eos

2222 5269 2312 5340 qui
2332 5283 2417 5323 vos
2437 5268 2689 5340 diligunt,
2719 5289 2835 5343 quae
2858 5274 2999 5329 vobis
3035 5287 3113 5332 est
3137 5280 3309 5349 gratia
3330 5281 3358 5334 ξ’
3387 5284 3515 5354 quia
3541 5297 3598 5340 et
3638 5304 3817 5359 pecco-

2222 5367 2360 5413 tores
2380 5368 2427 5412 et
2457 5359 2692 5430 gentiles,
2720 5362 2995 5433 diligentes
3026 5384 3084 5422 se
3127 5368 3355 5440 diligunt
3403 5373 3562 5444 (Luc.
3604 5382 3704 5449 v1).
3747 5380 3811 5437 Si

2225 5456 2407 5503 autem
2439 5448 2491 5503 in
2520 5450 2701 5520 aliquo
2726 5452 2810 5507 vel
2836 5453 2981 5509 laedit
3011 5472 3133 5523 nos,
3175 5459 3259 5515 vel
3306 5461 3639 5524 adversatur

2224 5538 2369 5593 hunc
2389 5552 2496 5593 non
2528 5540 2703 5595 solum
2734 5553 2955 5612 propter
2985 5549 3318 5619 mandatum,
3368 5555 3465 5610 sed
3497 5566 3556 5612 et
3587 5538 3814 5631 pro—pta

2224 5627 2329 5683 hoc
2380 5628 2575 5699 ipsum,
2609 5632 2735 5699 quia
2767 5632 2887 5702 plus
2923 5638 3079 5694 nubis
3123 5651 3345 5711 praestat
3389 5645 3443 5699 in
3492 5627 3610 5718 quo
3636 5627 3806 5717 lz—dit.

2223 5718 2443 5789 diligere
2479 5720 2757 5781 debemus.
2809 5724 3088 5798 Siquidem
3139 5735 3412 5793 credimus
3439 5737 3678 5800 Domino
3724 5745 3812 5800 ὤ-

2222 5812 2369 5871 centi
2398 5832 2411 5869 :
2437 5811 2587 5869 Beati
2610 5814 2733 5871 estis
2753 5833 2871 5873 cum
2897 5823 3283 5896 exprobrabant
3309 5844 3398 5884 vos
3423 5840 3473 5887 et
3491 5849 3807 5911 persequens
