4004 6328
191 364 281 421 513

841 359 1071 419 CODEX
1111 360 1569 420 REGULARUM.
1606 386 1681 402 -
1716 357 1898 417 PARS
1935 359 1978 419 Ι.
2014 360 2324 419 REGULAE
2361 357 2466 416 PP.
2508 356 2787 418 ORIENT.

3326 367 3432 424 5M

188 488 282 543 tur,
306 486 350 533 et
385 475 559 533 dicent
584 493 739 533 omne
778 478 980 533 malum
1005 481 1283 536 adversum
1308 498 1420 548 vos,
1444 482 1746 537 mentientes
1772 481 1828 542 Α
1851 480 1954 537 dia:
1978 482 2096 548 Dei,
2133 499 2253 554 qua!
2285 484 2428 540 facta
2449 493 2532 540 est
2561 501 2725 557 super
2750 484 2999 551 Mariam,
3039 499 3165 541 cum
3199 484 3436 541 detraxit

186 578 375 640 propter
422 583 504 622 me
530 582 549 621 :
573 569 796 639 gaudete
843 580 893 625 et
940 572 1229 639 exsultate,
1268 575 1516 645 quoniam
1553 590 1749 629 merces

186 668 336 715 uestra
361 657 529 713 multa
554 668 631 715 est
660 661 714 716 in
738 661 878 716 caelis
901 661 1117 730 (Matth.
1148 663 1226 736 v).

625 771 1140 830 INTERROGATIO
1175 773 1290 830 XL.

263 840 429 914 Usque
456 842 526 897 ad
554 859 672 915 qua:
696 844 849 898 verba
876 846 1073 900 otiosus
1099 861 1269 901 sermo
1290 846 1663 917 iudicabitur?

248 932 398 989 Resp.
428 931 773 989 Generaliter
818 935 998 990 omnis
1023 949 1224 1001 sermo,
1256 937 1351 1007 qui
1402 952 1510 993 non
1538 938 1754 1009 prolicit

180 1022 245 1077 ad
280 1022 512 1093 aliquam
562 1024 792 1096 gratiam
830 1023 952 1079 fidei
994 1023 1219 1091 Christi,
1272 1027 1481 1083 otiosus
1521 1036 1649 1084 est:
1696 1037 1752 1085 et

179 1120 376 1167 tantum
430 1120 516 1167 est
573 1114 875 1184 periculum
918 1112 1290 1182 hujuscemodi
1333 1118 1639 1183 sermonis,
1690 1126 1754 1173 ut

178 1203 377 1259 etiamsi
416 1203 619 1259 bonum
663 1218 784 1259 esse
832 1201 1083 1259 videatur
1109 1205 1257 1274 quod
1303 1205 1523 1271 dicitur,
1582 1214 1639 1262 et
1682 1207 1750 1263 ad

82 1324 100 1341 ο
178 1295 577 1352 rediﬂcationem
601 1294 724 1350 fidei
755 1305 933 1351 tamen
957 1310 1065 1350 non
1086 1297 1384 1367 pertineat;
1409 1313 1517 1352 non
1546 1298 1602 1353 in
1635 1312 1750 1354 ser-

180 1386 345 1441 monis
384 1386 625 1441 bonitate
651 1385 736 1440 ille
764 1386 857 1457 qui
893 1387 1104 1442 locutus
1132 1395 1235 1454 est,
1280 1387 1579 1459 periculum
1621 1388 1750 1444 cliu-

181 1480 305 1549 giat,
336 1479 427 1533 sed
479 1478 533 1532 in
570 1492 655 1543 eo,
684 1479 828 1549 quod
858 1495 967 1535 non
1004 1481 1221 1551 prolicit
1244 1481 1311 1536 ad
1335 1482 1747 1537 mdilicationem

178 1586 344 1626 sermo
376 1571 638 1642 prolatus,
682 1573 972 1629 contristat
1011 1572 1272 1645 Spiritum
1317 1584 1564 1630 sanctum
1619 1574 1741 1630 Dei.

178 1664 284 1720 lloc
310 1664 450 1719 enim
472 1663 756 1720 manifeste
783 1666 1123 1721 demonstrat
1151 1666 1465 1738 Apostolus,
1513 1668 1698 1723 dicens
1728 1685 1743 1722 :

181 1753 368 1812 Omnis.
383 1773 552 1812 sermo
582 1757 752 1813 malus
799 1757 863 1812 de
883 1775 970 1812 ore
992 1768 1158 1813 uestro
1189 1776 1293 1814 non
1321 1759 1573 1829 procedat
1601 1773 1619 1811 :
1652 1759 1743 1814 sed

171 1851 219 1904 si
238 1850 344 1920 quis
378 1850 542 1905 bonus
565 1850 632 1903 ad
656 1850 1059 1919 cedi/irationem
1087 1850 1232 1919 ﬁdei,
1285 1860 1343 1904 ut
1388 1852 1473 1905 det
1516 1852 1746 1922 gratiam

170 1942 519 1997 audientibus.
573 1942 642 1996 Et
688 1957 853 2012 super
896 1942 1012 1996 haec
1062 1940 1303 2009 adjecit:
1337 1941 1517 1995 Nolite
1557 1941 1751 2017 contri—

168 2041 308 2085 stare
351 2031 611 2103 Spiritum
638 2042 878 2087 sanctum
908 2031 1029 2096 Dei,
1060 2031 1116 2085 in
1154 2047 1255 2102 quo
1292 2031 1484 2101 signati
1508 2035 1655 2096 estis,
1695 2032 1752 2086 in

165 2121 255 2176 die
280 2122 641 2194 redemptionis
669 2122 891 2196 (Ephes.
916 2123 1012 2193 IV).
1044 2122 1162 2189 Quo
1189 2124 1373 2194 utique
1393 2124 1613 2195 gravius
1637 2137 1752 2180 ma-

166 2211 285 2268 lum
305 2214 508 2269 nullum
546 2229 667 2270 esse
688 2215 911 2285 poterit.

614 2307 1126 2365 INTERROGATIO
1166 2308 1299 2365 XLI.

435 2399 565 2465 Quis
586 2409 661 2455 est
684 2400 993 2468 maledicus,
1018 2402 1074 2456 id
1110 2410 1186 2458 est
1214 2403 1495 2479 Λοίδοροςῖ

240 2486 397 2545 Reae.
425 2488 613 2546 Omnis
636 2506 834 2558 sermo,
863 2493 956 2563 qui
977 2494 1045 2549 ob
1074 2494 1179 2550 hoc
1213 2494 1506 2565 profertur,
1550 2506 1613 2554 ut
1662 2498 1749 2555 in—

162 2579 332 2637 iamet
375 2581 631 2652 aliquem,
660 2583 743 2638 vel
794 2585 1037 2658 deroget,
1077 2587 1166 2643 vel
1206 2589 1347 2645 male
1377 2591 1745 2658 commendet,

160 2673 464 2730 maledicus
485 2683 589 2742 est,
619 2677 783 2731 etiam
805 2679 850 2734 si
870 2680 1123 2736 videatur
1147 2698 1255 2753 non
1284 2700 1407 2741 esse
1426 2686 1746 2756 injuriosus.

164 2762 236 2819 Et
255 2766 357 2822 hoc
396 2766 741 2823 manifestum
767 2777 852 2825 est
881 2785 953 2827 ex
979 2775 1249 2829 sententia
1282 2774 1578 2850 Evangelii,
1624 2793 1748 2834 cum

168 2853 382 2911 dicitde
413 2853 616 2912 Iudaeis
649 2875 663 2910 :
696 2856 836 2924 Quia
873 2860 1259 2918 maledixerunt
1291 2881 1431 2932 eum,
1472 2866 1696 2925 dicentes
1727 2883 1755 2943 ε.

172 2941 249 2999 Tu
271 2945 338 3000 sis
362 2945 651 3018 discipulus
677 2948 792 3019 ejus
815 2947 873 3021 (1
875 2966 997 3005 οαη.
1034 2952 1133 3023 ix).

611 3039 1126 3101 INTERROGATIO
1151 3044 1303 3101 XLII.

449 3130 590 3197 Quid
632 3142 709 3187 est
732 3133 1009 3202 detractio,
1046 3136 1124 3191 vel
1147 3137 1418 3208 derogatio
1436 3140 1462 3193 2

1857 571 1924 625 de
1955 572 2155 643 Moyse,
2183 583 2238 630 et
2266 586 2547 645 peccatum
2572 577 2690 648 ejus
2719 593 2818 633 nec
2854 577 2973 647 ipso
3001 576 3219 648 quidem
3247 575 3437 649 Moyse

1850 671 2044 719 orante
2068 665 2295 721 inultum
2318 684 2437 723 esse
2464 669 2605 723 Deus
2631 670 2877 739 permisit
2906 667 3093 734 (Num.
3125 667 3253 735 xu).

2276 760 2795 818 INTERROGATIO
2838 761 3017 817 XLV.

1851 849 1911 908 Si
1960 854 2086 926 quis
2126 854 2383 926 acerbiori
2407 873 2664 919 sermone,
2713 856 2789 911 rel
2822 854 3151 912 insolentiori
3181 871 3305 926 uoce
3328 871 3440 926 gre-

1921 923 2171 999 spondeat
2184 940 2205 989 ;
2232 933 2279 999 et
2305 925 2608 999 admonitus
2629 926 2775 999 dicat
2795 927 2918 999 quia
2938 926 3072 981 nihil
3090 925 3217 982 mali
3243 924 3432 983 habeat

1919 994 1976 1048 in
2011 994 2187 1059 corde,
2219 995 2265 1048 si
2292 1005 2490 1065 oportet
2520 998 2567 1051 ei
2592 997 2774 1052 credi?

1919 1085 2080 1142 lisse.
2125 1085 2242 1143 Non
2298 1103 2488 1143 omnes
2548 1090 2743 1147 animae
2796 1091 3076 1161 passiones
3128 1091 3432 1148 manifesta:

1851 1185 1980 1233 sunt
2029 1179 2304 1244 omnibus,
2335 1194 2436 1234 nec
2462 1180 2597 1249 ipsis
2618 1182 2837 1252 quidem
2864 1182 2957 1252 qui
2978 1184 3261 1253 patiuntur
3307 1199 3423 1240 eas.

1851 1266 2004 1323 Sicut
2046 1268 2191 1323 enim
2236 1269 2658 1340 sapientioribus
2706 1272 2933 1328 medicis
2984 1275 3137 1346 signa
3185 1276 3431 1344 qumdam

1849 1358 2049 1415 dantur
2095 1359 2359 1416 absconsa
2407 1371 2463 1418 et
2500 1364 2712 1419 occulta
2738 1380 2805 1419 ex
2841 1381 3129 1436 corporum
3172 1368 3432 1436 motibus,

1847 1466 1968 1522 qua:
1989 1452 2136 1523 ipsos
2165 1453 2256 1522 qui
2278 1453 2556 1523 patiuntur
2582 1454 2844 1527 effugiunt
2871 1457 3130 1525 etlatent,
3159 1459 3235 1514 ita
3262 1460 3433 1515 etiam

1847 1542 1903 1598 in
1938 1543 2120 1598 anima
2144 1552 2268 1600 sunt
2293 1546 2542 1615 quaedam
2570 1546 2724 1610 vitia,
2758 1548 2972 1604 etiamsi
3001 1566 3107 1606 non
3143 1553 3309 1607 sentit
3344 1551 3437 1608 ille

1847 1634 1939 1703 qui
1979 1642 2187 1704 peccat.
2239 1633 2345 1691 Sed
2394 1635 2619 1693 credere
2646 1646 2859 1708 oportet
2886 1639 3137 1707 Domino,
3187 1642 3434 1699 dicenti:

1851 1724 1991 1791 Quia
2028 1726 2201 1780 malus
2231 1727 2386 1782 homo
2425 1728 2489 1783 de
2524 1727 2666 1783 malo
2707 1729 2953 1785 thesauro
3002 1732 3176 1788 cordis
3203 1734 3288 1789 sui
3313 1751 3437 1805 pro-

1772 1830 1820 1890 Β
1848 1814 1948 1883 fert
1969 1816 2111 1870 mala
2134 1815 2348 1887 (Matth.
2392 1817 2511 1889 xu).
2557 1820 2625 1874 Et
2675 1821 2796 1876 ideo
2826 1838 2933 1877 non
2976 1832 3156 1894 potest
3202 1824 3344 1892 ﬁeri,
3376 1836 3440 1883 ut

1850 1907 2025 1963 malus
2047 1908 2113 1963 de
2135 1910 2301 1966 corde
2323 1911 2466 1967 malo
2486 1914 2688 1968 bonum
2710 1915 2951 1984 proferat
2974 1931 3302 1985 sermonem,
3331 1934 3435 1977 nec

1848 1999 2025 2055 bonus
2051 2000 2117 2056 de
2149 2002 2292 2057 bono
2320 2003 2482 2058 corde
2522 2004 2725 2059 malum
2755 2007 2999 2076 proferat
3046 2011 3291 2066 verbum.
3324 2009 3434 2068 Sed

1850 2090 2120 2155 interdum
2148 2093 2367 2161 quidem
2388 2103 2568 2164 potest
2587 2110 2710 2152 esse
2737 2097 2862 2152 mali
2892 2100 3074 2156 cordis
3104 2101 3319 2159 bonitas
3355 2103 3432 2159 si-

1851 2181 2099 2237 mulata:
2127 2182 2327 2239 bonum
2356 2193 2537 2240 autem
2565 2202 2680 2254 cor,
2705 2188 2907 2244 malum
2928 2207 3035 2246 non
3060 2201 3241 2262 potest
3266 2194 3438 2251 simu-

1850 2270 1984 2327 lare.
2016 2272 2157 2328 Dicit
2198 2275 2345 2330 enim
2372 2275 2706 2346 Apostolus:
2739 2278 2879 2346 Quia
2903 2282 3237 2353 providemus
3277 2284 3438 2353 bona,

1851 2381 1957 2420 non
1977 2363 2146 2420 solum
2173 2383 2353 2423 coram
2387 2366 2521 2437 Deo,
2568 2371 2661 2426 sed
2700 2373 2863 2429 etiam
2916 2391 3098 2432 coram
3142 2378 3438 2435 hominibus

1851 2452 2030 2526 (Rom.
2066 2455 2167 2529 xu)

2273 2549 2792 2612 INTERROGATIO
2822 2558 3005 2616 XLVI.

2136 2640 2413 2709 Quomodo
2435 2648 2599 2715 possit
2616 2647 2807 2720 aliquis
2833 2667 2937 2706 non
2958 2652 3146 2710 irasci?

1921 2730 2082 2788 Resp.
2118 2730 2175 2787 Si
2213 2735 2382 2789 Deum
2405 2737 2588 2793 omnia
2607 2741 2796 2795 credat
2818 2741 3109 2813 inspicere,
3158 2754 3214 2801 et
3247 2747 3454 2823 Domi-K

1849 2837 1978 2878 num
2000 2831 2321 2892 praesentem
2351 2842 2566 2898 semper
2590 2830 2864 2888 intueatur
2895 2850 2911 2888 :
2939 2836 3194 2906 quoniam
3215 2839 3434 2908 quidem

1849 2928 2026 2985 neque
2075 2916 2123 2971 is
2154 2918 2247 2988 qui
2290 2919 2459 2988 judici
2488 2936 2586 2976 suo
2611 2924 2886 2994 subjectus
2912 2936 3014 2990 est,
3056 2944 3221 2987 ausus
3245 2940 3331 2988 est
3380 2933 3438 2989 iu

1851 3012 2022 3068 oculis
2034 3011 2238 3082 judicis
2259 3015 2340 3071 sui
2359 3016 2560 3087 aliquid
2585 3035 2697 3075 suae
2719 3020 3105 3093 indignationis
3125 3025 3435 3093 ostendere,

1851 3104 1907 3162 id
1930 3115 2035 3171 est,
2067 3123 2191 3163 cum
2221 3124 2326 3179 non
2350 3111 2467 3181 ipse
2499 3112 2603 3167 sibi
2625 3114 2764 3170 alios
2797 3125 2954 3186 putat
2981 3133 3105 3174 esse
3142 3117 3437 3186 subjectos,

238 3218 401 3278 ﬁsse.
429 3196 577 3279 Duas
604 3224 799 3294 opinor
837 3240 958 3282 esse
996 3196 1227 3294 'causas,
1275 3196 1336 3285 in
1384 3232 1579 3301 quibus
1622 3232 1752 3291 licet
1776 3201 1821 3270 Ο
1991 3212 2050 3252 se
2088 3210 2358 3301 mp?“
2412 3204 2481 3258 ad
2527 3205 2753 3301 “"9"”
2782 3209 3187 3266 Obedientiam:
3224 3211 3329 3267 hoc
3356 3218 3442 3268 ea

168 3312 327 3370 alicui
367 3314 548 3370 dicere
585 3324 642 3371 et
690 3325 987 3373 retractare
1042 3320 1217 3376 aliena
1239 3323 1424 3377 mala:
1462 3324 1507 3379 si
1534 3326 1750 3395 quando

165 3406 452 3462 consilium
487 3407 688 3463 habere
740 3423 960 3465 necesse
1002 3420 1085 3466 est
1112 3428 1234 3467 cum
1280 3415 1515 3480 caeteris,
1562 3417 1654 3486 qui
1691 3417 1748 3471 in

165 3496 275 3552 hoc
303 3497 477 3567 ipsum
500 3499 751 3554 videntur
777 3503 1003 3567 assumi,
1044 3505 1313 3572 quomodo
1350 3507 1657 3576 corrigatur
1703 3507 1750 3564 is

165 3586 264 3657 qui
303 3589 565 3656 peccavit,
609 3590 694 3644 vel
734 3591 859 3646 mali
909 3593 1113 3663 aliquid
1161 3595 1307 3665 egit;
1348 3604 1404 3650 et
1426 3614 1663 3664 rursum,
1703 3600 1749 3654 si

164 3676 391 3748 quando
413 3693 627 3735 necesse
652 3689 736 3736 est
758 3684 1047 3752 praeveniri
1070 3684 1304 3754 aliquem
1325 3694 1380 3741 et
1396 3690 1748 3754 commoneri,

160 3766 402 3823 ne'fortc
421 3768 661 3826 incurrat
685 3771 739 3826 in
767 3774 1103 3830 consortium
1133 3768 1365 3847 alicujus
1414 3778 1564 3846 mali,
1622 3781 1750 3835 dum

159 3872 290 3912 eum
312 3865 469 3927 putat
492 3874 611 3915 esse
638 3860 860 3917 bonum.
886 3862 1020 3930 Quia
1045 3863 1335 3934 Apostolus
1366 3868 1494 3924 dicit
1528 3887 1541 3922 :
1573 3868 1752 3925 Nolite

76 3938 79 3945 “
160 3951 493 4005 commisceri
513 3967 632 4006 cum
676 3953 981 4025 hujusmodi
1024 3956 1113 4031 (II
1162 3958 1314 4016 Thes.
1360 3961 1465 4033 tu).
1510 3962 1642 4018 Item
1696 3964 1751 4020 in

161 4037 499 4095 Salomone:
546 4039 674 4097 Noli
716 4061 926 4100 manere
956 4064 1075 4102 cum
1122 4049 1331 4105 homine
1350 4053 1642 4118 iracundo;
1688 4072 1756 4111 ne

157 4132 301 4201 forte
320 4133 431 4187 vias
458 4134 571 4203 ejus
591 4135 787 4200 discas,
818 4147 864 4191 et
893 4155 1072 4195 sumas
1113 4139 1358 4211 laqueum
1404 4146 1595 4201 anima:
1647 4156 1752 4202 tua:

156 4221 352 4295 (Prov.
368 4227 452 4298 ιι).
470 4229 623 4295 Quod
633 4240 684 4284 el
701 4230 875 4300 ipsum
889 4232 1203 4302 Apostolum
1218 4234 1411 4291 fecisse
1429 4238 1749 4304 invenimus,

154 4332 261 4386 per
276 4318 382 4374 hoc
394 4320 539 4389 quod
554 4324 741 4377 scribit
756 4324 822 4380 ad
846 4325 1209 4393 Timotheum,
1226 4330 1410 4384 dicens
1428 4348 1439 4383 :
1457 4330 1757 4387 Alexander

157 4411 395 4465 wrarius
437 4412 605 4468 multa
645 4416 773 4469 mihi
796 4417 1053 4484 ostendit;
1080 4437 1233 4490 quem
1262 4432 1319 4476 tu
1337 4440 1538 4495 quoque
1563 4426 1752 4481 devita.

171 4497 346 4611 ralde
364 4503 504 4557 enim
556 4506 741 4560 restitit
788 4510 978 4564 nostris
1005 4513 1329 4568 sermonibus
1365 4514 1449 4587 (Il
1485 4514 1618 4570 Tim.
1645 4516 1749 4591 ιιι).
1777 4549 1832 4611 D

150 4590 374 4647 Praeter
406 4595 776 4665 hujuscemodi
812 4610 991 4655 autem
1022 4605 1400 4669 necessitates,
1446 4590 1756 4680 quicunque

149 4682 303 4739 dicit
331 4685 531 4757 aliquid
561 4690 820 4746 adversus
842 4693 1026 4759 alium,
1060 4707 1115 4749 ut
1154 4697 1235 4752 vel
1267 4699 1489 4770 deroget
1545 4701 1619 4767 ei,
1667 4703 1754 4758 vel

150 4773 463 4841 obtrectet,
524 4780 665 4835 istud
709 4790 792 4836 cst
838 4784 1159 4843 detrahere:
1192 4791 1403 4847 etiamsi
1447 4808 1572 4848 vera
1633 4809 1791 4852 csse'

148 4867 462 4923 videantur
490 4885 611 4940 qua:
638 4873 711 4926 dir
729 4875 789 4927 it.

600 4964 1112 5027 .NTERROGATIO
1146 4973 1324 5031 XLlll.

147 5037 268 5104 Qui
291 5040 528 5097 detrahit
555 5043 734 5114 fratri,
770 5059 860 5131 aut
882 5051 1029 5131 audit
1059 5051 1436 5131 detrahentem,
1464 5067 1512 5114 et
1533 5062 1751 5131 patitur,

722 5117 849 5188 quid
874 5119 1062 5191 dignus
1099 5134 1170 5176 est
1188 5123 1214 5176 ?

228 5205 408 5263 Rnec.
435 5207 911 5269 Excommunicari
942 5214 1121 5272 debet.
1146 5216 1530 5290 Detrahentem,
1555 5226 1750 5297 inquit,

141 5298 373 5356 occulte
410 5299 659 5359 adversus
681 5308 981 5375 proximum
1024 5327 1198 5377 suum,
1242 5312 1380 5367 hunc
1410 5319 1755 5388 persequebar

142 5386 349 5459 (Psal.
379 5390 456 5464 c).
500 5392 568 5449 Et
605 5394 734 5452 alibi
774 5398 977 5454 dictum
1000 5411 1083 5457 est
1113 5420 1125 5456 :
1164 5403 1289 5457 Noli
1321 5404 1541 5460 libenter
1569 5386 1754 5464 audire

140 5474 530 5536 detrahentem
562 5496 580 5535 :
610 5500 675 5539 ne
692 5486 828 5556 forte
851 5491 1132 5547 eradiceris
1161 5492 1333 5565 (Psal.
1364 5494 1477 5569 xx).

598 5574 1114 5640 INTERROGATIO
1149 5584 1331 5641 XLIV.

142 5660 332 5731 Quod
357 5666 406 5720 si
422 5666 488 5721 de
504 5684 565 5724 eo
587 5671 679 5741 qui
695 5684 882 5751 prtt'est
900 5676 1330 5751 quiadetraascrit,
1356 5682 1614 5751 quomodo
1636 5701 1753 5739 eum

769 5744 1150 5803 observabimus
1166 5749 1192 5803 Ρ

234 5824 414 5884 Busa.
441 5830 509 5885 Et
537 5832 625 5907 in-
641 5835 744 5892 hoc
766 5838 1114 5917 manifestum
1135 5849 1219 5898 est
1236 5841 1503 5913 judicium
1533 5840 1754 5906 iracun-l

1849 3287 1995 3342 enim
2025 3304 2218 3348 omnes
2241 3292 2439 3351 ducere
2460 3299 2770 3366 superiores
2796 3302 2921 3357 sibi.
2955 3302 3013 3358 Si
3047 3305 3192 3360 enim
3222 3320 3329 3360 non
3369 3306 3437 3362 ad

1850 3391 1977 3432 suos
2007 3394 2135 3435 usus
2158 3381 2242 3437 vel
2268 3384 2334 3437 ad
2371 3400 2523 3441 suam
2552 3388 2837 3446 utilitatem
2863 3392 3085 3448 obedire
3113 3394 3214 3450 sibi
3248 3397 3441 3466 quaerit

1850 3482 1947 3521 eos
1999 3470 2091 3538 qui
2140 3471 2414 3538 obediunt,
2463 3478 2605 3532 scire
2649 3480 2807 3536 debet
2836 3484 3093 3552 quoniam
3121 3499 3305 3541 sermo
3334 3485 3439 3541 Do-

1850 3557 1982 3613 mini
2019 3576 2459 3633 unumquemque
2512 3569 2669 3624 docet
2694 3570 2816 3625 aliis
2861 3572 3088 3642 obsequi
3147 3572 3232 3629 vel
3280 3575 3441 3630 mini-

1851 3655 2044 3702 strare.
2062 3648 2142 3704 Ob
2163 3652 2535 3719 quodetiamsi
2556 3658 2701 3713 videt
2727 3659 2963 3731 aliquem
2993 3663 3309 3719 mandatum
3334 3663 3441 3719 Do-

1851 3734 1983 3789 mini
2004 3740 2305 3806 pruzterire,
2328 3758 2434 3797 non
2458 3744 2537 3799 ira
2552 3761 2682 3818 erga
2704 3764 2828 3805 eum
2847 3760 3150 3818 moveatur,
3173 3754 3269 3810 sed
3285 3755 3442 3810 mise-

1852 3827 2063 3883 ratione
2115 3837 2171 3884 et
2218 3836 2595 3903 compassioue
2644 3841 2941 3896 secundum
2970 3858 3092 3898 eum
3125 3844 3218 3915 qui
3263 3844 3433 3901 dicit:

1855 3917 1987 3986 Quis
2014 3921 2336 3992 inﬁrmatur,
2360 3938 2408 3982 et
2434 3946 2527 4000 ego
2564 3949 2667 3987 non
2690 3934 2931 4003 inﬁrmor
2960 3935 3044 4007 (II
3084 3936 3207 3993 Cor.
3250 3939 3365 4010 xu)?

2264 4015 2777 4079 INTERROGATIO
2818 4024 3024 4080 XLVII.
3053 4082 3059 4087 ,

2349 4108 2477 4176 Quis
2505 4124 2578 4167 est
2608 4118 2950 4171 mansuetus?

1925 4192 2085 4249 Resr.
2117 4195 2217 4264 Qui
2245 4215 2349 4254 non
2393 4205 2722 4260 transfertur
2752 4223 2783 4262 a
2823 4208 3046 4279 judiciis
3073 4211 3207 4279 suis,
3244 4212 3440 4282 quibus

1854 4287 2044 4340 statuit
2066 4288 2148 4343 vel
2171 4292 2348 4345 studet
2378 4293 2486 4350 Deo
2508 4296 2742 4365 placere.
2796 4294 2811 4305 ’

2262 4380 2779 4443 INTERROGATIO
2808 4387 3035 4445 XLVIII.

1859 4463 2134 4532 Quomodo
2173 4472 2289 4542 quis
2318 4490 2422 4529 non
2455 4478 2689 4599 cinclqtur
2716 4481 2793 4588 in,
2809 4479 3092 4552 voluptate,
3132 4490 3182 4537 et
3227 4480 3442 4541 libidine

2507 4565 2551 4599 Cl
2590 4565 2741 4599 οηιιη
2767 4589 2780 4599 .

2507 4565 2741 4603 οιυοηιηι
2767 4565 2780 4603 1

1927 4630 2086 4685 Rese.
2121 4630 2177 4687 Si
2202 4643 2409 4691 statuat
2453 4641 2814 4709 expetendum
2847 4658 2988 4711 esse,
3041 4660 3150 4702 non
3198 4645 3255 4704 id
3295 4647 3441 4718 quod

1856 4720 2107 4790 delectat,
2134 4726 2227 4780 sed
2259 4728 2311 4782 id
2332 4731 2476 4799 quod
2510 4733 2748 4802 expedit,
2769 4745 2826 4791 et
2857 4739 3001 4808 quod
3027 4739 3172 4806 usui,
3212 4753 3322 4797 non
3348 4755 3439 4796 vo-

1855 4809 2068 4883 luptati,
2103 4816 2353 4874 sulIiciat.

2267 4933 2786 4997 INTERROGATIO
2833 4942 3023 4999 XLIX.

2020 5019 2294 5086 Quomodo
2325 5028 2622 5084 excidemus
2652 5032 2833 5087 vitium
2866 5034 2995 5088 mali
3014 5035 3282 5092 desiderii.

1926 5109 2088 5164 Rssr.
2135 5111 2415 5171 Desiderio
2450 5120 2725 5176 meliore:
2772 5123 2820 5179 si
2868 5125 3040 5196 magis
3092 5127 3331 5196 ignimur
3383 5137 3442 5189 et

1856 5203 2203 5258 accendimur
2228 5207 2295 5262 ad
2317 5223 2559 5266 amorem
2586 5197 2706 5281 Dei,
2735 5216 3028 5271 secundum
3052 5217 3204 5272 illum
3236 5219 3329 5290 qui
3357 5221 3440 5279 di-

1856 5292 1934 5382 cit
1962 5311 1975 5347 :
2018 5293 2301 5366 Eloquium
2342 5299 2559 5357 Domini
2587 5304 2766 5374 ignivit
2802 5322 2921 5360 eum
2950 5305 3121 5378 (Psal.
3153 5308 3285 5382 etv).
3324 5310 3436 5372 Et:

1854 5380 2070 5438 Iudicia
2096 5384 2312 5443 Domini
2343 5408 2482 5457 vera,
2496 5394 2795 5465 justiﬁeata
2824 5397 2877 5451 in
2900 5401 3199 5471 semetipsa,
3229 5380 3438 5461 deside-

1858 5474 2045 5530 rabilia
2081 5495 2238 5549 super
2260 5498 2448 5537 aurum
2477 5495 2527 5539 et
2552 5485 2779 5558 lapidem
2803 5491 3087 5561 pretiosum
3121 5495 3277 5550 nimis
3302 5496 3439 5552 mul-

1858 5574 1987 5633 tum,
2019 5578 2067 5623 et
2115 5570 2357 5628 dulciora
2401 5592 2558 5646 super
2594 5578 2696 5632 mel
2735 5590 2782 5633 et
2810 5580 2989 5650 favum
3034 5583 3208 5656 (Psal.
3255 5588 3438 5663 xvm).

1859 5657 2085 5731 Semper
2114 5663 2259 5719 enim
2291 5666 2616 5722 desiderium
2649 5669 2951 5740 meliorum,
2992 5676 3037 5730 si
3069 5676 3122 5731 in
3156 5693 3319 5748 opere
3367 5657 3441 5736 sit

1857 5764 1913 5810 et
1950 5755 2005 5811 in
2028 5771 2118 5829 re,
2155 5767 2211 5814 ct
2245 5760 2516 5831 possideat
2559 5768 2702 5820 totos
2751 5766 2962 5823 animos
3008 5779 3244 5837 nostros,
3275 5779 3442 5843 atque

1859 5862 2045 5906 eorum
2067 5857 2188 5923 quae
2215 5850 2587 5911 desideramus
2631 5854 2835 5926 perfrui
2863 5860 3274 5935 contendamus,
3307 5874 3438 5919 conc
