4004 6328
552 286 673 347 515

549 384 793 452 temnere
837 407 940 451 nos
965 392 1100 454 facit
1143 396 1200 447 et
1250 389 2129 464 despicere'inferiora,'sicut'do-
2158 397 2213 459 Α
2268 398 2275 403 ’

548 488 780 543 (inerunt
800 499 901 543 nos
922 496 1114 540 omnes
1133 481 1328 550 sancti,
1344 493 1548 553 quanto
1566 479 1741 555 magis
1765 496 1831 537 ea
1852 478 1973 553 quin
1996 477 2137 565 mala
2197 487 2205 495 '

551 583 756 635 suntet
800 576 1035 648 turpia?

750 704 759 712 '
1026 684 1545 745 INTERROGATIO
1583 686 1646 742 L.

553 781 685 848 Qua:
711 791 787 837 est
810 782 1023 837 tristitia
1052 781 1332 836 secundum
1364 780 1551 844 Deum,
1588 788 1637 835 et
1683 794 1802 851 qua:
1830 786 1905 834 est
1950 796 2139 851 89(3qu

582 888 587 889 ν
702 870 709 873 ·
1111 853 1236 905 dum
1272 851 1581 905 saxulum?!
1671 850 1704 885 ί
1815 866 1825 873 ’
2131 850 2137 861 ’

624 942 783 997 Busa.
836 939 1145 997 Secundum
1197 942 1366 995 Deum
1422 949 1506 994 est
1558 938 1811 1006 tristitia,
1864 954 1987 995 cum
2034 954 2136 1017 pro

552 1035 791 1093 mandati
843 1033 1163 1107 negligentia
1204 1031 1290 1087 vel
1327 1032 1774 1103 praevaricatione
1829 1033 2133 1097 tristamur,

552 1124 847 1180 secundum
893 1123 1034 1195 quod
1077 1124 1337 1196 scriptum
1390 1134 1475 1179 est
1512 1140 1525 1177 :
1564 1122 1801 1178 Tristitia
1846 1112 2007 1179 tenuit
2054 1141 2135 1179 me

550 1218 644 1288 p'ro
681 1216 1035 1289 peccatoribus
1061 1206 1535 1287 derelinquentibus
1571 1214 1732 1286 legem
1758 1226 1902 1270 tuam
1954 1214 2129 1287 (Psal.

552 1304 759 1380 c'xvni).
795 1304 985 1362 Saeculi
1015 1316 1195 1362 autem
1220 1307 1441 1363 tristitia
1482 1315 1585 1373 est,
1638 1323 1762 1362 cum
1813 1308 1881 1362 ob
1930 1307 2133 1377 aliquid

549 1401 617 1457 de
637 1403 796 1457 rebus
828 1401 1103 1479 humanis,
1150 1401 1236 1456 vel
1274 1417 1395 1472 quae
1442 1400 1509 1475 ad
1541 1389 1797 1456 smculum
1836 1401 2129 1471 pertinent,

547 1492 950 1550 contristamur.

1004 1578 1520 1637 INTERROGATIO
1577 1580 1663 1636 LI.

548 1656 679 1742 Qua:
700 1684 821 1735 sunt
849 1675 905 1728 in
925 1670 1154 1748 Domino
1200 1674 1419 1748 gaudia,
1459 1672 1545 1748 vel
1584 1673 1710 1746 quid
1738 1673 1986 1744 facientes
2007 1693 2134 1748 gau-

564 1760 571 1763 '
1120 1744 1241 1798 dere
1264 1744 1507 1798 debemus
1523 1745 1568 1797 Ρη

550 1926 707 1995 mus,
735 1929 820 1984 vel
847 1929 901 1983 in
923 1927 1096 1998 gloria
1133 1925 1229 1982 Dei
1257 1926 1508 1997 agimus,’
1534 1927 1637 1982 hoc
1668 1935 1753 1982 est
1802 1926 1857 1981 in
1907 1927 2135 1982 Domino

551 2022 803 2093 gaudium
835 2038 847 2073 :
874 2019 959 2074 vel
1004 2032 1127 2073 cum
1154 2033 1255 2088 pro
1283 2019 1501 2073 nomine
1542 2018 1754 2073 Domini
1812 2018 2012 2088 aliquid
2041 2032 2135 2089 pa-

544 2115 713 2170 timur
737 2121 791 2169 et
811 2112 1127 2184 gaudemus,
1163 2110 1250 2165 vel
1276 2110 1399 2166 aliis
1430 2119 1577 2167 recte
1604 2108 1887 2182 agentibus
1907 2124 2132 2179 congra-

542 2206 797 2262 ωιιωω.
984 2224 993 2232 ’
1096 2226 1137 2233 π
1321 2229 1327 2241 ι
1422 2224 1425 2227 ·
1631 2225 1636 2229 '

999 2291 1514 2353 INTERROGATIO
1552 2282 1661 2352 L’ll.

542 2386 702 2461 Quod
722 2387 901 2461 iugere
945 2386 1210 2452 debemus,
1239 2397 1297 2461 ut
1333 2387 1708 2461 beatitudinem
1753 2384 2141 2443 consolatibnis‘

1025 2460 1268 2529 consequi
1298 2476 1591 2512 mereamur
1609 2460 1634 2511 ?

612 2551 774 2608 ﬁsse.
806 2550 942 2606 Cum
971 2550 1061 2606 illa
1084 2551 1618 2624 interrogationeﬁn
1649 2566 1755 2621 qua
1778 2554 2126 2623 exposuimus

541 2661 664 2720 quas
691 2654 776 2700 est
801 2644 1094 2702 secundum
1114 2644 1282 2699 Deum
1309 2645 1549 2710 tristitia,
1574 2645 1736 2699 etiam
1765 2644 1868 2700 ista
1894 2645 2125 2701 interro-

545 2738 693 2812 gatio
728 2737 1045 2792 ‘continetur
1078 2754 1092 2790 :
1122 2737 1176 2792 id
1200 2744 1303 2803 est,
1335 2737 1381 2791 si
1426 2752 1527 2808 pro
1569 2735 1829 2808 peccatis
1856 2734 2120 2809 lugemu's,

539 2829 628 2885 vel
652 2830 699 2884 si
734 2843 830 2885 eos
856 2826 1134 2895 deﬂemus,
1187 2828 1280 2898 qui
1323 2843 1420 2899 per
1451 2831 1951 2899 praevaricationem
1990 2830 2137 2901 legis

542 2921 714 2979 Deum
749 2923 1080 2977 inbouoraat
1111 2939 1125 2976 :
1165 2921 1251 2976 vel
1275 2930 1498 2993 propter
1523 2938 1646 2990 eos,
1685 2924 1778 2994 qui
1812 2924 2123 2993 periclitan-

539 3019 626 3069 tur
670 3014 727 3069 in
770 3023 1012 3083 peccato.
1064 3012 1208 3079 Quid
1245 3015 1424 3068 anima
1471 3032 1588 3086 quia
1638 3018 1950 3086 peccaverit,
2005 3018 2125 3087 ipsa

538 3107 789 3162 amictu
813 3105 1035 3177 (Such.
1066 3107 1222 3178 xvm)
1254 3125 1268 3160 :
1302 3107 1599 3162 Secundum
1627 3106 1777 3161 illum
1809 3109 1901 3177 qui
1936 3108 2113 3163 dixit:

539 3198 609 3255 Et
638 3197 845 3269 lugeam
869 3198 1063 3256 multos
1084 3214 1150 3255 es;
1181 3199 1263 3253 Itis
1283 3199 1372 3270 qui
1399 3208 1522 3253 ante
1540 3210 1905 3270 peccaverunt,
1925 3209 1974 3256 et
2014 3218 2119 3257 non

539 3307 755 3367 egerunt
779 3298 1136 3367 penitentiam
1158 3294 1247 3367 (ΙΙ
1296 3294 1420 3350 Cor.
1443 3295 1568 3369 xu).

986 3407 1501 3466 INTERROGATIO
1544 3409 1675 3466 LIII.

930 3498 993 3558 Si
1029 3518 1093 3557 ea:
1127 3510 1235 3556 toto
1257 3503 1425 3557 ridere
1451 3518 1553 3557 non
1575 3502 1691 3557 licet
1710 3502 1736 3556 .’

604 3593 767 3649 Resp.
794 3589 929 3649 Cum
951 3590 1214 3649 Dominus
1239 3608 1332 3649 eos
1360 3593 1452 3665 qui
1482 3592 1623 3650 nunc
1647 3595 1844 3662 rident,
1867 3594 2122 3671 condem-

535 3690 627 3739 uet
657 3682 806 3755 (Luc.
831 3684 932 3757 vi),
952 3686 1301 3742 manifestum
1324 3696 1409 3742 est
1436 3687 1561 3757 quia
1583 3674 1859 3759 nunquam
1907 3696 2120 3759 tempus

536 3783 621 3830 est
638 3775 780 3831 risus
808 3774 950 3831 ﬁdeli
979 3778 1174 3834 anima:
1198 3795 1212 3831 :
1254 3788 1310 3833 et
1331 3780 1565 3835 maxime
1590 3794 1711 3835 cum
1743 3781 1959 3852 plurimi
1986 3771 2135 3853 sint;

536 3868 629 3936 qui
654 3875 752 3935 per
776 3868 1286 3936 prteVaricationem
1331 3870 1466 3941 legis
1501 3870 1673 3925 Deum
1700 3888 1807 3927 non
1827 3872 2119 3940 honorent,

537 3956 671 4010 etin
714 3959 949 4023 peccatis
979 3959 1090 4016 suis
1119 3959 1423 4015 moriantur
1460 3981 1472 4015 :
1506 3978 1606 4033 pro
1654 3963 1851 4032 quibus
1911 3965 2127 4022 tristari

538 4046 905 4108 indesinenter
932 4052 1183 4104 convenit
1214 4058 1269 4105 et
1296 4051 1496 4121 lugere.
1714 4056 1724 4064 '

977 4162 1494 4219 INTERROGATIO
1531 4160 1665 4219 LIV.

853 4254 983 4321 Qua:
1022 4264 1097 4310 est
1136 4253 1436 4309 sollicitudo
1476 4256 1791 4312 swcularis?

611 4345 768 4402 Rssr.
796 4346 989 4403 Omnis
1008 4346 1323 4403 sollicitudo
1363 4348 1553 4415 animi,
1577 4350 1797 4405 etiamsi
1836 4351 1971 4406 nihil
2014 4352 2115 4408 ba-

535 4440 666 4495 bere
692 4439 978 4495 videantur
1006 4438 1273 4506 illicitum,
1293 4447 1474 4496 tamen
1496 4442 1543 4496 si
1570 4458 1677 4498 non
1698 4444 1767 4500 ad
1797 4445 2111 4516 religionem

534 4529 804 4600 pertineat
837 4536 894 4585 et
942 4530 1009 4586 ad
1035 4531 1311 4599 virtutem,
1335 4533 1615 4593 saecularis
1644 4543 1747 4591 cst.

994 4645 1507 4703 INTERROGATIO
1547 4647 1656 4704 LV.

537 4735 688 4794 Unde
707 4736 899 4793 occidit
920 4737 1070 4814 nobis
1091 4740 1384 4808 importune
1400 4740 1694 4814 dormitare
1710 4783 1725 4808 ,
1767 4750 1819 4797 et
1855 4743 2115 4814 quomodo

983 4808 1077 4861 hoc
1101 4825 1374 4879 possumus
1402 4812 1490 4882 abj
1496 4813 1665 4867 icere?

602 4900 763 4955 Rue.
796 4899 989 4955 Evenit
1026 4899 1243 4968 quidem
1294 4901 1603 4972 importune
1651 4904 1966 4971 dormitare,
1989 4921 2114 4961 cum

532 4989 833 5064 languidior
857 4998 942 5046 est
965 4989 1142 5045 anima
1169 5006 1295 5062 erga
1327 4992 1517 5059 Deum,
1542 5002 1598 5049 et
1630 4996 1948 5071 memoriam
1976 4998 2109 5064 Dei,

530 5087 585 5137 et
611 5076 1076 5150 cumjudiciorum
1101 5080 1217 5151 ejus
1237 5097 1354 5138 eam
1379 5083 1600 5139 incessit
1623 5076 2110 5157 oblivio.Ahjicere

531 5176 709 5226 autem
734 5170 789 5226 id
815 5185 1121 5243 possumus,
1153 5186 1277 5227 cum
1313 5172 1533 5243 dignam
1565 5174 1630 5229 de
1660 5190 1725 5231 eo
1751 5180 2107 5251 assumpseri-

529 5272 652 5315 mus
671 5256 1081 5333 cegitationem,
1097 5271 1152 5317 et
1173 5262 1240 5317 ad
1261 5262 1596 5319 voluntatem
1618 5264 1737 5334 ejus
1762 5268 2104 5326 extendimus

529 5347 798 5405 desideria
828 5359 1047 5419 nostra;
1081 5352 1377 5408 secundum
1409 5353 1557 5408 illum
1585 5356 1679 5425 qui
1709 5356 1880 5411 dixit:
1915 5356 1975 5413 Si
2012 5358 2107 5412 de-

528 5436 654 5495 dero
681 5457 918 5498 somnum
946 5444 1112 5500 oculis
1137 5446 1283 5511 meis,
1313 5456 1361 5500 et
1377 5447 1636 5519 palpebris
1681 5450 1809 5505 meis
1852 5450 2107 5521 dormita-

1581 280 1641 359 s.
1682 279 2048 366 exuuntur!
2078 279 2372 341 ABBATIS
2406 284 2861 371 AMANENS'IS;

3725 292 3830 355 510

2678 366 3194 485 iuraanocs'rto
3231 403 3366 461 LVI.

2378 484 2654 554 Quomodo
2680 495 2796 563 quis
2824 496 2894 548 ad
2921 484 3144 565 gloriam
3181 495 3434 574 Deifaeit
3469 497 3686 554 omnia:

2258 580 2468 635 “Resp.
2521 584 2657 639 Cum
2700 589 2881 642 omnia
2922 599 3144 660 propter
3190 588 3379 657 Deum,
3425 592 3509 646 vel
3561 587 3645 648 δι’
3680 609 3834 652 man-

2139 685 2143 690 '
2243 670 2365 725 dato
2394 673 2490 728 Dei
2520 673 2785 742 facimus,
2834 687 2890 732 et
2925 679 2979 732 in
3027 678 3173 734 nullo
3212 690 3488 735 sectamur
3538 682 3830 743 hominum

2239 760 2448 829 laudes,
2482 773 2536 818 et
2560 766 2614 818 in
2644 768 2898 823 omnibus
2934 770 3283 825 meminimus
3307 771 3524 849 Domini
3553 774 3828 833 dicentis:

2238 847 2440 906 Luceat
2468 853 2561 908 tua:
2583 845 2756 910 vestra
2784 875 2964 912 coram
2998 861 3319 929 hominibus,
3346 860 3405 916 ut
3431 845 3650 918 videant
3683 882 3832 937 opera

2238 953 2406 999 castra
2430 945 2590 1011 bona,
2616 958 2664 1002 et
2695 949 2987 1020 gloriﬁcent
3012 949 3229 1007 Patrem
3254 964 3506 1022 vestrum,
3532 958 3627 1027 qui
3658 958 3725 1011 in
3744 938 3831 1015 ὢ-

2238 1032 2303 1088 lis
2325 1044 2400 1090 est
2428 1037 2648 1109 (Matth.
2672 1040 2748 1112 ν).
2783 1065 2792 1076 ι
3304 1079 3323 1085 -
3826 1040 3839 1047 λ

2564 1156 2569 1161 λ
2654 1138 3180 1234 ἸΝἸἚΒΒΟΕΛΤΙΟ
3228 1156 3387 1216 Lvn.

2314 1242 2590 1309 Quomodo
2616 1248 2894 1303 manducet
2924 1252 3040 1323 quis
3066 1262 3113 1306 et
3138 1252 3263 1306 bibit
3294 1253 3349 1307 in
3380 1251 3613 1324 gloriam
3644 1254 3772 1310 Dei.

2256 1326 2265 1331 ’
2309 1333 2469 1389 Resp.
2503 1336 2558 1390 Si
2586 1338 2638 1391 in
2672 1332 2931 1394 memoria
2962 1332 3161 1397 habeat
3187 1359 3331 1408 eum,
3357 1360 3388 1398 a
3417 1360 3528 1415 quo
3558 1348 3825 1416 pascitur,

2236 1424 2405 1480 Deum
2435 1447 2446 1481 :
2475 1438 2528 1482 ct
2552 1431 2596 1485 si
2624 1446 2732 1485 non
2756 1422 2931 1486 Solum
2963 1428 3164 1500 auium,
3188 1451 3379 1491 verum
3405 1438 3573 1492 etiam
3604 1456 3831 1511 corpore

2236 1533 2333 1587 per
2367 1518 2575 1589 singula
2601 1519 2955 1590 cdntestetur,
2986 1541 3045 1581 se
3081 1527 3131 1582 ei
3161 1522 3367 1598 gratias
3395 1544 3585 1599 agere,
3614 1540 3681 1585 et
3742 1549 3828 1588 non

2234 1615 2484 1666 securum
2536 1611 2899 1683 manducare;
2952 1615 3046 1672 scd
3097 1618 3252 1688 quasi
3295 1622 3608 1690 operarium
3639 1623 3749 1677 Dei
3774 1627 3831 1680 ab

2236 1701 2353 1772 ipso
2385 1704 2557 1769 reilci,
2587 1706 2653 1760 ad
2686 1706 2810 1773 hoc,
2841 1706 2911 1763 ut'
2934 1709 3001 1764 ad
3030 1706 3298 1793 laborem,
3335 1710 3421 1765 vel
3455 1704 3834 1783 expiationem

614 1837 778 1893 Resp.
803 1836 861 1892 Si
886 1848 1008 1908 quae
1038 1834 1337 1892 secundum
1369 1835 1685 1891 mandatum
1728 1834 1941 1912 Domini
1989 1837 2133 1907 geri-
2158 1787 2215 1877 Β-
2235 1792 2474 1850 summat
2500 1799 2899 1912 mandgaloium'

2650 1910 3171 1991 ⁸ιγιπιείὶιγιοωνιῖιο
3209 1915 3391 1990 ινιιι,

2255 2066 2262 2073 _
2341 2001 2616 2069 Quomodo
2668 2003 2830 2078 faciat
2869 2004 3266 2084 elegeratque:
3294 2028 3402 2075 non
3431 2026 3737 2084 cognoscat

2900 2079 3116 2134 sinistra
3132 2080 3158 2133 ?

2253 2154 2265 2159 ’
2300 2162 2461 2221 Raso.
2506 2164 2639 2221 Cum
2678 2167 2886 2223 intenta
2922 2178 3138 2239 mente,
3184 2182 3240 2228 et
3267 2172 3377 2230 ﬁxo
3404 2176 3696 2233 desiderio
3722 2180 3829 2250 plao

2226 2260 2386 2315 cendi
2413 2260 2543 2325 Deo,
2580 2252 2792 2331 agimus
2820 2278 2993 2333 opera
3022 2258 3139 2331 Dei,
3185 2275 3241 2321 et
3276 2269 3427 2324 omni
3457 2258 3832 2330 sollicitudine.

2228 2350 2673 2434 constringimur,
2726 2352 2796 2408 ne
2844 2354 3160 2413 decidamus
3215 2374 3248 2413 a
3298 2346 3388 2414 via
3437 2370 3613 2433 recta,
3667 2366 3826 2419 etab

2226 2454 2390 2509 opere
2432 2441 2706 2525 legitimo;
2755 2446 2884 2521 tunc
2928 2446 3128 2503 nullius
3174 2465 3398 2525 prorsus
3446 2436 3821 2523 extrinsecm,

2225 2546 2401 2602 neque
2428 2520 2657 2589 membri
2687 2520 2860 2590 nostri
2892 2537 3124 2610 alicujus
3165 2522 3501 2613 percipimus
3540 2520 3829 2616 cogitatio:

2225 2634 2371 2691 rtem,
2403 2624 2505 2680 nisi
2537 2620 2704 2680 solius
2736 2625 2855 2692 Dei,
2898 2636 2967 2683 et
2989 2629 3106 2698 ejus
3139 2624 3321 2705 operis
3348 2634 3494 2704 quod
3519 2620 3827 2707 capiemus;

2226 2719 2510 2790 Tanquam
2546 2721 2589 2775 si
2620 2719 2821 2776 artifex
2850 2712 3056 2779 faciens
3078 2741 3176 2780 vas
3200 2726 3417 2797 aliquod
3448 2729 3822 2790 indesinenter

2223 2818 2279 2865 et
2318 2809 2436 2879 ejus
2488 2812 2740 2867 meminit
2787 2814 2880 2883 qui
2927 2830 3062 2886 opus
3106 2817 3374 2889 injunxit;
3428 2830 3483 2875 et
3530 2838 3631 2878 vas
3686 2826 3821 2894 quod

2222 2908 2405 2956 versat
2452 2900 2509 2956 in
2557 2900 2834 2969 manibus,
2893 2905 2941 2960 si
2987 2916 3137 2985 recte
3176 2916 3232 2963 et
3272 2907 3429 2964 fabre
3476 2912 3693 2980 veniat,
3740 2917 3820 2970 in-

2227 2999 2432 3049 tuetur.
2866 2996 2871 3001 ’

2671 3110 3190 3191 INTERROGATIO
3224 3115 3361 3172 LIX.

2351 3200 2629 3270 Quomodo
2659 3205 3186 3347 apptlfebglailgréq?!“
3230 3210 3535 3271 hominibus
3582 3214 3694 3273 ut“

2295 3362 2458 3418 Rssr.
2501 3360 2636 3419 Cum
2674 3366 3034 3436 praesentibus
3075 3370 3296 3439 quidem
3342 3372 3409 3427 iis
3455 3375 3551 3443 qui
3594 3375 3825 3445 laudare

2224 3465 2471 3533 possunt,
2505 3458 2618 3530 agit
2649 3457 2855 3530 aliquid
2892 3462 3073 3532 operis
3103 3462 3230 3519 boni
3258 3481 3272 3519 :
3305 3465 3456 3521 nullo
3498 3479 3671 3524 autem
3713 3471 3813 3527 tali

2221 3560 2523 3634 praesente,
2584 3540 2690 3607 vel'
2724 3553 2893 3634 etiam
2947 3555 3015 3609 iis
3067 3558 3162 3627 qui
3208 3542 3535 3631 vituperare
3591 3548 3819 3632 possunt

2223 3630 2552 3711 astantibus,
2596 3646 2777 3717 segnis
2819 3630 2875 3702 et
2912 3640 3119 3720 pigrior
3153 3660 3238 3708 est
3268 3653 3543 3726 inopere.
3580 3630 3641 3712 Si
3668 3660 3813 3716 enim

2222 3736 2452 3792 Domino
2498 3738 2716 3813 placere
2759 3739 2941 3806 vellet,
2990 3756 3206 3813 semper
3241 3746 3426 3821 utique
3473 3756 3531 3818 et
3573 3750 3631 3805 in
3666 3751 3810 3808 omni

2220 3828 2341 3884 loco
2377 3824 2519 3884 idem
2560 3839 2727 3896 esset,
2776 3841 2941 3902 atque
2988 3834 3177 3889 eadem
3224 3845 3477 3907 gereret:
3508 3840 3810 3914 adimpleas

2221 3921 2352 3978 illud
2396 3922 2540 4003 (ιιιρὰ
2568 3924 2771 3979 dictum
2794 3933 2880 3979 est
2898 3942 2920 4007 ηε
2952 3924 3060 3980 Per
3098 3944 3247 3983 arma
3272 3930 3524 4003 justitiw,
3554 3952 3590 3989 a
3612 3936 3808 3993 dextris

2219 4022 2267 4066 et
2293 4032 2325 4068 a
2354 4014 2607 4079 sinistris,
2635 4031 2728 4085 per
2755 4015 2981 4087 gloriam
3015 4026 3062 4071 et
3096 4019 3511 4095 ignobilitatem;
3548 4044 3649 4098 per
3672 4030 3809 4100 info-

2217 4106 2380 4159 miam
2424 4116 2471 4160 et
2520 4107 2709 4162 bonam
2759 4108 3000 4179 famam;
3052 4120 3112 4165 ut
3151 4112 3454 4172 seductor“
3500 4127 3556 4173 et
3604 4138 3803 4185 om

2218 4195 2273 4270 (Ι
2305 4197 2433 4254 Cor.
2459 4198 2562 4270 γι).

2244 4283 2251 4290 ·
2555 4285 2558 4289 '
2680 4291 3192 4353 [NTERROGATIO
3222 4296 3333 4369 Lx.

2218 4386 2491 4453 Quomodo
2519 4388 2636 4459 quis
2666 4376 2874 4469 effugiet
2903 4393 3100 4469 citium-
3120 4394 3417 4469 hominibus
3454 4400 3707 4469 placendi
3726 4404 3811 4463 οὐ

2525 4461 2774 4530 captandi
2805 4461 3014 4517 laudem
3046 4464 3109 4517 ab
3145 4461 3489 4525 hominibus?

2136 4516 2193 4577 Β
2287 4546 2453 4603 Resp.
2490 4547 2551 4604 Si
2586 4516 2770 4606 certus
2808 4552 2877 4608 sit
2920 4554 2985 4609 de
3031 4559 3317 4626 praesentia
3363 4559 3487 4628 Dei,
3533 4573 3593 4620 et
3641 4566 3797 4625 lixam

2217 4640 2419 4695 habeat
2444 4641 2863 4699 sollicitudinem
2892 4644 3004 4702 Deo
3041 4648 3317 4718 placendi;
3356 4662 3409 4709 et
3451 4657 3629 4713 multo
3663 4661 3798 4716 desi-

2217 4732 2370 4789 derio
2415 4742 2666 4788 teneatur
2704 4751 2890 4790 earum
2933 4739 3326 4797 beatitudinum
3363 4738 3545 4814 quaza
3574 4748 3792 4809 Domino

2124 4850 2125 4855 η
2217 4830 2559 4899 repromissae
2602 4839 2746 4886 sunt.
2793 4829 2910 4887 Non
2948 4834 3096 4889 enim
3129 4845 3345 4904 oportet
3373 4841 3477 4895 sub
3508 4848 3791 4912 prtesentia

2216 4921 2309 4977 Dei
2338 4922 2551 4991 placere
2574 4924 2871 4991 conservis,
2900 4925 2969 4980 ad
2995 4926 3244 4996 iujuriam
3265 4927 3505 4999 Domini,
3530 4942 3592 4989 et
3625 4937 3691 4991 ad
3713 4936 3789 4993 sui

2212 5014 2540 5085 perniciem;
2587 5030 2695 5069 non
2731 5012 2983 5083 Domino,
3017 5016 3112 5072 sed
3139 5002 3532 5080 conservorum
3577 5031 3787 5087 nuu'bu

2210 5106 2529 5161 intuentem.

2655 5200 3171 5264 INTERROGATIO
3207 5207 3344 5266 LXI.

2300 5291 2575 5358 Quomodo
2622 5293 2930 5368 intelligitur
2977 5299 3271 5423 stupe;bus,?
3314 5303 3396 5359 vel
3433 5309 3699 5377 modo

2864 5384 2992 5422 cura
3021 5386 3085 5423 ur

2864 5384 3085 5423 curatur

2275 5448 2437 5508 Rssr.
2477 5454 2794 5539 lntelligitur
2818 5458 3036 5527 quidem
3067 5474 3135 5519 ex
3167 5479 3255 5531 eo,
3287 5467 3546 5536 quoniam
3574 5482 3641 5524 ea
3665 5479 3787 5540 ειη

528 5523 743 5628 tionem,
771 5542 818 5587 et
851 5538 1074 5607 requiem
1102 5540 1416 5610 temporibus
1462 5541 1622 5607 meis,
1666 5558 1926 5616 usquequo
1969 5547 2109 5605 inve,
2205 5544 2561 5603 eminentiora
2604 5558 2732 5604 sunt
2771 5532 2986 5621 quierit.
3024 5554 3262 5613 Curatur
3286 5523 3491 5628 autem,
3523 5562 3571 5618 si
3598 5523 3781 5618 cre'dat

528 5614 682 5722 nigrm.-
720 5623 890 5678 locum
932 5624 1177 5700 Domino,
1229 5640 1277 5686 et
1325 5630 1718 5689 tabernaculum
1774 5614 1887 5694 Deo
1936 5638 2103 5695 Jacob

2228 5636 2486 5691 .ententiae
2536 5636 2671 5706 ejus,
2729 5640 2821 5710 qui
2883 5642 3071 5701 dixit:
3109 5646 3250 5704 Deus
3301 5614 3544 5722 superbi:
3590 5651 3783 5705 resistit

530 5696 702 5784 (Psal.
736 5715 937 5787 cum).

2206 5725 2474 5800 (Jac.1v).
2516 5729 2820 5787 lllud'sane
2862 5734 3141 5795 sciendum
3180 5749 3284 5808 est,
3328 5743 3475 5813 quod
3509 5742 3775 5815 quomodo
