4004 6328
602 341 711 399 519

1491 335 1549 392 S.
1588 335 1952 394 BENEDICTI
1987 336 2212 394 ABBAT
2219 336 2281 394 IS
2319 337 2735 396 ANIANENSIS

3767 353 3865 413 520

600 453 738 518 dire,
763 450 1061 507 multorum
1090 449 1355 507 malorum
1395 465 1559 506 causa
1592 457 1678 506 est
1703 460 1758 504 et
1784 450 1959 505 radix.
1994 449 2053 505 Si
2088 466 2186 504 au—
2210 454 2264 514 Α
2287 460 2371 508 est
2395 468 2426 507 a
2471 469 2736 510 conservo
2762 469 2882 521 suo,
2930 463 2987 512 et
3018 458 3195 514 noluit
3231 462 3506 529 patienter
3550 480 3721 538 agere
3757 486 3772 523 :
3803 470 3865 528 Et

603 552 712 600 tem
743 541 883 596 ratio
913 548 998 597 est
1026 540 1206 610 aliqua
1239 556 1345 611 qua
1386 540 1489 596 sibi
1532 548 1679 596 recte
1708 555 1971 595 excusare
1998 540 2181 597 videa-

603 643 695 690 tur
740 648 878 704 opus
921 633 1077 699 illud,
1116 634 1261 705 quod
1301 640 1543 698 excusat,
1573 642 1811 703 exponat
1838 634 1979 689 hanc
2006 634 2180 704 ipsam

597 742 821 784 causam
850 726 997 796 “(huic
1036 726 1129 796 qui
1170 733 1383 798 prmest,
1423 734 1479 780 et
1526 726 1797 797 relinquat
1816 725 2201 796 ejusjudicio,‘

597 825 660 874 ut
714 818 830 888 ipse
879 817 1075 888 probet
1126 816 1173 873 si
1226 816 1576 873 excusatione
1632 816 1856 888 dignum
1904 825 1991 873 est
2035 816 2181 887 quod

598 908 815 980 allegat.

1020 996 1535 1055 INTERROGATIO
1582 996 1728 1055 LXX

596 1094 659 1153 Si
685 1095 985 1166 injunctum
1015 1092 1173 1163 fuerit
1200 1090 1407 1173 aliquid
1445 1090 1621 1173 fratri,
1668 1099 1721 1173 et
1758 1090 2136 1173 contradicerit
2160 1129 2176 1157 ,

723 1160 902 1237 postea
926 1160 1099 1218 autem
1129 1179 1228 1217 sua
1256 1160 1451 1234 sponte
1469 1160 1743 1225 obedierit,
1777 1160 1904 1233 quid
1934 1162 2051 1215 est?

665 1255 826 1311 Rsse.
863 1253 923 1310 In
950 1269 1016 1310 eo
1044 1253 1187 1324 quod
1225 1252 1573 1317 contradixit,
1612 1251 1767 1322 quasi
1814 1267 1922 1307 non
1966 1251 2179 1307 obtem-

592 1361 792 1419 perans
817 1343 1146 1414 judicandus
1187 1352 1289 1410 est,
1334 1352 1389 1398 et
1431 1343 1580 1398 velut
1626 1352 1854 1399 cteteros
1894 1344 1960 1399 ad
2004 1343 2179 1400 simile

593 1438 874 1492 concitans
915 1434 1137 1490 malum.
1163 1434 1223 1489 In
1245 1449 1353 1505 quo
1390 1434 1528 1489 sciat
1560 1449 1619 1490 se
1654 1433 1729 1489 illi
1767 1435 2046 1490 sententiae
2083 1435 2178 1490 ob-

592 1529 835 1594 noxium,
880 1543 1002 1598 quae
1036 1527 1212 1583 dixit:
1242 1524 1703 1583 Contradictiones
1742 1529 1964 1583 suscitat
2011 1529 2177 1585 omnis

590 1618 765 1674 malus
805 1634 821 1672 :
866 1617 1128 1673 Dominus
1188 1628 1364 1673 autem
1425 1618 1668 1691 angelum
1714 1620 2179 1677 immisericordem

486 1720 500 1735 ‘
589 1711 832 1766 immittet
853 1712 901 1765 ei
924 1700 1108 1783 (Prov.
1126 1710 1283 1784 xvn).
1329 1710 1464 1768 Cum
1501 1715 1698 1787 autem]
1721 1721 1904 1769 certus
1949 1714 2021 1771 sit
2051 1716 2179 1785 quia

2282 544 2515 599 uidentes
2534 585 2548 610 ,
2581 545 2775 614 inquit,
2815 549 3048 603 conserui
3075 552 3506 608 renuntiaverunt
3535 556 3759 613 domino
3780 579 3865 620 su

2282 633 2500 705 (Matth.
2555 638 2733 709 xvtu).
2795 639 2972 696 Iratus
3028 651 3213 697 autem
3278 644 3533 704 dominus
3595 658 3866 712 revocarit

2281 741 2499 782 omnem
2533 728 2766 799 gratiam
2792 747 2955 801 quam
2986 748 3334 791 concesserat
3381 739 3576 808 debiti,
3624 752 3685 798 et
3715 748 3865 803 tram-

2281 816 2363 872 dit
2415 833 2542 874 eum
2598 821 2897 879 tortoribus
2940 839 3222 897 usquequo
3268 829 3526 888 redderet
3558 848 3737 891 omne
3785 839 3866 896 do-

2282 907 2477 964 bitum.

2688 1004 3206 1067 INTERROGATIO
3241 1011 3449 1070 LXXV.

2282 1092 2554 1159 Quomodo
2576 1097 2693 1167 quis
2731 1098 2887 1160 debet.
2915 1101 3107 1176 habere
3142 1120 3284 1169 eum,
3331 1107 3423 1176 qui
3462 1107 3535 1162 ad
3574 1112 3861 1170 orationem

2833 1170 3052 1225 suscitat
3078 1172 3273 1242 fratres
3296 1177 3321 1229 ?

2349 1255 2512 1312 Resp.
2569 1257 2627 1313 Si
2670 1260 2793 1330 quis
2819 1267 3098 1333 cognoscit
3120 1265 3379 1323 damnum
3406 1271 3553 1339 quod
3601 1273 3681 1328 de
3700 1290 3861 1332 somno

2276 1350 2498 1419 patitur,
2550 1366 2675 1407 cum
2723 1369 2900 1425 neque
2943 1357 3027 1411 sui
3070 1358 3240 1427 ipsius
3284 1375 3508 1417 sensum
3558 1364 3775 1432 habet;
3817 1380 3861 1424 et

2279 1442 2529 1516 intelligit
2557 1456 2819 1515 quantum
2850 1449 2921 1505 sit
2942 1449 3153 1507 lucrum
3195 1454 3531 1526 vigiliarum,
3592 1470 3664 1515 et
3701 1465 3864 1530 praci-

2276 1551 2382 1607 pue
2423 1553 2546 1594 cum
2574 1540 2828 1611 vigilatur
2862 1544 2929 1598 ad
2951 1544 3359 1615 gloriﬁcandum
3391 1551 3569 1607 Deum
3594 1554 3660 1609 in
3695 1559 3860 1614 oratio

2278 1627 2469 1693 nibus;
2519 1629 2595 1684 ita
2623 1629 2783 1686 debet
2827 1632 3031 1690 habere
3064 1648 3188 1691 eum
3216 1638 3307 1707 qui
3334 1640 3401 1693 ad
3428 1641 3539 1696 hoc
3581 1658 3654 1698 se
3702 1646 3862 1702 invitat

2280 1728 2336 1774 et
2357 1720 2584 1776 suscitat
2625 1722 3001 1791 dormientem,
3030 1736 3289 1799 tanquam
3312 1747 3436 1787 eum
3462 1749 3571 1804 per
3602 1753 3771 1806 quem
3792 1741 3856 1796 tb-

590 1818 698 1859 non
718 1801 925 1859 homini
952 1803 1310 1873 obtemperat.
1326 1803 1420 1858 sed
1440 1803 1672 1859 Domino
1685 1803 1885 1859 dicenti
1904 1822 1916 1858 ε
1936 1802 2074 1870 Quid
2091 1807 2183 1877 qui
2208 1808 2258 1868 B
2286 1814 2411 1869 vina
2433 1815 2583 1871 lucra
2605 1825 2661 1871 et
2688 1816 2931 1873 coelestia
2961 1821 3103 1876 dona
3139 1801 3528 1894 consequitur;
3592 1801 3721 1885 sive
3748 1834 3790 1888 is
3811 1836 3862 1889 ad

588 1896 741 1951 audit
781 1912 894 1962 vos,
940 1912 1022 1951 me
1061 1896 1232 1964 audit,
1278 1906 1326 1951 et
1369 1898 1460 1968 qui
1500 1898 1695 1967 spernit
1732 1915 1844 1963 vos,
1873 1914 1955 1952 me
1981 1900 2178 1969 spernit

590 1986 746 2058 (Luc.
777 1986 834 2059 x)
861 2005 875 2040 :
901 1988 946 2043 si
986 1999 1343 2059 compunctus
1383 1995 1469 2042 est
1509 1987 1889 2044 recordatione
1914 1988 2175 2054 mandati,

589 2078 743 2149 prius
783 2078 1114 2145 satislaciat;
1154 2088 1210 2136 et
1241 2080 1337 2147 ita,
1367 2079 1413 2135 si
1440 2080 1796 2152 permittitur,
1828 2081 1972 2152 quod
2006 2079 2181 2151 injun-

590 2174 737 2225 ctum
763 2176 847 2226 est
876 2170 1116 2242 impleat.

1002 2262 1518 2320 INTERROGATIO
1556 2263 1742 2320 LXXI.

864 2352 925 2410 Si
947 2365 1123 2409 autem
1152 2354 1394 2410 obediens
1413 2356 1530 2426 quis
1554 2364 1843 2410 murmure!
1870 2356 1895 2410 ?

657 2443 817 2499 ﬁsse.
856 2442 1115 2513 Apostolo
1126 2444 1336 2499 dicente
1356 2462 1369 2498 :
1389 2443 1579 2499 Omnia
1594 2445 1751 2514 facite
1762 2447 1873 2500 sine
1885 2463 2179 2503 murmura-

586 2535 728 2589 tione
753 2544 801 2589 et
828 2534 1246 2590 htesitationibas
1272 2535 1440 2609 (Phil.
1472 2536 1565 2608 tt);
1590 2537 1798 2594 alienus
1812 2540 1926 2595 sita
1946 2539 2178 2596 fratrum

586 2627 795 2682 unitate
815 2628 909 2698 qui
941 2637 1267 2695 murmurat,
1307 2638 1362 2687 et
1404 2647 1538 2702 opus
1564 2631 1681 2702 ejus
1702 2631 2008 2700 abjiciatur.
2065 2634 2177 2688 Ma-

585 2718 844 2776 nifestum
868 2719 1014 2776 enim
1043 2728 1127 2776 est
1153 2719 1254 2776 iste
1279 2722 1372 2792 qui
1412 2721 1534 2778 talis
1555 2731 1658 2789 est,
1693 2725 1821 2794 quia
1851 2724 2174 2782 infidelitate

587 2819 850 2883 aegrotat,
913 2819 969 2868 et
1032 2820 1241 2869 certum
1303 2814 1500 2872 futurae
1565 2816 1680 2888 spei
1744 2815 2001 2873 ﬁduciam
2066 2834 2174 2874 non

592 2904 753 2975 gerit.

1000 2996 1514 3059 INTERROGATIO
1551 3001 1760 3058 LXXII.

587 3084 647 3142 Si
667 3085 834 3158 frater
853 3087 1073 3159 fratrem
1097 3090 1505 3217 contriszavergt,
1537 3095 1800 3164 quomodo
1827 3096 1975 3151 debet
1993 3114 2170 3153 emen-

1334 3179 1416 3216 art

1334 3179 1416 3216 art

658 3249 817 3306 lisse.
871 3250 929 3305 Si
963 3252 1181 3321 quidem
1230 3254 1659 3321 contristaverit,
1703 3258 1846 3314 sicut
1886 3260 2175 3330 Apostolus

584 3342 716 3400 dicit
752 3361 767 3398 :
794 3341 1103 3401 Contristati
1126 3347 1266 3401 enim
1288 3348 1433 3414 estis,
1456 3358 1514 3403 ut
1552 3351 1608 3405 in
1635 3350 1779 3405 nullo
1808 3353 2175 3412 detrimentum

581 3436 889 3506 pateremini
928 3452 993 3490 ea:
1019 3436 1166 3491 nobis
1211 3436 1299 3507 (II
1321 3436 1444 3493 Cor.
1493 3441 1635 3506 vn);
1665 3458 1769 3497 non
1798 3443 1887 3501 ille
1921 3447 2010 3516 qui
2042 3463 2172 3503 cou—

582 3527 818 3583 tristavit
855 3529 1135 3584 emendari
1174 3530 1352 3596 debet,
1403 3531 1499 3600 sed
1554 3534 1643 3589 illc
1684 3535 1773 3604 qui
1822 3539 2174 3596 contristatus

585 3627 700 3685 est;
734 3628 791 3676 et
812 3621 1010 3677 indicia
1056 3620 1174 3691 ejus
1206 3623 1463 3691 tristitiae,
1516 3640 1636 3695 qua:
1664 3628 1962 3683 secundum
2002 3630 2171 3685 Deum

584 3720 687 3778 est,
742 3713 901 3768 debet
934 3714 1241 3771 ostendere.
1286 3713 1347 3794 Si
1378 3730 1511 3771 vero
1552 3718 1934 3776 indifferenter
1971 3725 2174 3779 contri-

585 3805 768 3870 stavit,
816 3804 870 3858 id
898 3813 1005 3871 est,
1058 3821 1165 3861 non
1206 3808 1502 3863 secundum
1547 3808 1732 3872 Deum,
1784 3827 1993 3866 memor
2036 3813 2171 3869 sitis

587 3897 679 3966 qui
733 3897 1076 3951 contristavit
1119 3897 1360 3967 Apostoli
1403 3898 1761 3956 dicentis:Si
1812 3912 1987 3957 autem
2048 3922 2173 3974 pro-

585 3994 702 4056 pter
725 4002 896 4039 escam
923 3986 1090 4056 frater
1124 3996 1244 4041 tuus
1281 3990 1644 4054 contristatur,
1680 3991 1799 4059 jam
1852 4009 1955 4047 non
1989 4010 2172 4049 secun-

582 4076 710 4132 dum
744 4079 1051 4131 charitatem
1076 4080 1314 4133 ambulas
1355 4079 1526 4151 (Rom.
1560 4082 1695 4153 xw).
1738 4082 1804 4137 Et
1829 4100 1948 4138 cum
1973 4102 2171 4156 cogno-

582 4168 724 4225 verit
750 4168 857 4223 tale
881 4168 1136 4224 delictum
1165 4156 1284 4225 esse
1307 4188 1484 4236 suum,
1540 4173 1762 4241 impleat
1793 4176 1884 4230 illu
1908 4178 1922 4230 1
1953 4181 2099 4247 quo]
2132 4196 2164 4236 a

584 4258 814 4315 Domino
844 4258 1049 4315 dictum
1071 4268 1156 4314 est
1186 4278 1199 4313 :
1237 4259 1295 4314 Si
1323 4262 1481 4330 o/fers
1504 4279 1692 4317 munus
1716 4275 1864 4320 tuum
1888 4268 1956 4321 ad
1975 4267 2164 4336 altare,

580 4359 629 4408 et
656 4351 961 4407 recordatus
981 4351 1145 4420 fueris
1172 4351 1244 4406 ibi
1269 4353 1395 4424 quia
1441 4354 1610 4422 frater
1638 4365 1760 4410 tuus
1783 4356 1935 4413 habet
1958 4359 2163 4432 aliquid

582 4443 833 4499 adversus
869 4452 938 4507 te,
974 4443 1207 4514 relinque
1229 4445 1301 4498 ibi
1333 4460 1523 4499 munus
1546 4456 1695 4500 tuum
1717 4459 1839 4504 ante
1868 4451 2060 4518 altare,
2113 4464 2163 4509 et

2281 1906 2604 1972 orationem,
2626 1909 2743 1964 sive
2765 1910 2833 1964 ad
2874 1910 3021 1967 aliud
3041 1913 3404 1986 quodcunque
3418 1919 3761 1977 mandatum
3784 1923 3859 1981 Dei

2280 1996 2477 2054 invitat
2501 2007 2557 2055 et
2580 2010 2860 2070 provocat.

2668 2113 3184 2176 INTERROGATIO
3222 2119 3457 2179 LXXVI.

2280 2204 2438 2273 Quod
2473 2209 2521 2264 si
2556 2211 2899 2286 contristatur
2926 2213 3015 2268 ille
3054 2216 3144 2286 qui
3164 2218 3444 2284 excitatur,
3484 2230 3586 2275 aut
3634 2225 3793 2279 etiam
3824 2225 3861 2279 ti

2702 2283 2980 2352 irascetur,
3033 2283 3159 2356 quid
3181 2287 3371 2359 dignus
3388 2283 3467 2345 est
3481 2291 3511 2344 2

2349 2396 2510 2453 lisse.
2568 2396 2791 2453 Interim
2819 2403 3284 2459 excommunicari
3310 2405 3469 2461 debet
3497 2415 3560 2461 et
3581 2424 3705 2465 non
3736 2425 3863 2466 man-

2277 2484 2510 2551 ducare;
2553 2486 2598 2542 si
2655 2487 2794 2544 forte
2841 2500 3196 2560 compunctus
3233 2503 3498 2565 agnoscat
3550 2501 3783 2569 quantis
3819 2510 3863 2558 et

2277 2577 2526 2647 qualibus
2573 2580 2729 2635 bonis
2754 2581 3104 2653 semetipsum
3127 2584 3447 2655 insipienter
3468 2588 3791 2655 deli-audet,
3821 2600 3865 2647 et

2277 2671 2352 2725 ita
2373 2686 2666 2728 conversus
2694 2673 2922 2743 recipiat
2950 2676 3218 2747 gratiam;
3264 2677 3382 2748 ejus
3412 2681 3464 2735 in
3525 2698 3590 2737 se
3628 2683 3861 2740 aﬂ’ectuu

2277 2776 2514 2824 sumens,
2549 2763 2641 2833 qui
2671 2763 2805 2837 dixit
2836 2782 2849 2816 :
2878 2765 3082 2820 Memor
3105 2767 3186 2838 fui
3214 2768 3332 2835 Dei,
3353 2779 3402 2825 et
3429 2772 3859 2831 delectatum

2277 2849 2449 2922 (Psal.
2475 2854 2679 2925 LXXVI).
2727 2854 2879 2923 Quod
2905 2858 2950 2912 si
2977 2862 3339 2928 permanserit
3368 2863 3424 2918 in
3452 2865 3735 2935 stultitia,
3775 2884 3862 2923 nul

2276 2945 2580 3016 intelligens
2620 2947 2871 3018 gratiam,
2923 2949 3273 3007 abscindatur
3327 2962 3595 3024 tanquam
3642 2959 3865 3029 putrefa-

2276 3046 2422 3093 ctum
2474 3038 2780 3093 membrum
2826 3055 2857 3093 a
2899 3055 3146 3110 corpore.
3205 3041 3483 3116 Scriptum
3543 3059 3637 3104 est
3692 3053 3858 3107 enim:

2279 3129 2418 3195 Quia
2481 3132 2686 3200 expedit
2745 3140 2803 3185 ut
2866 3143 3044 3203 pereat
3096 3151 3263 3190 unum
3325 3140 3701 3197 membrorum
3766 3155 3861 3199 tu-

2278 3238 2420 3285 rum,
2439 3230 2489 3275 et
2512 3239 2616 3277 non
2648 3239 2802 3279 omne
2830 3240 3020 3295 corpus
3041 3234 3190 3283 tuum
3225 3231 3467 3285 mittatur
3486 3234 3557 3288 [in
3580 3237 3866 3306 geth

2277 3313 2495 3386 (Matth.
2530 3313 2607 3384 v).

2664 3407 3181 3470 INTERROGATIO
3218 3413 3474 3472 LXXViI.

2277 3495 2417 3561 Quid
2474 3507 2590 3581 est,
2639 3497 2817 3581 Nolite
2872 3501 3149 3571 judicare,
3211 3515 3271 3561 ut
3339 3525 3443 3581 non
3504 3512 3867 3581 judicemini;

2419 3567 2579 3623 nolite
2617 3567 2985 3638 condemnare,
3039 3585 3096 3628 ut
3134 3567 3237 3631 non
3268 3567 3742 3639 condemriemini.’

2345 3681 2506 3738 Resp.
2559 3683 2692 3739 Cum
2722 3685 2985 3743 Dominus
3032 3689 3322 3760 aliquando
3351 3695 3537 3751 dicat:
3566 3698 3763 3756 Nolite
3796 3702 3863 3770 js»

2272 3772 2470 3839 dicare,
2520 3784 2576 3829 ut
2615 3792 2719 3830 non
2734 3772 3056 3847 judicemini
3097 3781 3313 3853 (Matth.
3368 3788 3512 3856 vn);
3574 3790 3865 3863 aliquando

2272 3880 2401 3920 vero
2430 3884 2443 3919 :
2464 3867 2670 3937 justum
2684 3870 2950 3939 judicium
2967 3872 3209 3943 judicate
3236 3877 3420 3948 (Joan.
3448 3883 3589 3951 vn);
3630 3903 3751 3941 non
3774 3887 3864 3942 uti-

2272 3970 2377 4024 que
2413 3958 2555 4011 nmni
2609 3961 2768 4014 modo
2796 3962 3046 4031 prohibet
3066 3964 3343 4035 judicandi
3366 3969 3748 4043 facultatem;
3784 3977 3863 4033 sed

2273 4044 2631 4102 differentiam
2674 4047 2863 4116 judicii
2909 4068 3071 4110 nosse
3103 4072 3204 4112 nos
3241 4059 3416 4124 docet,
3450 4073 3516 4116 ut
3546 4065 3864 4121 sciamus'a

2270 4137 2467 4206 quibus
2489 4150 2737 4211 oporteat
2770 4159 2876 4199 non
2899 4144 3147 4214 judicare
3169 4158 3227 4205 et
3273 4152 3328 4206 in
3358 4154 3561 4223 quibus
3608 4173 3753 4214 non.
3800 4159 3869 4214 De

2271 4229 2375 4285 hoc
2392 4239 2572 4287 autem
2596 4235 2883 4292 manifeste
2909 4239 3065 4295 nobis
3086 4241 3376 4313 Apostolus
3398 4247 3656 4313 tradidit,
3684 4251 3863 4307 (licens

2270 4321 2337 4379 de
2368 4323 2454 4378 his
2495 4325 2676 4381 causis
2703 4343 2822 4397 quae
2864 4330 3289 4404 uniuscujusque
3337 4337 3572 4395 arbitrio
3600 4357 3740 4398 esse
3784 4345 3868 4399 de-

2269 4411 2400 4466 bent
2435 4430 2448 4466 :
2484 4412 2562 4467 Tu
2586 4424 2762 4469 autem
2789 4433 2953 4488 quare
2985 4420 3203 4490 judicas
3228 4423 3449 4493 fratrem
3488 4436 3652 4483 tuum
3694 4431 3865 4501 (Rau.

576 4533 708 4589 vade
731 4535 877 4604 prius
898 4500 1229 4589 reconciliari
1252 4535 1408 4605 fratri
1434 4546 1524 4590 tuo
1549 4547 1635 4602 ;et
1661 4547 1785 4593 tunc
1807 4542 2015 4598 veniens
2035 4500 2161 4613 (ἒπε-
2187 4546 2241 4604 D
2797 4502 2921 4613 Non
2937 4524 3059 4611 ergo
3080 4527 3297 4613 mfmfm
3314 4512 3628 4613 “dum?”
3657 4518 3713 4588 (1
3720 4515 3866 4587 Μ’)-

580 4639 664 4679 res
689 4639 879 4678 munus
906 4633 1054 4678 tuum
1077 4625 1295 4694 (Matth.
1321 4625 1398 4696 v).

978 4713 1493 4773 INTERROGATIO
1530 4717 1619 4773 LX
1631 4719 1765 4774 XIII.
1786 4777 1791 4780 ,

580 4805 722 4875 Quid
760 4806 810 4861 si
854 4822 958 4861 non
1005 4808 1303 4932 acquiesflat
1346 4818 1405 4863 ut
1440 4812 1774 4934 tsgttisfaciat,
1826 4816 1955 4887 quid
2005 4834 2162 4890 agen-

992 4926 1007 4934 κ
1256 4896 1344 4933 um
1383 4897 1436 4934 es
1473 4921 1486 4934 .

1256 4896 1344 4933 unt
1383 4896 1457 4935 εει
1473 4896 1486 4935 Ξ

648 4971 812 5027 Resp.
840 4968 1072 5039 Implere
1109 4969 1365 5027 debemus
1407 4972 1462 5027 in
1486 4988 1552 5029 eo
1576 4974 1726 5041 illud,
1758 4978 1900 5049 quod
1924 4995 1954 5035 a
1980 4979 2161 5037 Domi-

576 5079 648 5119 no
679 5063 884 5121 dictum
908 5069 995 5118 est
1035 5060 1099 5116 de
1121 5075 1186 5115 eo
1206 5061 1299 5131 qui
1325 5064 1588 5135 peccavit,
1626 5075 1680 5121 ct
1704 5083 1814 5123 non
1843 5070 1953 5140 egit
1982 5071 2162 5141 poeni-

577 5156 826 5221 tentiam,
881 5168 1007 5210 cum
1048 5151 1185 5208 dixit
1219 5169 1232 5182 ·
1264 5151 1327 5207 Si
1373 5164 1545 5209 autem
1592 5156 1883 5215 Ecclesium
1930 5179 2032 5218 non
2066 5181 2164 5219 au-

576 5246 775 5313 dierit,
824 5246 892 5302 sit
941 5245 1034 5300 tibi
1082 5245 1217 5299 sicut
1262 5243 1468 5315 gentilis
1516 5257 1564 5304 et
1609 5250 1918 5320 publicanus
1942 5254 2158 5326 (Matth.

576 5351 756 5392 ιγιιιὶ.

712 5337 756 5409 ).
963 5432 1481 5494 INTERROGATIO
1527 5436 1764 5493 LXXIV.

580 5517 719 5585 Quid
745 5519 812 5587 si,
856 5524 1219 5612 satisfacientes.
1247 5545 1308 5583 eo
1351 5529 1441 5612 qui
1480 5530 1910 5612 contristaverit,‘
1931 5530 2158 5588 noluerit

826 5596 1152 5652 reconciliari
1200 5599 1245 5653 is
1286 5596 1377 5670 qui
1425 5600 1763 5653 contristatus
1786 5601 1911 5655 est?

646 5680 811 5737 lisse.
868 5683 1149 5744 Manifesta
1195 5700 1278 5747 est
1333 5692 1399 5748 de
1446 5693 1552 5747 hoc
1594 5692 1811 5748 Domini
1864 5699 2156 5766 sententia,

576 5789 698 5848 quae
731 5773 962 5835 refertur
1002 5779 1058 5837 in
1084 5779 1173 5838 illa
1202 5782 1460 5854 parabola
1489 5784 1555 5842 de
1595 5798 1751 5845 servo
1791 5786 1884 5861 qui
1933 5797 2160 5863 rogatus

2265 4589 2323 4644 In
2348 4590 2431 4646 bis
2460 4608 2590 4647 vero
2630 4595 2844 4652 actibus
2872 4598 2966 4668 qui
2994 4607 3181 4671 aperte
3203 4600 3312 4657 Deo
3336 4618 3445 4657 non
3466 4604 3723 4675 placent,
3773 4624 3863 4664 no—

2267 4690 2347 4736 tat
2385 4698 2479 4739 eos
2507 4685 2599 4753 qui
2646 4702 2755 4741 non
2776 4684 3044 4756 iudicant,
3099 4700 3153 4746 et
3180 4691 3294 4763 ipse
3334 4710 3487 4750 suam
3526 4701 3863 4756 sententia-

2262 4775 2440 4843 prodit
2471 4792 2572 4848 per
2595 4778 2713 4835 haec
2739 4795 2860 4850 quas
2882 4782 3053 4839 dicit:
3087 4784 3201 4855 Ego
3229 4786 3442 4857 quidem
3481 4790 3624 4844 sicut
3676 4794 3862 4849 absus

2262 4883 2499 4938 corpore,
2528 4884 2758 4940 prwsens
2781 4875 3179 4947 autemspiritu,
3196 4877 3315 4947 jam
3331 4877 3577 4949 judicaci
3603 4892 3865 4955 tanqua-

2260 4976 2488 5031 prazsens
2510 4979 2650 5029 eum,
2698 4965 2788 5037 qui
2808 4966 2920 5022 haec
2947 4978 3190 5038 operatus
3211 4979 3309 5035 est,
3350 4971 3408 5026 in
3426 4977 3649 5031 nomine
3686 4977 3869 5033 Domi-

2267 5058 2321 5111 ni
2351 5061 2517 5113 nostri
2551 5058 2683 5115 Iesu
2703 5059 2920 5130 Christi,
2964 5067 3291 5136 congregatis
3322 5067 3464 5124 vobis
3482 5080 3535 5124 et
3566 5088 3689 5127 meo
3717 5074 3873 5143 spiri-

2264 5156 2343 5213 tu,
2388 5166 2507 5203 cum
2547 5152 2738 5208 virtute
2755 5154 2970 5211 Domini
2992 5160 3158 5213 nostri
3181 5162 3311 5215 Jesu
3350 5158 3597 5229 Christi;
3658 5167 3877 5219 tradere

2264 5241 2627 5312 hujuscemodi
2652 5246 2915 5302 hominem
2942 5247 3173 5306 .Satanw
3192 5251 3248 5305 in
3268 5251 3543 5307 interitum
3562 5271 3775 5321 carnis,
3820 5268 3873 5309 ut

2263 5334 2478 5405 spiritus
2512 5334 2686 5392 salvus
2715 5338 2810 5407 ﬁat
2834 5340 2890 5396 in
2922 5339 3007 5394 die
3044 5341 3258 5397 Domini
3297 5345 3467 5398 nostri
3492 5344 3627 5400 Iesu
3667 5345 3876 5403 Christi

2262 5427 2316 5500 (Ι
2355 5427 2476 5484 Cor.
2509 5432 2624 5500 xv).
2681 5430 2740 5488 Si
2783 5434 2913 5503 quid
2943 5435 3128 5505 itaque
3149 5436 3204 5491 in
3233 5445 3421 5493 nostra
3454 5445 3738 5508 potestate
3782 5441 3866 5497 vel

2260 5520 2489 5577 arbitrio
2517 5524 2754 5594 positum
2781 5534 2835 5582 et
2863 5526 3133 5583 insertum
3160 5536 3262 5594 est,
3289 5545 3399 5584 non
3421 5539 3645 5600 oportet
3677 5533 3753 5588 de
3782 5534 3877 5588 bis

2257 5611 2505 5683 judicare
2539 5612 2788 5684 fratrem,
2836 5620 3132 5675 secundum
3164 5621 3269 5677 hoc
3288 5622 3433 5689 quod
3456 5624 3765 5694 Apostolus
3789 5627 3873 5681 di-

2261 5703 2352 5768 cit,
2414 5712 2672 5776 tanquam
2703 5708 2876 5766 deltis
2901 5726 3022 5780 qua:
3069 5712 3649 5787 ignorantur:ltaque
3696 5717 3877 5772 unﬁt:

2263 5805 2383 5855 ante
2415 5806 2615 5871 tempus
2638 5800 2765 5874 quid
2783 5802 3054 5874 judicare,
3082 5820 3348 5889 usquequo
3367 5806 3544 5863 veniat
3564 5805 3867 5891 Damasus.
