4004 6328
580 399 690 458 ’82⁷

1581 383 1640 438 S.
1679 372 2046 436 BENEDICTI
2082 365 2376 427 ABBATIS
2410 353 2827 421 AMANENSIS

589 531 712 589 qua:
743 514 813 568 ad
853 524 987 565 usus
1015 519 1296 564 servorum
1317 502 1415 559 Dei
1443 500 1698 570 deputata
1739 499 1888 557 sunt,
1914 489 2026 546 Deo
2050 487 2169 544 sine
2192 489 2249 551 Α
2271 477 2571 589 gratiarum
2599 473 2815 589 armo-ue
2836 459 3448 589 ﬁpfuztl‘tnllgii'n
3477 466 3696 589 13:13:,
3727 459 3858 521 ιὶωι

588 607 755 664 dubio
775 607 1093 658 consecrata
1121 605 1268 654 sunt.

1053 681 1570 744 lNTERROGATIO
1603 680 1714 737 CV.

594 789 734 856 Quid
764 789 867 843 sia
887 784 1056 856 seipso
1083 777 1412 856 commodare
1443 771 1665 856 voluerit
1692 768 1874 834 alicui,
1909 771 2002 822 aut
2032 763 2173 820 acci-
2244 771 2250 777 '

1194 865 1312 920 pere
1335 846 1398 900 ab
1429 844 1534 898 alio
1549 844 1575 896 .9

667 950 832 1005 Rnsr.
860 946 1141 1014 Tanquam
1171 939 1410 995 insolens
1431 944 1488 990 et
1526 932 1854 989 temerarius
1895 927 2180 985 habendus

593 1049 695 1098 est.
725 1039 853 1095 Haec
881 1036 1026 1093 enim
1055 1046 1245 1088 eorum
1265 1030 1357 1099 qui
1384 1033 1645 1098 praesunt,
1668 1032 1724 1078 et
1743 1037 1932 1079 curam
1959 1020 2178 1091 dispen-

591 1130 823 1188 sationis
850 1132 1066 1199 geruut,
1097 1119 1272 1178 cilicia
1299 1119 1520 1190 propria
1547 1123 1692 1171 sunt.

1049 1229 1568 1293 INTERROGATIO
1605 1227 1740 1284 CV].

594 1337 737 1407 Quid
785 1337 832 1407 si
872 1332 1151 1389 necessitas
1187 1335 1366 1399 poscat
1410 1333 1490 1407 ut.
1512 1325 1558 1377 is
1597 1321 1687 1392 qui
1731 1317 2182 1407 prwest‘requ‘irat

664 1408 730 1532 ﬁ
777 1405 953 1530 aliqua
993 1393 1301 1458 eorum'vas
1345 1394 1426 1450 vel
1460 1393 1856 1465 ferramentum,
1897 1399 1945 1444 et
1970 1397 2182 1444 contra-

717 1485 855 1532 xerit

659 1570 825 1626 Rnsr.
855 1566 960 1635 Qui
999 1564 1239 1635 seipsum
1269 1567 1324 1615 et
1347 1557 1595 1613 membra
1632 1569 1732 1611 sua
1760 1551 1988 1608 tradidit
2028 1550 2086 1605 in
2113 1549 2187 1604 al-
2243 1597 2250 1601 ..

590 1663 765 1720 terius
813 1663 1141 1730 potestatem
1176 1658 1402 1724 propter
1439 1647 1752 1704 mandatum
1783 1642 2018 1707 Domini,
2051 1653 2186 1711 quo-

591 1757 754 1811 modo
782 1750 968 1807 licebit
1018 1747 1069 1802 ei
1118 1745 1184 1801 de
1226 1740 1551 1798 utensilibus
1601 1735 2005 1801 contradicere,
2055 1730 2186 1788 huic

589 1833 979 1918 praecipue'cui
1005 1852 1140 1895 cura
1179 1833 1470 1891 commissa
1500 1839 1604 1888 est.

1028 1943 1544 2008 INTERROGATIO
1577 1942 1736 2018 CVII.

593 2047 656 2105 Si
680 2049 726 2120 is
754 2048 844 2120 qui
873 2046 1013 2120 circa
1049 2043 1343 2106 cellarium,
1372 2036 1454 2120 vel
1483 2037 1785 2120 coquinam,
1816 2029 1910 2120 vel
1939 2029 2067 2120 alia;
2083 2029 2182 2082 hu-

665 2099 965 2193 jusbemoiii
979 2099 1136 2193 opera
1164 2099 1447 2193 occupatus
1470 2099 1568 2174 est,
1592 2123 1697 2190 non
1725 2109 1968 2193 occuriat
1997 2099 2182 2193 a‘desse.

666 2169 1228 2270 b’rd’ini'psallentium
1256 2169 1333 2237 vel
1363 2179 1434 2234 ad
1477 2169 1790 2243 orationem,
1832 2171 1963 2229 nihil
2001 2169 2183 2224 damni

665 2260 868 2331 patitur
889 2258 945 2312 in
967 2258 1170 2312 anima.

665 2352 828 2407 Rssr.
858 2349 1241 2419 Unusquisque
1271 2344 1329 2400 in
1366 2357 1533 2414 opere
1565 2355 1665 2397 suo
1689 2340 1986 2395 observare
2023 2332 2187 2389 debet

591 2447 871 2518 propriam
899 2443 1166 2514 regulam,
1197 2439 1339 2496 sicut
1375 2437 1682 2493 membrum
1722 2434 1779 2488 in
1828 2443 2084 2501 corpore;
2130 2433 2188 2482 et

595 2536 856 2590 damnum
886 2533 1130 2598 habebit,
1152 2531 1200 2586 si
1221 2529 1524 2602 neglexerit
1549 2527 1604 2583 in
1630 2541 1696 2582 eo
1717 2524 1862 2594 quod
1880 2523 2185 2594 iniunctum

595 2634 682 2682 est
722 2625 793 2690 ei,
817 2631 873 2678 et
902 2623 970 2678 de
1014 2620 1294 2677 communi
1345 2618 1579 2673 fratrum
1624 2615 1859 2671 utilitate
1910 2612 2187 2684 negligens

595 2713 832 2786 amplius
858 2710 1281 2783 periclitabitur.
1325 2709 1391 2764 Et
1418 2708 1538 2764 ideo
1577 2715 1690 2762 tota
1728 2712 1909 2760 mente
1935 2712 1992 2758 et
2027 2703 2188 2758 devo-

594 2806 747 2862 tione
782 2802 1055 2874 complere
1095 2803 1254 2858 debet
1289 2801 1342 2856 id
1372 2800 1517 2870 quod
1566 2799 1826 2870 scriptum
1858 2804 1943 2853 est
1981 2813 1995 2850 :
2049 2793 2190 2848 Can-

596 2907 772 2953 tantes
832 2905 884 2953 et
947 2893 1228 2967 psallentes
1295 2893 1351 2947 in
1413 2892 1655 2946 cordibus
1713 2889 1896 2945 vestris
1960 2886 2188 2942 Domino

596 2987 818 3061 (Ephes.
851 2987 930 3060 v).
962 2985 1020 3041 Si
1035 2985 1182 3041 enim
1209 2983 1566 3055 corporaliter
1590 2997 1697 3038 non
1721 2987 1981 3037 occurrat
1998 2979 2192 3035 adesse

2363 1871 2524 1890 μοστ.
2554 1871 2696 1903 ων.
2742 1871 2867 1886 νυ...
2898 1871 3119 1900 νων...
3144 1871 3236 1896 ει--
3277 1871 3328 1881 --
3361 1871 3600 1880 ---νηη
3647 1871 3845 1891 __,__,

2209 1871 2260 1997 Β
2287 1928 2434 1986 modi
2450 1925 2935 2000 dispensationem,
2952 1919 3268 1978 meminisse
3286 1917 3448 1973 debet
3468 1914 3706 1972 Domini
3723 1915 3865 1970 dices-

2276 570 2542 642 scriptum
2566 573 2653 624 est
2681 583 2695 620 :
2730 559 2956 617 Psallite
2978 558 3242 630 sapienter
3264 552 3441 628 (Psal.
3477 552 3659 627 nu).

2738 649 3135 711 INTERROGA
3143 645 3257 705 T10
3292 646 3409 704 CX.

2614 751 2684 809 Et
2709 749 2836 823 quid
2858 757 2955 812 est,
2975 743 3192 817 psallite
3219 739 3532 813 sapienter?

2351 850 2513 906 Rssr.
2543 844 2698 915 Quod
2721 851 2809 898 est
2830 841 2886 896 in
2902 838 3154 895 Omnibus
3176 834 3314 891 cibis
3335 839 3499 902 gustu
3519 842 3862 900 unamqua-

2280 957 2388 1014 qae
2411 941 2733 1011 dignoscere
2749 931 2904 1002 cujus
2929 928 3141 1000 saporis
3167 927 3258 992 sit,
3282 925 3388 979 hoc
3415 929 3501 978 est
3526 929 3584 975 et
3611 921 3677 974 in
3703 920 3858 975 verbis
3976 935 3977 1014 λ

2281 1011 2485 1090 sanctae
2514 1028 2807 1098 Scriptura
2852 1019 3155 1095 prudentia!
3191 1030 3404 1073 sensus.
3455 1011 3676 1067 Fauces
3723 1012 3857 1076 enim,

2281 1126 2660 1200 inquit,.escas
2685 1117 2992 1192 gustabunt,
3019 1129 3203 1169 sensus
3231 1118 3408 1164 autem
3435 1106 3594 1161 verba
3629 1104 3858 1158 discernit

2282 1195 2427 1290 (Job.
2457 1212 2665 1284 xxxrv).
2693 1210 2751 1266 Si
2779 1207 2903 1280 quis
2922 1221 3054 1276 ergo
3075 1205 3150 1259 ita
3176 1201 3418 1257 animam
3446 1211 3612 1252 suam
3641 1195 3859 1250 intendat

2283 1288 2342 1365 in
2377 1305 2592 1378 singula
2628 1303 2794 1358 verba
2822 1299 3180 1371 psalmorum,
3210 1294 3354 1350 sicut
3391 1297 3589 1363 gustus
3647 1288 3859 1344 intentus

2284 1408 2370 1458 est
2415 1398 2486 1454 ad
2514 1394 2900 1454 discretionem
2955 1387 3168 1460 saporis
3197 1387 3480 1450 ciborum,
3523 1383 3641 1438 iste
3691 1380 3859 1451 estqui

2286 1491 2557 1564 compleat
2590 1489 2696 1544 hoc
2721 1485 2868 1558 quod
2889 1483 3088 1540 dicitur
3115 1500 3129 1536 :
3171 1477 3394 1534 Psallite
3421 1476 3728 1548 sapienter.

2737 1592 3256 1654 lNTERROGATIO
3295 1591 3431 1648 CXI.

2290 1675 2411 1744 Qua
2437 1687 2687 1729 mensura
2713 1669 3174 1744 debet‘temperare
3194 1671 3508 1744 potestatein
3534 1660 3863 1744 dispensatis-
3976 1687 3977 1696 η

2467 1746 2549 1800 nis
2576 1757 2688 1799 sum
2709 1742 2757 1797 is
2786 1740 2873 1795 cui
2898 1732 3103 1793 cellarii
3123 1732 3254 1790 cura
3278 1733 3566 1789 commissa
3596 1741 3685 1787 est
3701 1732 3727 1786 .’

2360 1835 2524 1890 Resp.
2554 1833 2696 1903 Erga
2742 1845 2867 1886 eum
2896 1826 3119 1900 quidem
3142 1825 3236 1896 qui
3273 1823 3328 1881 ei
3356 1823 3600 1880 credidit
3647 1820 3863 1891 hujusce-

2287 2021 2391 2078 tis:
2417 2019 2542 2075 Non
2561 2033 2774 2090 possum
2794 2030 2889 2086 ego
2910 2031 2944 2068 a
2962 2029 3042 2068 me
3064 2013 3178 2083 ipso
3195 2009 3370 2079 facere
3391 2007 3703 2080 quidquam
3719 2004 3866 2079 (leas.

2286 2111 2366 2185 v).
2396 2111 2480 2166 Ad
2509 2118 2740 2166 caeteros
2777 2121 2910 2162 vero
2947 2102 3179 2160 sollicite
3200 2100 3343 2157 scire
3373 2099 3543 2155 debet
3575 2097 3724 2169 quid
3741 2111 3868 2152 unus-

2289 2203 2521 2276 quisque
2567 2215 2705 2271 opus
2725 2198 2947 2264 habeat,
2977 2203 3038 2250 ut
3062 2192 3335 2265 compleat
3375 2191 3512 2246 illud
3568 2191 3734 2262 quod
3767 2192 3869 2247 scri-

2287 2304 2444 2368 ptum
2485 2302 2574 2349 est
2605 2309 2618 2347 :
2648 2289 2993 2346 Dividebatur
3021 2295 3197 2341 autem
3232 2283 3520 2353 unicuique
3551 2293 3727 2352 prout
3768 2299 3866 2352 opus

2289 2395 2403 2442 erat
2429 2385 2569 2458 (Act.
2601 2381 2700 2455 tv).
2727 2379 2931 2436 Eadem
2959 2385 3142 2432 autem
3162 2375 3304 2431 ratio
3323 2373 3622 2429 observari
3651 2372 3870 2428 debetab

2291 2478 2544 2535 omnibus
2571 2473 2986 2547 quibuscunque
3027 2468 3208 2539 aliqua
3235 2463 3536 2522 ministerii
3567 2463 3670 2521 vel
3690 2465 3873 2537 dimi-

2293 2569 2522 2628 sationis
2549 2565 2857 2625 scilicitudo
2881 2559 3175 2632 commissa
3197 2567 3305 2615 est.

2732 2673 3250 2737 INTERROGATIO
3287 2670 3448 2730 CXII.
3506 2725 3512 2730 .
3661 2728 3664 2729 ν

2297 2753 2418 2823 Qua
2437 2753 2692 2810 sententia
2729 2749 3090 2807 observabitur
3111 2762 3236 2818 erga
3257 2745 3693 2823 dispensantens,
3739 2743 3782 2798 si
3799 2739 3873 2796 e5-

2365 2827 2492 2898 quid
2514 2823 2801 2898 secundum
2815 2835 3051 2892 persona:
3071 2813 3445 2889 acceptionem,
3470 2813 3558 2869 vel
3568 2831 3678 2885 per
3696 2825 3876 2869 calua-

2369 2894 2564 2953 tionem
2590 2895 2752 2966 faciat
2778 2894 2802 2948 ?

2371 2989 2534 3044 Rssr.
2560 2982 2820 3058 Apostolo
2858 2980 3231 3055 praecipiente,
3274 2976 3575 3049 aliquando
3624 2976 3874 3048 quidem:

597 3095 728 3136 cum
759 3080 973 3137 caeteris
1002 3079 1072 3134 ad
1101 3077 1366 3133 orationis
1394 3076 1598 3139 locum,
1624 3076 1692 3130 iu‘
1709 3084 2036 3143 quocunque
2070 3068 2192 3124 loco

2304 3081 2385 3138 Ne
2410 3079 2536 3152 quid
2573 3078 2741 3148 facias
2790 3074 3081 3130 secundum
3131 3072 3388 3142 favorem,
3441 3069 3524 3124 vel
3563 3068 3626 3123 iss
3689 3068 3876 3124 altera:

598 3171 856 3228 iuventus
881 3171 1070 3237 fuerit,
1096 3170 1240 3241 quod
1261 3168 1566 3224 devotionis
1588 3175 1674 3223 est
1697 3165 1933 3236 expleat.
1966 3161 2194 3231 Oportet
2226 3231 2265 3245 Α
2298 3182 2501 3245 partem
2549 3168 2862 3224 declinando
2907 3164 2956 3239 (Ι
2993 3165 3132 3222 Tim.
3161 3167 3251 3236 v);
3284 3161 3582 3234 aliquando
3611 3171 3802 3217 autem
3821 3158 3880 3215 tli-

601 3273 787 3320 ωωθη
815 3264 1146 3328 Observare,
1182 3275 1252 3316 ne
1301 3260 1443 3316 forte
1492 3259 1664 3330 Ροθθίε
1691 3257 1816 3328 quis
1863 3253 2090 3325 implere
2137 3250 2194 3306 δι
2221 3231 2268 3296 C
2298 3231 2492 3320 cente:
2525 3260 2664 3327 Quia
2689 3261 2735 3314 si
2755 3259 2872 3330 quis
2910 3231 3116 3313 videtur
3140 3231 3500 3310 contentiosus
3523 3270 3666 3318 esse,
3709 3263 3881 3308 nasu-

602 3362 848 3426 tempore
861 3369 959 3409 suo
983 3353 1130 3424 quod
1149 3351 1531 3423 wmplendum
1553 3357 1639 3406 est
1662 3357 1718 3404 ei
1737 3361 2027 3403 Occurfere
2050 3361 2065 3401 ε
2097 3348 2196 3404 Sed
2301 3353 2403 3408 lem
2426 3351 2861 3407 consuetudinem
2906 3345 3012 3404 non
3041 3347 3318 3412 habemus,
3354 3361 3522 3416 neque
3561 3342 3809 3400 Ecclesia
3843 3339 3880 3411 (Ι

603 3448 735 3528 dum
758 3446 907 3517 loqui
925 3444 1396 3512 vuit,occasiones
1414 3443 1585 3500 nectit
1598 3452 1858 3513 tanquam
1878 3441 1933 3494 in
1955 3439 2198 3496 ministe-
2301 3444 2427 3500 Cor.
2457 3445 2558 3518 χι).
2594 3443 2652 3498 Si
2702 3443 2825 3513 quis
2872 3441 2977 3495 hoc
3008 3437 3164 3505 facit,
3191 3445 3431 3501 notetur,
3461 3450 3756 3505 usquequo
3783 3447 3885 3488 cor-

601 3541 674 3597 rii
717 3555 882 3611 opere
911 3547 1233 3610 occupatus.
1259 3535 1411 3603 Quod
1458 3536 1505 3591 si
1550 3535 1705 3600 facit,
1735 3542 1791 3588 et
1815 3531 2197 3588 oﬂ'endiculum
2299 3537 2526 3608 rigatur.
2556 3535 2946 3591 Verumtamen
2969 3536 3187 3602 oportet
3214 3543 3340 3583 cum
3360 3541 3575 3582 summa
3608 3525 3883 3596 diligentia

607 3633 824 3716 caeteris
847 3639 1092 3703 praestat,
1129 3638 1185 3686 et
1214 3631 1331 3700 ipse
1362 3627 1683 3700 negligentis
1706 3627 1917 3682 crimen
1942 3624 2193 3681 incurrit.
2298 3636 2355 3686 et
2379 3626 2699 3698 probatione
2735 3623 3011 3678 discutere
3034 3629 3091 3676 et
3111 3618 3460 3675 considerare
3491 3616 3565 3671 ad
3587 3630 3766 3686 quam
3785 3629 3883 3684 pat—

1037 3738 1554 3798 INTERROGATIO
1591 3738 1767 3795 cvm,
2299 3729 2411 3776 tem
2431 3717 2801 3788 unusquisque
2829 3721 2986 3786 aptus
3014 3714 3085 3769 sit
3119 3711 3206 3767 vel
3236 3718 3600 3780 opportunus,
3659 3718 3722 3763 et
3749 3709 3795 3763 ei
3817 3708 3878 3760 ia-

611 3834 890 3904 Quomodo
911 3833 1162 3890 obtinebit
1185 3835 1303 3904 quis
1331 3842 1389 3886 ut
1409 3834 1464 3886 in
1492 3830 1727 3904 oratione
1747 3845 1930 3887 sensus
1959 3831 2075 3902 ejus
2094 3845 2193 3886 non

2304 3811 2449 3884 iungi
2484 3811 2844 3882 quodcunque
2873 3805 3005 3861 illud
3035 3803 3217 3875 operis
3239 3810 3325 3858 est
3353 3801 3439 3857 vel
3467 3799 3642 3856 cilicii
3679 3821 3696 3855 :
3740 3810 3794 3855 ut
3813 3814 3884 3853 ne

1277 3902 1534 3975 vagetur?
1980 3891 1998 3902 ’
2301 3920 2408 3977 que
2429 3904 2504 3961 illi
2518 3903 2611 3974 qui
2633 3901 2922 3973 iniungunt
2945 3914 3016 3954 ex
3040 3898 3148 3952 hoc
3165 3897 3283 3967 ipso
3296 3895 3750 3951 condemnentur
3769 3891 3882 3964 quod

689 3994 852 4048 Raso.
903 3993 962 4050 Si
1004 4002 1186 4050 certus
1213 3993 1287 4049 sit
1313 3993 1571 4048 assistere
1598 4007 1656 4048 se
1703 4001 1830 4049 ante
1857 3991 2044 4048 oculos
2073 3991 2193 4047 Dei.
2301 4011 2411 4052 non
2441 4002 2626 4066 aptum
2653 3991 2816 4048 alicui
2854 3989 3092 4047 cilicium
3125 3987 3482 4057 injunxerint,
3513 3994 3573 4041 et
3613 3987 3881 4042 invenian-

611 4084 678 4144 Si
707 4088 856 4142 enim
895 4087 1018 4158 quis
1047 4085 1289 4156 iudicem
1326 4102 1484 4141 suum
1512 4087 1704 4141 videns
1731 4086 1816 4141 Vel
1850 4086 2152 4156 principem
2184 4126 2200 4152 ,
2303 4096 2394 4142 tur
2439 4086 2568 4140 mali
2625 4085 3030 4154 dispensatores
3055 4095 3176 4137 esse
3230 4080 3344 4135 sive
3391 4079 3740 4145 animarum,
3793 4078 3882 4132 sive
3976 4133 3977 4144 χ

615 4187 674 4234 et
701 4178 928 4248 loquens
954 4193 1078 4232 cum
1114 4192 1202 4243 eo,
1245 4192 1354 4232 non
1384 4175 1486 4232 sibi
1513 4177 1688 4232 credit
1716 4176 1922 4231 licitum
1954 4190 2076 4232 esse
2105 4191 2200 4232 va-
2304 4181 2684 4238 mandatorum
2735 4177 2866 4244 Dei;
2899 4188 3077 4246 neque
3101 4173 3176 4229 illi
3201 4173 3304 4244 ipsi
3328 4173 3528 4243 quibus
3558 4172 3886 4243 iniungitur.

617 4270 732 4342 gari
761 4269 958 4336 oculis,
985 4275 1041 4323 et
1063 4268 1323 4325 aliorsum
1347 4269 1610 4339 aspicere,
1637 4270 1764 4325 dum
1790 4270 1907 4339 ipse
1932 4269 2200 4340 loquitur;
2304 4275 2650 4348 Qccasionem
2677 4271 2886 4343 peccati
2917 4285 2984 4325 ex
3005 4255 3110 4325 hoc
3136 4268 3341 4325 habere
3368 4266 3696 4322 videantur.

616 4369 824 4432 quanto
849 4360 1024 4431 magis
1072 4360 1164 4430 qui
1213 4359 1422 4415 accedit
1467 4360 1535 4414 ad
1578 4359 1887 4424 Dominum,
1936 4375 2206 4430 nusquam
2731 4358 3252 4418 lNTERROGATlO
3290 4357 3473 4415 CXlll.

617 4450 779 4507 debet
804 4466 1024 4506 movere
1072 4451 1290 4506 oculum
1312 4450 1535 4516 ‘cordis,
1565 4450 1659 4505 sed
1711 4453 1950 4507 intentus
1981 4466 2102 4507 esse
2150 4451 2206 4506 in
2416 4463 2475 4520 Si
2495 4471 2672 4517 autem
2702 4458 2988 4530 neglexerit
3025 4456 3154 4511 dare
3181 4455 3340 4526 fratri
3361 4453 3504 4526 quod
3529 4471 3670 4526 opus
3693 4454 3809 4510 est!

618 4557 768 4610 eum,
798 4544 892 4613 τιυὶ
925 4553 1198 4599 Scrutatur
1248 4558 1407 4614 τεηεε
1445 4551 1500 4598 ει
1542 4543 1705 4600 corda
1753 4541 1926 4614 (Ρδαίο
1970 4543 2106 4615 VII)?
2147 4550 2279 4618 υίτ.
2377 4554 2539 4610 Βεερ.
2593 4551 2876 4608 Manifesta
2911 4558 2996 4606 est
3040 4550 3108 4605 de
3153 4549 3260 4604 hoc
3287 4547 3565 4604 sententia
3613 4563 3693 4602 ex
3743 4545 3892 4618 ipsias

620 4635 842 4705 impleat
876 4635 1018 4740 “illud
1059 4637 1211 4740 quati
1249 4636 1511 4706 scriptum
1541 4644 1624 4690 est
1654 4653 1666 4689 =
1702 4634 1954 4689 ιευαηεεε
1989 4642 2201 4690 sanctas
2235 4634 2282 4662 ν
2307 4647 2523 4703 Domini
2546 4643 3036 4709 verbis,dicentis:
3069 4640 3380 4696 Disceditea
3399 4657 3506 4706 me,
3530 4639 3890 4704 malediai,is

621 4744 813 4783 manus
842 4728 956 4783 sine
975 4729 1057 4782 ira
1087 4738 1135 4782 et
1157 4729 1532 4799 disceptatione
1562 4727 1617 4799 (Ι
1651 4726 1788 4780 Tim.
1811 4728 1899 4799 ιι).

2305 4739 2476 4811 ignem
2499 4748 2770 4801 internum,
2798 4737 2888 4807 qui
2912 4743 3241 4806 praeparatus
3273 4741 3350 4788 est
3373 4732 3591 4787 diabolo
3619 4743 3676 4787 et
3710 4733 3894 4803 angelis

1077 4837 1590 4896 INTERROGATIO
1627 4839 1761 4896 CIX.
2306 4833 2440 4904 ejus.
2467 4830 2683 4886 Esurivi
2719 4829 2880 4895 enim,
2907 4837 2954 4882 et
2987 4843 3091 4881 non
3120 4825 3340 4881 dedistis
3369 4826 3500 4880 mihi
3536 4828 3895 4882 manducare;

625 4927 684 4988 Si
710 4930 954 5004 possibile
980 4940 1054 4985 est
1075 4932 1305 4986 obtinere
1331 4933 1613 4998 hominem,
1648 4941 1703 5004 ut
1729 4948 1785 4986 in
1807 4932 1950 5004 omni
1976 4940 2204 5004 tempore
2306 4925 2444 4980 δὶιὶυἱ
2467 4933 2517 4978 ετ
2555 4941 2660 4980 non
2695 4923 2914 4978 dedistis
2961 4922 3090 4977 mihi
3118 4921 3310 4987 bibere.
3347 4928 3404 4975 ει
3433 4935 3500 4976 ea
3521 4936 3650 4991 quae
3671 4934 3900 4992 δαείω

696 5001 754 5092 et
769 5003 1018 5092 ζοεσεηηοη
1039 5012 1253 5073 vagetur
1273 5019 1418 5058 mm
1445 5019 1584 5062 ταας
1614 5001 1693 5058 νει
1716 5003 1977 5073 quomodo
2006 5001 2207 5074 idﬁeri
2308 5028 2399 5075 tur
2428 5018 2645 5092 (Matth.
2695 5015 2846 5088 xxv).
2893 5015 3032 5082 Quia
3077 5012 3386 5070 maledictus
3438 5015 3615 5069 omnis
3661 5015 3759 5086 qui
3788 5013 3902 5085 [ad

881 5073 905 5102 9
2090 5073 2093 5074 ⁷
2315 5073 2326 5075 ἡ
2343 5073 2353 5074 ί
2378 5073 2384 5074 ⁷
2432 5073 2447 5092 ‘
2806 5073 2821 5088 ’
2895 5073 2935 5082 ’“

696 5083 860 5144 νοτίδι
879 5105 892 5127 ⁵
991 5187 1003 5199 ⁸
1211 5187 1223 5200 .
1267 5187 1279 5201 .
2309 5126 2469 5181 opera
2490 5109 2704 5165 Domini
2731 5108 3051 5180 negligenter
3075 5104 3209 5179 (Jer.
3233 5106 3452 5178 xum).

699 5185 859 5239 Resp.
903 5185 1043 5239 Ouia
1078 5187 1336 5239 DOSSiblie
1371 5197 1455 5239 est
1493 5188 1732 5239 ostendit
1759 5187 1852 5239 ille
1896 5188 1990 5239 aui
2022 5189 2161 5239 dixit
2191 5207 2205 5239 ξ
2667 5236 2672 5239 ,
2723 5220 3238 5239 ..εν-..ηηηηηιηηη
3294 5220 3452 5239 μιν...

749 5202 859 5242 esp.
903 5185 1043 5254 Quia
1078 5187 1336 5257 possibile
1371 5197 1455 5244 est
1493 5188 1732 5244 ostendit
1759 5187 1852 5244 ille
1896 5188 1990 5260 qui
2022 5189 2161 5245 dixit
2191 5207 2205 5245 :
2667 5236 2672 5240 .
2723 5220 3240 5278 INTERROGATIO
3292 5220 3479 5276 CXIV.

633 5272 787 5384 ticali
810 5279 910 5384 nisi
939 5295 1143 5384 semper
1164 5279 1746 5384 adhpominum.(Psal.
1787 5282 1997 5354 xxxnv).
2031 5283 2097 5338 Et
2118 5284 2215 5340 ite-
2315 5316 2386 5375 ιη
2411 5272 3124 5384 ρνοῖεοιίδηεῖέιξιξᾶξιὶβλῆ
3136 5272 3257 5369 ita

634 5313 787 5331 υνι...
811 5313 910 5333 ...η
939 5313 1131 5337 ..πημω
1164 5313 1232 5334 ι...
1261 5313 1545 5334 gamma...
1595 5313 1618 5332 .
1643 5313 1746 5336 ...η
1792 5313 1949 5337 μη,
1983 5320 1997 5336 ,
2031 5313 2097 5338 ω
2119 5313 2215 5340 ηε,
2618 5318 2629 5330 .
3246 5316 3257 5327 _

633 5382 754 5424 rum
781 5386 794 5423 :
827 5369 1171 5426 Providebam
1211 5366 1496 5426 Dominum
1539 5313 1596 5426 in
1630 5384 1908 5442 conspectu
1938 5313 2052 5429 meo
2078 5391 2215 5429 sem—
2315 5316 2728 5442 Innﬁﬁeﬂgzs
2747 5316 3144 5442 ﬂiuzdmﬁm
3158 5313 3788 5442 Pilatzanct‘imam

633 5472 760 5529 per;
787 5459 911 5529 quia
932 5478 964 5514 a
985 5461 1183 5517 dextris
1205 5471 1278 5518 est
1299 5463 1444 5526 mihi,
1471 5471 1527 5516 ut
1555 5479 1657 5518 non
1679 5480 2006 5520 commoveor
2035 5465 2208 5539 (Psal.

634 5551 749 5623 xv).
787 5550 1070 5619 Quomodo
1098 5565 1278 5612 autem
1302 5556 1563 5628 possibile
1589 5558 1680 5625 sit,
1712 5559 2062 5630 praediximus
2087 5577 2102 5626 ;
2158 5560 2212 5616 id

2388 5383 2575 5532 91?
2618 5388 2703 5444 An
2747 5389 2885 5443 alius
2919 5386 3176 5458 amplius,
3227 5383 3365 5440 alius
3399 5387 3583 5441 minus
3615 5386 3774 5443 debet
3816 5389 3910 5441 eis

801 5550 1070 5654 Quomodo
1098 5565 1281 5654 autem
1302 5556 1563 5628 possibile
1589 5558 1680 5625 sit,
1712 5559 2062 5630 praediximus
2087 5577 2102 5626 ;
2158 5560 2212 5616 id
2385 5553 2546 5608 Rcsr.
2585 5553 2722 5622 Quia
2753 5567 2861 5608 non
2889 5553 2962 5609 sit
2986 5567 3092 5608 una
3121 5565 3374 5608 mensura
3403 5550 3462 5606 in
3488 5551 3799 5616 omnibus,
3833 5552 3917 5607 sed

637 5650 743 5709 est,
771 5643 816 5697 si
845 5657 952 5698 non
973 5645 1160 5702 demus
1195 5647 1389 5705 animae
1419 5657 1619 5705 nostra:
1645 5651 1836 5717 otium,
1860 5651 1954 5706 sed
1984 5651 2040 5706 in
2065 5651 2214 5707 omni
2317 5647 2444 5720 quia
2474 5646 2565 5702 alii
2585 5645 2707 5717 plus
2735 5645 2980 5703 creditur
3007 5654 3063 5703 et
3090 5646 3180 5702 alii
3205 5645 3405 5711 minus,
3445 5643 3819 5701 manifestum
3845 5657 3918 5698 es;

637 5741 883 5838 tempore
907 5733 975 5838 de
996 5735 1106 5794 Deo
1125 5748 1181 5838 et
1214 5739 1280 5795 de
1306 5740 1560 5838 operibus
1589 5755 1654 5796 ac
1675 5741 1742 5796 de
1769 5741 2047 5798 beneﬁciis
2074 5740 2211 5811 ejus,
2314 5739 2431 5796 haec
2466 5740 2633 5810 ipsius
2662 5739 2873 5796 Domini
2915 5741 3097 5811 verbis
3119 5782 3135 5808 ,
3178 5755 3324 5795 nunc
3355 5738 3579 5810 quidem
3619 5738 3880 5794 dicentis
3909 5755 3920 5788 :

639 5833 696 5884 et
742 5824 811 5882 de
851 5824 1006 5914 donis
1051 5831 1370 5914 cogitemus,
1404 5842 1460 5890 et
1488 5833 1603 5890 haec
1631 5847 1753 5889 cum
1793 5831 2133 5918 confessione
2158 5842 2216 5891 et
2247 5833 2475 5918 __Aliud
2500 5850 2671 5892 semen
2714 5833 2899 5892 cecidit
2932 5850 3090 5906 super
3123 5842 3318 5895 terram
3365 5833 3556 5890 bonum
3581 5844 3603 5887 :
3630 5840 3684 5890 et
3719 5831 3828 5886 [sic
3853 5839 3922 5885 es:
