4004 6328
550 439 656 496 555

1554 425 1614 482 S.
1655 417 2021 481 BENEDICTI
2058 418 2283 476 ABBAJ‘
2287 418 2351 477 IS
2383 419 2796 478 ANIANENSIS

3705 420 3817 480 556

544 550 795 615 nte.misit
817 549 1002 623 (Joan.
1049 543 1172 630 χιι).
1226 542 1473 602 Clamare
1503 541 1652 598 enim
1690 538 1890 596 dicitur
1915 551 2016 608 pro
2038 535 2125 592 his
2149 537 2206 600 Δ
2225 554 2326 610 pro
2349 549 2534 594 nostra
2563 536 2930 607 redemptione
2951 533 3229 594 tolerasse.
3263 533 3418 592 Sicut
3439 543 3498 593 et
3516 536 3814 608 Apostolus

544 660 777 720 quorum
803 642 1031 722 interior
1052 639 1278 694 'auditus
1300 637 1496 694 surdus
1521 644 1577 691 et
1609 635 1896 689 obturatus
1919 633 2070 686 erat.

937 749 1453 812 INTERROGATIO
1490 747 1726 805 CXXXI.

535 831 600 889 Si
626 833 744 904 quis
772 829 856 904 die
890 843 1007 904 suo,
1039 821 1428 904 quaministrat
1455 821 1513 873 in
1535 820 1782 904 coquina,
1811 816 2126 904 laboraverat

610 885 928 963 s'upraivires
954 885 1030 949 ita
1052 885 1112 948 ut
1140 893 1490 963 impediatur,
1532 899 1580 944 et
1608 885 1724 963 'non
1763 887 1926 958 possit
1965 885 2124 963 etiam

551 1011 554 1015 ι
611 955 834 1040 reliquis
850 966 1030 1040 diebus
1055 955 1292 1040 exercet}
1317 977 1459 1040 ppus
1476 955 1649 1024 suum,
1677 958 1723 1012 si
1743 955 1940 1026 oportet
1968 955 2126 1024 impe-

611 1031 790 1095 rari'ei
814 1033 1174 1107 hujuscemodi
1197 1031 1459 1102 officium?

617 1132 781 1186 Busa.
822 1126 941 1182 Jam
973 1139 1137 1194 supra
1164 1121 1401 1177 diximus
1428 1119 1556 1191 quia
1584 1119 1630 1173 is
1660 1118 1746 1172 cui
1771 1114 2012 1185 iniuncta
2040 1120 2128 1169 est

537 1235 765 1292 operum
792 1231 953 1281 cura,
993 1221 1048 1269 et
1085 1211 1178 1282 qui
1215 1218 1445 1281 praeest,
1483 1205 1914 1263 considerantius
1939 1205 2127 1259 obser-

535 1287 670 1364 vare
715 1308 874 1362 debet
918 1301 1342 1373 uniuscujusque
1367 1299 1454 1355 vel
1489 1287 1634 1353 vires
1673 1297 1757 1354 vel
1797 1295 2126 1366 possibilita-

540 1386 695 1467 tem;
748 1407 805 1455 et
853 1405 1017 1469 prout
1067 1394 1189 1464 quis
1237 1401 1394 1463 aptus
1455 1398 1580 1457 est,
1638 1389 1714 1445 ita
1766 1389 1931 1445 etiam
1989 1401 2126 1458 opus

534 1473 816 1565 injungere
842 1506 855 1542 :
887 1503 955 1542 ne
983 1485 1168 1541 audiat
1211 1485 1328 1554 ipse
1363 1491 1420 1539 et
1454 1481 1683 1568 idoquod
1711 1481 1974 1552 scriptum
1997 1487 2081 1535 est
2107 1497 2120 1533 :

535 1582 678 1650 Quia
720 1583 871 1653 ﬁngit
912 1579 1142 1633 laborem
1185 1577 1244 1631 in
1283 1583 1540 1646 praecepto
1579 1571 1770 1645 (Psal.
1801 1589 1931 1627 xum
1954 1571 1996 1645 ).
2033 1571 2126 1627 Ille

531 1683 718 1732 tamen
745 1676 830 1730 cui
861 1672 1183 1743 injungitur,
1223 1668 1598 1724 contradicere
1634 1655 1743 1721 non
1772 1664 1964 1729 debet;
1998 1655 2123 1734 quia

433 1815 435 1818 .
530 1767 841 1824 obedientia
866 1778 1039 1835 usque
1066 1762 1135 1818 ad
1162 1768 1395 1817 mortem
1424 1758 1633 1816 servari
1671 1755 1894 1812 deﬁnita
1918 1763 2020 1811 est.

913 1868 1432 1931 INTERROGATIO
1467 1866 1727 1926 CXXXII.

529 1949 605 2007 Et
647 1948 739 2004 ille
780 1951 866 2003 cui
907 1946 1036 2000 lana
1071 1936 1274 1999 credit'a
1298 1950 1421 2008 est,
1460 1939 1722 2008 quomodo
1749 1937 1896 1992 debet
1928 1936 2118 1991 habere

601 2022 739 2074 hanc
784 2032 1000 2143 c?uram;
1044 2024 1094 2070 et
1135 2013 1395 2086 quomodo
1435 2013 1708 2066 observare
1736 2024 1826 2062 eas
1858 2023 1976 2078 quia
1997 2023 2120 2078 ope-

600 2098 790 2152 rantur

601 2182 766 2262 Resp.
818 2179 1026 2237 Lanam
1071 2177 1312 2251 quidem,
1373 2182 1634 2246 tanquam
1689 2185 1826 2244 opus
1873 2171 1969 2229 Dei
2016 2172 2120 2228 sibi

526 2277 922 2335 commissum:
955 2287 1172 2331 sorores
1201 2279 1406 2338 autem,
1435 2277 1496 2325 ut
1524 2269 1729 2338 absque
1757 2265 1866 2322 ulla
1897 2273 2121 2322 conten-

525 2372 702 2436 tione,
750 2369 836 2426 vel
877 2381 1235 2440 personarum
1267 2363 1579 2435 acceptione
1617 2360 1912 2432 unicuique
1942 2358 2120 2416 sorori

526 2479 666 2534 opus
693 2470 818 2533 apte
842 2468 898 2516 et
924 2463 1297 2529 competenter
1319 2452 1587 2526 injungat.

905 2567 1422 2626 INTERROGATIO
1459 2565 1740 2623 CXXXIII.

527 2644 588 2700 Si
615 2644 734 2716 quis
769 2643 1149 2716 condemnatus
1175 2649 1284 2706 est,
1318 2648 1377 2693 ut
1414 2637 1674 2716 eulogiam
1709 2653 1814 2690 non
1859 2636 2115 2706 accipiat,

595 2707 644 2770 ei
671 2715 840 2770 dicit:
869 2713 1008 2779 Quia
1043 2712 1090 2766 si
1133 2718 1471 2781 nonaccepto
1497 2707 1759 2781 eulogiam
1781 2747 1796 2773 ,
1829 2723 1934 2761 non
1962 2723 2116 2760 man-

595 2787 732 2841 duco
747 2803 767 2851 ;
807 2786 853 2838 si
884 2782 1128 2861 debemus
1150 2780 1338 2836 audire
1356 2779 1476 2835 eum
1501 2779 1526 2832 ?

596 2877 758 2932 Rssr.
801 2873 1081 2945 Siquidem
1123 2872 1259 2927 tanti
1309 2870 1455 2926 modi
1503 2877 1587 2925 est
1626 2868 1817 2938 culpa,
1857 2882 1959 2939 pro
2011 2881 2117 2937 qua

523 2972 917 3027 condemnatus
945 2975 1049 3034 est,
1088 2975 1151 3022 ut
1181 2966 1402 3036 dignum
1434 2964 1508 3019 sit
1532 2963 1697 3018 etiam
1726 2962 1849 3017 cibo
1876 2976 2001 3017 eum
2034 2974 2119 3016 ve-

527 3063 666 3127 tari,
717 3062 909 3132 probet
946 3059 1035 3112 ille
1083 3057 1176 3128 qui
1207 3063 1426 3127 praeest.
1467 3052 1524 3109 Si
1547 3062 1728 3108 autem
1756 3067 1784 3107 a
1817 3051 1933 3108 sola
1955 3050 2120 3105 bene-

524 3156 765 3211 dictiOne
788 3152 987 3222 aliquis
1011 3152 1297 3206 abstentus
1321 3158 1426 3214 est,
1456 3146 1833 3218 etiudulgetur
1851 3144 1902 3199 ei
1931 3144 2114 3208 cibus;

523 3250 920 3321 condemnatus
952 3254 1134 3300 autem
1166 3253 1221 3299 et
1243 3229 1560 3320 inobediens
1584 3247 1699 3307 est,
1731 3240 1895 3296 etiam
1934 3238 1990 3292 in
2013 3237 2118 3293 hoc
2147 3264 2193 3328 α

527 3338 858 3395 contentiosi
898 3345 1085 3392 notam
1130 3335 1405 3405 suscipere
1446 3333 1630 3399 debet,
1672 3339 1730 3387 et
1763 3344 2118 3400 cognoscere,

525 3431 654 3500 quia
683 3444 780 3500 per
817 3430 923 3486 hoc
960 3443 1069 3484 non
1101 3433 1259 3484 curat
1283 3425 1495 3482 culoam
1556 3423 1650 3480 sed
1676 3420 2002 3492 multiplicat
2027 3421 2122 3478 de-

523 3521 739 3576 lictum.

903 3606 1422 3668 INTERROGATIO
1456 3604 1740 3663 CXXXIV.

525 3703 686 3771 Quali
718 3706 927 3769 timore,
964 3703 1095 3772 ﬁde,
1118 3701 1194 3758 vel
1218 3703 1414 3772 a/fectu
1441 3701 1711 3772 percipere
1734 3699 1978 3772 debemus
2007 3713 2126 3752 cor-

807 3769 1030 3844 poriset
1053 3769 1327 3844 sanguinis
1350 3769 1546 3826 Christi
1577 3769 1804 3842 gratiam
1827 3769 1853 3822 ?

597 3866 760 3922 Resr.
818 3867 1094 3920 Timorem
1151 3864 1370 3935 quidem
1425 3863 1586 3917 docet
1635 3877 1736 3916 nos
1787 3859 2077 3930 Apostolus
2105 3901 2120 3925 ,

527 3959 717 4016 dicens
741 3974 756 4012 :
785 3955 889 4022 Qui
919 3955 1206 4010 manducat
1233 3964 1282 4008 et
1310 3955 1435 4006 bibit
1476 3951 1709 4021 indigne,
1733 3951 1999 4020 judicium
2027 3949 2126 4004 sibi

521 4050 811 4106 manducat
842 4058 890 4102 et
928 4047 1053 4101 bibit
1081 4046 1134 4117 (Ι
1154 4044 1278 4100 Cor.
1317 4042 1420 4114 XI).
1466 4043 1654 4098 Fidem
1686 4056 1819 4098 vero
1846 4040 2003 4096 docet
2026 4055 2127 4096 nos

521 4156 705 4198 sermo
732 4139 968 4202 Domini,
997 4137 1182 4193 dicens
1211 4152 1229 4191 :
1264 4134 1381 4188 Hoc
1404 4143 1480 4188 est
1525 4151 1714 4204 corpus
1744 4149 1937 4198 meum,
1981 4133 2124 4203 quod

520 4249 619 4304 pro
641 4230 818 4285 multis
844 4230 1004 4284 datur
1024 4243 1043 4282 :
1082 4229 1178 4283 hoc
1200 4227 1359 4299 facite
1383 4227 1439 4281 in
1468 4242 1640 4280 meam
1669 4226 2125 4281 commemoratio-

524 4338 643 4376 nem
669 4318 887 4393 (Matth.
911 4317 1086 4392 xxvr).
1118 4317 1187 4372 Et
1216 4332 1399 4373 sermo
1419 4315 1648 4372 Joannis
1679 4315 1908 4370 dicentis
1934 4334 1946 4370 :
1986 4313 2126 4381 Quia

519 4407 761 4468 Verbum
789 4429 912 4466 caro
941 4411 1144 4480 factum
1176 4418 1274 4476 est,
1311 4417 1361 4464 et
1405 4408 1661 4462 habitavit
1686 4408 1742 4461 in
1777 4407 1946 4472 nobis,
1977 4416 2024 4460 et
2049 4407 2126 4461 vi-

521 4497 699 4564 dimus
729 4504 953 4575 gloriam
989 4503 1129 4574 ejus,
1152 4501 1378 4574 gloriam
1401 4501 1555 4573 quasi
1585 4499 1840 4572 unigeniti
1869 4517 1902 4554 a
1940 4498 2123 4564 Patre,

2227 632 2293 688 de
2319 648 2386 688 eo
2410 631 2625 686 dicebat
2648 649 2661 685 :
2701 629 2839 696 Quia
2861 630 3091 684 charitas
3112 627 3322 686 Christo
3345 630 3671 701 constringet
3694 647 3815 698 nos,

2223 722 2518 792 iudicantes
2545 721 2642 776 hoc
2662 739 2682 787 ,'
2723 720 2862 791 quod
2890 721 2937 775 si
2981 737 3117 782 unus
3163 737 3258 792 pro
3303 721 3546 775 omnibus
3571 730 3816 778 mortuus

2225 823 2322 880 est,
2342 830 2462 884 ergo
2496 830 2673 867 omnes
2700 813 2895 867 mortui
2914 820 3063 878 sunt,
3100 820 3149 866 et
3174 829 3269 883 pro
3293 812 3534 868 omnibus
3573 820 3818 868 mortus

2224 918 2339 974 est;
2379 918 2434 963 ut
2459 909 2549 980 qui
2590 908 2732 972 vivit,
2763 907 2880 976 jam
2921 923 3027 962 non
3068 906 3169 961 sibi
3207 906 3363 971 vivat,
3402 904 3495 961 sed
3523 905 3574 960 ei
3611 904 3816 976 quipro

2223 1000 2352 1070 ipsis
2393 1009 2629 1054 mortuus
2669 1007 2766 1064 est,
2811 1007 2860 1052 et
2895 998 3178 1052 resurrexit
3219 995 3306 1068 (ΙΙ
3333 993 3459 1051 Cor.
3486 993 3570 1066 v).
3630 994 3818 1049 Talem

2225 1107 2354 1162 ergo
2380 1090 2632 1146 allectum
2658 1089 2746 1145 vel
2790 1089 2950 1144 ﬁdem
2997 1103 3306 1161 praeparare
3349 1087 3513 1144 debet
3537 1087 3594 1141 in
3635 1085 3816 1140 animo

2225 1200 2324 1243 suo
2349 1184 2397 1241 is
2419 1184 2512 1254 qui
2538 1184 2605 1239 de
2629 1197 2770 1254 pane
2788 1189 2844 1238 et
2867 1182 3036 1238 calice
3059 1181 3310 1253 percipit.

2614 1292 3129 1352 INTERROGATIO
3159 1274 3418 1348 CXXXV.

2348 1367 2478 1435 Quis
2503 1376 2580 1422 est
2618 1367 2782 1420 bonus
2804 1366 3101 1430 thesaurus,
3126 1374 3175 1419 et
3202 1363 3320 1434 quis
3355 1370 3430 1416 est
3458 1360 3640 1415 malus
3666 1359 3691 1415 .’

2294 1459 2455 1515 Resr.
2495 1457 2790 1531 Prudentia
2818 1456 3034 1527 quidem
3063 1462 3120 1511 et
3142 1468 3334 1510 sensus
3359 1453 3454 1522 qui
3498 1451 3557 1506 in
3599 1450 3816 1506 Christo

2225 1559 2331 1617 est,
2363 1559 2418 1606 et
2443 1549 2618 1606 virtus
2666 1548 2853 1615 animi,
2882 1563 3003 1619 quae
3042 1547 3111 1602 ad
3157 1546 3254 1602 Dei
3295 1546 3528 1617 gloriam
3557 1546 3815 1616 pertinet,

2228 1643 2518 1699 thesaurus
2538 1641 2714 1697 bonus
2739 1648 2843 1696 est.
2873 1639 3169 1704 Prudentia
3193 1646 3375 1694 autem
3401 1645 3458 1692 et
3482 1641 3688 1693 mus
3713 1653 3817 1692 rna-

2224 1732 2393 1800 litite;
2446 1741 2503 1789 et
2544 1732 2600 1789 in
2638 1731 2725 1788 his
2769 1746 2982 1804 sapere,
3029 1747 3150 1803 qua:
3195 1731 3338 1787 Deus
3381 1729 3504 1786 ﬁeri
3534 1745 3651 1786 non
3686 1730 3814 1797 vult,

2225 1825 2515 1882 thesaurus
2557 1832 2644 1880 est
2689 1822 2903 1880 malus:
2952 1836 3020 1878 ex
3067 1823 3263 1893 quibus
3308 1820 3698 1892 proferuntur,
3735 1836 3816 1877 se-

2145 1893 2196 1955 Β
2223 1919 2458 1976 cundum
2501 1915 2600 1972 Dei
2623 1930 2810 1972 vocem
2858 1914 3011 1988 (Luc.
3047 1913 3147 1987 vi),
3170 1929 3268 1970 suo
3310 1928 3534 1986 quoque
3578 1922 3819 1984 tempore

2219 1987 2440 2079 utrique
2489 2006 2700 2065 fructus
2746 2005 2836 2063 vel
2872 1987 3007 2062 boni
3033 2004 3120 2061 vel
3165 2004 3315 2072 mali,
3368 2005 3427 2061 in
3476 2002 3748 2076 operibus
3770 2009 3820 2057 et

2218 2101 2419 2158 verbis.
2560 2211 2585 2248 .·
2607 2187 3126 2248 INTERROGATIO
3148 2187 3434 2246 CXXXVI.

2578 2282 2640 2340 Si
2668 2283 2860 2338 bonum
2880 2291 2958 2337 est
2996 2282 3204 2353 penitus
3241 2277 3457 2336 tacere!

2290 2378 2452 2434 Resp.
2487 2375 2776 2432 Silentium
2814 2381 2872 2429 et
2916 2372 3262 2429 taciturnitas
3305 2377 3437 2426 tunc
3475 2369 3697 2426 bonum
3721 2376 3816 2433 at,

2101 2538 2104 2540 γ
2219 2485 2346 2527 cum
2370 2469 2456 2525 vel
2485 2469 2554 2524 ad
2589 2480 2850 2539 personas
2867 2464 2955 2521 vel
2981 2464 3050 2522 ad
3075 2471 3290 2535 tempus
3329 2469 3576 2533 aptatur,
3618 2462 3764 2517 sicut
3785 2475 3815 2514 ι

2219 2575 2379 2617 sacra
2403 2557 2689 2629 Scriptura
2711 2557 3023 2622 edocemur,
3051 2569 3173 2626 quae
3202 2552 3350 2620 dicit,
3379 2552 3687 2624 aliquando
3705 2553 3820 2624 qui-

2220 2655 2380 2710 dem:
2414 2652 2554 2720 Quia
2572 2652 2664 2724 qui
2690 2649 2954 2720 intelligit,
2984 2648 3043 2702 in
3069 2647 3162 2702 illo
3184 2656 3413 2717 tempore
3430 2645 3628 2700 tacebit
3653 2663 3675 2711 ;
3705 2647 3820 2715 quis

2220 2754 2421 2816 tempus
2441 2743 2646 2799 malum
2665 2751 2741 2797 est
2777 2741 2979 2813 (Amos.
3009 2737 3088 2811 v).
3117 2737 3424 2808 Aliquando
3446 2745 3640 2792 autem
3667 2752 3684 2791 :
3717 2734 3818 2791 Po-

2219 2838 2302 2894 sui
2331 2838 2413 2891 ori
2434 2852 2548 2891 meo
2578 2833 2892 2900 custodiam,
2931 2832 3059 2886 dum
3103 2831 3403 2886 consisteret
3438 2838 3698 2901 peccator
3726 2829 3820 2883 ed-

2219 2945 2424 2985 versum
2468 2944 2572 2982 me.
2611 2925 2861 2981 Obmutui
2908 2932 2958 2979 et
2994 2921 3303 2978 humiliatus
3341 2937 3460 2976 sum
3482 2962 3501 2988 ,
3536 2931 3589 2976 et
3635 2920 3768 2976 sibi
3791 2937 3821 2975 ι

2222 3019 2368 3074 bonis
2405 3014 2868 3092 (Psal.’xxxvm).
2904 3014 2974 3070 Et
3000 3013 3168 3070 alibi:
3221 3011 3375 3079 Quod
3399 3013 3446 3067 si
3486 3012 3586 3067 alii
3624 3012 3823 3068 καὶαῶ

2221 3111 2504 3168 revelatum
2527 3108 2711 3178 fuerit,
2735 3108 2884 3178 prior
2905 3114 3073 3160 taceat
3097 3103 3148 3177 (1
3175 3101 3300 3158 Cor.
3322 3102 3473 3174 XIV);
3504 3111 3565 3160 et
3593 3110 3818 3159 lterum:

2223 3202 2474 3258 Mulieres
2517 3209 2702 3255 vestrm
2741 3199 2798 3254 in
2835 3196 3064 3253 ecclesiis
3101 3201 3309 3250 taceant
3343 3192 3565 3265 (Ibid.).
3616 3193 3734 3250 Sed
3771 3201 3823 3248 et

2229 3297 2336 3352 alio
2365 3303 2610 3366 tempore
2633 3292 2721 3349 his
2749 3290 2842 3362 qui
2867 3290 3293 3346 incontinentem
3327 3286 3570 3359 linguam
3600 3287 3820 3351 habuit.

2226 3388 2463 3444 dicitur:
2509 3384 2695 3441 Omnis
2741 3397 2912 3437 sermo
2952 3379 3124 3434 malus
3162 3383 3228 3434 de
3253 3394 3343 3432 ore
3367 3385 3538 3432 vestro
3575 3392 3684 3431 non
3706 3391 3823 3445 pro-

2225 3478 2376 3535 cedat
2421 3494 2440 3544 ;
2492 3475 2583 3531 sed
2635 3474 2682 3529 si
2735 3473 2854 3546 quis
2911 3471 3074 3526 bonus
3127 3469 3198 3524 ad
3245 3468 3644 3538 tediﬁcationm
3689 3466 3823 3534 ﬁdei

2227 3569 2445 3644 (Ephes.
2473 3566 2573 3639 IV).
2607 3564 2932 3622 Necessario
2956 3578 3089 3619 vero
3117 3571 3202 3619 est
3229 3561 3598 3626 taciturnitas,
3621 3571 3823 3628 usque—

2227 3677 2336 3734 quo
2361 3661 2494 3716 vitia
2529 3659 2576 3715 si
2605 3672 2713 3730 qua
2759 3657 2848 3712 illa
2878 3662 3006 3712 sunt
3035 3654 3232 3724 linguae
3259 3651 3349 3707 vel
3391 3664 3716 3706 sermonum
3744 3656 3821 3704 te-

2225 3755 2452 3812 meritas
2476 3758 2775 3815 resecetur,
2807 3756 2864 3803 et
2886 3747 3064 3802 discat
3085 3751 3388 3815 opportune
3416 3751 3471 3799 et
3495 3743 3557 3796 in
3583 3750 3822 3812 tempore

2225 3847 2433 3902 utiliter
2460 3846 2630 3915 loqui,
2669 3850 2730 3897 ut
2760 3841 2902 3897 sicut
2947 3839 3211 3908 scriptum
3238 3845 3362 3892 est:
3415 3834 3603 3890 Sermo
3645 3849 3821 3888 eorum

2226 3941 2338 3999 sale
2366 3940 2608 3996 conditus
2628 3939 2717 4002 sit,
2743 3943 2802 3990 ut
2832 3934 2917 3988 det
2943 3932 3170 4004 gratiam
3195 3927 3531 3984 audientibus
3553 3925 3699 3993 (Col.
3724 3926 3818 3987 tu).

2591 4044 3109 4108 INTERROGATIO
3152 4039 3461 4100 CXXXVII.

2229 4148 2293 4205 Si
2330 4154 2530 4219 oportet
2577 4153 2815 4219 tempore
2851 4139 3150 4219 orationum
3194 4133 3294 4219 vel.
3313 4131 3644 4204 psalmorum
3686 4125 3821 4196 loqui

2760 4210 2987 4282 aliquem
3016 4208 3072 4262 in
3093 4206 3247 4261 domo
3269 4204 3294 4257 2

2298 4313 2463 4369 Resp.
2513 4309 2724 4365 Przeter
2771 4319 2869 4361 eos
2916 4301 3010 4373 qui
3060 4295 3349 4354 ministerii
3402 4289 3821 4350 sollicitum

2230 4411 2445 4477 gerunt,
2480 4401 2570 4456 vel
2615 4413 2709 4455 eos
2762 4395 2960 4466 quibus
3008 4388 3510 4477 disciplinecuraA
3533 4382 3824 4477 commissa

2229 4473 2316 4552 est
2349 4494 2435 4549 vel
2469 4485 2892 4562 dispensationis
2927 4495 3194 4554 operum;
3245 4475 3339 4547 qui
3388 4483 3446 4531 et
3495 4473 3602 4544 ipsi
3645 4482 3825 4526 tamen

521 4563 753 4668 plenumv
768 4595 956 4665 gratia:
985 4563 1033 4648 ei
1061 4563 1294 4648 veritatis
1323 4563 1509 4664 (Joan.
1536 4589 1599 4663 ι).
1631 4563 1738 4646 Sed
1761 4597 1816 4644 et
1836 4588 2127 4660 Apostolus
2150 4621 2206 4683 Β
2231 4582 2666 4645 considerantius
2686 4591 2850 4651 agere
2886 4575 3107 4639 debent,
3131 4580 3192 4627 ut
3236 4574 3495 4640 quantum
3528 4563 3824 4620 necessitas

523 4688 810 4744 scribens:
846 4685 1093 4752 Quicum
1128 4685 1382 4756 informa
1423 4684 1522 4739 Dei
1565 4691 1715 4746 esset,
1759 4697 1861 4736 non
1884 4681 2125 4750 rapinam

524 4779 818 4834 arbitratus
842 4787 918 4833 est
951 4795 1061 4833 esse
1100 4794 1154 4832 se
1180 4777 1437 4849 (aqualem
1465 4775 1614 4841 Deo;
1663 4772 1755 4828 sed
1794 4773 2124 4841 semetipsum

523 4871 838 4938 exinanivit,
868 4869 1093 4940 formam
1131 4870 1266 4924 servi
1300 4867 1581 4938 accipiens,
1628 4863 1683 4918 in
1730 4861 2127 4917 similitudinem

523 4961 800 5017 hominum
820 4959 1018 5030 factus,
1045 4967 1095 5014 et
1121 4958 1305 5013 habitu
1337 4947 1571 5027 repertus
1594 4962 1649 5008 ut
1679 4953 1856 5018 homo,
1886 4949 2130 5006 humilia-

521 5057 596 5111 vit
641 5056 997 5124 semetipsum,
1045 5052 1218 5122 factus
1262 5049 1505 5106 obediens
1551 5034 1714 5120 usque
1767 5031 1837 5100 ad
1884 5052 2125 5109 mortem,

521 5158 748 5203 mortem
797 5157 972 5202 autem
1022 5146 1194 5200 crucis
1254 5141 1422 5215 (Phil.
1464 5143 1548 5208 ιι).
1580 5139 1715 5196 Cum
1769 5152 1898 5210 ergo
1943 5137 2125 5193 anima

527 5241 691 5296 ﬁdem
722 5241 890 5298 habet
923 5239 1010 5295 his
1040 5236 1219 5304 dictis,
1250 5246 1306 5292 et
1330 5235 1639 5291 considerat
1663 5228 2125 5302 magniﬁcentiam

530 5332 716 5402 gloriae
743 5331 882 5401 ejus,
940 5339 998 5386 et
1041 5330 1345 5385 admiratur
1393 5325 1734 5382 nimietatem
1779 5319 2126 5384 humilitatis,

531 5426 806 5496 quomodo
836 5433 1022 5481 tantus
1047 5433 1106 5480 et
1131 5422 1257 5478 talis
1278 5420 1537 5477 obediens
1560 5415 1661 5472 fuit
1684 5415 1832 5470 Patri
1860 5428 2032 5484 usque
2059 5411 2128 5467 ad

531 5528 764 5576 mortem
795 5535 894 5590 pro
921 5520 1032 5574 vita
1062 5526 1289 5583 nostra;
1319 5523 1451 5586 puto
1480 5512 1607 5584 quia
1636 5509 1925 5581 provocari
1950 5505 2124 5578 possit

519 5613 606 5669 ’ad
631 5613 883 5668 affectum
913 5623 968 5668 et
996 5613 1368 5676 dilectionem,
1395 5617 1452 5664 et
1476 5608 1645 5678 ipsius
1685 5605 1783 5661 Dei
1811 5603 2004 5675 patris,
2033 5599 2125 5672 qui

514 5704 697 5760 unico
717 5703 856 5778 [filio
879 5721 987 5760 non
1013 5705 1275 5774 pepercit,
1309 5701 1404 5758 sed
1425 5716 1525 5772 pro
1550 5699 1705 5755 nobis
1743 5695 1994 5750 omnibus
2021 5702 2130 5748 tra-

517 5795 676 5865 didit
701 5810 823 5850 eum
851 5813 863 5850 :
891 5806 945 5852 et
983 5797 1050 5851 ad
1082 5811 1324 5851 amorem
1351 5792 1615 5865 unigeniti
1652 5788 1771 5861 ejus
1809 5799 1875 5842 eo
1899 5783 2130 5855 amplius

518 5877 944 5956 'provocabitur,
985 5887 1229 5958 quicum
1254 5887 1438 5942 videat
1477 5889 1708 5941 mortem
1756 5877 2130 5951 turpissimam

2233 4675 2544 4749 exigit,hoc
2565 4671 2741 4728 solum
2759 4669 3076 4738 loquantur,
3095 4670 3152 4718 et
3174 4661 3279 4717 hoc
3297 4660 3476 4730 ipsum
3500 4670 3626 4710 cum
3649 4655 3828 4724 quiete

2234 4781 2291 4829 et
2317 4744 2624 4831 honestate,
2667 4778 2737 4818 ne
2780 4753 3146 4816 interturbent
3185 4759 3281 4806 aut
3327 4746 3724 4805 otl‘endiculum
3751 4744 3828 4798 ει.

2233 4865 2421 4930 ciant;
2469 4857 2678 4917 ueteris
2721 4851 2933 4911 cunctis
2981 4847 3259 4905 silentium
3305 4844 3513 4898 habere
3552 4839 3825 4896 convenit.

2235 4955 2296 5012 Si
2321 4954 2466 5011 enim
2492 4947 2770 5022 prophetis
2796 4945 2852 5000 in
2898 4940 3144 4998 Ecclesia
3189 4935 3509 4992 docentibus
3535 4931 3832 5004 Apostolus

2233 5046 2398 5103 dicit:
2427 5043 2569 5117 Quia
2593 5041 2638 5096 si
2662 5037 2756 5094 alii
2792 5033 2994 5092 sedenti
3021 5029 3300 5087 revelatum
3340 5027 3525 5097 fuerit,
3567 5031 3721 5095 prior
3746 5032 3829 5076 ως

2235 5147 2347 5193 ceat
2362 5135 2415 5207 (Ι
2428 5115 2553 5188 Cor.
2575 5129 2720 5202 xxv);
2745 5136 2951 5198 quanto
2967 5122 3142 5192 magis
3152 5121 3210 5176 in
3230 5127 3474 5187 tempore
3491 5113 3832 5207 psalmorum

2232 5228 2318 5283 vel
2343 5205 2651 5281 orationum
2679 5228 2861 5276 tacere
2880 5223 2938 5272 et
2961 5212 3235 5270 silentium
3277 5222 3438 5280 agere
3462 5205 3682 5262 cunctis
3705 5217 3834 5258 eon—

2233 5318 2422 5384 venit;
2451 5316 2555 5372 nisi
2587 5329 2748 5384 quem
2791 5310 2952 5374 forte,
2979 5315 3044 5362 ut
3083 5303 3336 5376 superius
3377 5299 3640 5364 diximus,
3684 5311 3836 5354 com-

2233 5410 2414 5469 munis
2441 5403 2797 5481 providentize
2819 5414 2983 5458 causa
3005 5396 3209 5467 aliquid
3235 5392 3487 5466 proloqui
3514 5390 3687 5462 cogit.

2595 5509 3112 5574 INTERROGATIO
3144 5504 3477 5564 CXXXVIII.

2447 5572 2722 5660 Quomodo
2743 5599 3016 5659 possumus
3048 5581 3227 5635 timere
3241 5576 3454 5649 judicia
3482 5572 3587 5628 Dei

2301 5689 2465 5745 Resp.
2488 5682 2823 5741 Naturaliter
2851 5675 3188 5773 exspectatio
3215 5669 3394 5728 omnis
3420 5665 3551 5722 mali

2229 5780 2446 5838 incutit.
2473 5777 2553 5832 Ita
2584 5786 2822 5843 namque
2863 5756 3069 5826 be§tias
3093 5766 3271 5833 etiam,
3299 5761 3559 5816 timemus
3602 5766 3658 5814 et
3678 5756 3842 5828 prin-

2229 5874 2419 5945 cipes;
2448 5869 2685 5928 scientes
2709 5864 2996 5925 imminere
3016 5876 3085 5918 ex
3109 5859 3193 5916 eis
3217 5851 3422 5925 aliquid
3439 5849 3590 5923 quod
3614 5848 3688 5906 ad
3705 5847 3843 5905 vita:
