4004 6328
182 454 269 512 557

181 568 366 626 exitium
379 531 717 638 pertinetlSi
761 533 890 629 ergo
917 555 1204 612 credamus
1229 551 1358 622 quia
1402 561 1546 627 verae
1578 519 1707 602 sunt
1730 544 1782 606 Α

177 660 575 718 comminationes
621 654 786 710 futuri
832 651 1022 721 judicil
1083 647 1204 713 Dei,
1260 653 1316 700 et
1364 641 1714 698 recordemur

177 753 378 810 terribile
414 749 544 807 illud
588 746 754 803 futuri
796 741 1062 801 examinis
1111 734 1368 800 tribunal,
1406 731 1716 788 timebimus

168 843 343 916 judicia
368 841 475 898 Dei.

511 925 1022 985 INTERROGATIO
1053 920 1340 979 CXXXIX.

171 1024 407 1093 Quomodo
434 1021 544 1077 lata
571 1031 647 1076 est
677 1031 848 1090 porta,
877 1017 1206 1093 e_t_spa_tiosa_
1227 1013 1311 1093 cia
1334 1024 1454 1080 qua:
1478 1005 1622 1061 ducit
1647 1002 1716 1057 ad

622 1083 841 1144 mortem
867 1083 1086 1156 (Matth.
1114 1084 1214 1154 vn)
1249 1083 1271 1136 ?

227 1190 365 1245 Rssr.
392 1186 650 1242 Dominus
692 1193 793 1252 pro‘
818 1181 987 1236 multa
1013 1193 1112 1234 sua
1148 1171 1438 1230 clementia
1461 1177 1518 1225 et
1537 1167 1716 1224 nomi-

162 1281 304 1336 nibus
328 1286 376 1333 et
415 1277 596 1332 verbis
628 1274 716 1330 his
761 1273 950 1336 utitur,
1002 1267 1200 1338 quibus
1231 1263 1406 1335 possit
1453 1259 1611 1315 nobis
1660 1259 1718 1314 in

158 1370 381 1426 notitiam
427 1366 693 1420 adducere
740 1363 993 1433 dogmata
1023 1355 1289 1413 veritatis.
1326 1351 1482 1407 Sicut
1508 1364 1640 1420 ergo
1679 1345 1720 1401 ii

158 1463 243 1535 qui
267 1460 526 1517 ambulant
568 1457 623 1513 in
667 1457 777 1521 via,
815 1454 862 1510 si
909 1468 942 1507 a
980 1458 1130 1507 recto
1180 1447 1377 1505 itinere
1425 1443 1717 1507 declinent,

155 1534 289 1626 quod
331 1552 489 1608 certis
527 1549 686 1606 lineis
733 1555 788 1602 et
830 1543 1124 1602 manifesto
1170 1539 1306 1597 calle
1358 1534 1716 1597 concluditur,

152 1625 312 1718 spatia
355 1643 518 1700 multa
566 1649 622 1698 et
667 1655 802 1711 vaga
851 1638 1150 1702 incedunt;
1197 1634 1273 1690 ita
1313 1645 1446 1702 ergo
1472 1637 1528 1684 et
1553 1629 1599 1683 is
1627 1625 1721 1696 qui

151 1738 432 1798 excesserit,
453 1737 519 1793 de
544 1735 659 1790 vita
708 1749 828 1803 qua:
859 1732 1008 1788 ducit
1045 1730 1115 1786 ad
1164 1741 1392 1797 regnum
1432 1724 1721 1786 caelorum,

148 1832 356 1888 multam
400 1828 740 1885 latitudinem
789 1823 1025 1881 incurrit
1064 1819 1291 1886 erroris,
1323 1833 1424 1889 per
1462 1829 1628 1886 quam
1654 1811 1724 1868 ad

145 1923 486 1994 perditionem
509 1917 843 1993 pervenitur.

557 2024 1074 2086 INTERROGATIO
1139 2022 1296 2081 CXL.

145 2124 407 2192 Quomodo
432 2131 660 2195 angusta
695 2129 848 2194 porta
873 2126 924 2242 ett
958 2126 1108 2241 argta
1134 2117 1223 2171 via
1245 2119 1461 2185 estquae
1488 2109 1642 2167 ducit.
1653 2108 1725 2164 ad

838 2206 886 2242 in
909 2205 998 2242 am
1348 2199 1350 2201 ’

838 2199 998 2244 vitam
1019 2199 1045 2241 7
1348 2199 1350 2201 ’

103 2365 106 2368 ἢ
213 2289 366 2342 Βεερ.
395 2286 463 2340 Ει
486 2285 578 2340 hic
599 2282 850 2340 similiter
871 2285 1160 2351 angustum
1184 2281 1242 2331 et
1270 2280 1481 2329 arctum
1505 2272 1612 2327 hoc
1640 2269 1727 2325 in-

135 2380 302 2444 dicat,
327 2379 453 2448 quia
501 2378 589 2431 via
616 2377 750 2440 haec,
794 2373 849 2428 id
888 2379 973 2427 est
1013 2369 1125 2425 vita
1155 2375 1368 2432 nostra,
1399 2371 1725 2436 angustatur

135 2476 191 2525 et
209 2475 515 2524 coarctatur
535 2467 590 2521 in
614 2461 1076 2520 tribulationibus.
1110 2455 1550 2527 Constringimur
1576 2453 1723 2508 enim

135 2575 203 2616 ex
234 2568 460 2629 utraque
486 2565 644 2628 parte
670 2570 771 2611 nos
797 2553 888 2624 qui
927 2553 1032 2607 iter
1052 2550 1284 2622 agimus,
1311 2561 1383 2603 ne
1407 2559 1635 2616 prorsus
1668 2543 1725 2599 in

135 2653 279 2707 aliud
323 2649 541 2720 aliquod
573 2646 928 2704 declinemus.
977 2641 1286 2698 Periculum
1331 2637 1476 2693 enim
1507 2642 1614 2700 est,
1661 2634 1717 2690 in

133 2743 444 2801 utramlibet
467 2747 680 2812 partem
719 2736 1035 2794 declinare:
1067 2733 1207 2789 sicut
1235 2731 1290 2786 in
1329 2727 1510 2800 exigui
1545 2725 1727 2797 pontis

133 2837 390 2899 transitu,
417 2832 510 2888 ubi
532 2846 598 2887 ex
632 2837 866 2899 utraque
901 2835 1057 2898 parte
1103 2838 1227 2880 eum
1255 2820 1350 2891 qui
1395 2817 1537 2875 forte
1561 2816 1726 2872 decli-

134 2927 368 2992 naverit,
398 2923 600 2981 conciti
630 2923 775 2977 unda
800 2918 1042 2975 ﬂuminis
1069 2915 1210 2986 rapit
1249 2920 1306 2968 et
1349 2909 1546 2966 aufert.
1595 2907 1729 2962 Pro-

127 3025 320 3092 pterea
344 3029 476 3086 ergo
501 3012 768 3082 scriptum
791 3017 911 3064 est:
937 3006 1020 3062 Ne
1043 3002 1387 3060 declinaveris
1411 3001 1468 3056 in
1483 2999 1726 3053 dextram

128 3089 294 3178 neque
320 3107 378 3161 in
410 3104 682 3159 sinistram
724 3099 917 3172 (Num.
950 3096 1068 3168 xx).
1103 3095 1177 3149 Et
1203 3093 1372 3149 David
1404 3091 1481 3146 ait
1504 3108 1518 3144 :
1539 3089 1728 3144 Juxta

123 3201 368 3256 semitam
391 3194 704 3253 scandalum
731 3198 1016 3264 posuerunt
1045 3187 1176 3242 mihi
1200 3184 1374 3258 (Psal.
1405 3181 1653 3253 cxxxrx).

571 3298 1087 3361 INTERROGATIO
1120 3297 1301 3355 CXLI.

283 3400 522 3457 Avaritia
559 3413 722 3467 usque
750 3394 818 3448 ad
855 3409 1008 3464 quem
1038 3389 1254 3445 modum
1281 3387 1536 3451 deﬁnitur
1561 3385 1588 3439 ν

199 3517 368 3573 Bssr.
394 3515 529 3570 Cum
557 3521 933 3580 transgressus
970 3503 1090 3574 quis
1119 3501 1285 3558 fuerit
1325 3498 1548 3554 modum
1592 3495 1730 3568 legis

119 3615 420 3666 statutum.
452 3603 604 3672 Quod
627 3601 961 3668 designatur,
994 3592 1288 3649 secundum
1314 3589 1485 3644 Vetus
1507 3587 1729 3664 quidem

120 3701 565 3760 Testamentum,
593 3694 646 3747 in
669 3706 757 3757 eo,
790 3689 837 3744 si
866 3686 988 3757 quis
1029 3685 1151 3754 plus
1177 3695 1238 3737 se
1262 3680 1468 3749 diligat,
1501 3677 1588 3732 vel
1611 3676 1732 3744 plus

116 3794 179 3849 in
220 3787 460 3860 pecunia
485 3784 570 3840 vel
607 3778 933 3838 necessariis
957 3777 1023 3831 de
1054 3788 1114 3830 se
1142 3773 1216 3828 sit
1253 3769 1536 3833 sollicitus,
1567 3781 1732 3836 quam

115 3885 188 3940 de
213 3859 494 3954 proximo.
537 3875 812 3945 Scriptum
839 3877 924 3925 est
949 3867 1098 3924 enim
1130 3884 1143 3918 :
1193 3861 1391 3933 Diliges
1434 3859 1733 3932 proximum

115 3952 278 4031 tuum
297 3974 437 4028 sicut
461 3971 682 4039 teipsum
703 3963 855 4037 (Luc.
878 3960 1016 4032 xxx).
1052 3956 1361 4014 Secundum
1381 3952 1733 4023 Evangelium

111 4081 280 4131 vero,
309 4065 357 4119 si
382 4062 507 4134 quis
527 4059 648 4130 plus
669 4054 930 4112 sollicitus
951 4050 1024 4106 sit
1051 4063 1216 4120 quam
1239 4046 1305 4102 de
1333 4043 1590 4116 praesenti
1619 4041 1730 4107 die,

113 4157 208 4215 sui
248 4152 512 4209 videlicet
537 4163 701 4206 causa
727 4145 813 4201 vel
852 4139 1122 4212 corporis,
1163 4138 1265 4193 iste
1294 4136 1413 4191 sine
1443 4133 1607 4190 dubio
1637 4148 1735 4186 au-

111 4251 237 4305 diet
260 4264 276 4301 τ
306 4243 502 4305 Stulte,
536 4241 634 4293 hac
655 4244 803 4291 nocte
826 4239 1052 4304 repetent
1087 4227 1180 4282 abs
1208 4236 1257 4280 te
1283 4226 1516 4280 animam
1552 4223 1733 4287 tuam;

110 4349 169 4396 et
199 4354 329 4410 qua:
375 4329 713 4408 praeparasti,
757 4325 911 4395 cujus
952 4328 1106 4376 erunt
1153 4315 1304 4389 (Luc.
1333 4313 1480 4385 xu)?
1531 4311 1736 4379 Quibus

111 4403 344 4485 addidit
375 4403 653 4480 Dominus
702 4417 925 4474 dicens:
968 4410 1058 4466 Ita
1091 4409 1188 4466 erit
1228 4416 1278 4463 et
1309 4408 1354 4462 is
1379 4405 1470 4478 qui
1499 4403 1598 4459 sibi
1625 4403 1738 4458 the-

108 4521 398 4588 saurizat,
426 4525 475 4572 et
499 4531 603 4570 non
626 4519 700 4567 est
721 4507 948 4565 Domino
970 4505 1112 4560 diues
1141 4500 1353 4574 (Ibid.).

563 4597 1081 4685 Inrsnnocs'no
1109 4589 1313 4691 chu.

564 4721 706 4788 Quid
734 4728 808 4774 est
830 4732 1103 4788 perperam
1131 4729 1283 4784 agere
1305 4711 1332 4765 2’

190 4836 375 4894 Resp.
409 4831 681 4904 Quidquid
698 4825 812 4887 non
837 4835 1058 4901 propter
1090 4841 1221 4881 usus
1251 4821 1611 4886 necessarios,
1642 4816 1739 4873 sed

105 4929 205 4988 vel
233 4936 483 4985 ornatus
521 4939 688 4984 causa
729 4921 818 4978 vel
869 4917 1082 4975 decoris
1133 4915 1363 4987 alicujus
1391 4913 1472 4979 tit,
1503 4912 1608 4968 hoc
1655 4916 1741 4965 est

98 5036 432 5102 perperam
453 5033 634 5092 agere.
941 5055 943 5057 .

561 5121 1074 5187 INTERROGATIO
1098 5117 1320 5178 CXLIII.

95 5230 260 5297 Quis
287 5236 401 5294 est,
429 5226 518 5298 qui
546 5224 610 5279 ab
633 5218 883 5293 Apostolo
913 5215 1132 5279 dicitur,
1175 5212 1384 5266 habitus
1420 5206 1740 5264 ordinatus?

183 5343 376 5397 Resp.
411 5341 464 5395 ls
495 5337 586 5408 qui
617 5333 914 5392 secundum
954 5326 1294 5400 propositum
1318 5320 1742 5390 uniuscujusque

86 5435 414 5490 honestus
463 5441 548 5485 est
606 5443 755 5492 usus,
809 5423 895 5479 vel
937 5418 1234 5478 secundum
1285 5416 1483 5480 locum,
1528 5413 1615 5468 vel
1650 5427 1738 5467 se-

85 5526 380 5580 cundum
415 5531 649 5590 tempus,
684 5517 769 5573 vel
789 5513 1086 5572 secundum
1109 5523 1418 5582 personam.
1451 5505 1570 5561 Non
1598 5503 1738 5560 idem

82 5629 256 5670 usus
296 5629 440 5668 esse
486 5618 666 5683 potest
700 5609 755 5663 in
805 5614 1049 5677 tempore
1087 5600 1284 5658 hiemis
1325 5606 1381 5654 et
1408 5598 1466 5654 in
1505 5605 1742 5666 tempore

80 5704 350 5762 aestatis
382 5719 399 5756 :
451 5716 628 5770 neque
670 5700 812 5754 idem
848 5694 1066 5766 habitus
1093 5700 1180 5749 est
1210 5687 1485 5762 operantis
1503 5694 1561 5743 et
1586 5685 1740 5757 quie-

79 5798 347 5855 scentis
373 5814 392 5865 ;
441 5810 542 5851 nec
567 5792 754 5848 militis
793 5791 937 5852 idem
978 5795 1064 5855 est
1103 5794 1160 5843 et
1185 5781 1404 5865 privati,
1434 5793 1612 5852 neque
1638 5780 1742 5838 viri

83 5892 277 5947 idem
314 5888 429 5960 qui
456 5884 718 5944 mulieris.

772 438 1003 501 consx
1038 418 1499 496 REGUL'ARUM.
1541 458 1611 472 -
1647 423 1832 486 rans
1868 423 1914 482 ι.
1954 417 2262 481 necum
2296 415 2410 477 PP.
2444 415 2729 477 omnm.

1755 3266 1803 3330 C

3292 407 3399 468 5'58

2229 529 2743 592 INTERROGATIO
2780 523 3009 585 CXLIV.

1815 631 1880 689 Si
1911 631 2027 703 quis
2069 629 2323 703 pretiosas
2379 635 2540 703 uestes
2589 623 2829 703 abjiciat,
2863 621 3200 703 ipsa'autem
3242 613 3412 699 indu-

1883 687 2287 756 menta'uiliora
2331 696 2518 768 quibus
2564 687 2749 768 utitur,
2779 687 2896 768 _uel'
2921 687 3299 768 calceamenta,
3322 687 3406 742 ita

1885 770 2163 841 composite
2191 757 2399 841 putatur,
2430 775 2485 820 ut
2511 765 2717 841 studeat
2738 757 3007 841 decorem.
3030 758 3152 841 inde
3177 757 3410 828 aliquem

1886 828 2078 965 355;:
2093 840 2226 963 issi,
2244 828 2453 909 peccat,“
2481 845 2574 890 aut
2616 834 2740 889 vitio
2780 832 2956 902 aliqua
2990 829 3044 882 id
3087 828 3262 899 facere
3308 841 3414 898 pu-

1884 918 2078 966 tandus
2103 918 2178 963 est
2201 918 2214 962 Ξ

1888 1003 2052 1058 Rssr.
2080 1000 2182 1067 Qui
2206 999 2323 1054 vult
2343 1013 2442 1069 per
2463 996 2717 1052 decorem
2755 991 2974 1048 habitus
2997 988 3212 1061 placere
3233 985 3416 1042 homi-

1817 1093 1999 1158 nibus,
2031 1089 2380 1146 manifestum
2406 1095 2489 1143 est
2513 1091 2638 1142 eum
2679 1082 2841 1152 hujus
2888 1082 3061 1152 ipsius
3102 1079 3221 1134 vitii
3249 1077 3413 1149 aegri-

1820 1186 2005 1242 tudine
2033 1183 2302 1247 laborare,
2331 1181 2386 1236 id
2416 1187 2521 1245 est,
2560 1176 2872 1234 hominibus
2890 1171 3138 1246 placendi
3169 1188 3184 1238 ;
3209 1179 3262 1226 et
3291 1184 3414 1225 cer-

1819 1287 1934 1334 tum
1962 1285 2045 1334 est
2066 1283 2303 1331 mentem
2333 1271 2450 1342 ejus
2477 1286 2508 1326 a
2536 1270 2648 1326 Deo
2688 1267 2902 1339 longius
2949 1264 3187 1336 evagari.
3223 1261 3329 1318 Sed
3355 1263 3428 1316 et’

1817 1371 1921 1428 hoc
1953 1371 2128 1441 ipsum
2173 1377 2259 1424 est
2301 1366 2512 1430 vitium,
2557 1375 2842 1432 perperam
2887 1372 3066 1429 agere,
3108 1369 3230 1410 cum
3257 1352 3415 1408 indu-

1819 1464 2019 1520 mentis
2042 1461 2130 1519 vel
2159 1456 2565 1522 calceamentis,
2595 1469 2705 1510 non
2732 1467 2864 1508 usus
2903 1464 3068 1508 causa
3090 1447 3285 1513 utitur,
3319 1442 3418 1499 sed

1822 1553 2054 1612 decoris.
2583 1555 2586 1558 ’

1961 1657 1982 1678 ³
2185 1658 2187 1660 ·
2251 1636 2765 1699 INTERROGATIO
2785 1631 2989 1691 CXLV.

2166 1786 2174 1792 .
2392 1733 2532 1800 Quid
2555 1741 2632 1787 est
2659 1729 2808 1784 Raca
2830 1727 2856 1781 ?

1895 1828 2059 1884 ﬁsse.
2085 1823 2461 1889 Provincialis,
2494 1821 2549 1877 id
2577 1829 2682 1885 est,
2721 1814 2940 1890 gentilis
2961 1811 3104 1868 illius
3131 1821 3312 1867 sermo
3335 1811 3426 1862 est

1748 1904 1798 1964 Β
1825 1921 1975 1977 velut
2011 1919 2240 1975 convicii
2267 1915 2508 1981 levioris,
2547 1913 2692 1984 quod
2722 1906 3034 1966 domesticis
3082 1911 3138 1959 et
3171 1901 3261 1958 his
3288 1913 3423 1970 quo-

1738 2087 1742 2090 ,
1827 2027 1952 2067 rum
1981 2009 2237 2066 ﬁduciam
2264 2006 2388 2077 quis
2412 2004 2568 2076 gerit,
2597 2002 2704 2058 dici
2732 1999 2870 2055 solet
2893 1995 3112 2069 (Matth.
3144 1990 3222 2062 v).

2239 2106 2758 2174 INTERROGATIO
2786 2107 3014 2165 CXLVI.

1830 2213 1973 2281 Quid
1995 2220 2069 2269 est
2095 2211 2234 2284 quod
2274 2209 2402 2262 dicit
2435 2203 2751 2276 Apostolus:
2789 2199 2914 2253 Non
2942 2196 3226 2320 eﬁciamur
3252 2191 3426 2245 inanis

1899 2283 2084 2320 ,ιιηνεην
2111 2280 2290 2320 "man
2314 2276 2458 2320 mat-
2483 2275 2585 2320 vn-
2615 2273 2679 2320 Ει
2705 2274 2894 2320 iterum
2918 2282 2936 2320 :
3022 2282 3091 2319 on
3116 2265 3185 2317 ad
3215 2261 3426 2316 oculum

2096 2261 2460 2354 1cupidi
2483 2261 2585 2354 in).
2607 2273 2679 2354 Et
2705 2274 2894 2354 iterum
2918 2261 3188 2354 :‘Norltlad'
3215 2261 3428 2354 oculum

1897 2329 2715 2420 iacientes:iqudsiﬂltominibus
2759 2340 3021 2420 placentes
3061 2333 3277 2420 (Epiros:
3307 2329 3384 2420 vi)
3411 2345 3426 2396 ;

1896 2398 2516 2493 Ea'é's'iti'daiaﬁtonw
2547 2398 2792 2483 cupidus,
2822 2419 2870 2464 et
2897 2407 3014 2477 quis
3035 2398 3110 2458 est
3133 2398 3430 2457 hominibus

1896 2490 2106 2564 placens
2125 2490 2150 2544 ?

1896 2556 2079 2651 Resp.
2104 2578 2260 2656 Puto,
2285 2575 2429 2647 quod
2474 2571 2655 2628 inanis
2691 2566 2887 2644 gloriae
2931 2562 3158 2634 cupidus
3197 2566 3302 2624 est,
3337 2556 3433 2626 qui

1825 2680 2050 2746 propter
2094 2669 2267 2726 solam
2310 2657 2550 2737 gloriam~
2589 2661 2796 2727 saeculi,
2827 2659 2883 2714 id
2929 2663 3034 2722 est,
3081 2659 3308 2724 propter
3334 2663 3432 2704 eos

1827 2738 2130 2836 qui—vident
2152 2768 2208 2816 et
2234 2759 2463 2814 audiunt
2493 2757 2560 2812 de
2585 2767 2644 2810 se
2678 2750 2882 2820 aliquid
2907 2746 3053 2820 quod
3091 2743 3180 2799 vel
3221 2738 3434 2796 laudari

1827 2830 2004 2928 possit
2045 2853 2134 2909 vel
2165 2849 2447 2916 admirari,
2493 2847 2626 2902 facit
2673 2841 2878 2914 aliquid
2911 2838 2999 2894 vel
3049 2835 3200 2892 dicit.
3249 2830 3436 2888 Homi-

1829 2921 1992 3004 nibus
2016 2953 2200 3000 autem
2243 2942 2466 3012 placens
2495 2939 2586 2994 ille
2622 2944 2708 2992 est
2752 2935 2846 3004 qui
2882 2930 3160 2986 voluntate
3205 2921 3435 2991 alicujus

1831 3040 2096 3105 hominis,
2123 3045 2183 3093 ut
2207 3035 2421 3108 placeat
2450 3032 2521 3098 ei,
2549 3029 2678 3084 facit
2701 3024 2903 3096 aliquid
2924 3021 3011 3077 vel
3039 3018 3189 3082 dicit,
3216 3012 3433 3072 etiamsi
3535 3083 3547 3092 .

1831 3131 2116 3202 indignum
2139 3106 2292 3184 sit—et
2314 3112 2637 3197 iniuriosum
2661 3119 2780 3198 hoc-
2800 3117 2976 3187 ipsum
2997 3108 3143 3182 quod
3167 3106 3319 3161 facit.

2237 3229 2755 3295 INTERROGATIO
2783 3224 3033 3285 CXLVII.

1834 3338 1977 3407 Quid
2015 3346 2092 3392 est
2127 3334 2584 3407 inquinamentum
2624 3323 2835 3407 carnis,
2883 3328 2933 3374 et
2960 3315 3438 3407 Jinquinamentung

1901 3379 2649 3472 ab
2675 3394 2758 3448 his
2798 3379 3068 3472 emendari
3111 3397 3390 3455 possumus
3413 3379 3441 3434 2

1939 3459 2114 3547 quae
2143 3483 2217 3547 est
2249 3459 2617 3538 sanctiﬁcatio,
2651 3473 2700 3519 et
2722 3459 2984 3534 quomodo
3013 3469 3290 3527 possumus
3321 3464 3439 3505 eam

1905 3545 2135 3604 obtinere
2155 3545 2179 3598 ?

1904 3640 2066 3694 Resp.
2119 3633 2594 3704 lnquinamentum
2623 3619 2808 3680 carnis
2839 3625 2922 3674 est
2945 3610 3290 3672 commisceri
3314 3623 3440 3665 cum

1833 3733 1940 3798 his,
1958 3730 2048 3801 qui
2065 3703 2252 3784 illicita
2263 3731 2319 3780 et
2332 3721 2562 3778 nefanda
2578 3716 2926 3774 committunt
2939 3709 3024 3784 (ΙΙ
3040 3707 3164 3801 Cor.
3179 3705 3304 3776 vn).
3323 3703 3442 3775 Spi-

1835 3825 1974 3880 ritus
1990 3830 2171 3876 autem
2185 3817 2655 3887 inquinamentum
2666 3815 2770 3874 est,
2800 3820 2925 3861 cum
2951 3798 3323 3880 indill‘erenter
3345 3795 3440 3851 ha-

1835 3917 2027 3971 bemus
2075 3907 2418 3968 commisceri
2449 3906 2530 3962 eis
2575 3901 2668 3974 qui
2704 3901 2770 3955 de
2818 3896 2925 3953 fide
2960 3892 3126 3963 impie
3173 3889 3438 3946 sentiunt.

1836 4005 2210 4063 Emundamur
2237 4007 2421 4056 autem
2441 3997 2512 4054 ab
2535 3995 2644 4060 his,
2680 4006 2804 4048 cum
2827 3985 3116 4058 implemus
3143 3981 3272 4037 illud
3293 3977 3442 4050 quod

1833 4095 2126 4168 Apostolus
2165 4091 2336 4148 dicit:
2389 4087 2522 4144 Cum
2572 4082 2834 4158 ejusmodi
2882 4095 2974 4134 nec
3019 4076 3198 4131 cibum
3235 4087 3444 4128 sumere

1839 4159 1900 4279 (ί
1921 4185 2046 4242 Cor.
2073 4184 2130 4257 v)
2156 4201 2171 4251 ;
2197 4191 2266 4279 et
2309 4192 2660 4279 quaecunque.
2693 4174 2780 4230 his
2831 4168 3032 4279 similia
3066 4159 3445 4279 ‘statuit.Avel

1839 4250 1990 4333 certe
2033 4250 2162 4331 cum
2197 4250 2344 4328 illud.
2371 4269 2612 4340 patimur
2647 4266 2702 4319 in
2747 4262 2912 4318 corde
2963 4265 3151 4312 nostro
3194 4252 3339 4322 quod
3365 4250 3446 4306 ait

1839 4365 2010 4420 David
2035 4382 2047 4418 :
2084 4361 2322 4416 Tristitia
2347 4359 2510 4413 tenuit
2534 4371 2616 4409 me
2635 4371 2668 4407 a
2689 4347 3049 4423 peccatoribus
3073 4341 3443 4410 derelinquen-

1845 4455 1986 4510 tibus
2033 4452 2196 4523 legem
2246 4460 2393 4504 tuam
2437 4444 2610 4518 (Psal.
2643 4440 2855 4510 cxvm).
2889 4435 3158 4522 Vel'cum
3186 4427 3443 4484 ostende-

1831 4545 2016 4600 rimus
2057 4516 2220 4597 talem
2272 4516 2518 4594 nostram
2565 4524 2868 4594 tristitiam,
2898 4518 3138 4596 qualem
3172 4516 3443 4577 Corinthii

1761 4623 1818 4686 Ῑ)
1842 4636 2222 4699 ostenderunt,
2250 4647 2375 4688 cum
2403 4626 2676 4699 ohjurgati
2701 4629 2828 4679 ‘sunt
2856 4637 2888 4676 a
2909 4618 3078 4676 Paulo
3108 4635 3122 4684 ;
3154 4631 3280 4672 cum
3311 4621 3442 4684 erga

1819 4742 1971 4786 ‘eum
2012 4728 2103 4798 qui
2132 4729 2476 4795 peccaverat,
2523 4719 2817 4774 indiscrete
2848 4718 3098 4785 egerunt,
3142 4723 3265 4764 cum
3309 4705 3440 4761 dicit

1847 4818 1934 4893 (II
1961 4815 2086 4874 Cor.
2113 4813 2244 4888 vn):
2277 4813 2345 4868 In
2377 4812 2617 4867 omnibus
2643 4805 2947 4863 exhibuistis
2984 4819 3072 4858 vos
3118 4808 3287 4856 castos
3329 4813 3440 4851 esse

1848 4891 2074 4985 negotio.
2127 4904 2502 4964 Sanctificatio
2549 4910 2729 4958 autem
2761 4909 2864 4965 est,
2912 4895 3191 4952 adhaerere
3235 4891 3347 4944 Deo
3372 4905 3440 4944 ex

1845 5003 2079 5073 integro,
2105 5007 2171 5064 _et
2196 4999 2314 5055 sine
2341 4997 2521 5067 aliqua
2562 4991 2967 5050 intermissione
2998 4988 3053 5042 in
3101 4983 3247 5039 omni
3297 4989 3438 5035 tem-

1845 5072 1980 5166 pore
2010 5091 2302 5148 sollicitum
2327 5104 2468 5155 esse,
2495 5095 2551 5142 et
2594 5085 2834 5142 studium
2875 5094 3064 5153 gerere
3092 5073 3338 5145 placendi
3362 5072 3432 5126 ei.

1847 5164 2116 5254 Quoniam
2151 5182 2369 5254 quidem
2416 5195 2594 5250 neque
2636 5176 2902 5248 pollutum
2941 5167 3146 5239 aliquid
3190 5165 3245 5219 in
3281 5164 3436 5218 donis

1847 5274 1943 5329 Dei
1985 5271 2167 5329 oﬂ‘erri
2201 5279 2399 5343 potest,
2441 5269 2528 5323 vel
2571 5262 2948 5326 sanctiﬁcari;
2997 5269 3173 5326 neque
3218 5269 3435 5308 rursum

1845 5363 1991 5435 quod
2039 5361 2207 5418 semel
2249 5359 2493 5418 oblatum
2525 5366 2610 5414 est
2656 5358 2766 5412 Deo
2809 5359 2865 5408 et
2919 5346 3335 5411 sanctificatum,
3365 5344 3434 5400 ad

1848 5469 2195 5512 communem
2223 5452 2447 5508 humani
2493 5446 2784 5504 ministerii
2809 5457 2968 5498 usum
2997 5437 3429 5509 adduci'potest;

1847 5546 2084 5617 alioquin
2109 5552 2164 5601 et
2186 5544 2512 5615 sacrilegum
2541 5542 2645 5597 erit
2672 5547 2726 5594 et
2750 5535 2998 5606 impium.

2212 5651 2733 5714 INTERROGATIO
2771 5645 3046 5708 CXLVIII.

2276 5772 2407 5840 Quis
2436 5780 2511 5826 est
2540 5769 2768 5823 mundus
2803 5765 2998 5822 corde?
3067 5835 3073 5840 _

1922 5867 2084 5926 lisse.
2110 5864 2215 5936 Qui
2241 5863 2479 5935 seipsum
2500 5877 2607 5919 non
2637 5858 3004 5933 reprehendit,
3033 5856 3162 5928 quia
3182 5853 3268 5914 vel
3286 5866 3430 5926 pre-
