2011 3167
247 217 301 246 559

247 274 384 315 varicatus
410 269 447 299 sit
461 267 618 297 mandatum
639 266 699 300 Dei,
712 264 755 294 vel
770 264 973 299 contempserit,
988 260 1032 289 vel
1045 262 1072 293 Α

248 316 407 361 neglexerit.

442 357 698 397 mranaoomo
717 355 832 386 cxux.

250 420 386 457 Quomodo
401 421 483 456 potest
494 416 588 453 aliquis
700 412 798 441 habere
808 410 932 438 aversus
942 414 1035 443 pecca—

618 458 661 477 um

285 512 367 551 ﬁsse.
384 510 413 545 Si
426 516 533 545 semper
547 515 581 536 ex
595 506 628 534 iis
643 512 702 541 quae
723 503 870 551 trist/emet
891 499 1037 551 infaustum

253 545 333 586 ﬁnem
348 557 459 596 habent,
473 553 564 593 odium
591 550 713 579 nascitur
731 546 886 576 hominibus
908 545 1039 595 adversus

251 610 299 630 eos
378 589 459 628 causa
473 589 525 626 sibi
538 593 725 637 hujuscemodi
740 591 842 628 negotii
865 589 1036 618 exstiterunt.

252 647 282 675 Si
294 635 354 683 quis
367 653 430 681 ergo
442 647 532 684 certus
543 636 590 675 sit,
603 644 765 676 quanton
776 642 803 666 et
822 636 941 673 qualium
955 635 1040 663 malo-

202 717 204 719 .
253 681 313 730 rum
328 699 409 728 causa
431 681 510 729 nobis
523 688 591 716 ﬁunt
607 690 729 722 peccata,
745 688 840 720 sponte
862 687 891 710 et
906 682 964 710 sine
985 681 1040 708 ulla

253 728 463 766 comminatione
489 743 522 762 ex
537 733 633 762 intimo
657 731 754 759 all'ectu
767 730 858 758 odium
871 729 896 756 ei
911 728 1041 755 adversus

248 790 288 811 ea
302 782 431 813 nascitur,
444 780 514 819 sicut
535 777 654 819 ostendit
668 776 712 804 ille
735 775 781 810 qui
797 774 921 819 dicebat:
935 772 1040 809 Iniqui-

255 832 336 856 tatem
352 827 412 855 odio
423 816 502 853 habui
514 815 547 851 et,
556 823 720 850 abominatus
734 829 793 848 sum
804 815 888 856 (Psal.
900 817 1005 854 cxvm).

480 877 737 915 INTERROGATIO
755 876 807 905 CL.

256 928 393 969 Quomodo
406 931 487 964 potest
508 926 602 969 aliquis
616 934 648 969 ex
661 925 762 969 animo
770 927 797 969 “et
808 930 841 950 ea:
852 922 948 956 affectu
958 920 1043 958 facere

522 958 646 988 mandata
656 958 782 987 Domini?

293 1020 374 1047 Resp.
393 1017 559 1047 Naturaliter
580 1016 747 1054 delectamur
765 1013 808 1041 his
821 1020 882 1048 quae
898 1012 970 1040 bona
983 1015 1047 1040 sunt

259 1071 287 1104 et
297 1070 420 1103 prosunt.
436 1065 465 1094 Si
488 1071 552 1099 ergo
573 1062 708 1090 credimus
728 1061 761 1089 de
784 1060 828 1088 his
843 1067 903 1094 qua:
912 1059 1046 1094 promissa

205 1124 208 1126 ·
255 1116 328 1146 sunt,
346 1119 382 1146 ex
403 1118 437 1147 eo
456 1110 515 1145 ipso
537 1108 609 1146 quod
631 1113 782 1142 speramus,
806 1105 936 1132 inseritur
949 1103 1048 1131 animae

255 1162 356 1188 nostra:
369 1156 482 1184 allectus
493 1159 521 1183 et
533 1153 697 1183 desiderium
711 1152 746 1180 ad
759 1150 891 1187 explenda
905 1157 937 1178 ca
948 1149 1047 1185 quibus

256 1203 285 1231 id
309 1202 438 1237 consequi
462 1200 598 1236 possimus
618 1198 691 1234 quod
714 1196 909 1235 desideramus.
934 1194 964 1222 Si
988 1194 1049 1229 quis

257 1257 322 1288 ergo
334 1248 395 1275 odio
410 1247 536 1275 habuerit
551 1249 579 1272 et
593 1247 751 1272 exsecratus
764 1242 846 1269 fuerit
868 1241 1047 1276 iniquitatem,

259 1301 286 1324 et
301 1293 488 1322 emundaverit
504 1300 533 1319 se
548 1291 582 1318 ab
601 1290 675 1317 omni
689 1293 818 1325 peccato;
835 1295 869 1315 ex
889 1295 953 1322 quo,
980 1287 1050 1315 sicut

260 1349 359 1376 corpus
374 1347 388 1366 a
398 1338 527 1373 languore
548 1334 754 1364 delectationem
766 1341 819 1361 non
832 1333 914 1361 habet
932 1332 996 1365 cibi,
1011 1332 1051 1365 ita

261 1391 288 1415 ct
307 1386 396 1413 anima
420 1393 435 1412 a
457 1382 561 1419 peccati
578 1382 672 1410 morbo
695 1389 749 1409 non
773 1381 857 1408 habet
884 1378 1050 1407 desiderium

260 1441 323 1468 erga
336 1431 461 1458 mandata
472 1429 529 1456 Dei.
545 1427 575 1456 Si
589 1428 747 1455 recordetur
757 1426 820 1462 quia
833 1425 991 1453 mandatum
1001 1424 1050 1455 Dei

259 1479 315 1506 vita
332 1482 434 1505 mlerna
445 1481 496 1508 est,
508 1479 535 1502 et
548 1474 673 1502 omnibus
687 1474 734 1509 qui
745 1472 900 1501 custodiunt
912 1472 976 1500 illud
988 1479 1052 1507 per-

260 1528 351 1551 manet
365 1521 519 1556 adimpletio
530 1520 734 1555 promissorum,
746 1522 836 1554 potest
846 1525 896 1554 per
905 1519 963 1546 haec
975 1517 1052 1545 nasci

262 1570 359 1598 animae
372 1568 483 1596 allectus
497 1567 543 1595 ille
555 1566 590 1594 de
610 1573 664 1600 quo
684 1564 768 1592 David
782 1563 850 1592 dixit
863 1573 870 1591 :
884 1563 993 1600 Iudicia
1002 1562 1052 1591 Dei

261 1623 334 1647 vera,
352 1614 500 1649 justi/leam
517 1613 544 1640 in
554 1611 701 1646 semetipsa,
724 1615 748 1638 et
768 1609 953 1638 desiderabilia
969 1617 1050 1645 supra
1063 1623 1087 1656 ο

263 1667 371 1697 aurum,
391 1663 416 1698 et
433 1657 547 1693 lapidem
560 1657 700 1693 pretiosum
714 1657 809 1689 nimis;
826 1660 851 1684 et
866 1655 989 1688 dulciora
1007 1663 1051 1694 su;

261 1713 308 1743 per
318 1697 372 1732 mel
384 1708 408 1731 et
423 1703 522 1739 favum.
541 1701 612 1737 Nam
624 1706 648 1729 et
661 1710 751 1735 seruus
763 1705 823 1728 tuus
837 1701 950 1728 custodit
961 1708 1010 1733 ea;
1022 1700 1051 1727 in

263 1740 432 1779 custodiendo
443 1749 490 1778 illa
508 1749 644 1777 retributio
656 1748 739 1775 multa
751 1747 837 1784 (Psal.
855 1743 949 1784 xvut).
1006 1740 1008 1745 ’

487 1803 744 1833 INTERROGATIO
763 1803 828 1835 CLI.

404 1861 469 1899 Quae
480 1865 518 1889 est
533 1869 656 1889 mensura
670 1860 698 1888 in
708 1860 835 1887 charitate
846 1859 914 1887 Dei?

302 1909 382 1951 lisse.
398 1908 434 1936 Ut
447 1916 528 1944 supra
550 1908 622 1935 vires
640 1914 747 1941 semper
764 1904 825 1941 quis
850 1905 978 1933 extendat
993 1904 1053 1933 ani-

265 1949 338 1981 mam
354 1961 431 1981 suam
446 1953 481 1980 ad
494 1952 661 1981 voluntatem
683 1951 742 1983 Dei,
761 1950 929 1985 prospiciens
941 1954 969 1978 et
981 1949 1054 1979 desi-

267 1999 365 2042 derans
379 2006 411 2027 ca
425 2006 484 2034 quae
498 1998 532 2025 ad
546 1997 659 2033 gloriam
675 1996 724 2024 Dei
741 1996 889 2032 pertinent.

478 2063 737 2102 INTERROGATIO
755 2063 832 2092 CLII.

269 2112 407 2147 Quomodo
426 2112 484 2148 quis
500 2111 656 2173 obtineft‘ut
673 2110 754 2172 plantat;
768 2111 797 2137 in
817 2117 844 2137 se
861 2108 955 2136 habere
972 2107 1058 2136 chari-

599 2154 614 2173 a
628 2154 667 2172 em
708 2154 731 2172 ει

599 2154 667 2173 atem
681 2154 731 2172 ue:

305 2204 388 2235 Rus.
405 2203 434 2234 Si
449 2203 520 2240 grati
534 2207 562 2236 et
585 2202 679 2237 ﬁdeles
693 2202 842 2231 existamus
853 2208 916 2238 erga
929 2200 1060 2229 beneﬁcia

268 2252 339 2287 eius,
354 2251 427 2286 quod
439 2251 523 2290 etiam
540 2250 569 2278 in
581 2249 665 2285 mutis
675 2248 836 2277 animalibus
853 2248 912 2282 fieri
926 2248 1058 2275 videmus.

269 2296 339 2324 Nam
354 2300 382 2323 et
401 2302 482 2328 canes
499 2295 636 2332 interdum
647 2294 763 2329 diligunt
773 2301 820 2323 eos
834 2293 880 2329 qui
902 2293 956 2321 sibi
969 2292 1058 2327 cibum
1071 2305 1098 2337 D

271 2341 404 2377 praebent.
420 2339 474 2368 Sed
487 2344 515 2368 et
523 2339 609 2368 Isaias
627 2340 759 2375 propheta
771 2339 823 2366 hoc
833 2338 922 2371 docet,
934 2346 997 2366 cum
1017 2346 1061 2365 ar-

271 2387 330 2423 guit
341 2387 475 2422 ingratam
489 2389 608 2421 gentem,
624 2389 652 2421 et
675 2385 742 2412 dicit
762 2384 789 2412 in
802 2391 916 2420 persona
929 2383 1035 2411 Domini
1052 2393 1058 2411 :

271 2432 357 2462 Filios
375 2432 463 2468 genui,
477 2435 502 2459 et
520 2430 632 2458 exaltari
645 2437 654 2457 .‘
666 2431 716 2466 ipsi
736 2423 823 2468 autem
843 2438 884 2457 me
900 2434 1061 2466 spreverunt.

274 2478 382 2514 Agnovit
397 2477 446 2511 bos,
464 2483 638 2513 possessorem
652 2484 740 2509 suum,
754 2480 778 2503 et
800 2475 891 2504 asinus
908 2476 1063 2511 prwsepium

277 2523 374 2554 domini
389 2523 442 2556 sui,
465 2521 550 2557 Israel
572 2529 630 2549 vero
650 2529 691 2549 me
704 2529 756 2549 non
771 2521 897 2557 cognovit,
914 2524 939 2548 et
954 2519 1064 2556 populus

275 2577 348 2597 meus
357 2577 399 2602 me
415 2576 468 2604 non
482 2566 609 2596 intellexit
621 2566 699 2603 (lsai.
722 2566 753 2602 ι).
775 2566 852 2595 Sicut
873 2566 946 2594 enim
962 2565 1026 2594 bovi
1038 2569 1066 2593 et

274 2614 352 2644 asino
365 2621 415 2649 pro
429 2621 461 2641 eo
471 2611 603 2649 beneﬁcio
615 2619 669 2647 quo
690 2611 812 2646 pascitur
830 2611 939 2639 dilectio
955 2615 1065 2646 sponta-

277 2666 329 2686 nea
349 2659 470 2693 nascitur
485 2665 549 2695 erga
568 2661 715 2694 pastorem,
736 2657 774 2684 ita
796 2657 878 2688 etiam
894 2663 953 2688 nos,
969 2656 994 2691 si
1006 2662 1066 2690 gra-

276 2705 368 2734 tantes
389 2708 417 2737 et
439 2704 554 2732 ﬁdeliter
577 2703 708 2731 beneﬁcia
733 2702 782 2729 Dei
800 2701 987 2737 suscipiamus,
1008 2700 1067 2728 sine

279 2748 360 2777 dubio
373 2749 509 2785 diligimus
525 2747 718 2787 beneﬁciorum
731 2747 902 2783 praebitorem
916 2746 1016 2778 Deum;
1040 2749 1068 2773 et

278 2795 380 2829 absque
393 2794 446 2822 ulla
458 2795 591 2834 doctrina,
607 2793 725 2834 naturali
748 2793 865 2829 quodam
881 2793 1024 2825 instinctu,
1038 2792 1067 2820 in

280 2840 339 2876 eius
352 2837 520 2869 concitamur
543 2840 682 2875 aﬁ'ectum,
696 2838 824 2869 litamen
848 2839 949 2867 sanitas
971 2838 1068 2866 animat

280 2889 380 2921 praesto
390 2886 437 2915 sit.
823 2885 825 2887 ’

759 207 788 235 S.
808 203 991 234 BENEDICTI
1009 201 1155 232 ABBATIS
1174 199 1380 235 ANIANENSIS

1823 196 1884 225 5&0.

1297 254 1558 292 lNTERROGATIO.
1576 253 1663 291 CLIII.

1131 304 1198 337 Qum
1216 307 1277 331 sunt
1289 303 1400 335 indicia,
1414 303 1469 330 esse
1482 302 1511 338 in
1524 301 1597 334 nobis
1612 298 1844 340 charitatem'peif

1122 349 1202 378 lisse.
1225 349 1290 383 Quae
1311 348 1444 386 Dominus
1463 347 1566 384 docuit,
1587 338 1703 377 dicens:
1717 344 1750 382 Si.
1764 338 1884 382 diligitis

1085 402 1137 428 me,
1148 394 1275 422 mandata
1284 402 1343 421 mea
1352 398 1452 421 seruate
1463 392 1554 428 (Joan.
1572 392 1640 427 xxv).

1297 448 1559 480 INTERROGATIQ
1577 447 1666 480 CLIV.

1088 486 1158 520 Quid
1171 490 1219 520 est,
1235 486 1349 521 “ipsum
1360 484 1469 521 diligere
1479 484 1494 521 ἢ
1504 482 1543 510 vel
1557 479 1793 521 quomodquitiunt
1803 489 1887 517 suum

1259 515 1390 557 cognoscit
1402 515 1446 558 q'ui
1457 515 1573 557 seipsuni.
1586 515 1693 552 diligit?

1123 568 1204 601 lisse.
1220 568 1304 603 Multa
1318 566 1430 596 abusive
1442 565 1580 598 dicuntur,
1592 564 1665 603 sicut
1677 567 1706 599 et
1723 562 1790 591 illud
1806 573 1813 590 :
1832 562 1889 596 Qui

1088 619 1160 643 amat
1180 614 1296 649 animant
1320 620 1407 645 suam,
1434 610 1523 647 perdet
1538 617 1614 644 eam;
1635 613 1659 636 et
1682 608 1727 646 qui
1750 608 1806 642 odit
1825 608 1888 635 ani—

1089 669 1160 690 mum
1172 669 1247 691 suam
1263 661 1293 693 in
1308 660 1356 687 hoc
1375 657 1485 693 mundo,
1504 657 1533 694 in
1552 656 1632 691 uitam
1654 659 1781 689 ceternam
1798 662 1891 681 serra-

1090 707 1126 734 bit
1146 715 1204 737 eam
1221 706 1312 741 (Joan.
1335 704 1398 741 xu).
1419 703 1560 735 Philauttts
1581 708 1646 738 ergo
1667 700 1762 730 Graece
1774 699 1889 732 dicitur,

1090 752 1138 787 qui
1159 752 1279 786 seipsum
1299 749 1397 787 diligit.
1420 746 1536 784 intelligi
1560 750 1652 774 autem
1675 748 1768 780 potest
1793 744 1816 772 is
1842 742 1892 781 qui

1091 797 1153 829 talis
1166 801 1210 831 est
1222 797 1273 836 hoc
1288 797 1368 831 modo
1385 803 1393 822 :
1409 794 1433 825 si
1453 801 1486 822 ea
1501 800 1562 833 quae,
1585 791 1650 830 iacit
1673 798 1724 834 pro
1739 790 1891 825 semetipso

1091 843 1168 876 facit,
1195 842 1302 879 etiamsi
1326 841 1468 880 videantur
1490 837 1638 876 secundum
1661 836 1823 876 mandatum
1837 835 1889 863 Dei

1093 897 1153 921 esse
1166 897 1226 925 qua:
1235 889 1310 919 facit.
1328 888 1380 923 Qui
1394 887 1467 926 enim
1479 892 1530 924 pro
1551 892 1600 923 sua
1611 883 1705 919 requie
1715 883 1820 926 patitur
1834 881 1890 909 ali-

1057 947 1082 977 Β
1095 936 1162 971 quid
1174 936 1268 963 deesse
1279 933 1434 962 necessitati
1448 931 1492 959 vel
1503 931 1597 959 usibus
1607 929 1712 965 fratris,
1725 928 1783 968 sive
1796 935 1895 966 eorum

1097 989 1157 1017 quae.
1170 980 1204 1008 ad
1219 980 1337 1007 animam
1361 976 1515 1015 necessaria
1534 976 1608 1015 sunt,
1631 973 1687 1011 sive
1704 980 1764 1008 quae
1778 972 1812 1000 ad
1834 979 1898 999 cor-

1095 1011 1157 1063 pus,
1173 1023 1315 1063 manifeste
1324 1011 1472 1064 pbi'lautus,
1487 1011 1566 1064 idest
1580 1011 1698 1054 seipsum
1709 1017 1836 1054 diligens,
1848 1017 1898 1044 de-

1096 1058 1277 1106 prehenditur
1283 1060 1299 1095 ‘z
1315 1061 1464 1102 cujus'vitii
1480 1058 1541 1104 (luis
1556 1064 1684 1092 interitus
1697 1066 1748 1091 est.
1771 1064 1774 1066 ’
1839 1065 1841 1067 ⁷

1311 1119 1575 1157 ΚΝΤΕΒΒΟΕᾼᾘΩ
1599 1119 1677 1153 CLV-

1100 1158 1240 1194 Quomoao
1252 1153 1361 1193 apparet
1370 1157 1415 1193 qui
1431 1153 1517 1191 diligit
1526 1153 1650 1217 ἔνων-ειη
1662 1153 1806 1182 secundum
1820 1162 1901 1180 man-

1114 1197 1116 1199 ‘
1135 1193 1225 1220 datum
1244 1192 1368 1220 Domini:
1383 1197 1407 1219 et
1429 1198 1524 1220 auomo
1545 1198 1560 1217 ο
1580 1190 1701 1220 arguitur
1719 1190 1763 1220 qui
1780 1197 1834 1216 non
1851 1189 1897 1216 di-

1155 1198 1225 1220 atum
1244 1197 1368 1224 Domini;
1383 1197 1407 1219 et
1429 1197 1560 1227 quomoao
1580 1197 1701 1225 arguitur
1719 1197 1763 1225 qut
1780 1197 1834 1216 non
1851 1197 1897 1216 as—

1135 1228 1192 1263 ligit
1205 1229 1217 1255 ει

1136 1273 1218 1301 Resp.
1232 1272 1379 1302 Cbaritatis
1402 1272 1454 1303 duo
1480 1271 1533 1299 ista
1554 1270 1691 1306 pracipua
1715 1270 1795 1306 signa
1818 1272 1899 1302 sunt,

1101 1326 1164 1347 cum
1177 1318 1371 1351 contristamur
1384 1320 1412 1344 et
1433 1316 1554 1353 graviter
1570 1315 1683 1343 ierimus
1697 1315 1726 1343 in
1738 1315 1773 1343 iis
1795 1315 1823 1343 in
1837 1315 1902 1350 qui—

1101 1366 1153 1393 bus
1169 1364 1276 1392 laeditur
1298 1362 1343 1390 ille
1355 1369 1435 1397 quem
1457 1361 1611 1397 diligimus;
1637 1364 1666 1389 et
1693 1368 1757 1397 cum
1770 1360 1815 1388 vel
1833 1360 1903 1388 satis

1102 1410 1218 1446 agimus,
1237 1413 1267 1436 ut
1279 1408 1360 1442 bant;
1380 1408 1424 1436 vel
1437 1407 1596 1444 gaudemus,
1613 1407 1639 1435 si
1655 1406 1834 1442 provenerint
1848 1406 1901 1434 ali-

1102 1465 1168 1492 qua,
1183 1456 1326 1491 inquibus
1339 1455 1443 1482 utilitas
1455 1454 1499 1482 vel
1516 1453 1653 1489 profectus
1674 1458 1717 1482 est
1729 1452 1788 1488 ejus
1801 1453 1850 1488 qui
1861 1453 1906 1481 di-

1103 1501 1206 1538 ligitur.
1221 1501 1320 1529 Beatus
1335 1508 1400 1536 ergo
1412 1503 1454 1528 est
1468 1500 1516 1534 qui
1528 1499 1602 1535 luget
1619 1507 1701 1535 super
1714 1506 1777 1527 eum
1789 1499 1839 1534 qui
1851 1499 1901 1527 de-

1104 1547 1213 1583 linquit,
1238 1547 1315 1583 cujus
1338 1546 1411 1573 videt
1434 1545 1498 1573 vitat
1521 1544 1664 1573 imminere
1686 1544 1839 1580 periculum
1856 1548 1906 1572 :et

1104 1594 1203 1630 gaudet
1217 1601 1267 1629 pro
1285 1601 1317 1620 eo
1331 1592 1377 1627 qui
1389 1590 1506 1627 prolicit,
1527 1595 1555 1619 et
1573 1590 1678 1619 lucrum
1690 1597 1770 1618 suum
1789 1591 1906 1626 deputat

1101 1640 1254 1675 profectum
1268 1638 1387 1673 proximi
1401 1637 1453 1665 sui.
1480 1637 1656 1669 Contestatur
1681 1641 1772 1664 autem
1781 1637 1842 1674 hoc
1859 1636 1905 1671 ip-

1102 1694 1165 1715 sum
1194 1684 1334 1719 apostolus
1359 1682 1479 1716 Baulos,
1506 1682 1599 1713 dicens
1616 1692 1623 1709 :
1640 1682 1670 1710 Si
1693 1682 1794 1717 patitur
1817 1690 1905 1709 unum

1102 1732 1257 1767 membrum,
1272 1729 1467 1766 compatiuntur
1479 1729 1569 1766 omnia,
1590 1727 1707 1763 membra
1718 1727 1743 1763 (Ι
1753 1726 1813 1755 Cor.
1826 1726 1881 1765 xu)
1893 1735 1903 1759 ;

1103 1778 1178 1813 quod
1192 1776 1286 1814 utique
1303 1775 1453 1803 secundum
1477 1774 1611 1805 rationem
1636 1772 1777 1804 charitatis
1795 1771 1907 1800 Christi

1104 1822 1212 1857 dicebat,
1225 1830 1231 1848 ε
1244 1825 1270 1856 et
1287 1820 1311 1848 si
1332 1819 1492 1856 gloriﬁcatur
1509 1827 1591 1854 unum
1610 1818 1763 1856 membrum,
1783 1826 1906 1853 congau—

1104 1867 1166 1903 dent
1179 1866 1268 1900 omnia
1278 1865 1394 1899 membra
1406 1864 1510 1900 (Ibid).
1523 1863 1575 1898 Qui
1587 1867 1677 1900 autem
1692 1863 1772 1890 talem
1784 1870 1839 1890 non
1853 1863 1906 1890 ha—

1105 1913 1153 1947 bet
1165 1911 1291 1949 all'ectum
1306 1918 1370 1946 erga
1383 1909 1508 1942 fratrem,
1529 1914 1634 1944 certum
1649 1912 1692 1936 est
1704 1908 1777 1944 quod
1787 1916 1844 1936 non
1860 1916 1908 1936 se-

1106 1956 1224 1994 cundum
1235 1955 1396 1993 charitatem
1413 1955 1461 1983 Dei
1474 1954 1561 1990 diligit
1576 1955 1729 1992 proximum
1748 1962 1839 1982 suum.
1853 1954 1907 1988 Qui

1107 2007 1200 2038 autem
1213 2011 1267 2034 non
1281 2002 1376 2040 diligit,
1396 2001 1422 2028 in
1443 2008 1475 2029 eo
1486 2001 1609 2037 arguitur
1620 2001 1695 2038 quod
1705 2000 1824 2037 Joannes
1836 2001 1875 2028 ait
1896 2011 1903 2028 :

1108 2049 1161 2083 Qui
1173 2057 1224 2076 non
1238 2048 1335 2084 diligit,
1349 2052 1438 2085 manet,
1450 2048 1478 2075 in
1490 2053 1573 2076 morte
1585 2048 1609 2086 (1
1627 2048 1706 2076 Joan.
1723 2048 1777 2084 ιιι).
1790 2048 1824 2076 Et
1851 2049 1907 2077 ite-

1109 2102 1170 2135 rum
1186 2103 1192 2121 :
1206 2093 1259 2129 Qui
1278 2093 1399 2132 habuerit
1413 2093 1590 2133 substantiam
1602 2093 1681 2129 hujus
1698 2093 1801 2127 mundi,
1820 2099 1847 2120 et
1869 2093 1909 2121 ri-

1108 2133 1177 2169 derit
1188 2139 1298 2177 fratrem
1317 2130 1393 2177 suum
1411 2130 1590 2175 necessitatem
1607 2139 1662 2174 pati
1684 2143 1709 2166 et
1727 2138 1853 2166 clauserit
1870 2139 1910 2166 ri—

1109 2194 1184 2220 spera
1195 2194 1243 2221 sua
1256 2185 1289 2214 ab
1301 2193 1342 2220 eo,
1366 2184 1498 2223 quomodo
1511 2185 1627 2213 cltaritas
1645 2185 1695 2219 Dei
1708 2190 1796 2225 manet
1809 2185 1839 2212 in
1860 2184 1908 2213 illo

1123 2234 1228 2261 Ibid)?

1111 2233 1206 2270 (Ibid)
1216 2234 1228 2261 ιε

1316 2267 1577 2296 INTERROGATIO
1596 2266 1684 2296 CLVI.

1114 2313 1239 2355 Quisunt
1261 2313 1361 2355 inimici
1371 2306 1437 2355 quos
1455 2306 1563 2355 diligere
1581 2310 1725 2355 jubemur?
1739 2313 1908 2355 etquompdo

1149 2349 1289 2384 diligamus
1306 2347 1425 2384 inimicos
1439 2347 1552 2384 nostros,
1567 2347 1721 2384 prwstantes
1780 2347 1910 2384 beneﬁcia

1151 2382 1341 2416 tantummodo,
1357 2388 1402 2410 aut
1416 2383 1495 2410 etiam
1510 2382 1634 2418 affectum
1647 2382 1685 2410 eis
1699 2382 1849 2410 exhibentes
1858 2383 1871 2409 2
1882 2387 1909 2410 et

1151 2419 1177 2446 si
1190 2419 1238 2445 hoc
1252 2417 1373 2453 possibile
1390 2422 1428 2445 est
1441 2418 1520 2452 ﬁeri?

1153 2470 1233 2498 ﬁsse.
1247 2469 1351 2497 inimici
1364 2470 1502 2504 proprium
1515 2473 1557 2497 est
1571 2469 1670 2497 lzedere
1679 2473 1708 2497 et
1720 2469 1863 2503 insidiari;
1880 2474 1912 2498 et

1119 2516 1180 2544 ideo
1190 2515 1279 2543 omnis
1292 2515 1338 2549 qui
1354 2515 1594 2550 quomodocunque
1618 2514 1690 2543 laedit
1708 2514 1837 2550 aliquem,
1853 2515 1911 2543 ini—

1117 2561 1204 2589 micus
1226 2560 1337 2594 dicitur,
1350 2561 1467 2588 maxime
1489 2560 1517 2588 hi
1539 2559 1586 2595 qui
1610 2560 1733 2596 peccant.
1754 2561 1802 2589 Isti
1822 2563 1910 2595 enim,

1116 2607 1188 2640 quod
1198 2606 1226 2633 in
1241 2613 1271 2633 se
1289 2610 1341 2638 est,
1353 2605 1453 2633 laedunt
1467 2605 1581 2633 diversis
1592 2606 1693 2639 modis,
1705 2611 1734 2634 et
1746 2606 1913 2634 insidiantur

1116 2652 1161 2680 vel
1172 2652 1214 2679 bis
1227 2652 1274 2687 qui
1285 2652 1378 2682 vident
1386 2651 1429 2681 vel
1451 2652 1494 2681 his
1505 2651 1553 2686 qui
1575 2652 1656 2680 simul
1666 2652 1769 2683 vivunt.
1792 2652 1828 2680 Et
1841 2661 1914 2688 quo—

1116 2697 1190 2725 niam
1205 2704 1239 2729 ex
1252 2704 1368 2731 corpore
1379 2700 1405 2727 et
1424 2696 1514 2724 anima
1532 2700 1638 2726 constat
1650 2697 1739 2731 homo,
1757 2698 1912 2726 secundum

1119 2741 1238 2771 animam
1260 2740 1369 2775 quidem
1392 2740 1546 2777 diligamus,
1562 2746 1716 2777 arguentes,
1730 2746 1759 2769 et
1784 2749 1912 2770 commo—

1118 2790 1224 2819 nentes,
1236 2789 1264 2818 et
1277 2786 1351 2819 omni
1368 2786 1449 2820 modo
1472 2786 1508 2823 ad
1522 2787 1726 2821 conversionem
1749 2794 1797 2816 eos
1810 2795 1913 2822 provo—

1118 2838 1222 2863 cantes.
1238 2833 1392 2872 Secundum
1413 2841 1511 2870 corpus
1524 2841 1590 2866 vero
1603 2838 1762 2869 praestemus
1772 2834 1815 2862 eis
1826 2835 1914 2862 bene-

1118 2879 1181 2909 ﬁcia
1193 2882 1224 2917 et
1235 2878 1466 2918 misericordiam;
1478 2882 1508 2914 et
1519 2879 1544 2914 si
1561 2879 1692 2916 indigent,
1703 2879 1807 2908 victum
1821 2888 1829 2907 :
1843 2887 1915 2915 quo-

1119 2923 1193 2953 niam
1207 2930 1288 2953 nemo
1297 2923 1402 2953 dubitat
1412 2924 1478 2968 quin
1492 2924 1762 2963 charitastngtIectn
1831 2924 1914 2964 Quid
