4004 6328
516 385 621 446 543
1248 445 1251 448 .

875 569 878 571 Α
899 502 1416 564 INTERROGATIO
1463 504 1708 574 {CLXIV.

513 589 750 670 Domino.
770 593 1014 670 dicente:
1061 596 1165 670 Qui
1192 615 1246 651 se
1273 597 1494 670 eraltat,
1544 596 1908 670 humiliabitur
1939 598 2092 670 (Luc.

591 662 779 728 XVIII);
810 673 861 738 .e_t
901 666 1146 738 Apostolo
1167 668 1546 738 prwcipiente:
1597 666 1777 722 Nolite
1819 662 2098 738 superbum

583 748 768 809 sapere
792 733 972 809 (Rom.
1022 735 1134 809 x1).
1167 733 1260 809 Et_
1265 733 1432 809 alibi:
1479 737 1818 809 Arrogantes,
1867 733 2092 809 superbi,

583 803 758 875 inﬂati
783 804 1029 875 ("_Tim.
1062 803 1168 875 Ill).
1214 806 1280 859 Et
1319 808 1508 860 iterum
1551 823 1569 861 :
1601 805 1848 862 Charitas
1879 803 1982 863 non
2016 803 2098 864 in-

582 873 748 941 ﬂatur
771 874 832 949 (l‘
853 873 976 928 Cor.
1009 873 1163 949 xm):
1206 877 1322 949 quis
1363 886 1438 930 est
1466 875 1634 930 elatus
1646 877 1673 949 _?
1698 886 1745 930 et
1771 880 1886 949 quis
1912 889 1988 933 est
2000 879 2096 948 ja-

581 953 733 1021 c_tans
756 944 1113 1021 vel-arrogans
1129 947 1154 999 ?
1180 947 1295 1018 quis
1324 963 1442 1002 vero
1477 944 1841 1017 superbusiet
1871 951 1987 1021 quis
2000 944 2099 1006 vin-

583 1014 744 1082 flatus
769 1015 846 1069 vel
871 1014 1074 1070 tumens
1091 1017 1116 1069 ?

571 1103 764 1176 Resp.
795 1105 981 1161 Elatns
1009 1114 1092 1161 est
1118 1107 1208 1176 qui
1263 1107 1504 1180 seipsum
1548 1107 1706 1164 eﬁ'ert
1741 1124 1840 1180 pro
1866 1109 1952 1166 his
1978 1125 2098 1181 quae

511 1195 655 1253 forte
682 1206 831 1252 recte
863 1198 946 1253 vel
972 1214 1230 1270 prospere
1260 1209 1413 1271 gesta
1455 1209 1602 1266 sunt,
1646 1210 1702 1256 et
1728 1217 1826 1272 pro
1852 1201 1955 1258 hoc
1981 1219 2098 1258 ma-

510 1302 650 1359 gnus
677 1289 777 1344 sibi
805 1288 1017 1344 videtur
1045 1299 1102 1346 et
1141 1291 1346 1359 elatus;
1382 1294 1678 1372 secundum
1715 1294 1862 1349 illum
1901 1294 2096 1350 Phari-
2166 1316 2170 1320 δ

511 1395 680 1436 saeum
709 1381 797 1450 qui
829 1388 884 1435 et
916 1380 1032 1451 ipse
1080 1380 1295 1437 inﬂatus
1344 1383 1450 1439 dici
1497 1392 1678 1456 potest
1708 1384 1859 1458 (Luc.
1914 1386 2093 1458 xvxn).

512 1469 668 1526 Sicut
699 1479 752 1526 et
772 1470 1062 1544 Apostolus
1095 1473 1408 1532 Corinthios
1449 1477 1650 1548 arguit,
1699 1478 1893 1545 quibus
1941 1478 2091 1533 dicit.

509 1561 583 1616 Et
629 1580 720 1618 vos
755 1565 929 1634 inﬂati
959 1567 1082 1620 estis
1123 1566 1174 1638 (l
1223 1566 1346 1623 Cor.
1398 1568 1496 1642 xv).
1545 1569 1766 1626 lactans
1805 1578 1983 1626 autem
2011 1572 2096 1626 vel

508 1667 773 1724 arrogans
799 1665 883 1710 est
909 1656 999 1712 ille
1026 1658 1120 1726 qui
1148 1674 1257 1713 non
1298 1661 1598 1731 acquiescit
1623 1663 1710 1718 his
1736 1679 1856 1733 qua:
1888 1679 1919 1718 a
1944 1665 2092 1734 prio-

508 1740 659 1797 ribus
686 1743 773 1798 vel
807 1745 1104 1816 majoribus
1151 1757 1354 1805 statuta
1395 1761 1521 1807 sunt
1565 1769 1665 1823 pro
1691 1754 1923 1811 utilitate
1947 1770 2096 1812 com-

507 1831 680 1897 muni,
714 1849 816 1888 nec
847 1836 1145 1905 acquiescit
1177 1840 1362 1895 verbis
1405 1842 1647 1912 Apostoli
1696 1843 1964 1900 dicentis:
2022 1844 2092 1900 Ut

507 1920 692 1974 eadem
716 1923 953 1978 sentiatis
973 1924 1026 1979 et
1053 1943 1216 1981 unum
1237 1931 1459 2000 sapiatis
1506 1918 1688 2002 (Phil:
1717 1933 1813 2004 11);
1845 1936 1941 1992 sed
1967 1950 2094 2005 pro-

507 2001 686 2081 priam
713 2016 1001 2083 quamdam
1040 2018 1206 2074 vitam
1228 2019 1456 2089 justitiae
1480 2001 1557 2079 ac
1585 2001 1890 2082 sancti—tatis
1918 2001 2097 2097 inqui-

506 2101 602 2155 rit.
634 2100 911 2173 Superbus
937 2114 1040 2174 est,
1070 2109 1162 2179 qui
1195 2112 1362 2168 etiam
1392 2115 1530 2170 nihil
1563 2131 1792 2188 nsquam
1819 2118 1876 2172 in
1897 2133 1956 2174 se
1979 2118 2094 2173 vir-

507 2193 640 2248 tutis
666 2210 731 2251 ac
759 2195 1034 2253 rectorum
1081 2208 1359 2271 gestorum
1403 2204 1630 2274 habens,
1683 2207 1858 2277 elatus
1902 2217 1989 2264 est
2023 2217 2098 2269 et

505 2291 740 2352 erectus,
777 2295 832 2341 et
861 2289 1034 2344 videri
1060 2291 1174 2346 vult
1202 2305 1262 2346 se
1289 2293 1411 2363 plus
1443 2309 1565 2351 esse
1593 2311 1758 2365 quam
1787 2306 1892 2351 est.
1930 2296 2096 2353 Simi-

505 2371 573 2428 lis
607 2384 788 2431 autem
809 2392 932 2433 esse
962 2380 1089 2434 huic
1129 2390 1312 2450 potest
1339 2383 1506 2437 etiam
1553 2385 1600 2440 is
1631 2387 1724 2456 qui
1765 2386 1981 2442 inﬂatus
2011 2388 2096 2442 di-

505 2467 648 2522 citur
669 2469 755 2523 vel
776 2456 1010 2538 tumens,
1042 2475 1340 2530 secundum
1364 2475 1470 2530 hoc
1502 2479 1647 2546 quod
1679 2478 1970 2548 Apostolus
2008 2479 2094 2534 di-

507 2557 620 2614 cit:
651 2558 759 2618 Sed
787 2562 1003 2632 inﬂatus
1027 2574 1123 2630 est,
1154 2565 1284 2620 nihil
1315 2567 1484 2622 sciens
1517 2566 1656 2639 (Col.
1687 2569 1772 2642 ιι).
1863 2647 1869 2654 ἱ

932 2675 1000 2729 1N
1006 2676 1449 2736 TERROGATIO
1485 2679 1690 2736 CLXV.

727 2763 867 2830 Quid
911 2775 1010 2833 est,
1039 2767 1282 2826 Charitas
1322 2788 1427 2826 non
1465 2773 1878 2829 dehonestatur?

576 2851 740 2909 Rxsr.
799 2854 955 2910 Sicut
979 2858 1102 2927 quis
1141 2859 1311 2928 dicat,
1357 2862 1425 2925 de
1472 2871 1614 2918 statu
1655 2865 1954 2922 honestatis
1985 2883 2095 2923 suae

504 2957 618 3002 non
645 2947 950 3004 deducitur.
977 2951 1074 3007 Est
1114 2954 1259 3008 enim
1303 2956 1525 3024 propria
1556 2951 1802 3027 quaedam
1838 2959 2096 3016 honestas

507 3037 814 3105 charitatis,
840 3049 895 3094 et
933 3042 1152 3099 habitus
1189 3046 1309 3116 ejus
1340 3054 1505 3115 atque
1545 3057 1812 3103 ornatus:
1856 3049 1946 3105 ille
1975 3051 2096 3105 sine

506 3126 670 3183 dubio
689 3145 851 3200 quem
877 3149 978 3203 per
1017 3135 1258 3206 singulas
1285 3138 1572 3193 charitatis
1595 3139 1826 3195 virtutes
1845 3142 2095 3196 enuntia-

503 3219 583 3272 vit
605 3219 896 3290 Apostolus
925 3225 981 3295 (Ι
1019 3225 1142 3281 Cor.
1179 3227 1337 3301 xm):
1377 3215 1500 3299 quae
1527 3231 1752 3302 singula:
1777 3232 2094 3288 honestates
2120 3222 2166 3286 C

505 3306 751 3381 quaedam
787 3315 906 3385 ejus
929 3325 1056 3371 sunt
1086 3327 1144 3373 et
1169 3329 1416 3375 ornatus.

911 3430 1430 3492 INTERROGATIO
1464 3435 1691 3493 CLXVI.

506 3515 786 3603 Scriptura
831 3522 1074 3603 dicente:
1126 3525 1308 3603 Nolite
1350 3528 1568 3603 gloriari
1610 3529 1782 3603 neque
1815 3530 1957 3603 loqui
1985 3533 2096 3603 alta

575 3589 635 3660 (Ι
655 3590 783 3662 Reg.
818 3593 904 3665 ιι),
942 3605 989 3648 et
1025 3595 1282 3719 ﬂostolo
1325 3589 1638 3668 conﬁtente:
1681 3589 1820 3666 Quia
1847 3589 1978 3676 (quae
2019 3602 2099 3657 lo-

575 3676 723 3719 quor.
758 3680 860 3718 non
901 3681 1019 3718 secu
1093 3683 1185 3719 um
1212 3667 1380 3719 Deum
1405 3668 1619 3719 loauor:
1650 3671 1740 3719 sed
1765 3672 1897 3719 sicut
1925 3673 1980 3719 in
2013 3675 2096 3719 in-

570 3676 723 3735 quor,
758 3680 860 3735 non
901 3667 1185 3735 secundum
1212 3667 1380 3722 Deum
1405 3668 1619 3735 loquor;
1650 3671 1740 3725 sed
1765 3667 1897 3727 sicut
1925 3673 1980 3727 in
2013 3675 2096 3728 in-

575 3731 842 3811 sipientia,
871 3735 928 3788 in
965 3733 1063 3811 ἀρε
1107 3735 1407 3811 substantia
1427 3731 1692 3811 gloriandi
1728 3741 1811 3811 (II
1838 3742 1961 3797 Cor.
1992 3744 2094 3811 x1).

575 3799 645 3884 ξξῑ
689 3818 900 3884 rursum
894 3821 951 3884 ἐ
989 3804 1188 3884 actus
1221 3824 1346 3884 _sum
1382 3799 1662 3884 insipiens
1691 3799 1966 3884 gloriando
2011 3799 2098 3884 (ῙΙ

575 3869 698 3953 Cor.
713 3872 851 3953 sui).
881 3873 952 3953 Et
982 3876 1183 3953 iterum
1215 3877 1327 3945 ipso
1358 3869 1558 3934 dicente
1579 3895 1597 3932 :
1625 3869 1764 3953 ρεῖίο
1788 3883 1877 3951 qui
1904 3869 2100 3953 gloria-

577 3949 683 4019 tur,
706 3941 760 3993 in
790 3941 1017 3998 Domino
1049 3941 1310 4019 glorietur
1329 3965 1494 4019 :_quw
1519 3959 1598 4004 est
1624 3941 1870 4019 gloﬁalio
1904 3941 1970 4008 in
1994 3954 2100 4008 Do-

753 4020 974 4151 ⁷ἔξειιιῖιαι
1016 4009 1091 4067 est
1135 4009 1412 4087 culpabilis
1447 4009 1746 4089 gloriatio?
1797 4021 1851 4092 (Ι
1879 4021 2002 4078 Cor.
2047 4041 2100 4092 ι,

717 4096 746 4132 0
782 4119 796 4133 .
867 4121 878 4133 .

717 4095 796 4133 01’.
825 4095 878 4133 Ι.

578 4169 741 4225 str.
777 4170 1023 4242 Apostoli
1068 4177 1288 4246 quidem
1334 4179 1711 4240 manifestum.
1734 4190 1819 4237 est
1855 4167 2104 4254 proposi-

508 4267 646 4325 tum,
676 4262 820 4330 quod
865 4263 1128 4323 adversus
1156 4269 1291 4324 vitia
1337 4270 1676 4342 loquebatur.
1713 4273 1833 4329 Non
1869 4276 2016 4331 enim
2043 4286 2105 4334 ut

508 4354 748 4424 seipsum
791 4361 1201 4416 commendaret
1224 4362 1341 4418 haec
1372 4349 1607 4431 diccbat,
1638 4366 1732 4420 sed
1761 4376 1821 4422 ut
1846 4384 2104 4438 quorum-

506 4444 632 4499 dam
663 4446 1006 4505 insolentiam
1039 4461 1091 4506 et
1113 4455 1481 4525 arrogantiam
1514 4458 1852 4514 retunderet.
1885 4458 2102 4515 Gloria-

507 4534 586 4589 tio
615 4549 745 4606 ergo
787 4538 843 4591 in
871 4538 1102 4596 Domino
1136 4551 1240 4609 est,
1273 4560 1394 4600 cum
1426 4546 1550 4616 quis
1579 4562 1642 4602 ea
1673 4565 1794 4618 quae
1834 4558 1985 4606 recte
2011 4565 2101 4620 ge-

507 4622 584 4678 rit
618 4639 726 4678 non
759 4626 884 4692 sibi,
931 4631 1024 4684 sed
1074 4633 1304 4691 Domino
1355 4637 1601 4704 ascribit,
1632 4639 1853 4696 dicens:
1906 4640 2100 4697 Omnia

509 4731 743 4805 possum,
775 4719 866 4772 sed
895 4720 950 4774 in
979 4739 1038 4776 eo
1064 4727 2094 4805 quimeconfortatC/iristus(Phil.1v).

509 4801 806 4875 Culpabilis
830 4818 1012 4866 autem
1046 4811 1292 4882 gloriatio
1322 4827 1424 4884 est,
1457 4829 1513 4874 et
1539 4821 1738 4891 duplici
1778 4801 1990 4880 ratione
2017 4801 2099 4880 di-

511 4891 826 4967 gnoscitnr:
855 4901 941 4956 vel
980 4907 1278 4962 secundum
1309 4909 1413 4966 hoc
1433 4914 1578 4982 quod
1612 4914 1743 4970 dicit
1769 4934 1781 4969 :
1829 4917 2097 4983 Quoniam

510 4985 818 5044 laudabitur
863 5005 1108 5063 peccator
1152 4998 1207 5051 in
1255 4999 1528 5058 desideriis
1557 5006 1749 5060 animo:
1775 5024 1886 5062 sua:
1917 5005 2090 5074 (Psal.

508 5077 630 5146 ix);
659 5087 712 5134 et
739 5099 751 5133 :
795 5081 938 5147 Quid
962 5084 1210 5155 gloriaris
1240 5090 1295 5144 in
1339 5092 1568 5160 malitia,
1610 5096 1700 5164 qui
1741 5084 1922 5167 potens
1959 5115 2011 5152 es
2039 5100 2097 5154 in

510 5165 788 5239 iniquitate
844 5172 1020 5246 (Ps'al.
1050 5179 1161 5252 Li)?
1198 5181 1282 5236 vel
1328 5186 1624 5241 secundum
1664 5165 1818 5255 illud,
1862 5206 1988 5246 cum
2018 5190 2098 5246 fa-

509 5258 665 5312 ciunt
699 5262 900 5334 aliquid
929 5268 1056 5324 boni
1101 5274 1283 5342 operis
1313 5293 1324 5328 :
1363 5287 1419 5330 ut
1468 5279 1745 5334 videantur
1775 5283 1838 5336 ab
1870 5283 2097 5337 homini-

515 5347 610 5402 bus
643 5350 858 5422 (Matth.
890 5358 999 5431 vi);
1030 5370 1086 5417 et
1109 5378 1206 5433 per
1245 5365 1348 5423 hoc
1379 5367 1555 5439 ipsum
1580 5371 1722 5440 quod
1764 5372 1952 5428 volunt
1988 5373 2098 5430 lau-
2183 5405 2186 5408 ~

517 5442 658 5510 dari,
691 5444 989 5516 gloriantur
1033 5455 1089 5511 in
1118 5456 1202 5511 bis
1242 5475 1363 5528 qua:
1392 5459 1658 5516 fecerunt.
1693 5461 1798 5518 Sed
1841 5465 2094 5536 hujusce-

514 5536 666 5591 modi
726 5539 974 5600 homines
1020 5549 1182 5603 etiam
1236 5550 1484 5622 sacrilegi
1532 5553 1912 5625 designantur,
1973 5575 2097 5614 cum

517 5628 750 5699 gratiam
773 5646 893 5702 qua:
916 5650 949 5689 a
986 5637 1098 5694 Deo
1130 5641 1328 5696 donata
1369 5650 1454 5698 est
1477 5645 1753 5715 propriam
1791 5645 2016 5714 faciunt,
2044 5659 2101 5706 et

519 5717 749 5788 chriam
777 5737 898 5793 quas
933 5726 1160 5786 debetur
1206 5731 1317 5788 Deo
1344 5731 1403 5791 in
1431 5735 1752 5807 semetipsos
1778 5746 2100 5795 convertere

517 5818 809 5872 conantur.

1549 390 1609 448 s.
1649 369 2017 448 BENEDICTI
2049 388 2342 449 ABBATIS
2363 382 2792 458 'ANIANENSIS

2129 507 2184 570 Α

3675 402 3781 470 R‘u

2590 512 3108 576 INTERROGATIO
3143 507 3393 580 CLXVII.
3450 534 3456 538 ‘

2204 595 2427 684 Qualem
2453 601 2777 684 intellectum
2811 607 2892 684 vel
2918 610 3260 678 prudentiam
3287 629 3322 666 a
3349 611 3460 668 Deo
3491 623 3666 684 petere
3694 619 3782 674 de-

2287 669 2464 725 bemus
2483 673 2508 725 ?
2526 673 2606 726 vel
2630 677 2892 743 quomodo
2918 669 3036 732 eam
3063 697 3342 750 possumus
3365 669 3659 754 promereri
3677 689 3702 741 .’

2267 759 2426 816 Resr.
2474 764 2785 824 Intellectus
2827 769 3045 838 quidem
3068 773 3190 841 quis
3217 775 3288 830 sit
3309 776 3379 831 ab
3410 777 3532 846 ipso
3559 777 3782 839 Domino

2195 867 2294 922 per
2330 854 2655 926 Prophetam
2700 861 2978 927 discimus,
3008 864 3315 922 dicentem:
3369 867 3500 923 Non
3526 869 3784 940 glorietur

2196 945 2348 1014 {ortis
2373 947 2430 1000 in
2457 947 2770 1017 fortitudine
2799 969 2932 1018 sua;
2963 971 3128 1026 neque
3153 955 3418 1026 glorietur
3446 959 3598 1015 dives
3624 962 3682 1015 in
3709 963 3782 1016 di-

2195 1036 2334 1090 vitiis
2365 1039 2507 1104 suis;
2535 1040 2625 1094 sed
2647 1042 2702 1095 in
2730 1042 2827 1096 hoc
2856 1043 3137 1113 glorietur,
3174 1049 3264 1117 qui
3293 1048 3585 1118 gloriatur,
3620 1053 3680 1105 in
3704 1055 3781 1106 in-

2196 1125 2473 1197 telligendo
2501 1139 2548 1185 et
2577 1134 2936 1200 cognoscendo
2966 1133 3254 1190 Dominum
3292 1138 3431 1208 (Jer.
3463 1141 3566 1213 lx).
3603 1143 3678 1196 Et
3699 1145 3785 1200 ite-

2197 1235 2318 1274 rum
2352 1235 2448 1290 per
2475 1222 2791 1292 Apostolnm
2817 1225 2896 1280 sic
2921 1225 3053 1280 dicit
3079 1245 3091 1278 :
3126 1225 3234 1282 Sed
3264 1228 3643 1301 intelligentes,
3675 1252 3781 1305 qua

2194 1308 2262 1362 sit
2288 1309 2530 1365 voluntas
2553 1312 2767 1367 Domini
2796 1313 3012 1386 (Ephes.
3041 1315 3119 1387 v).
3148 1315 3252 1382 Qui
3272 1335 3463 1375 rursus
3491 1322 3569 1376 ait
3598 1340 3613 1376 :
3652 1322 3785 1377 Pru-

2195 1399 2372 1454 dentia
2422 1404 2598 1457 carnis
2647 1420 2787 1458 mors
2838 1414 2936 1472 est,
2988 1407 3271 1476 prudentia
3324 1419 3505 1466 autem
3551 1415 3782 1483 spiritus,

2195 1491 2300 1544 vita
2328 1501 2405 1546 est
2442 1502 2490 1546 et
2520 1509 2630 1563 pax
2684 1493 2863 1564 (Rom.
2915 1495 3058 1567 vni).
3109 1497 3406 1556 Possumus
3455 1509 3650 1559 autem
3699 1504 3786 1561 hoc

2193 1581 2356 1636 modo
2387 1582 2709 1650 promereri,
2738 1583 2785 1638 si
2832 1581 3098 1651 faciamus
3153 1585 3287 1642 illud
3327 1589 3474 1658 quod
3530 1591 3785 1662 scriptum

2191 1677 2277 1724 est
2301 1685 2315 1724 :
2361 1670 2558 1726 Vacate
2579 1682 2628 1726 et
2653 1675 2968 1744 cognoscite,
2991 1677 3245 1746 quoniam
3270 1695 3364 1749 ego
3389 1679 3665 1738 Dominus
3687 1703 3786 1740 sunt

2194 1758 2367 1832 (Psal.
2399 1767 2558 1833 xcv);
2589 1771 2644 1818 et
2664 1763 2710 1818 si
2732 1763 3006 1820 credimus
3033 1780 3197 1822 omne
3217 1768 3443 1824 verbum
3473 1771 3574 1826 Dei
3607 1787 3787 1829 verum

2119 1861 2168 1922 Β
2195 1869 2352 1910 esse:
2382 1855 2444 1911 Si
2468 1857 2628 1922 enim,
2653 1856 2848 1927 inquit.
2884 1873 2991 1913 non
3017 1859 3370 1929 credideritis,
3396 1879 3565 1934 neque
3602 1865 3788 1920 intelli-

2196 1946 2326 2016 getis
2351 1944 2509 2017 (Isai.
2532 1946 2654 2020 vn).

2581 2039 3107 2100 INTERROGATIO
3141 2043 3412 2103 CLXVIII.
3451 2043 3470 2058 ⁸

2198 2127 2257 2182 Si
2276 2127 2545 2204 Dominus
2567 2131 2659 2184 dat
2686 2131 3095 2204 sapientiam,“
3125 2152 3158 2189 a
3185 2134 3322 2204 facie
3347 2136 3464 2204 ejus
3493 2138 3721 2195 scientia
3738 2149 3782 2197 α

2268 2199 2682 2284 itttellectuslest
2733 2199 2920 2278 (Prov.
2970 2203 3082 2284 XI);
3117 2199 3278 2284 et'si,
3311 2199 3418 2284 alii
3463 2209 3793 2284 quidem,”

2270 2268 2529 2343 Spiritum
2551 2271 2712 2325 datur
2735 2268 2906 2326 sermo
2931 2268 3226 2343 sapientior,
3264 2268 3363 2330 alii
3405 2268 3582 2333 sermo
3626 2268 3785 2336 scien-

2267 2338 2359 2415 tias
2385 2339 2441 2411 (I
2466 2338 2591 2395 Cor.
2618 2343 2754 2415 sit);
2785 2338 3048 2415 quomodo
3081 2338 3317 2415 increpat
3345 2346 3619 2404 Dominus
3645 2351 3792 2404 disci-

2267 2408 2419 2478 pulos
2447 2427 2569 2464 suos
2607 2408 2826 2465 dicens:
2873 2410 3014 2476 Quia
3071 2408 3244 2468 adhuc
3297 2425 3345 2470 et
3394 2433 3482 2471 vos
3531 2419 3783 2474 insensati

2270 2481 2418 2545 estis,
2446 2490 2495 2534 et
2541 2497 2645 2534 non
2686 2481 2978 2551 intelligitis
3031 2481 3248 2554 (Matth.
3277 2485 3404 2594 xv)?
3430 2497 3481 2542 et
3514 2486 3788 2560 Apostolus

2270 2549 2444 2594 culnnt
2471 2548 2688 2594 (.‘nlntns
2725 2551 3020 2594 ingenuam:
3053 2551 3179 2594 {Cal
3231 2555 3315 2594 nI\

2269 2549 2444 2619 culpat
2471 2548 2688 2626 Galatas
2725 2548 3020 2607 insensatos
3041 2548 3200 2625 (Gal.
3231 2554 3348 2627 nl)?

2247 2641 2440 2718 Resp.
2500 2640 2708 2714 Siquis
2755 2643 2859 2699 scit
2913 2643 3518 2715 bonitatem~Domini,
3565 2651 3792 2707 volentis

2196 2747 2387 2790 omnes
2428 2734 2678 2789 homines
2715 2734 2896 2791 salvos
2929 2735 3071 2801 ﬁeri,
3108 2744 3164 2792 et
3188 2737 3257 2793 ad
3285 2739 3630 2811 agnitionem
3651 2742 3790 2798 verbi

2193 2826 2440 2881 veritatis
2469 2827 2656 2882 venire
2682 2827 2735 2898 (Ι
2766 2827 2899 2882 Tim.
2925 2826 3018 2900 n);
3049 2838 3104 2884 et
3133 2829 3374 2886 studium
3405 2831 3659 2903 Spiritus
3675 2851 3785 2891 san-

2194 2917 2268 2971 cti
2299 2915 2507 2983 didicit,
2539 2918 2632 2987 qui
2674 2918 2968 2989 unicuique
3007 2920 3201 2976 dividit
3239 2925 3475 2994 gratiam
3506 2925 3647 2994 Dei;
3702 2930 3790 2984 iste

2194 3009 2477 3076 cognoscit
2515 3007 2829 3063 tarditatem
2871 3008 3182 3066 intellectus
3223 3028 3332 3068 non
3377 3029 3447 3070 cx
3477 3017 3649 3087 culpa
3690 3019 3791 3087 ejus

2197 3097 2529 3153 descendere
2563 3099 2654 3168 qui
2677 3100 2833 3176 (dona
2861 3101 3155 3169 distribuit,
3182 3105 3277 3160 sed
3312 3121 3504 3161 eorum
3527 3109 3626 3177 qui
3659 3110 3783 3165 desi-

2197 3187 2287 3243 dia
2325 3196 2380 3242 et
2420 3187 2739 3244 inﬁdelitate
2785 3207 2882 3246 sua
2923 3193 2978 3248 id
3014 3195 3296 3264 suscipere
3341 3212 3452 3252 non
3491 3211 3787 3257 merentur.

2196 3277 2266 3332 Et
2295 3277 2418 3332 ideo
2446 3288 2594 3333 recte
2632 3279 2885 3350 culpatur
2913 3282 3176 3353 insipiens
3201 3284 3290 3341 vel
3333 3286 3673 3355 insensatns,
3707 3293 3788 3361 qui

2203 3367 2354 3422 velut
2379 3368 2494 3424 sole
2523 3378 2643 3425 orto
2681 3371 2885 3427 claudit
2911 3369 3099 3430 oculOs
3133 3391 3260 3433 suos
3291 3393 3363 3434 ne
3382 3379 3589 3447 videat,
3623 3383 3717 3437 sed
3736 3383 3789 3439 in

2143 3519 2147 3522 λ
2199 3458 2443 3514 tenebris
2471 3460 2731 3516 ambulet.

2547 3596 2567 3612 .
2583 3553 3102 3616 INTERROGATIO
3159 3557 3391 3615 CLXIX.

2199 3642 2259 3699 Si
2295 3644 2359 3697 ab
2409 3644 2585 3715 aliquo
2632 3647 2758 3716 quid
2812 3647 3046 3771 benffcii
3094 3653 3482 3722 consequimur,
3531 3657 3789 3725 quomodo

2275 3716 2563 3771 poterimus
2584 3726 2632 3770 et
2663 3716 2886 3771 Domino
2951 3721 3068 3771 iane
3089 3730 3137 3771 et
3162 3722 3360 3771 inteare
3380 3725 3583 3771 orarias
3618 3743 3788 3771 me-

2275 3716 2632 3804 poterimuslet
2663 3716 2886 3804 Dcomino
2911 3716 3137 3802 digneet
3157 3716 3583 3804 (integregratids
3618 3743 3789 3804 agere,

2269 3795 2317 3859 et
2351 3785 2410 3859 _ei
2440 3785 2530 3855 qui
2553 3786 2868 3859 _beneﬁcium
2895 3785 3180 3859 priestitit?
3231 3785 3402 3858 Quali
3434 3785 3697 3850 mensura
3722 3785 3793 3850 uti

2277 3854 2519 3909 debemus
2546 3857 2601 3909 in
2635 3854 2894 3928 utroque?

2273 3947 2434 4002 Rnsr.
2497 3948 2554 4002 Si
2594 3947 2768 4004 Deum
2803 3953 3186 4010 auctoritatem
3214 3963 3269 4013 et
3295 3970 3795 4018 consummatorem

2201 4040 2445 4095 omnium
2496 4041 2763 4098 bonorum
2824 4061 2947 4103 esse
2991 4049 3310 4118 credamus;
3361 4067 3489 4108 eum
3527 4070 3670 4112 vero
3705 4070 3791 4128 per

2202 4145 2364 4201 quem
2391 4129 2519 4185 boni
2544 4131 2748 4201 aliquid
2775 4139 3049 4193 consecuti
3074 4155 3262 4196 sumus
3281 4149 3341 4197 ut
3359 4143 3686 4202 ministrum
3706 4146 3795 4203 Dei

2201 4221 2391 4296 gratiae
2423 4230 2478 4279 et
2509 4225 2755 4281 muneris
2793 4241 3172 4298 agnoscamus.

2609 4337 3125 4402 INTERROGATIO
3159 4343 3370 4405 CLXX.

2205 4449 2346 4517 Quid
2375 4459 2452 4507 est
2481 4451 2698 4524 dignum
2746 4432 3112 4527 velsanctum,
3141 4460 3315 4517 Graeci
3361 4462 3512 4522 ὅσιον
3557 4465 3796 4524 dicunt!

2706 4535 2756 4580 et
2781 4527 2908 4598 quid
2944 4539 3020 4603 est
3040 4531 3290 4601 justum?

2125 4575 2180 4636 D
2273 4609 2434 4676 RBSP.
2465 4611 2642 4672 ὀσιον
2941 4575 3429 4690 est-“salictum
3449 4623 3540 4681 vel
3564 4625 3795 4700 dignum

2202 4715 2324 4758 esse
2349 4704 2585 4770 arbitror
2610 4707 2715 4762 hoc
2734 4709 2878 4778 quod
2900 4710 3058 4767 decet
3082 4720 3138 4767 et
3160 4713 3387 4770 debetur
3417 4715 3488 4770 ab
3516 4716 3802 4773 inferiori-

2201 4790 2305 4847 bus
2336 4791 2536 4850 deferri
2565 4797 2954 4867 superioribus,
2983 4801 3281 4858 secundum
3306 4803 3445 4860 hanc
3489 4805 3680 4876 ipsam
3709 4822 3800 4863 rs—

2205 4883 2407 4940 tionem
2436 4901 2542 4956 qua
2584 4888 2970 4946 eminentiores
3017 4892 3289 4949 videntur.
3335 4892 3556 4951 Iustum
3607 4907 3804 4955 autem

2204 4977 2330 5044 hoc,
2359 4980 2502 5049 quod
2529 4982 2710 5050 operis
2755 4999 2855 5055 pro
2903 4985 3101 5042 merito
3151 4986 3443 5058 unicuique
3507 4990 3801 5046 tribuitur.

2201 5069 2270 5126 Et
2297 5071 2353 5126 in
2375 5072 2466 5128 illo
2495 5073 2713 5143 quidem
2752 5075 2860 5130 alio
2888 5078 3220 5147 optimorum
3249 5093 3600 5151 quorumque
3646 5082 3802 5138 indi-

2201 5169 2360 5216 catur
2388 5160 2728 5232 obsequium,
2761 5165 2817 5219 in
2858 5166 2961 5221 hoc
2991 5180 3120 5222 vero
3155 5174 3264 5222 tam
3303 5165 3431 5223 boni
3462 5182 3635 5239 quam
3670 5169 3806 5225 mali

2201 5252 2487 5308 retributio
2529 5254 2860 5325 designatur.

2586 5346 3101 5405 INTERROGATIO
3164 5348 3392 5406 CLXXI.
3485 5333 3488 5336 ’

2203 5433 2479 5514 Quomodo
2506 5436 2597 5490 dat
2626 5439 2740 5508 quis
2769 5447 3010 5514 sanctum
3036 5439 3275 5514 canibus,
3319 5448 3367 5492 et
3393 5441 3556 5494 mittit
3582 5459 3807 5514 marga—

2277 5507 2558 5580 ritas__an_te
2602 5506 3200 5580 porcos__(Matth.ivn)?
3225 5519 3315 5563 aut
3361 5511 3622 5580 quomodo
3662 5506 3812 5566 σεῖρὲ-

2274 5576 2512 5650 ditillud
2549 5573 2688 5647 quod
2717 5573 2974 5650 additur:
3029 5579 3112 5634 Ne
3147 5573 3294 5650 forte
3341 5573 3649 5634 conculca:
3707 5593 3811 5635 aut

2273 5646 2513 5716 pedibus,
2533 5646 2580 5702 et
2620 5650 2849 5703 conversi
2873 5646 3204 5720 disrumpant
3243 5651 3369 5705 vos?
3391 5650 3443 5721 (I
3449 5650 3586 5720 bid.)

2275 5739 2438 5797 Resp.
2494 5739 2776 5798 Manifesta
2805 5740 2964 5797 nobis
3005 5741 3231 5798 tradidit
3254 5741 3563 5813 Apostolus
3603 5757 3686 5797 ex
3717 5743 3816 5799 his

2206 5847 2326 5904 quae
2353 5833 2608 5892 adversus
2633 5830 2848 5890 Iudaeos
2883 5833 3049 5891 dicit:
3083 5833 3223 5900 Quia
3243 5833 3336 5906 qui
3367 5834 3424 5891 in
3451 5834 3560 5906 lege
3582 5832 3808 5903 gloria-
