4004 6328
229 358 331 422 διδ

853 359 1083 422 CODEX
1097 357 1576 421 °REGULARUM.
1605 347 1683 406 Ξ
1717 361 1899 419 PARS
1933 352 2321 429 LQREGULAE
2360 350 2790 420 PPCVORIEN'I‘.‘

3360 350 3545 452 846,

227 475 301 531 ris
353 488 450 546 per
513 473 997 545 praevaricationem
1075 476 1202 549 legis
1277 475 1446 532 Deum
1511 475 1796 531 inhonoras
1821 477 1876 539 Α
1899 474 2046 546 gotio
2071 476 2213 530 hanc
2242 474 2584 531 sententiam.
2628 472 3096 546 Acquiesoendum
3121 480 3208 530 est
3238 474 3382 530 enim
3410 485 3467 531 et

230 564 404 639 (Rom.
429 564 514 635 ιι).
542 563 796 634 lnjuriam
819 582 949 638 ergo
974 569 1115 624 hanc
1141 584 1304 639 quam
1344 583 1443 638 per
1467 567 1795 639 praevarica-

230 658 423 712 tionem
445 656 579 726 legis
603 657 766 713 verbo
793 657 887 713 Dei
917 658 1117 714 inferre
1149 659 1404 714 dicuntur
1426 659 1483 713 hi
1512 659 1578 713 de
1599 657 1794 728 quibus

227 761 403 815 sermo
429 747 828 816 est,-prohibet
872 749 962 803 hic
1011 757 1067 804 et
1118 750 1332 804 abdicat
1384 750 1660 804 Dominus.
1727 748 1796 804 Et

226 836 350 906 quia‘
376 836 557 891 evenit
581 844 643 890 ut
669 838 830 892 etiam
862 836 1103 892 inﬁdeles
1137 845 1189 892 et
1215 853 1322 892 non
1343 836 1643 904 credentes,
1671 852 1795 892 cum

226 927 408 982 vident
432 941 532 981 nos
585 928 925 996 praevaricari
971 928 1246 994 mandata,
1291 935 1659 997 contemptum
1701 928 1798 982 ha-

225 1019 387 1073 beant
410 1019 690 1089 religionis
717 1029 771 1076 et
798 1021 1056 1076 doctrina:
1082 1021 1314 1084 Domini,
1345 1029 1400 1076 et
1443 1036 1508 1076 ex
1539 1021 1666 1090 ipsis
1711 1021 1796 1076 his

229 1117 460 1180 arguunt
485 1125 584 1165 nos
611 1125 727 1179 qua:
756 1110 957 1180 scripta
984 1119 1108 1166 sunt
1147 1111 1200 1165 in
1226 1111 1343 1182 lege
1368 1119 1574 1176 nostra,
1605 1120 1659 1164 et
1684 1110 1798 1165 vel-

229 1207 287 1253 ut
327 1208 582 1271 rumpant
610 1215 726 1267 nos,
774 1210 828 1257 et
873 1201 1106 1257 alliciant
1134 1202 1524 1270 exprobrantes
1565 1210 1619 1256 et
1666 1216 1798 1256 con-

227 1287 539 1358 fundentes,
572 1298 825 1360 tanquam
848 1291 983 1364 legis
1003 1291 1236 1362 propriae
1267 1299 1721 1364 transgressores.

613 1402 1121 1460 'NTERROGATIO
1149 1402 1402 1458 CLXXII.

233 1489 504 1567 Quomodo
529 1492 785 1567 Dominus
814 1493 1098 1567 aliquando
1112 1496 1321 1567 quidem
1342 1495 1576 1567 prohibet
1592 1497 1799 1567 portari

299 1562 566 1637 sacculum
607 1562 688 1637 vel
733 1562 912 1637 peram
947 1565 1004 1619 in
1040 1562 1134 1637 vid
1154 1563 1307 1637 (Luc'.
1343 1562 1450 1633 'x);
1498 1562 1799 1637 auguando

301 1641 476 1715 autem
488 1632 690 1715 dicebat
717 1632 858 1688 iSed
879 1651 1018 1715 nunc
1041 1636 1132 1715 qui
1155 1632 1306 1715 habet
1325 1632 1618 1715 sacculum,
1647 1635 1800 1690 tollat

299 1700 539 1774 similiter
567 1711 614 1756 et
641 1719 820 1772 peram
852 1717 869 1754 :
899 1713 945 1756 et
969 1700 1062 1773 qui
1084 1721 1186 1759 non
1210 1704 1361 1774 habet
1386 1703 1644 1774 gladium,
1681 1721 1802 1759 ven-

300 1771 390 1824 dat
417 1771 777 1826 vestimentum
799 1771 1036 1838 suum,'et
1050 1783 1187 1827 emat
1213 1771 1450 1842 gladium
1477 1773 1798 1846 (Luc.xxu).

301 1860 461 1916 Raso.
487 1860 602 1916 Hoc
635 1861 889 1933 explanat
915 1863 1030 1933 ipse
1053 1864 1314 1920 Dominus
1336 1866 1522 1921 dicens
1569 1865 1757 1938 (Ibid.)
1785 1886 1798 1922 :
1829 1848 1879 1908 B

232 1952 370 2021 Quia
389 1961 588 2024 oportet
626 1953 798 2008 adhuc
837 1953 1084 2025 compleri
1101 1956 1158 2009 in
1177 1972 1259 2010 me
1287 1956 1426 2026 quod
1455 1957 1654 2011 dictum
1684 1967 1760 2013 est
1783 1977 1804 2025 ,-

229 2045 353 2122 quia
375 2061 495 2098 cum
538 2044 732 2114 iniquis
775 2044 1056 2116 deputatus
1084 2054 1160 2100 est
1189 2044 1343 2116 (Esa.
1389 2043 1530 2116 un).
1563 2045 1806 2117 Denique

229 2143 582 2207 posteaquam
622 2133 892 2206 completa
937 2142 1022 2192 est
1083 2135 1367 2207 prophetia
1409 2136 1474 2191 de
1517 2135 1698 2207 gladio
1732 2140 1810 2194 ait

231 2225 302 2280 ad
320 2224 542 2280 Petrum
575 2243 589 2279 :
615 2223 865 2280 Converte
890 2224 1124 2297 gladium
1146 2226 1201 2279 in
1247 2225 1420 2279 locum
1443 2243 1614 2282 suum.
1673 2228 1805 2282 0m-

234 2331 326 2369 nes
354 2315 492 2369 enim
533 2316 624 2386 qui
661 2315 898 2387 gladium
947 2315 1231 2385 accipiunt,
1277 2317 1333 2370 in
1358 2316 1538 2386 gladio
1560 2319 1807 2388 peribunt

230 2403 452 2472 (Matth.
484 2406 654 2478 xxvi).
694 2406 773 2460 Ita
801 2416 862 2461 ut
889 2421 996 2462 non
1026 2406 1275 2462 videatur
1312 2417 1644 2479 praeceptum
1686 2425 1808 2468 esse

229 2496 375 2565 quod
388 2496 585 2552 dicitur
605 2510 621 2550 :
647 2495 805 2551 Nunc
823 2499 913 2570 qui
923 2497 1078 2552 habet
1091 2497 1382 2566 sacculum,
1398 2499 1548 2554 tollat
1563 2501 1808 2557 similiter

230 2592 283 2639 et
307 2600 519 2655 peram;
541 2583 610 2639 Et
633 2586 723 2657 qui
749 2603 855 2641 non
877 2586 1032 2641 habet
1047 2586 1305 2657 gladium,
1330 2589 1515 2644 vendat
1534 2593 1809 2647 vestimen-

227 2679 346 2728 tum
373 2689 550 2740 suum,
590 2679 640 2728 et
673 2683 812 2729 emat
854 2674 1089 2746 gladium
1117 2693 1142 2743 ,-
1173 2675 1268 2731 sed
1297 2668 1582 2746 prophetia
1610 2679 1806 2749 praedi-

237 2763 416 2819 centis
450 2763 688 2831 Domini,
721 2765 850 2835 quia
873 2764 1113 2821 futurum
1145 2775 1267 2822 erat
1292 2775 1352 2822 ut
1373 2769 1628 2839 apostoli,
1655 2771 1809 2827 obliti

235 2855 428 2926 gratiae
440 2854 652 2911 Domini
665 2865 722 2912 et
732 2856 866 2928 legis
881 2857 1019 2927 ejus,
1035 2852 1373 2915 assumerent
1384 2860 1638 2931 gladium.
1655 2862 1809 2931 Quod

236 2953 421 3000 autem
460 2945 676 3002 videtur
713 2947 867 3017 quasi
909 2947 1233 3018 imperativo
1270 2949 1430 3004 modo
1473 2950 1579 3006 dici
1610 2967 1811 3022 propo-

231 3035 363 3090 sitio
393 3034 510 3090 haec
557 3034 709 3091 verbi
751 3035 931 3091 futura
960 3078 975 3105 ,
1029 3039 1084 3093 in
1132 3037 1430 3109 Scripturis
1475 3042 1810 3110 propheticis

231 3124 368 3180 satis
396 3123 710 3196 frequenter
731 3127 1021 3196 invenitur,
1049 3128 1189 3185 sicut
1209 3137 1293 3185 est
1322 3129 1489 3185 illud:
1521 3129 1682 3186 Fiant
1709 3133 1810 3201 ﬁlii

231 3215 352 3286 ejus
383 3215 608 3286 orphani
640 3257 657 3284 ,
685 3225 734 3272 et
777 3217 1019 3273 diabolus
1053 3227 1153 3274 stet
1200 3236 1235 3274 a
1263 3219 1462 3276 dextris
1491 3220 1607 3292 ejus
1633 3200 1806 3293 (Psal.
1837 3200 1882 3266 Ο

231 3305 386 3379 cvm)
412 3323 428 3374 ;
458 3315 515 3363 et
537 3306 708 3364 multa
737 3307 843 3363 alia
864 3309 1082 3365 similia.

615 3420 1138 3479 INTERROGATIO
1163 3423 1444 3480 CLXXIII.

237 3488 380 3557 Quid
409 3501 504 3559 est,
534 3491 736 3567 Panem
763 3492 1142 3567 substantivum
1174 3495 1244 3567 da
1288 3496 1436 3567 nobis
1471 3493 1647 3563 hodie,
1673 3495 1813 3567 quod

611 3563 668 3617 in
701 3564 936 3618 oratione
963 3564 1136 3618 dicere
1154 3565 1445 3633 jubemur.’

315 3651 477 3709 Raso.
526 3652 656 3710 Cum
689 3663 978 3727 operantes
1021 3656 1276 3713 manibus
1322 3672 1593 3714 memores
1645 3658 1815 3716 simus

239 3742 459 3801 Domini
504 3744 730 3804 dicentis
755 3766 767 3802 :
797 3746 978 3802 Nolite
1010 3747 1225 3802 solliciti
1252 3765 1362 3803 esse
1392 3748 1581 3803 anima:
1609 3757 1813 3815 vestras,

235 3834 371 3907 quid
429 3837 758 3892 manducetis
792 3877 807 3904 ,
853 3845 944 3892 aut
980 3838 1107 3909 quid
1154 3837 1339 3893 bibatis
1386 3837 1538 3910 (Luc.
1591 3838 1716 3910 xn).
1749 3838 1817 3893 Et

234 3924 482 3995 Apostoli
504 3927 874 3998 praecipientis
908 3947 922 3983 :
956 3927 1283 4000 Operamini,
1315 3939 1373 3984 ut
1412 3930 1648 3985 habeatis
1677 3931 1816 3987 unde

234 4027 490 4088 prtestare
510 4019 718 4088 possitis
749 4020 1106 4073 necessitatem
1149 4019 1367 4090 patienti
1391 4017 1604 4091 (Ephes.
1629 4019 1726 4090 1v).
1759 4019 1818 4076 Id

235 4117 346 4176 est,
369 4123 492 4165 cum
514 4125 622 4165 non
646 4111 715 4166 ad
738 4111 986 4181 proprios
1011 4127 1164 4176 usus,
1187 4112 1281 4166 sed
1303 4125 1402 4182 pro
1427 4111 1686 4167 mandato
1713 4111 1816 4166 Do-

233 4202 379 4258 mini
403 4216 692 4274 operamur
722 4221 736 4258 :
765 4201 1025 4280 Quoniam
1074 4202 1263 4271 dignus
1287 4210 1362 4256 est
1390 4202 1660 4278 operarius
1681 4217 1816 4256 mer-

236 4293 366 4348 cede
403 4309 501 4348 sua
545 4293 697 4365 (Luc.
737 4292 825 4364 x):
859 4299 990 4347 tunc
1041 4291 1440 4348 substantivum
1468 4306 1663 4361 panem
1693 4331 1710 4358 ,
1757 4291 1814 4346 id

233 4393 346 4449 est,
382 4384 476 4455 qui
499 4385 667 4440 vitam
712 4384 1080 4456 quotidianam
1106 4383 1421 4440 substantiae
1462 4391 1663 4440 nostra:
1687 4399 1817 4440 con-

233 4475 408 4541 ferat,
433 4489 465 4530 a
492 4475 603 4532 Deo
629 4475 904 4547 poscimus
927 4515 945 4543 ,
973 4482 1032 4530 et
1058 4489 1165 4531 non
1201 4490 1233 4528 a
1260 4474 1418 4530 nobis
1452 4473 1582 4544 ipsis
1610 4489 1818 4545 praesu-

237 4564 482 4633 mimus;
513 4566 608 4622 sed
642 4573 704 4621 ut
720 4565 1029 4622 necessitati
1058 4605 1074 4632 ,
1104 4565 1162 4620 in
1205 4573 1468 4636 quantum
1495 4564 1712 4633 sullicit,
1735 4581 1821 4622 sa-
1845 4558 1899 4620 D

237 4655 434 4725 tisﬁat,
459 4665 516 4713 et
531 4671 887 4730 agnoscamus
903 4671 1029 4713 eum
1050 4656 1142 4728 qui
1169 4654 1545 4712 sufﬁcientiam
1574 4665 1816 4727 praestat.

613 4742 1132 4802 INTERROGATIO
1162 4742 1439 4800 CLXXIV.

237 4831 308 4893 Si
337 4834 474 4890 omni
490 4834 682 4904 volenti
702 4835 944 4890 accedere
965 4831 1035 4889 ad
1061 4849 1265 4905 sorores
1287 4841 1486 4904 Oportet
1505 4833 1778 4905 indulgere
1799 4854 1817 4890 :

318 4923 391 4961 an
415 4908 568 4960 certis
611 4903 898 4977 quibusque
924 4913 975 4960 et
999 4904 1232 4974 personis
1262 4903 1331 4977 _et
1360 4903 1716 4977 temporibus?
1737 4905 1819 4962 vel

315 4976 577 5046 quomodo
607 4975 842 5031 videnda:
869 4983 990 5029 sunt
1026 4989 1230 5028 sorores
1254 4975 1280 5027 ?
1513 4976 1523 4987 ‘

317 5065 482 5122 Resp.
518 5065 597 5122 De
619 5067 706 5124 his
758 5065 1008 5136 superius
1050 5065 1285 5122 diximus
1327 5063 1442 5135 jam
1468 5064 1819 5134 sulﬁeienter,

234 5157 378 5230 quia
420 5172 520 5214 nec
552 5155 620 5213 ad
649 5155 828 5212 virum
860 5157 942 5212 vir
986 5156 1245 5212 accedere
1288 5158 1562 5227 utcunque
1614 5166 1670 5214 et
1706 5159 1824 5214 sine

235 5264 414 5306 causa
437 5263 503 5304 ex
542 5248 769 5305 arbitrio
792 5261 891 5304 suo
935 5246 1020 5303 vel
1049 5254 1318 5318 potestate
1364 5248 1543 5316 debet,
1583 5250 1678 5306 sed
1699 5266 1821 5306 cum

235 5339 397 5396 omni
420 5339 815 5406 observatione,
843 5339 1108 5410 probante
1137 5353 1202 5395 eo
1246 5339 1338 5409 qui
1366 5347 1564 5408 praeest
1597 5357 1612 5406 ;
1641 5341 1695 5396 id
1716 5354 1820 5410 est,

235 5441 312 5488 ut
337 5431 422 5486 vel
444 5432 618 5502 prosit
643 5431 764 5503 quis
789 5430 840 5488 ei
869 5446 1030 5502 quem
1055 5429 1223 5496 videt,
1251 5429 1336 5485 vel
1363 5429 1614 5502 proficiat
1642 5445 1709 5486 ex
1733 5448 1818 5489 eo.

237 5523 468 5593 Quanto
495 5524 670 5595 magis
692 5537 822 5596 erga
870 5523 1125 5578 mulieres
1153 5522 1210 5578 id
1242 5523 1534 5578 observare
1570 5523 1823 5579 convenit

238 5617 464 5686 nnjore
503 5616 734 5673 cautela.
764 5615 979 5688 Siquis
1004 5629 1134 5687 ergo
1161 5613 1468 5670 meminerit
1490 5614 1702 5678 Domini
1737 5615 1822 5670 di-

240 5709 469 5766 centis:
510 5707 660 5775 Quia,
683 5707 920 5773 deqomni
981 5723 1214 5773 sermone
1243 5706 1407 5761 otioso
1437 5705 1619 5760 reddes
1663 5708 1824 5762 ratio-

242 5813 378 5857 nem
408 5799 460 5856 in
485 5800 568 5856 die
598 5800 794 5874 judicti
815 5798 1031 5875 (Matth.
1060 5797 1182 5874 xu),
1216 5797 1427 5858 timebit
1461 5795 1520 5859 in
1544 5795 1694 5858 omni
1720 5811 1821 5857 ne—

1878 575 2082 621 isancto
2091 565 2350 636 Apostolo
2365 565 2563 620 dicenti
2587 583 2601 619 :
2629 565 2748 620 Sive
2767 565 3108 629 manducetis,
3125 565 3229 620 sive
3254 565 3465 634 bibatis,

1893 656 1997 710 sive
2024 655 2172 709 aliud
2191 656 2317 726 quid
2330 655 2562 726 faciatis,
2583 657 2758 711 omnia
2780 657 2837 710 in
2861 648 3082 727 gloriam
3114 655 3212 710 Dei
3233 655 3390 724 facite
3405 653 3457 726 (I

1895 744 2016 801 Cor.
2041 747 2176 816 XIV).
2201 747 2267 800 Et
2293 747 2488 801 iterum
2520 764 2532 801 :
2581 744 2771 801 Omnia
2798 746 2866 800 ad
2909 745 3311 814 azdiﬁcationem
3331 745 3464 814 ﬁant

1897 835 1946 910 (1
1953 834 2084 905 bid.)
2093 873 2106 888 .
2126 834 2269 890 Nihil
2285 851 2412 906 ergo
2423 837 2509 892 vel
2522 846 2694 891 otiose
2708 836 2792 892 vel
2805 836 3065 891 inutiliter
3078 837 3438 906 agendumest
3454 853 3468 889 :

1895 925 1990 980 sed
2030 932 2210 978 certus
2233 927 2373 995 quis,
2402 936 2457 982 et
2483 935 2633 982 certo
2656 935 2916 996 tempore,
2956 938 3011 982 et
3039 935 3192 982 certo
3235 927 3292 981 in
3325 925 3466 991 loco,

1895 1022 1951 1070 et
1993 1016 2157 1071 certis
2182 1017 2430 1085 personis
2457 1018 2542 1073 vel
2571 1033 2829 1088 apparere
2858 1058 2873 1083 ,
2900 1017 2986 1072 vel
3009 1017 3154 1087 loqui
3177 1017 3336 1072 debet
3366 1036 3379 1071 :
3407 1026 3466 1071 ιιι

1896 1107 2208 1163 excludatur
2227 1109 2404 1163 omnis
2431 1108 2660 1163 nefanda
2693 1108 2948 1180 suspicio,
2976 1117 3031 1163 et
3049 1123 3326 1164 servemus
3347 1108 3467 1162 sine

1897 1199 2194 1256 oﬁ'ensione
2243 1215 2362 1256 esse
2390 1201 2531 1270 apud
2574 1215 2762 1256 omnes
2792 1242 2807 1265 ,
2859 1209 2914 1256 et
2960 1201 3029 1254 ad
3064 1199 3475 1254 aediﬁcationem

1896 1289 2022 1346 ﬁdei
2048 1291 2344 1364 unicuique,
2359 1306 2638 1362 apparere.
2685 1289 2843 1345 Certe
2873 1289 3044 1345 solum
3068 1291 3136 1345 ad
3176 1288 3350 1344 solam
3379 1303 3470 1345 ac-

1898 1392 2113 1449 cedere,
2142 1382 2289 1438 nulla
2331 1383 2613 1452 religionis
2640 1384 2781 1438 ratio
2805 1383 3091 1453 permittit.
3150 1380 3342 1439 Melius
3389 1388 3473 1436 est

1897 1473 2043 1528 enim
2065 1488 2188 1530 esse
2234 1474 2340 1530 duo
2381 1489 2541 1545 quam
2578 1490 2719 1530 unus
2750 1495 2762 1529 :
2816 1475 2976 1529 simul
3005 1474 3151 1530 enim
3178 1483 3233 1529 et
3263 1473 3475 1528 ﬁdelius

1898 1571 1953 1619 et
1982 1565 2150 1620 tutius
2177 1580 2266 1620 res
2288 1565 2513 1637 geritur.
2555 1564 2646 1619 Va:
2670 1566 2808 1620 enim
2830 1567 2920 1618 uni
2948 1582 2968 1631 ;
2995 1567 3120 1637 quia
3143 1566 3188 1621 si
3213 1563 3478 1632 ceciderit,

1899 1672 2007 1711 non
2031 1667 2106 1713 est
2138 1657 2277 1712 alius
2300 1659 2390 1729 qui
2413 1658 2579 1728 erigat
2604 1674 2721 1712 eum
2745 1656 2944 1729 (Ecclc.
2969 1657 3066 1729 1v).

2291 1771 2810 1828 INTERROGATIO
2836 1770 3092 1826 CLXXV.

1907 1837 1967 1895 Si
1991 1842 2107 1912 quis
2141 1842 2292 1896 habet
2319 1842 2530 1913 aliquod
2553 1843 2733 1896 vitium
2780 1842 2932 1913 quod
2964 1843 3224 1913 corrigere
3258 1858 3362 1913 non
3388 1857 3482 1911 po-

1977 1911 2094 1977 test,
2132 1921 2179 1982 et
2205 1911 2500 1982 frequenter
2523 1920 2731 1967 notatus
2758 1911 2813 1966 in
2851 1911 3000 1982 pejus
3027 1911 3234 1982 proﬁcit
3258 1951 3274 1977 ,
3297 1911 3342 1965 si
3363 1926 3480 1966 eum

1975 1981 2181 2050 expedit
2209 1982 2524 2036 intermitti?

1977 2069 2135 2126 Resp.
2166 2072 2234 2126 Et
2260 2071 2326 2127 de
2362 2073 2468 2128 hoc
2520 2073 2649 2128 alibi
2689 2072 2804 2144 jam
2829 2074 3062 2129 diximus
3088 2073 3216 2143 quia
3264 2079 3481 2142 oportet

1905 2171 2197 2233 peccantes
2217 2163 2492 2234 corripere
2515 2165 2809 2234 patienter,
2847 2165 3142 2221 secundum
3168 2180 3290 2220 eum
3322 2179 3485 2234 quem

1907 2264 2071 2320 supra
2090 2251 2425 2306 ostendimus
2451 2253 2670 2308 modum
2696 2253 2978 2310 aoDomino
3001 2255 3238 2324 positum
3262 2252 3480 2325 (Matth.

1908 2340 2090 2409 xvm).
2149 2339 2303 2406 Quod
2337 2341 2384 2395 si
2429 2356 2535 2396 non
2577 2340 2872 2412 sufﬁcit1ei
2908 2344 2974 2397 ad
3005 2327 3438 2398 emendationem
3468 2381 3484 2408 ,

1907 2430 2048 2486 sicut
2087 2417 2162 2485 illi
2191 2431 2471 2486 Corinthio
2511 2429 2565 2502 (Ι
2590 2429 2714 2485 Cor.
2740 2431 2828 2502 ιι),
2870 2431 3175 2503 objurgatio
3221 2432 3336 2486 haec
3365 2445 3486 2502 quae

1905 2520 2021 2576 ﬁta
2061 2522 2304 2592 pluribus
2334 2540 2348 2588 ;
2399 2522 2540 2577 sicut
2577 2522 2792 2593 gentilis
2831 2523 2898 2577 de
2925 2522 3136 2591 reliquo
3160 2529 3215 2575 et
3247 2519 3491 2590 publica~

1906 2631 2010 2671 nus
2035 2616 2222 2671 haberi
2251 2615 2429 2681 debet,
2461 2615 2553 2685 qui
2591 2614 2855 2684 ejusmodi
2884 2622 2987 2670 est.
3023 2612 3159 2680 Quia
3189 2613 3238 2668 ei
3260 2625 3486 2683 parcere

1907 2722 2068 2779 quem
2090 2709 2354 2763 Dominus
2380 2706 2759 2762 condemnavit
2785 2705 2915 2760 nulli
2949 2713 3123 2758 tutum
3153 2710 3238 2758 est
3263 2741 3279 2769 ,
3316 2693 3512 2772 maxqu

1908 2814 1997 2856 me
2027 2813 2150 2855 etin
2175 2799 2433 2855 Dominus
2473 2798 2654 2854 dicat:
2692 2798 2831 2864 Quia
2864 2796 3071 2868 expedit
3119 2795 3402 2865 unicuique
3430 2802 3486 2847 ut

1910 2906 2076 2945 unum
2117 2889 2347 2955 oculum,
2380 2899 2469 2945 aut
2496 2906 2659 2944 unam
2689 2906 2925 2956 manum,
2973 2889 3052 2943 uel
3099 2904 3263 2942 unum
3308 2887 3490 2956 pedem

1909 2982 2130 3052 perdat,
2159 2991 2208 3035 et
2231 2983 2306 3036 ita
2344 2981 2503 3035 intret
2540 2981 2599 3036 in
2625 2997 2842 3052 regnum
2875 2978 3089 3052 (Matth.
3124 2977 3303 3049 xvm),
3327 2992 3492 3048 quam

1914 3075 2041 3130 dum
2064 3075 2237 3145 parcit
2262 3073 2355 3129 uni
2398 3088 2466 3129 ex
2496 3073 2582 3128 bis
2608 3073 2887 3139 membris,
2921 3081 3094 3128 totum
3137 3087 3334 3142 corpus
3361 3070 3493 3125 mit-

1915 3173 2062 3220 tatur
2079 3167 2135 3220 in
2157 3167 2460 3236 gehennam
2483 3164 2643 3235 ignis,
2676 3165 2767 3219 ubi
2791 3171 2877 3218 est
2903 3161 3060 3218 ﬂetus
3080 3171 3136 3218 et
3149 3160 3350 3218 stridor
3363 3161 3495 3216 den-

1915 3257 2073 3312 tium.
2101 3255 2208 3314 Sed
2233 3266 2289 3314 et
2309 3256 2603 3328 Apostolus
2630 3242 2808 3312 dehis
2834 3257 2967 3326 ipsis
2990 3265 3240 3322 testatur,
3265 3256 3487 3310 dicens:

1914 3350 2053 3416 Quia
2097 3351 2359 3404 modicum
2387 3350 2700 3420 fermentum
2726 3357 2890 3403 totam
2920 3364 3152 3403 massam
3199 3345 3488 3415 corrumpit

1913 3438 2058 3510 (δί’ί·
2079 3441 2156 3510 θ’
2294 3507 2810 3568 lNTERROGATlO
2840 3505 3121 3563 CLXXVL

1914 3583 1980 3642 Si
1991 3587 2605 3665 quis_contristeturquia
2628 3591 2675 3643 ei
2683 3605 2802 3655 non
2823 3588 3146 3665 permittitur
3164 3585 3337 3665 facere
3359 3581 3493 3665 illud

1985 3653 2124 3726 quod
2136 3674 2260 3779 {ian
2295 3666 2460 3764 potest
2493 3653 2614 3728 apte
2651 3653 2698 3712 et
2727 3653 2862 3710 recte
2882 3656 3075 3725 facere,
3101 3655 3146 3709 si
3166 3653 3414 3708 debemus
3444 3653 3494 3706 ei

1985 3743 2145 3780 verm:
2193 3742 2278 3780 ere
2305 3765 2318 3780 .
2728 3745 2730 3748 ν

1983 3743 2278 3797 permittere
2305 3743 2318 3780 ξ

1985 3816 2146 3871 Resp.
2179 3816 2247 3870 Et
2275 3817 2340 3872 de
2388 3816 2473 3873 his
2493 3817 2606 3888 jam
2637 3816 2842 3872 dictum
2884 3824 2968 3872 est
2998 3816 3056 3870 in
3101 3813 3315 3880 multis,
3365 3811 3493 3882 quia

1913 3905 2131 3977 propria
2175 3905 2452 3962 voluntate
2509 3906 2643 3961 nulli
2698 3906 2995 3977 quidquam
3045 3897 3225 3960 facere
3268 3904 3493 3974 permit-

1916 3997 2137 4051 tendum
2167 4005 2252 4052 est
2280 4039 2296 4062 ,
2338 3999 2433 4054 sed
2467 3997 2671 4067 judicio
2724 4006 2780 4053 et
2802 3998 3142 4068 probatione,
3193 3996 3277 4052 vel
3301 3995 3495 4050 multo-

1916 4101 2058 4152 rum,
2096 4095 2151 4142 et
2186 4103 2373 4142 eorum
2395 4089 2486 4158 qui
2512 4097 2771 4159 praesunt.
2805 4087 2912 4155 Qui
2928 4097 3110 4144 autem
3150 4104 3257 4143 non
3282 4088 3493 4143 obtent-

1915 4185 2071 4247 perat
2094 4177 2201 4242 his,
2231 4179 2555 4237 sententiam
2582 4180 2994 4250 prtesumptoris
3031 4187 3087 4235 et
3111 4178 3491 4234 Contradicen-

1918 4265 1988 4322 tis
2015 4267 2268 4338 excipiat.
2903 4337 2906 4340 q

2277 4357 2670 4431 INTERROGA
2679 4359 2790 4416 TIO
2821 4357 3120 4416 CLXXVII.

1922 4449 2192 4518 Quomodo
2208 4451 2389 4506 debent
2402 4453 2657 4522 fortiores
2680 4453 2870 4522 fratres
2883 4451 3229 4574 gnﬁrmitates
3259 4448 3495 4517 infirmo-

2505 4539 2621 4574 rum
2649 4531 2859 4574 nortare

2505 4539 2621 4576 rum
2649 4531 2859 4593 portare

1993 4613 2157 4668 Res».
2187 4611 2414 4668 Portare
2460 4621 2544 4668 est
2591 4611 2782 4668 tollere
2837 4619 2893 4667 et
2938 4625 3151 4678 curare,
3199 4609 3494 4666 secundum

1924 4707 2066 4778 quod
2087 4706 2346 4776 scriptum
2381 4712 2463 4760 est
2493 4722 2506 4758 :
2533 4703 2654 4775 Ipse
2677 4703 3010 4773 inﬁrmitates
3050 4711 3257 4758 nostras
3279 4701 3417 4765 tulit,
3444 4710 3494 4754 et

1925 4799 2262 4872 tegritudines
2299 4806 2504 4853 nostras
2530 4798 2752 4868 portavit
2780 4795 2914 4868 (Isa.
2947 4794 3088 4865 LIII).
3117 4795 3236 4851 Non
3271 4794 3398 4866 quia
3439 4793 3496 4847 in

1905 4893 2215 4963 semetipso
2253 4890 2551 4960 susceperit
2577 4889 2942 4957 inﬁrmitates,
2985 4889 3079 4944 sed
3115 4888 3242 4958 quia
3273 4882 3498 4939 abstulit

1925 5003 2022 5044 eas
2045 4987 2112 5042 ab
2133 4987 2216 5042 bis
2238 4987 2291 5040 in
2317 4986 2513 5056 quibus
2540 4991 2695 5040 erant
2722 4992 2777 5039 et
2804 4983 3016 5039 curavit
3039 4996 3152 5036 eos.
3186 4979 3264 5033 Ita
3293 4990 3422 5045 ergo
3442 4983 3498 5030 et

1922 5078 2012 5133 hic
2032 5077 2350 5147 poenitentia
2376 5074 2770 5131 interveniente
2789 5073 3122 5129 curabuntur
3141 5065 3492 5131 inﬁrmiores,

1921 5185 1987 5225 ex
2017 5167 2321 5225 constantia
2349 5176 2404 5223 et
2425 5167 2735 5238 integritate
2757 5164 3040 5221 fortiorum
3069 5178 3083 5215 :
3108 5159 3202 5230 qui
3240 5158 3495 5213 dicuntur

1923 5269 2142 5334 portare
2164 5302 2178 5329 ,
2214 5261 2268 5316 id
2317 5269 2402 5316 est
2433 5300 2449 5327 ,
2483 5266 2773 5330 exportare
2798 5264 2856 5312 et
2870 5253 3096 5309 auferre
3145 5248 3495 5306 inﬁrmitates

1923 5357 2113 5412 eorum
2139 5353 2232 5425 qui
2258 5351 2477 5408 invalidi
2499 5358 2644 5412 sunt.

2282 5439 2794 5499 INTERROGATIO
2817 5435 3138 5494 CLXXVIII.

1913 5517 2070 5606 Quid
2113 5545 2208 5612 est,
2238 5537 2488 5612 Invicem
2513 5552 2674 5612 onera
2700 5542 2866 5612 vestra
2899 5538 3102 5612 portate
3128 5525 3269 5612 (Gal.
3301 5524 3378 5612 ix)
3398 5525 3426 5612 Ξ
3447 5530 3495 5578 et

1997 5625 2154 5681 quam
2174 5595 2335 5680 legem
2365 5605 2561 5662 Christi
2585 5595 2980 5674 adimplebimus
3004 5601 3099 5653 hoc
3133 5595 3380 5668 facientes
3400 5595 3426 5647 γ

1998 5699 2158 5756 Raso.
2187 5699 2334 5756 Idem
2379 5707 2461 5755 est
2495 5697 2639 5768 quod
2692 5695 2746 5751 in
2775 5693 3143 5765 superioribus
3181 5684 3497 5758 explanavi-

1927 5809 2070 5856 mus.
2099 5793 2298 5857 Gravia
2325 5791 2471 5852 enim
2497 5803 2625 5868 sunt
2666 5809 2832 5852 onera
2872 5785 3081 5859 peccati
3119 5798 3242 5854 quae
3268 5779 3494 5853 trahunt
