4044 6338
481 309 583 372 551
781 349 792 360 .
1593 275 1963 368 BENEDIC’I‘I
1997 268 2294 334 ABBA’I‘IS
2333 257 2751 326 AMANENSIS

481 428 655 490 vinea,
699 421 777 476 ita
803 416 960 473 homo
990 411 1076 468 cui
1105 409 1248 466 deest
1275 403 1594 478 prudentia;
1629 410 1678 456 et
1720 399 1768 454 si
1795 395 2066 490 relinquas
2091 393 2147 456 Α

483 532 622 582 eam,
643 489 740 583 ﬁet
771 509 978 564 deserta
1006 545 1023 571 ,
1053 513 1100 558 et
1129 499 1407 558 ascendent
1452 497 1508 550 in
1532 511 1592 550 ea
1619 494 1786 564 spina:
1813 531 1830 558 ,
1869 498 1918 545 et
1963 489 2064 544 erit

483 581 946 674 uenustam”.
975 594 1146 667 xxiv).
1176 593 1315 648 Huic
1356 603 1486 661 ergo
1509 587 1705 642 anima:
1727 600 1849 656 qua:
1874 598 1943 638 ex
1971 581 2065 636 hu-

483 694 718 767 jusmodi
749 689 1072 764 negligentia
1097 683 1414 756 squaluerit,
1442 689 1498 736 et
1523 679 1580 734 in
1607 678 1884 734 desertum
1905 687 2068 729 vene-

487 790 582 853 rit,
605 798 944 854 consequens
980 788 1066 837 est
1101 777 1374 848 suspicere
1400 773 1546 828 illam
1592 767 1918 825 sententiam
1944 780 2067 836 quae

489 880 660 936 dicit:
710 876 887 947 Spina:
926 883 974 928 et
1013 867 1192 926 tribuli
1217 867 1461 920 oriuntur
1485 863 1541 947 i_n
1570 870 1618 915 te
1660 857 1814 931 (Cen.
1846 856 1958 926 ιιι),
2015 863 2071 910 et

492 971 608 1043 pati
643 937 772 1023 illud
831 964 974 1036 quod
1019 961 1281 1030 scriptum
1305 963 1424 1012 est:
1458 937 1770 1024 inspectavi
1797 959 1854 1002 ut
1878 949 2070 1018 faceret

491 1079 661 1128 uvas;
708 1060 830 1130 fecit
868 1066 1040 1112 autem
1079 1055 1258 1124 spinas
1290 1050 1445 1122 (Isai.
1475 1048 1552 1119 v),
1585 1047 1651 1102 de
1674 1060 1788 1115 qua.
1814 1044 2070 1130 dixerat:

495 1129 744 1210 Plantaui
788 1150 989 1204 vineam
1025 1145 1235 1209 Soreth,
1263 1150 1320 1197 et
1373 1149 1501 1195 tunc
1529 1137 1724 1192 merito
1770 1133 1978 1188 dicetur
2006 1129 2075 1185 ad

495 1259 618 1300 eam
638 1241 770 1298 illud
815 1239 958 1309 quod
996 1251 1095 1307 per
1121 1231 1412 1290 Jeremiam
1439 1227 1760 1300 praedictum
1781 1232 1865 1279 est
1908 1237 1940 1276 a
1964 1221 2073 1276 Do-

495 1333 664 1399 mino,
688 1332 937 1386 dicente:
977 1326 1094 1398 Ego
1142 1334 1190 1379 te
1218 1320 1678 1394 plantaviuineam
1718 1314 2074 1386 fructiferam,

497 1432 664 1478 totam
694 1435 951 1484 ueracem,
986 1413 1247 1488 quomodo
1291 1426 1539 1466 conversa
1580 1425 1634 1463 es
1688 1407 1744 1462 in
1772 1401 2082 1460 amaritudi-

499 1528 620 1569 nem
641 1512 805 1568 uinea:
832 1509 1022 1564 alienae
1043 1505 1179 1578 (Jer.
1211 1502 1295 1569 ιι).

903 1618 1420 1681 INTERROGATIO
1461 1615 1686 1675 CXCVI.

497 1721 561 1779 Si
582 1723 700 1795 quis
733 1719 1030 1795 relinquens
1072 1714 1277 1795 ﬁscalia
1319 1712 1518 1794 debita,
1546 1711 1720 1795 intret
1745 1707 1830 1795 ad
1869 1707 2086 1795 fratres,

573 1777 620 1850 ἀ
644 1777 894 1863 parentes
923 1789 1037 1863 ejus
1066 1777 1180 1863 pro
1200 1786 1312 1855 ipso
1345 1777 1628 1863 erigantur
1663 1791 1712 1863 et
1739 1777 2086 1863 tribulentur;

567 1849 615 1916 si
644 1849 757 1915 'non
785 1849 1303 1929 _aﬂ'ert'hocf_culpam
1329 1849 1584 1929 aliquam,
1625 1849 1717 1929 v_el_
1731 1850 1813 1904 his
1841 1849 1933 1920 qui
1971 1864 2090 1903 eum

575 1921 935 2000 susceperunt,
958 1927 1034 1983 vel
1058 1926 1140 1981 illi
1169 1921 1269 1996 ipsi
1297 1925 1388 1996 qui
1411 1921 1488 1978 ita
1518 1921 1718 1993 egerit?

572 2022 736 2078 Resp.
765 2021 1026 2076 Dominus
1050 2028 1236 2075 noster
1265 2017 1424 2073 Jesus
1451 2015 1703 2072 Christus
1739 2014 1826 2070 his
1868 2013 1964 2085 qui
2005 2013 2094 2069 in-

505 2123 920 2186 terrogaverunt
952 2129 1048 2170 se:
1087 2111 1146 2168 Si
1172 2111 1291 2167 licet
1334 2111 1454 2165 dari
1485 2126 1699 2164 censum
1741 2107 1961 2173 Caesari,
2005 2115 2098 2162 aut

505 2222 649 2272 non;
681 2206 793 2261 ait:
829 2203 1096 2261 Ostendite
1126 2203 1253 2258 mihi
1281 2201 1582 2266 denarium,
1611 2200 1764 2270 cujus
1789 2199 1942 2254 habet
1965 2198 2102 2251 ima-

505 2298 680 2370 ginem
709 2306 758 2352 et
795 2295 1228 2366 subscriptionem
1271 2292 1490 2365 (Matth.
1528 2291 1705 2361 xm)?
1744 2289 1880 2345 Cum
1919 2297 2101 2343 autem

509 2388 775 2444 dixissent
801 2388 926 2458 quia
963 2385 1214 2450 Caesaris,
1261 2383 1544 2454 respondit
1590 2382 1778 2437 dicens
1822 2397 1835 2434 :
1879 2378 2102 2434 Reddite

508 2467 631 2551 ergo
659 2496 776 2551 qua:
797 2477 1026 2533 Cwsaris
1065 2485 1208 2541 sunt,
1239 2472 1460 2540 Caesari,
1483 2481 1532 2528 et
1555 2489 1672 2544 qua:
1695 2471 1793 2525 Dei
1825 2479 1970 2536 sunt,
1995 2470 2104 2525 Dco

511 2570 727 2642 (lbid.).
758 2569 828 2624 Et
851 2569 958 2624 hoc
997 2582 1128 2638 ergo
1159 2565 1445 2622 manifeste
1475 2565 1733 2622 docemur
1761 2563 1890 2635 quia
1921 2563 1977 2618 hi
2007 2562 2102 2617 ob-

512 2658 666 2716 noxii
719 2666 847 2714 sunt
889 2657 1109 2714 tributis
1155 2656 1408 2724 Caesaris,
1461 2655 1603 2726 apud
1649 2670 1786 2726 quos
1834 2654 2108 2710 invenitur

516 2753 750 2810 Caesaris
779 2767 975 2808 census
1018 2759 1074 2808 et
1104 2751 1300 2824 imago.
1352 2749 1409 2807 Si
1455 2751 1583 2823 quid
1621 2765 1752 2823 ergo
1796 2749 1903 2805 tale
1943 2749 2108 2804 etiam

518 2845 624 2902 iste
659 2844 880 2900 veniens
916 2844 982 2899 ad
1019 2843 1219 2900 fratres
1256 2859 1442 2900 secum
1477 2842 1686 2910 detulit,
1731 2841 1998 2898 obnoxius
2027 2847 2111 2897 est

521 2937 591 2994 ad
617 2936 1005 2992 exsolvendum
1034 2936 1295 2993 debitum.
1323 2935 1383 2992 Si
1404 2950 1534 2991 vero
1555 2935 1807 2991 omnibus
1835 2933 2110 2989 derelictis

520 3030 579 3087 in
607 3030 858 3097 manibus
884 3029 1312 3101 propinquorum
1353 3029 1636 3095 abscessit,
1667 3027 1845 3084 nullus
1888 3027 1971 3085 vel
2009 3028 2111 3099 ipsi

522 3123 610 3180 vel
640 3123 902 3179 fratribus
931 3123 1216 3193 scrupulus
1248 3124 1403 3179 debet
1429 3123 1684 3179 existere.

841 3242 845 3246 '
918 3234 1437 3293 INTERROGATIO
1475 3236 1722 3293 CXCVII.

526 3322 588 3380 Si
612 3333 808 3408 oportet
843 3327 1318 3408 cumba-imirent,
1361 3337 1511 3408 eatra
1555 3343 1824 3408 eam_quqa
1845 3328 2115 3408 sororibus

599 3395 807 3477 praest,
839 3395 980 3477 loqui
1009 3395 1228 3477 ora-liquid
1261 3398 1400 3468 quod
1436 3397 1505 3451 ad
1551 3395 1954 3467 ludiﬁcationem
1991 3399 2116 3468 ﬁdei

600 3467 858 3538 pertineat
888 3467 1217 3538 virginibus?

601 3554 762 3610 Raso.
815 3553 885 3609 Et
935 3556 1205 3625 quomodo
1252 3556 1560 3612 servabitur
1609 3565 1940 3629 praeceptum
1988 3557 2120 3614 illud

529 3644 776 3718 Apostoli
803 3646 1034 3704 dicentis
1061 3664 1075 3702 :
1109 3645 1304 3703 Omnia
1337 3658 1504 3704 vestra
1528 3639 1740 3706 honeste
1767 3659 1813 3705 et
1835 3655 2122 3706 secundum

534 3739 776 3796 ordinem
802 3739 934 3808 ﬁant
961 3739 1016 3811 (Ι
1049 3738 1172 3796 Cor.
1204 3741 1354 3814 xxv)?

916 3850 1430 3910 INTERROGATIO
1471 3853 1741 3910 CXCVIII.

538 3940 604 3998 Si
631 3942 869 4017 convenit
905 3958 1024 3996 eum
1069 3945 1392 4017 qui_prteest
1429 3963 1549 4000 cum
1593 3964 1656 4001 ea
1699 3962 1817 4017 qua
1859 3947 2126 4002 sororibus

609 4019 796 4092 praest-
836 4011 1131 4092 frequenter
1156 4011 1347 4092 lloqui;
1387 4011 1786 4092 et_maxime'si
1825 4016 2024 4088 aliquid
2064 4019 2129 4072 de

617 4080 872 4150 fratribus
899 4080 994 4150 pro
1023 4083 1119 4136 hoc
1149 4080 1454 4139 laeduntur?

615 4171 779 4228 Res».
806 4173 1065 4243 Apostolo
1087 4174 1300 4231 dicente
1332 4195 1344 4231 :
1383 4176 1448 4233 Ut
1469 4179 1594 4250 quid
1620 4180 1757 4234 enim
1783 4179 1996 4234 libertas
2016 4197 2132 4236 mea

541 4268 818 4341 iudicatur
842 4268 906 4322 ab
941 4267 1050 4323 alia
1076 4270 1393 4325 conscientia
1429 4269 1636 4344 (liCor.
1669 4271 1764 4345 x)?
1802 4273 2003 4329 bonum
2050 4282 2135 4330 est

546 4365 752 4422 imitari
779 4381 903 4422 eum
930 4366 1203 4422 dicentem
1235 4384 1248 4419 :
1288 4366 1426 4432 Quia
1454 4384 1557 4421 non
1593 4384 1709 4422 sum
1734 4385 1861 4422 usus
1888 4376 2135 4440 potestate

545 4473 685 4523 mea,
713 4474 777 4512 ne
799 4457 1173 4528 oﬁ‘endiculum
1196 4457 1410 4529 aliquod
1429 4458 1609 4512 darem
1632 4458 1916 4530 Evangelia
1939 4457 2135 4514 Christi
2159 4461 2214 4522 D

550 4547 638 4620 (II
674 4546 798 4602 Cor.
825 4537 1018 4620 tx).lEt
1046 4559 1307 4620 quantum
1351 4547 1468 4605 fieri
1510 4557 1710 4620 potest,
1747 4557 1803 4604 et
1835 4551 2012 4606 rarius
2055 4551 2138 4606 vi-

553 4640 744 4697 dendae
766 4647 912 4707 sunt,
939 4649 996 4696 et
1022 4640 1238 4697 brevior
1263 4651 1346 4698 est
1373 4641 1758 4698 sermocinatio
1783 4640 2136 4698 instituenda.

965 4776 1478 4834 INTERROGATIO
1517 4775 1746 4833 CXCIX.

557 4867 622 4926 Si
658 4875 880 4949 oportet,
920 4883 1040 4920 cum
1080 4866 1259 4949 aliqua
1281 4857 1768 4949 sorochonﬁtetur
1801 4866 2145 4949 quodcunque

633 4936 882 5064 dilictugn
902 4953 1055 4992 suum
1083 4936 1401 5010 presbytero,
1422 4938 1580 4992 etiam
1604 4936 1824 4993 matrem
1840 4936 2142 4992 monasterii

635 5028 667 5064 a
708 5025 818 5064 esse

635 5025 703 5064 aa
708 5025 818 5064 8888

629 5101 794 5158 Rssr.
837 5101 1128 5158 Honestius
1173 5099 1304 5157 mihi
1342 5100 1556 5187 videtur
1590 5114 1711 5158 esse
1732 5107 1788 5157 et
1816 5099 2139 5172 religiosius,

560 5203 622 5252 ut
645 5211 744 5266 per
774 5195 1048 5252 seniorem
1075 5203 1306 5252 matrem
1330 5197 1635 5268 presbyter,
1662 5195 1710 5250 si
1731 5193 1860 5265 quid
1890 5192 2019 5249 illud
2039 5192 2142 5249 sibi

561 5287 793 5352 videtur,
825 5297 1050 5354 statuat,
1097 5296 1153 5342 et
1198 5287 1417 5343 modum
1458 5286 1543 5342 vel
1571 5295 1780 5357 tempus
1809 5284 2143 5355 poenitentiae

565 5381 810 5450 imponat
835 5383 903 5437 ad
925 5381 1356 5438 emendationem
1377 5379 1492 5449 ejus
1513 5394 1634 5449 qua:
1657 5377 1857 5444 corrigi
1877 5375 2150 5431 desiderat
2173 5435 2176 5438 ,

568 5490 601 5529 a
631 5485 873 5544 peccato.
905 5474 1024 5531 Non
1048 5484 1133 5531 est
1155 5475 1301 5531 enim
1327 5471 1646 5536 honestatis,
1689 5477 1749 5524 ut
1773 5469 2030 5534 arbitror,
2057 5475 2151 5523 aut

568 5568 800 5636 ordinis,
821 5575 882 5623 ut
909 5566 1104 5638 aliquis
1129 5569 1244 5623 sine
1267 5565 1578 5624 testimonio
1621 5561 1812 5619 matris
1841 5561 2004 5628 illius,
2029 5576 2149 5631 qua:

562 5669 789 5731 praeest,
835 5661 920 5716 vel
959 5675 1082 5714 cum
1129 5659 1335 5731 paucis,
1373 5656 1459 5715 vel
1497 5669 1622 5713 cum
1662 5651 1908 5726 pluribus
1946 5659 2152 5710 statuat

574 5750 802 5829 aliquid,
831 5752 917 5808 vel
950 5749 1221 5822 loquatur.

3063 290 3080 298 -
3633 244 3764 303 θαι

2631 366 3150 434 INTERROGATIO
3179 364 3288 428 CC.

2166 475 2232 532 Si
2257 479 2457 546 oportet
2484 480 2627 543 gesta
2654 469 2829 546 turpia
2854 465 2932 523 uel
2954 466 3172 546 obscena
3202 459 3535 546 conﬁtentem
3551 458 3772 546 inuere-

2238 529 2462 601 cundius
2484 529 2832 613 pronuntiare
2865 537 3129 602 omnibus,
3158 543 3248 590 aut
3281 529 3435 588 certis
3471 529 3771 602 quibusque

2238 626 2290 672 et
2319 610 2510 687 quibus
2528 610 2674 666 illis?

2240 709 2402 764 Resp.
2431 703 2718 762 Confessio
2738 709 3088 772 peccatorum
3121 698 3264 754 hanc
3303 695 3472 753 habet
3494 693 3776 750 rationem

2171 813 2335 870 quam
2377 795 2543 852 habet
2563 793 2760 849 vulnus
2790 790 3009 862 aliquod
3051 786 3296 858 corporis
3319 784 3408 840 vel
3436 781 3632 856 passio
3655 796 3778 850 qua:

2171 887 2386 946 medico
2408 882 2834 941 demonstranda
2872 891 2976 936 est.
3011 879 3165 936 Sicut
3202 892 3333 950 ergo
3378 891 3488 933 non
3514 873 3779 930 omnibus

2171 981 2296 1050 quis
2317 979 2451 1034 vitia
2486 976 2572 1032 vel
2608 975 2833 1030 vulnera
2860 972 3106 1042 corporis
3150 970 3233 1026 sui
3259 967 3488 1034 revelat,
3521 981 3634 1022 nec
3661 965 3782 1035 qui—

2173 1069 2430 1135 buslibet,
2471 1067 2568 1124 sed
2597 1066 2684 1120 bis
2728 1061 3104 1118 tantummodo
3155 1059 3250 1129 qui
3298 1070 3526 1113 summae
3565 1052 3782 1124 peritia:

2175 1159 2548 1216 testimonium
2572 1157 2796 1222 habent,
2819 1163 2876 1210 et
2894 1168 3039 1209 cura:
3064 1166 3129 1208 ac
3149 1148 3372 1206 medela:
3393 1144 3780 1218 disciplinam;

2177 1251 2256 1308 ita
2313 1259 2371 1307 et
2424 1247 2696 1305 confessio
2743 1252 3096 1318 peccatorum
3139 1241 3260 1299 ﬁeri
3286 1242 3446 1298 debet
3491 1237 3651 1310 apud
3695 1252 3785 1294 eos

2177 1341 2554 1399 tantummodo
2579 1340 2671 1411 qui
2693 1353 2890 1394 curare
2915 1338 3031 1393 haec
3049 1334 3344 1407 praevalent
3370 1348 3436 1389 ac
3456 1329 3786 1397 emendare,

2181 1433 2480 1490 secundum
2507 1431 2652 1503 quod
2681 1419 2942 1501 scriptum
2967 1435 3054 1484 est
3083 1444 3098 1482 :
3135 1424 3234 1481 Vos
3252 1426 3342 1497 qui
3364 1424 3622 1495 fortiores
3645 1423 3788 1488 estis,

2181 1523 2519 1592 inﬁrmitates
2559 1521 2894 1590 inﬁmorum
2941 1527 3145 1591 portate
3192 1515 3338 1590 (Gal.
3382 1515 3485 1587 vi),
3531 1514 3649 1571 hoc
3687 1521 3790 1579 est,

2185 1623 2469 1688 exportate
2492 1623 2549 1672 et
2571 1613 2780 1669 auferte
2807 1625 2908 1683 per
2934 1610 3297 1667 curationem.

2649 1720 3166 1782 INTERROGATIO
3203 1718 3330 1776 CCI.

2195 1795 2259 1856 Si
2316 1797 2589 1868 ignorante
2637 1805 2804 1868 matre
2852 1795 3055 1848 seniore
3077 1791 3372 1868 presbyter
3402 1787 3633 1868 aliquid

2265 1859 2536 1940 praecipiat
2557 1865 2847 1940 sororibus,
2876 1873 3024 1940 recte
3042 1859 3300 1918 videbitur
3319 1859 3595 1929 indignari
3623 1859 3799 1913 senior

2267 1934 2440 1993 mater
2465 1953 2584 1991 cum
2612 1938 2725 2006 ipsa
2748 1934 3026 1989 nescierit?
3298 1995 3307 2006 κ
3691 1947 3696 1950 ·

2269 2031 2432 2086 Resp.
2461 2013 2530 2085 Et
2549 2027 2742 2084 valde:
2774 2026 3011 2097 alioquin
3053 2023 3276 2097 janitori
3310 2022 3562 2094 praecipit
3586 2020 3802 2077 frustra

2198 2131 2260 2180 ut
2285 2123 2490 2194 vigilet,
2521 2122 2567 2176 si
2593 2120 2735 2175 alius
2760 2119 2817 2174 in
2847 2119 3006 2173 domo
3034 2115 3150 2171 vult
3176 2113 3451 2185 quodlibet
3478 2114 3800 2183 disponere.

2203 2213 2296 2270 Sic
2316 2221 2372 2268 et
2403 2212 2584 2266 Aaron
2612 2225 2736 2266 cum
2764 2209 2986 2264 absente
3009 2213 3066 2262 et
3093 2203 3592 2276 ignoraute'bloySe
3625 2204 3689 2258 in
3715 2218 3807 2272 po-

2201 2304 2328 2377 pulo
2378 2301 2654 2374 quippiam
2695 2299 2977 2372 praesumit
3025 2296 3234 2370 (Exod.
3282 2294 3502 2367 xxx"),
3565 2292 3809 2351 conﬂato

2204 2394 2368 2460 idolo,
2401 2401 2514 2447 tam
2559 2406 2721 2463 super
2762 2405 2821 2446 se
2851 2404 3015 2461 quam
3044 2401 3208 2460 super
3235 2385 3501 2456 reliquum
3537 2385 3808 2457 populum

2203 2487 2413 2544 inducit
2442 2500 2605 2558 grave
2651 2493 2956 2556 peccatum.
3004 2480 3088 2536 Ah
3135 2481 3240 2536 hoc
3283 2477 3604 2534 idololatriae
3655 2485 3808 2532 reatu

2205 2577 2405 2634 Paulus
2447 2576 2743 2632 Corinthiis
2784 2574 3061 2646 provisum
3091 2587 3213 2628 esse
3255 2569 3445 2635 voluit,
3471 2568 3687 2639 quibus
3711 2581 3810 2638 pro

2207 2669 2528 2738 corrigendo
2575 2681 2642 2723 eo
2675 2667 2770 2737 qui
2814 2665 2986 2737 patris
3032 2677 3258 2720 uxorem
3304 2659 3632 2726 violaverat,
3687 2657 3816 2714 licet

2209 2777 2438 2834 corpore
2464 2762 2662 2819 absens
2683 2760 2874 2816 scribit
2900 2773 2915 2812 :
2949 2755 3288 2828 Congregatis
3311 2753 3453 2808 vobis
3477 2769 3522 2806 ec
3550 2767 3680 2806 meo
3708 2750 3817 2822 spi-

2211 2856 2354 2925 ritn,‘
2382 2871 2501 2908 cum
2529 2854 2716 2908 virtute
2750 2850 2963 2907 Domini
2992 2849 3156 2904 nostri
3190 2846 3321 2902 Jesu
3362 2843 3564 2900 Christi
3591 2842 3651 2916 (1
3689 2841 3813 2898 Cor.

2213 2944 2318 3016 ιιι).
2349 2944 2635 3000 Timotheo
2658 2943 2821 2998 etiam
2859 2940 3108 3012 quamvis
3129 2938 3410 3010 proposito
3433 2936 3728 3000 omnibus,
3749 2933 3818 2989 de

2213 3038 2417 3094 utendo
2463 3037 2678 3093 modico
2717 3036 2844 3090 vino
2885 3032 3150 3105 praecipit.
3183 3030 3441 3100 Quaedam
3478 3029 3820 3086 ordinantur

2035 3184 2054 3194 κ
2139 3118 2186 3182 C
2217 3144 2249 3184 a
2275 3128 2507 3185 diversis
2530 3127 2799 3199 personis,
2830 3126 3152 3196 disponente
3195 3122 3426 3189 seniore,
3458 3121 3554 3193 qui
3604 3121 3819 3177 habere

2213 3228 2446 3292 possunt
2473 3215 2951 3291 congregationem
2977 3233 2993 3283 ;
3033 3215 3280 3288 quaedam
3306 3228 3436 3270 vero
3471 3211 3819 3278 nullatenus,

2216 3313 2321 3367 nisi
2350 3319 2619 3384 praesente
2650 3309 2883 3376 seniore,
2911 3317 2968 3365 et
2993 3307 3265 3379 praecipue
3313 3305 3370 3360 in
3413 3311 3689 3361 conventu
3722 3318 3818 3360 so-

2219 3418 2424 3460 rorum.
2473 3401 2751 3472 Siquidem
2790 3401 3060 3473 discipuli,
3098 3401 3191 3472 qui
3218 3399 3386 3456 etiam
3423 3398 3663 3468 potentia
3697 3398 3820 3452 vir-

2221 3493 2354 3549 tutis
2375 3492 2470 3549 Dei
2498 3491 2666 3547 multa
2691 3491 2846 3561 signa
2873 3489 3261 3562 operabantur,
3305 3503 3337 3542 a
3381 3487 3613 3558 quodam
3647 3485 3825 3556 spiri-

2223 3594 2337 3641 tum
2361 3583 2696 3640 immundum
2722 3579 2921 3651 ejicere
2962 3595 3070 3636 non
3096 3586 3348 3652 possunt,
3377 3578 3479 3633 nisi
3507 3576 3666 3648 prius
3695 3591 3823 3632 ma-

2223 3677 2394 3750 gister
2421 3679 2565 3733 hunc
2608 3676 2678 3732 ad
2725 3690 2784 3732 se
2831 3674 3056 3730 allatum
3094 3673 3326 3728 reddidit
3365 3685 3558 3727 sanum
3591 3669 3825 3742 (Matth.

2224 3768 2382 3841 xvu).
2413 3767 2493 3824 Ne
2515 3782 2644 3824 vero
2664 3781 2896 3838 persona
2921 3772 3114 3838 potens
3135 3765 3421 3834 disponere
3459 3776 3559 3832 per
3593 3776 3656 3817 se
3690 3761 3832 3832 quid

2224 3866 2520 3930 praesumat
2542 3858 2598 3912 in
2623 3856 3060 3929 congregatione,
3086 3855 3293 3926 absque
3320 3868 3385 3909 eo
3404 3853 3471 3908 ad
3491 3867 3658 3922 quem
3688 3868 3832 3908 cura

2226 3951 2464 4022 pertinet
2493 3950 2814 4013 animarum,
2852 3947 3306 4020 hinecolligitur,
3339 3945 3595 4017 quoniam
3639 3947 3834 4003 rarius

2229 4031 2490 4098 sanitates
2519 4039 2748 4095 contulit
2785 4039 3045 4094 Dominus
3085 4053 3124 4092 a'
3155 4036 3360 4106 majore
3399 4051 3632 4107 persona
3654 4051 3832 4109 νοεί-

2233 4141 2339 4196 tus,
2369 4142 2428 4187 ut
2457 4131 2627 4204 reguli
2674 4130 2783 4187 filio
2810 4138 2866 4186 et
2903 4145 3059 4187 servo
3101 4131 3456 4196 centurionis,
3480 4143 3646 4200 quam
3679 4129 3837 4185 forte

2232 4224 2320 4281 his
2349 4224 2463 4294 qui,
2486 4223 2640 4288 liberi
2681 4223 2750 4278 ab
2778 4223 3005 4293 imperio
3027 4221 3224 4288 alieno,
3255 4236 3353 4276 suo
3377 4219 3632 4275 vivebant
3666 4219 3836 4275 arbi-

2234 4319 2362 4385 trio,
2401 4311 2644 4372 utdocet
2670 4314 2864 4370 mulier
2889 4314 2980 4369 illa
3025 4313 3302 4385 peccatrix
3334 4327 3455 4383 quae
3486 4325 3585 4384 per
3615 4325 3678 4367 se
3702 4325 3839 4367 cur-

2238 4413 2311 4468 rit
2331 4409 2401 4465 ad
2423 4409 2691 4465 medicum
2717 4405 2927 4462 salutis.

2682 4492 3196 4553 INTERROGATIO
3229 4494 3380 4552 CCII.

2238 4594 2304 4654 Si
2326 4602 2491 4667 potest
2515 4592 2765 4667 impedire
2784 4583 3107 4667 propositum
3127 4589 3540 4667 sancti
3561 4588 3841 4667 Satanas,

2309 4658 2435 4791 zuia
2469 4658 2718 4745 scriptum
2755 4658 2831 4744 est
2867 4658 2890 4716 ε’
2926 4661 3039 4732 Ego
3075 4662 3285 4742 quidem
3327 4658 3532 4744 Paulus
3573 4661 3748 4715 semel
3787 4674 3842 4716 et

2363 4753 2388 4789 s
2427 4750 2595 4790 uenire
2631 4731 2772 4787 volui
2811 4732 2880 4786 ad
2918 4748 3007 4788 uos
3049 4741 3099 4787 et
3146 4733 3414 4791 impedivit
3451 4747 3546 4787 nos
3587 4731 3842 4788 Satanas

2363 4753 2388 4789 s
2427 4731 2595 4790 uenire
2631 4731 2772 4787 volui
2811 4732 2880 4786 ad
2918 4731 3007 4788 uos
3049 4731 3099 4787 et
3146 4732 3414 4802 impedivit
3451 4747 3546 4787 nos
3587 4731 3844 4788 Satanas

2314 4805 2366 4879 (I
2403 4805 2581 4860 Thess.
2613 4803 2698 4875 ιι).

2321 4894 2483 4951 Resp.
2524 4893 2724 4948 Eorum
2753 4908 2875 4964 quae
2899 4892 2957 4949 iu
2999 4892 3230 4951 Domino
3275 4904 3536 4968 geruntur
3575 4898 3846 4966 quaedam

2249 4987 2468 5059 quidem
2497 4985 2612 5042 solo
2651 4985 2930 5057 proposito
2959 4993 3016 5041 et
3032 4986 3238 5059 judicio
3262 4987 3459 5043 anima:
3495 4986 3843 5057 eﬂiciuntur,

2251 5079 2497 5151 quaedam
2523 5078 2690 5134 etiam
2715 5093 2816 5150 per
2857 5092 3056 5150 corpus
3094 5075 3475 5151 adimplentur,
3507 5079 3563 5135 id
3606 5087 3710 5149 est,
3747 5083 3846 5138 vel

2250 5175 2456 5243 labore,
2499 5173 2586 5231 vel
2621 5173 2883 5247 patientia
2911 5173 3174 5245 corporis.
3219 5173 3564 5246 Quaecunque
3601 5188 3738 5245 ergo
3783 5175 3846 5231 in

2253 5267 2445 5324 animae
2490 5266 2768 5339 pr0posito
2813 5267 3116 5322 consistunt
3135 5307 3152 5334 ,
3194 5265 3312 5323 haec
3367 5268 3632 5339 impedire
3680 5268 3848 5324 nullo

2252 5361 2413 5417 modo
2433 5369 2614 5433 potest
2631 5359 2897 5428 Satanas;
2928 5375 2994 5416 ea
3021 5375 3155 5418 vero
3176 5351 3298 5433 quae
3333 5361 3497 5418 etiam
3525 5361 3850 5419 ministerio

2251 5457 2495 5527 corporis
2530 5454 2912 5526 adimplentur,
2947 5453 3279 5526 frequenter,
3330 5457 3599 5528 permissu
3647 5465 3852 5514 tamen

2253 5547 2373 5616 Dei,
2403 5547 2650 5620 impediri
2691 5555 2938 5618 possunt,
2966 5548 3035 5604 ad
3058 5549 3430 5619 probationem
3460 5548 3578 5619 ejus
3608 5548 3702 5620 qui
3728 5549 3854 5606 im-

2253 5643 2490 5715 peditur,
2513 5649 2573 5697 ut
2597 5650 2852 5714 appareat
2877 5642 2924 5698 si
2957 5658 2990 5698 a
3021 5643 3164 5700 bono
3187 5635 3463 5715 pboposito
3487 5656 3851 5715 nequaquam

2253 5753 2352 5821 per
2391 5736 2701 5813 huiusmodi
2728 5735 3112 5810 impedimenta
3158 5746 3416 5800 mutatur.
3461 5733 3611 5797 Sicut
3637 5734 3698 5796 bi
3736 5731 3853 5809 qui

3957 836 3963 996 Ε

3971 1274 3973 1340 l

3975 1604 3983 1666 Ἰ

3977 1486 3979 1532 l

3977 1538 3981 1594 I

3977 1604 3983 1666 ἲ

3983 1670 3985 1712 ι

3987 1802 3989 1838 |

3991 1934 3993 1980 ι

3985 1991 3995 2024 ⁴ι
