3972 6328
508 443 612 502 559

513 661 623 722 qua
650 649 876 699 voverat
897 637 1126 702 obtulit;
1163 626 1363 705 quique
1385 639 1442 686 et
1479 628 1532 683 in
1559 626 1860 682 ministerio
1883 623 2092 693 templi,

513 716 624 813 quo
651 751 684 792 a
711 742 886 790 matre
903 730 1080 788 fuerat
1106 729 1324 783 functus
1347 720 1668 795 permansit,
1691 730 1746 774 et
1769 717 1861 772 ubi
1889 716 2096 772 consti-

515 809 666 886 iuius
691 834 794 894 est,
837 821 1130 881 deservivit
1158 817 1213 892 (ι
1239 817 1363 887 Reg.
1397 814 1460 888 ι).
1488 813 1592 881 Qui
1628 812 1684 867 in
1710 809 2097 866 monasterium

514 924 668 997 prior
708 918 1043 992 ingreditur,
1073 911 1280 985 p'rimus
1324 909 1432 962 erit
1472 907 1526 961 in
1565 905 1777 961 cunctis
1817 902 1984 974 gradu
2015 900 2101 956 vel

517 1017 728 1072 ordine.
766 1013 876 1068 Nec
907 1006 1256 1081 quaerendum
1288 1010 1374 1058 est
1397 1000 1443 1055 si
1470 999 1620 1054 dives
1645 997 1715 1052 sit
1745 1002 1837 1048 aut
1871 1006 2096 1062 pauper,

1537 425 1594 480 s.
1627 417 1989 478 BENEDICTI
2023 378 2316 487 ABBA'I'lS
2343 410 2754 477 ANIANENSIS

507 547 733 614 Samuel
781 561 1010 623 puerum
1052 552 1243 600 natum
1288 549 1344 596 et
1380 537 1706 594 ablactatum
1737 534 1850 590 Deo
1893 532 2094 604 pietate
2121 537 2170 599 Α

2813 510 3044 574 CAPUT
3090 507 3158 564 γ.

2445 624 2523 680 De
2572 613 2855 693 familiaris
2896 608 2972 662 rei
3018 605 3236 672 vitaque
3278 591 3530 693 appetitu:

2268 716 2516 775 Monachi
2545 675 2598 768 in
2635 702 2911 766 communi
2941 699 3188 754 viventes
3216 685 3353 745 nihil
3381 678 3663 756 peculiare
3689 675 3798 731 sibi

2199 771 2405 865 facere"
2433 807 2688 867 audeant,
2747 809 2924 866 neque
2967 792 3023 846 in
3073 787 3188 843 suis
3238 777 3447 837 cellulis
3496 771 3801 845 quidquam

2188 863 2443 974 qu'odad
2474 863 2683 954 victum
2717 891 2804 948 vel
2838 863 2911 943 ad
2948 880 3246 954 quamlibet
3285 887 3399 928 rem
3428 869 3598 974 aliam
3627 863 3801 966 peni-

2201 955 2329 1052 neat
2363 992 2480 1048 sine
2519 985 2757 1060 regulari
2798 973 3206 1050 dispensatione
3234 967 3440 1022 habere
3489 959 3581 1015 vel
3623 955 3802 1028 possi-

519 1047 728 1072 usurus.
766 1047 876 1068 L‘Uu
907 1047 1256 1081 IiUWIv-I‘IVI-n
1290 1047 1373 1058 νυ-
1397 1047 1443 1055 --
1473 1047 1618 1054 νη.--
1646 1047 1713 1052 --,
1751 1047 1773 1048 η
1826 1047 1829 1048 ,
1871 1047 1890 1062 .
1981 1047 1996 1062 ι
2085 1047 2095 1056 ⁷
2203 1047 2323 1052 νύῖη
2376 1047 2379 1048 ν
2583 1047 2613 1060 ν
2888 1047 2901 1050 1

519 1122 712 1165 servus
751 1119 820 1159 an
850 1101 1006 1165 liber.
1027 1097 1242 1169 iuvenis
1282 1110 1350 1148 an
1385 1106 1572 1156 senex,
1601 1087 1836 1145 rusticus
1872 1101 1941 1138 an
1977 1100 2101 1139 eru-
2202 1081 2331 1141 dere
2357 1085 2707 1154 praesumant.
2735 1075 2796 1130 In
2840 1071 3162 1125 Pentecoste
3189 1066 3390 1121 autem,
3431 1052 3527 1123 qui
3573 1057 3664 1104 est
3690 1047 3804 1101 dies

2839 1163 2857 1169 Α
3143 1155 3154 1169 ι
3239 1149 3400 1169 l!__!_-
3454 1140 3804 1169 ,ς-Λΐλμρςηκη

520 1140 712 1165 ucsvua
751 1140 820 1159 au
852 1140 1006 1165 υννι,
1027 1140 1242 1169 υμνοι...
1282 1140 1350 1148 υ.--
1386 1140 1572 1156 _----_.,
1603 1140 1762 1145 ---ιη
2212 1140 2222 1141 7
2248 1140 2260 1141 γ
2360 1140 2376 1154 ⁸

520 1200 711 1256 ditus:
749 1198 803 1252 in
848 1191 1130 1250 mOIIaChiS
1161 1188 1310 1244 enim
1364 1200 1466 1240 nec
1513 1190 1665 1246 mtas,
1713 1193 1815 1234 nec
1863 1175 2102 1232 conditio
2202 1173 2575 1238 remissionis,
2609 1182 2798 1225 omnes
2832 1163 3030 1216 fratres
3076 1155 3176 1210 sub
3225 1149 3408 1206 divina
3454 1140 3805 1215 professione

520 1292 799 1364 quatritur,
825 1286 953 1359 quia
983 1286 1125 1341 inter
1144 1281 1286 1339 servi
1313 1289 1370 1335 et
1400 1277 1560 1333 liberi
1587 1269 1998 1330 animam.nulla
2021 1275 2106 1323 est

2244 1289 2268 1329 e
2293 1272 2514 1342 alligent
2554 1265 2690 1322 nihil
2724 1260 2996 1334 peculiare
3024 1249 3170 1324 apud
3205 1240 3609 1303 conscientiam
3655 1248 3806 1290 suam

2668 1363 2673 1364 ν
3164 1347 3199 1364 κ.
3239 1340 3506 1364 manus.
3536 1333 3806 1364 ,ηηηιω

521 1333 799 1364 quam,
827 1333 953 1359 ν...
983 1333 1116 1341 -..---
1144 1333 1226 1339 ---
1251 1333 1286 1336 .-
1323 1333 1363 1335 ρ

521 1387 665 1459 apud
701 1386 873 1439 Deum
900 1377 1226 1437 differentia.
1269 1373 1588 1441 Quicunque
1611 1367 1743 1438 jugo
1771 1363 1962 1419 aliena:
1990 1377 2108 1417 ser-

2244 1333 2430 1428 abere.
2463 1367 2522 1422 Si
2549 1363 2678 1435 quid
2715 1333 2746 1415 a
2780 1353 3097 1429 parentibus
3117 1347 3204 1403 vel
3231 1340 3510 1399 extraneis
3536 1333 3808 1390 monacho

2955 1451 2987 1459 ·λ
3090 1447 3104 1459 -
3174 1443 3187 1454 ·
3245 1457 3282 1459 -—
3333 1437 3561 1459 --ε--ιιιηα
3605 1431 3683 1459 ..-ς
3724 1429 3804 1459 ιεαγ

521 1479 710 1536 vitutis
742 1475 999 1532 astrictus
1040 1479 1145 1538 est,
1185 1469 1288 1523 nisi
1321 1464 1570 1522 dominus
1597 1457 1814 1515 vincula
1843 1457 1958 1528 ejus
1999 1455 2108 1510 dis-

2211 1465 2468 1523 collatum
2513 1429 2699 1524 fuerit,
2751 1469 2859 1510 non
2891 1451 2994 1506 erit
3025 1447 3124 1503 sub
3169 1443 3291 1513 jure
3332 1437 3565 1510 privatae
3605 1431 3686 1486 rei
3724 1429 3809 1483 ha-

521 1571 762 1635 solverit,
806 1580 1151 1639 nequaquam
1196 1559 1539 1630 recipiendus
1566 1564 1684 1620 est;
1719 1553 1980 1622 scriptum
2026 1553 2112 1602 est

2244 1557 2464 1618 endam,
2500 1552 2595 1608 sed
2621 1522 2972 1618 invpotestate
2993 1536 3206 1595 abbatis
3233 1534 3289 1589 in
3319 1541 3624 1586 commune
3659 1522 3808 1577 reda-

521 1665 670 1722 enim
695 1681 708 1718 :
740 1663 872 1729 Qui:
902 1658 1099 1714 dimisit
1121 1670 1379 1725 onagrum
1405 1649 1664 1704 liberum?
1688 1655 1735 1701 et
1760 1641 1971 1699 uincula
1997 1639 2110 1709 ejus

521 1756 639 1828 quis
661 1753 813 1810 solvit
837 1750 982 1824 (Job.
1015 1746 1252 1817 xxxrx)?
1281 1743 1495 1812 Onager
1519 1740 1666 1795 enim
1689 1737 1826 1791 liber
1855 1732 2115 1788 dimissus

527 1846 830 1904 monachus
859 1850 974 1907 est,
1011 1840 1130 1893 sine
1174 1834 1454 1891 dominatu
1492 1839 1546 1886 et
1576 1827 1963 1900 impedimento
2011 1836 2112 1876 saa-

2213 1658 2381 1714 ctum,
2417 1645 2504 1701 cui
2549 1653 2773 1697 necesse
2801 1635 2910 1692 erit
2942 1631 3270 1704 praebeatur.
3316 1618 3626 1677 Monachus
3672 1613 3809 1668 enim

2216 1703 2481 1816 quidqttid
2533 1733 3018 1807 quomodocunque
3064 1718 3329 1790 acquirit,
3378 1728 3489 1768 non
3537 1707 3672 1769 sibi,
3725 1703 3810 1758 sed

2221 1810 2555 1894 monasterio
2585 1827 2840 1900 acquirit.
2883 1821 3074 1877 Nullus
3111 1810 3462 1886 peculiariter
3503 1810 3810 1872 separatam

527 1936 636 1995 culi
663 1936 775 1992 Deo
804 1933 1047 1990 serviens
1069 1937 1126 1985 et
1153 1943 1184 1982 a
1213 1925 1383 1982 turbis
1411 1929 1688 1986 remotus;
1719 1927 1852 1973 tunc
1877 1915 2022 1969 enim
2054 1911 2117 1966 li-

2244 1929 2323 1984 ;ibi
2345 1927 2412 1982 ad
2436 1892 2790 1980 habitandum
2812 1913 3062 1971 cell’ulam
3083 1911 3325 1977 expetat,
3350 1901 3403 1955 in
3426 1913 3537 1968 qua
3563 1892 3810 1965 privatim

526 2029 662 2086 bera
701 2025 963 2082 servitute
992 2021 1102 2076 Deo
1132 2018 1362 2089 quisque
1391 2011 1698 2074 famulatur,
1740 2006 1957 2079 quando
2001 2002 2121 2058 nul-

527 2119 635 2176 lius
663 2115 899 2174 carnalis
919 2111 1247 2170 conditionis
1271 2107 1509 2179 pondere
1531 2102 1834 2176 premitur:
1856 2098 1949 2154 ubi
1973 2097 2121 2154 enim

522 2212 638 2284 jam
661 2225 826 2268 suave
841 2207 1055 2281 jugum,
1078 2215 1134 2262 et
1153 2205 1270 2260 leve
1290 2216 1426 2257 onus
1445 2197 1647 2256 Christi
1672 2204 1755 2252 est
1774 2193 1992 2265 (Matth.
2018 2189 2119 2261 χι),

530 2283 724 2364 durum
735 2312 792 2360 et
803 2316 966 2375 grave
979 2308 1063 2356 est
1082 2305 1302 2370 portare
1317 2293 1594 2350 servilium
1618 2287 1820 2348 εωοιιιὶε
1849 2283 2124 2340 Habemus

529 2399 637 2457 hoc
661 2395 970 2466 exemplum
999 2393 1164 2446 etiam
1195 2390 1249 2442 in
1271 2389 1388 2456 lege
1412 2381 1691 2446 mundiali,
1721 2379 1814 2434 ubi
1843 2375 1985 2432 servi
2016 2389 2125 2428 non

531 2491 772 2547 militant
798 2465 902 2541 nisi
935 2483 1198 2539 servitute
1231 2478 1497 2548 deposita.
1541 2473 1600 2528 Si
1639 2472 1762 2543 quis
1791 2469 1907 2524 vult
1937 2465 2127 2535 conju-

533 2589 693 2655 gatus
711 2576 955 2634 converti
982 2574 1049 2629 ad
1071 2570 1487 2633 monasterium,
1513 2581 1620 2622 non
1641 2571 1728 2620 est
1756 2559 2124 2632 recipiendus,

535 2646 642 2729 nisi
685 2670 836 2741 prius
879 2683 911 2723 a
954 2662 1183 2735 conjuge
1211 2656 1587 2716 castimoniam
1632 2653 1921 2725 profitente
1961 2646 2132 2702 fuerit

538 2763 818 2822 absolutus
847 2778 860 2815 :
892 2773 1018 2814 nam
1059 2756 1106 2812 si
1133 2754 1244 2819 illa,
1274 2752 1488 2806 vivente
1516 2747 1627 2812 illo,
1655 2760 1754 2816 per
1785 2741 2134 2798 incontinen-

539 2859 674 2914 tiam
724 2851 881 2909 alteri
929 2847 1214 2918 nupserit,
1259 2857 1398 2897 uxor
1429 2836 1632 2910 'procul
1681 2834 1846 2890 dubio
1885 2829 2132 2886 adultera

521 2948 666 3015 erit,
696 2961 798 3001 nec
825 2941 1083 3012 recipitur
1112 2936 1255 3008 apud
1297 2934 1468 2988 Deum
1509 2926 1776 3001 ejusmodi
1817 2920 2129 2984 conversio,

539 3011 706 3111 quam
759 3011 1004 3106 sequitur
1047 3027 1349 3100 coniugalis
1403 3023 1528 3078 fidei
1581 3018 1912 3091 prostitutio.
1974 3011 2136 3069 Tales

540 3110 672 3189 tunc
710 3131 828 3187 sine
856 3127 1012 3199 culpa
1049 3129 1351 3195 sequuntur
1378 3117 1568 3173 relicto
1595 3113 1795 3170 saeculo
1823 3110 2130 3171 Christum,

542 3229 591 3284 si
627 3225 861 3282 habeant
895 3219 1122 3298 ex_pari
1168 3215 1449 3270 voluntate
1477 3220 1802 3264 consensum
1842 3199 2133 3257 castitatis.

2222 2038 2252 2077 a
2269 2028 2414 2077 cmtu
2437 2025 2680 2073 remotus
2707 2012 2874 2072 vivat,
2898 2014 3098 2076 praeter
3109 2015 3231 2056 eum
3254 1995 3347 2066 qui
3370 1992 3615 2046 fortasse
3638 1985 3812 2041 morbo

2221 2110 2308 2166 vel
2331 2115 2494 2164 mtate
2515 2104 2781 2167 defessus,
2813 2073 2918 2154 hoc
2941 2111 3005 2151 ex
3030 2089 3274 2149 consulto
3298 2085 3480 2140 Patris
3501 2073 3816 2136 monasterii

2227 2480 2391 2535 lulam
2421 2494 2452 2532 a
2482 2486 2626 2532 emtu
2655 2479 2898 2542 remotus
2921 2467 3023 2523 sibi
3047 2469 3288 2533 expetat,
3315 2460 3370 2514 in
3394 2473 3504 2527 qua
3535 2456 3646 2510 sub
3665 2451 3818 2507 studio

2230 2569 2554 2628 reclusionis
2583 2575 2681 2623 aut
2704 2563 2926 2620 instanti
2954 2559 3067 2615 otio
3098 2563 3190 2610 aut
3210 2551 3398 2608 latenti
3431 2549 3578 2603 vitio
3606 2547 3818 2606 serviat,

2231 2670 2285 2718 et
2331 2661 2570 2716 maxime
2621 2669 2776 2711 vanze
2830 2651 3016 2724 gloria:
3067 2655 3161 2702 aut
3204 2641 3502 2698 mundialis
3557 2635 3822 2708 opinionis

2234 2755 2412 2810 famae.
2463 2752 2600 2808 Nam
2649 2748 2894 2822 plerique
2922 2742 3152 2816 proinde
3193 2736 3391 2796 reclusi
3423 2735 3609 2789 latere
3657 2731 3822 2786 volunt

2235 2856 2295 2902 ut
2327 2851 2597 2917 pateant:
2643 2848 2704 2896 ut
2752 2839 2843 2910 qui
2893 2836 3029 2891 viles
3082 2839 3238 2888 erant
3279 2836 3372 2883 aut
3436 2825 3825 2897 ignorabantur

2238 2941 2369 2995 foris
2403 2937 2590 3010 positi,
2618 2934 2863 2990 sciantur
2891 2937 3054 3000 atque
3079 2926 3418 2981 honorentur
3441 2917 3676 2973 inclusi.
3711 2915 3826 2969 Nam

2238 3007 2427 3087 revera
2454 3025 2633 3084 omnis
2658 3025 2750 3096 qui
2788 3030 3010 3094 propter
3035 3019 3159 3074 vitae
3191 3016 3426 3087 quietem
3457 3027 3490 3064 a
3516 3010 3706 3064 turbis
3738 3007 3828 3062 dis-

2241 3126 2404 3191 cedit,
2441 3129 2645 3194 quanto
2671 3117 2846 3188 magis
2879 3131 2910 3168 a
2941 3113 3158 3186 publico
3187 3113 3511 3179 separatur,
3558 3113 3723 3156 tanto
3749 3100 3829 3153 mi-

2245 3234 2347 3272 nus
2370 3217 2519 3270 latet.
2539 3212 2765 3282 Oportet
2787 3223 2917 3279 ergo
2942 3205 3075 3260 tales
3104 3205 3159 3259 in
3182 3208 3370 3258 sancta
3393 3197 3674 3253 societate
3700 3206 3832 3248 com-

544 3321 650 3391 Qui
675 3317 880 3389 ειιίιιυίά
918 3313 1180 3370 habentes
1226 3307 1280 3361 ί¹¹
1319 3302 1516 3360 Simulo
1554 3303 1945 3391 οοηγθιῖιυιιιιιν
1967 3333 1980 3359 ν
2026 3304 2136 3345 non
2163 3291 2207 3353 Ο
2240 3306 2463 3371 morari,
2495 3313 2656 3374 atque
2671 3301 2772 3357 sub
2793 3297 3103 3355 testimonio
3127 3295 3294 3349 vitam
3314 3305 3469 3346 suam
3494 3287 3829 3357 transigere:

545 3390 873 3471 extollantur
911 3407 958 3463 si
987 3403 1053 3459 de
1084 3401 1197 3457 suis
1235 3395 1581 3453 facultatibus
1618 3390 1981 3462 quodcunque
2013 3401 2132 3440 mo-

547 3505 790 3565 nasterio
817 3498 1195 3561 contulerunt;
1225 3493 1321 3550 sed
1347 3491 1527 3562 potius
1547 3487 1775 3542 timeant
1800 3501 1868 3538 ne
1895 3496 1992 3552 per
2020 3480 2139 3534 haec

553 3602 610 3657 in
641 3596 953 3670 superbiam
979 3591 1233 3646 labantur
1253 3593 1308 3643 et
1337 3590 1582 3657 pereant,
1615 3578 1810 3650 quibus
1839 3573 2033 3629 melius
2059 3586 2142 3626 es-

549 3703 652 3760 set,
700 3667 750 3748 si
779 3685 987 3744 divitiis
1026 3683 1143 3740 suis
1185 3695 1310 3736 cum
1348 3675 1651 3734 humilitate
1699 3672 1753 3726 i'n
1781 3667 1980 3725 saaculo
2018 3680 2144 3736 per-

551 3788 862 3842 fruercntur
881 3821 896 3846 ,
929 3792 1090 3848 quam
1124 3782 1186 3828 ut
1211 3772 1327 3842 jam
1352 3781 1619 3840 pauperes
1647 3762 1826 3818 efl'ecti
1855 3761 1922 3816 de
1952 3770 2143 3814 earum

555 3875 939 3938 distributione
977 3871 1211 3927 elatione
1260 3862 1528 3934 superbire
1565 3856 1916 3914 extollantur.
1956 3849 2024 3905 lli
2051 3848 2145 3920 qui

559 3968 745 4026 saeculi
770 3963 986 4020 divitias
999 3961 1370 4028 relinquentes
1385 3949 1636 4008 conversi
1664 3954 1810 4012 sunt,
1838 3959 1947 3999 non
1968 3940 2147 4010 despi-

559 4065 710 4120 ciant
744 4073 837 4115 eos
870 4055 963 4126 qui
1007 4054 1074 4108 de
1116 4056 1439 4122 paupertate
1483 4048 1790 4105 venerunt;
1839 4037 1964 4108 quia
2007 4033 2147 4106 apud

557 4159 732 4214 Deum
758 4152 921 4208 unius
945 4145 1153 4203 ordinis
1180 4143 1447 4197 habentur
1478 4151 1668 4194 omnes
1691 4134 1786 4204 qui
1821 4137 2150 4187 convertun-

558 4261 652 4308 tur
683 4249 752 4305 ad
781 4243 1078 4301 Christum.
1111 4235 1294 4306 Neque
1325 4234 1472 4290 enim
1500 4228 1680 4285 differt
1703 4236 1884 4282 utrum
1911 4240 1978 4280 ex
2005 4222 2149 4293 inopi

559 4341 648 4400 vel
677 4337 863 4398 servili
893 4333 1201 4390 conditione
1243 4329 1311 4383 ad
1359 4324 1642 4383 servitium
1681 4321 1774 4377 Dei
1804 4318 2033 4390 quisque
2069 4331 2152 4370 ve-

561 4434 727 4501 nerit,
773 4447 846 4487 an
871 4442 940 4484 ex
979 4437 1241 4499 generosa
1268 4428 1324 4476 et
1363 4415 1628 4487 locuplete
1653 4414 1786 4468 vita.
1819 4410 1972 4465 Multi
2004 4408 2152 4464 enim

564 4543 634 4584 ex
650 4523 866 4595 plebeio
912 4497 1080 4576 censu
1108 4509 1448 4570 documentis
1490 4507 1754 4561 virtutum
1794 4499 2010 4556 eximiis
2039 4497 2155 4553 eni-

565 4625 776 4680 tentes,
825 4611 1168 4685 praelatiores
1223 4603 1493 4660 nobilibus
1546 4597 1676 4654 facti
1739 4604 1902 4660 sunt,
1949 4605 2154 4660 eosque

2240 3408 2301 3454 ut
2326 3400 2372 3454 si
2410 3395 2542 3468 quid
2570 3396 2626 3449 in
2661 3394 2743 3449 eis
2771 3392 3026 3447 vitiorum
3056 3395 3162 3452 est,
3199 3385 3327 3440 dum
3355 3397 3465 3437 non
3494 3379 3729 3440 celatur,
3754 3390 3837 3430 cu-

2243 3501 2426 3557 retur;
2458 3490 2504 3545 si
2531 3484 2664 3557 quid
2697 3499 2826 3540 vero
2857 3483 3141 3542 virtutum,
3177 3477 3244 3531 ad
3275 3474 3675 3530 imitamentum
3705 3481 3836 3536 pro.

2246 3584 2394 3640 ficiat
2431 3581 2684 3643 aliorum,
2713 3577 2844 3632 dum
2885 3571 3209 3630 humilitatis
3245 3582 3437 3623 eorum
3471 3562 3730 3634 exempla
3756 3559 3835 3613 alii

2245 3683 2586 3740 contuentes,
2612 3670 2954 3728 erudiuntur.
2981 3667 3170 3721 Nullus
3190 3663 3588 3719 monachorum
3623 3658 3834 3730 ιπορίι-

2246 3769 2473 3841 quitatis
2505 3779 2669 3822 causa
2698 3761 2936 3818 terrenis
2960 3758 3106 3814 curis
3132 3773 3192 3813 se
3222 3755 3439 3811 subdat.
3486 3749 3832 3822 Sequendum

2248 3869 2332 3917 est
2355 3860 2522 3924 enim,
2547 3857 2642 3928 qui
2667 3853 2801 3910 dicit
2823 3852 2967 3924 patri
3005 3865 3104 3905 suo
3132 3857 3189 3904 et
3211 3847 3374 3903 matri
3405 3846 3599 3901 nescio
3633 3857 3769 3905 vos;
3795 3849 3836 3892 et

2248 3953 2511 4011 fratribus
2539 3949 2653 4005 suis
2694 3949 2887 4018 ignoro
2928 3945 3070 4009 illos,
3123 3951 3179 3999 et
3209 3940 3525 3996 nescierunt
3578 3937 3750 4002 ﬁlios,
3793 3934 3838 3989 hi

2251 4047 2627 4104 custodierunt
2669 4041 2948 4112 eloquium
2979 4047 3163 4103 tuum,
3195 4044 3251 4091 et
3277 4041 3554 4106 praecepta
3601 4042 3840 4086 servave-

2254 4150 2401 4197 runt.
2432 4138 2584 4194 Multi
2624 4137 2770 4192 enim
2801 4133 3214 4194 monachorum,
3241 4126 3400 4196 juxta
3431 4124 3729 4195 cujusdam
3757 4121 3840 4176 Pa-

2257 4234 2355 4289 tris
2376 4231 2725 4295 sententiam,
2750 4242 2937 4283 amore
2958 4233 3243 4296 parentum
3260 4219 3624 4276 saecularibus
3650 4215 3845 4271 acritas

2254 4335 2310 4382 et
2351 4325 2658 4382 forensibus
2704 4321 2938 4396 negotiis
2986 4317 3232 4380 involuti,
3278 4316 3404 4370 dum
3454 4305 3846 4383 propinquitati

2254 4420 2512 4489 prodesse
2557 4417 2800 4487 cupiunt,
2834 4429 2963 4470 suas
3003 4412 3215 4467 animas
3251 4407 3640 4480 perdiderunt.
3693 4403 3846 4457 Nm

2255 4511 2442 4582 quippe
2469 4507 2702 4562 militans
2732 4506 2840 4561 Deo
2875 4504 3106 4576 implicat
3131 4518 3185 4556 se
3217 4500 3438 4572 negotiis
3478 4495 3845 4552 saeviatis“,

2256 4611 2315 4656 ut
2345 4601 2393 4656 ei
2416 4601 2618 4672 placeat
2659 4600 2744 4654 cui
2773 4617 2827 4653 se
2859 4597 3094 4668 probauit
3124 4592 3213 4666 (II
3239 4591 3375 4646 Tim.
3411 4589 3498 4661 ιι).
3529 4588 3773 4644 Proinde
3805 4593 3849 4637 et

566 4712 830 4767 virtutum
867 4701 1185 4761 excellentia
1210 4700 1592 4769 prawenerunt
1610 4733 1624 4756 ,
1654 4699 1710 4745 et
1737 4689 2009 4759 quierant
2027 4699 2136 4738 con

2259 4709 2360 4748 nos
2387 4669 2546 4748 liberi
2589 4693 2656 4747 ab
2695 4691 2907 4746 actibus
2938 4687 3120 4744 saeculi
3149 4700 3271 4742 esse
3297 4683 3581 4744 debemus,
3616 4687 3685 4735 ut
3714 4677 3850 4734 Chri-

571 4802 780 4859 ditione
822 4795 1014 4861 infimi,
1059 4790 1287 4847 virtutis
1317 4787 1516 4842 merito
1566 4781 1746 4838 effecti
1798 4787 1924 4834 sunt
1972 4775 2154 4848 primi.

571 4895 708 4951 Nam
737 4899 1028 4964 propterea
1052 4883 1266 4953 inﬁrma
1291 4875 1644 4945 mundielegit
1669 4871 1833 4936 Deus,
1861 4877 1917 4922 ut
1939 4866 2160 4936 confun-

573 4991 716 5044 deret
748 4983 908 5054 {ortia
930 4993 947 5030 :
971 4986 1017 5032 et
1043 4971 1295 5047 ignobilia
1317 4967 1533 5033 mundi,
1565 4975 1614 5020 et
1642 4981 1705 5018 ea
1734 4979 1851 5035 qua:
1878 4977 1982 5015 non
2013 4967 2159 5023 sunt,

576 5093 630 5138 ut
657 5097 718 5135 ea
753 5093 870 5149 qua:
890 5079 1012 5129 sunt
1035 5074 1307 5125 euacuaret
1324 5078 1341 5117 :
1360 5072 1416 5118 ut
1440 5077 1544 5116 non
1571 5058 1826 5131 glorietur
1847 5055 2014 5111 omnis
2040 5068 2163 5107 caro

573 5178 628 5231 in
657 5145 933 5242 conspectu
969 5166 1085 5236 ejus
1131 5161 1187 5232 (Ι
1216 5157 1341 5215 Cor.
1389 5155 1452 5228 ι).
1499 5154 1602 5221 Qui
1645 5169 1713 5208 ex
1742 5156 2063 5222 paupertate
2092 5145 2161 5200 ad

574 5241 965 5321 monasterium
985 5255 1227 5318 veniunt,
1250 5265 1360 5305 non
1382 5246 1714 5304 extollantur
1734 5245 1788 5299 in
1814 5241 2157 5313 superbiam;

577 5357 702 5428 quia
731 5372 789 5411 se
818 5354 892 5409 ibi
922 5347 1158 5420 aequales
1184 5342 1455 5414 aspiciunt
1497 5339 1564 5396 iis
1592 5339 1686 5408 qui
1716 5335 1920 5407 aliquid
1972 5334 2026 5389 in
2058 5347 2162 5388 sae-

533 5474 539 5479 ·
581 5426 704 5506 culo
735 5447 1056 5501 videbantur
1090 5460 1102 5496 :
1139 5451 1314 5508 neque
1339 5434 1486 5491 enim
1513 5433 1737 5504 dignum
1760 5438 1845 5485 est
1876 5437 1937 5482 ut
1969 5427 2059 5483 ubi
2087 5426 2167 5481 di-

581 5542 746 5604 vites,
787 5533 1105 5592 celsitudine
1132 5529 1374 5599 deposita
1403 5522 1673 5587 saeculari,
1711 5521 1781 5576 ad
1803 5519 2166 5575 humilitatem

585 5629 940 5692 descendunt,
986 5625 1061 5681 ibi
1113 5636 1378 5694 pauperes
1427 5617 1665 5673 elatione
1714 5613 1912 5670 mentis
1949 5609 2168 5682 superbi
2257 5627 2266 5636 ’

586 5721 918 5783 efﬁciantur;
959 5714 1156 5786 quibus
1196 5719 1408 5782 oportet
1435 5718 1514 5772 ut,
1548 5706 1790 5777 deposita
1831 5705 2166 5776 arrogantia,

586 5812 865 5875 humiliter
891 5810 1106 5882 sapiant
1140 5819 1360 5876 suaeque
1383 5802 1719 5876 paupertatis
1748 5810 1801 5857 et
1834 5799 2028 5869 inopiae
2058 5814 2169 5854 me—

583 5922 768 5967 mores
794 5905 1010 5974 se'mper
1037 5898 1293 5955 existant.

2260 4795 2346 4843 sto
2373 4785 2687 4856 placeamus
2723 4804 2736 4838 :
2768 4800 2894 4838 nam
2920 4791 2974 4837 et
3002 4781 3095 4852 qui
3124 4779 3328 4835 mundo
3363 4775 3647 4841 militant,
3682 4790 3713 4828 a

2262 4885 2384 4955 quis
2410 4881 2592 4939 δευουιὶ
2629 4881 2859 4952 negotiis
2883 4885 3108 4940 vacant,
3139 4884 3199 4930 ut
3222 4871 3460 4944 expediti
3493 4885 3598 4926 suo
3631 4864 3854 4942 principi

2263 4977 2531 5047 placeant.
2579 4973 2696 5029 Non
2733 4980 2818 5029 est
2866 4969 3304 5042 pratsumendum
3357 4965 3481 5020 sine
3529 4956 3860 5018 conscienti:

2267 5068 2479 5124 abbatis
2507 5067 2694 5139 egenis
2732 5065 2818 5121 vel
2867 5063 3197 5135 quibuslibet
3236 5058 3489 5116 conferre
3526 5057 3595 5112 de
3628 5071 3700 5113 eo
3730 5052 3860 5124 quid

2265 5160 2500 5233 regulari
2531 5158 2936 5230 dispensatione
2961 5156 3205 5212 noscitur
3224 5152 3531 5208 monachus
3551 5150 3862 5221 possidere:

2266 5269 2369 5310 nec
2397 5270 2522 5310 cum
2549 5254 2655 5308 alio
2680 5252 2848 5307 fratre
2863 5249 3140 5321 quidpiam
3167 5253 3534 5309 commutare,
3563 5243 3674 5298 nisi
3705 5240 3866 5295 abbas

2267 5347 2355 5403 vel
2387 5345 2711 5416 praepositus
2735 5343 2810 5398 illi
2827 5341 3077 5410 jusserit,
3108 5337 3241 5394 nulli
3266 5335 3476 5400 licebit,
3508 5349 3612 5388 nec
3654 5329 3869 5387 habebit

2269 5438 2566 5510 quidquam
2596 5442 2796 5506 praeter
2829 5431 2922 5489 illa
2951 5447 3074 5504 quae
3101 5427 3374 5487 communi
3407 5425 3737 5483 monasterii
3759 5421 3868 5490 les?

2272 5545 2534 5588 concessa
2559 5535 2704 5585 sunt.

2875 5616 3107 5675 CAPUT
3161 5616 3251 5672 Vl.

2726 5715 2799 5769 De
2833 5729 2986 5784 apere
3023 5711 3423 5767 monachorum.

2349 5814 2646 5872 Monachus
2680 5823 2895 5878 semper
2927 5815 3186 5878 operetur
3223 5804 3476 5861 manibus
3517 5801 3677 5866 suis,
3703 5801 3788 5856 ita
3827 5801 3879 5850 ω

2274 5906 2610 5980 quibuslibet
2657 5901 2824 5957 variis
2861 5899 3118 5971 opificum
3151 5897 3361 5954 artibus
3395 5893 3716 5974 laborisque
3767 5897 3886 5946 sm-
