3972 6328
168 360 266 418 αιι

777 363 1004 423 CODEX
1045 363 1499 423 REGULABUM.
1538 395 1611 409 -—-
1641 363 1823 422 PARS
1855 363 1919 422 ll.
1962 367 2264 426 REGULE
2303 369 2406 427 PP.
2449 368 2809 430 OCClDENT.

3349 379 3458 438 56!

171 481 322 536 dium
362 495 521 536 suum
559 481 874 552 impendat,
904 499 1141 554 sequens
1165 483 1516 556 Apostolum,
1550 486 1644 556 qui
1674 483 1759 540 di-
1789 482 1842 545 Α
1865 497 1995 556 ergo
2053 504 2280 559 corpore
2307 531 2321 555 ,
2379 490 2546 546 animi
2608 490 2714 544 fixa
2767 490 2820 545 in
2881 490 3052 547 Deum
3108 495 3454 566 intentione;

171 575 248 632 cit
275 593 290 630 :
329 574 514 647 Neque
545 593 731 646 panem
761 579 929 647 gratis
960 579 1394 634 manducavimus
1421 621 1436 645 ,
1469 580 1560 634 sed
1593 579 1649 634 in
1677 579 1760 633 la-

169 669 292 724 bore
317 677 366 722 et
387 667 698 738 fatigatione
720 679 867 724 nocte
892 680 939 724 et
965 671 1049 726 die
1072 681 1343 743 operantes
1366 670 1453 743 (II
1475 671 1626 726 Thes.
1649 671 1757 745 ιιι).

166 761 233 818 Et
285 761 529 817 iterum:
575 760 680 827 Qui
729 779 834 818 non
882 764 992 819 vult
1038 769 1277 837 operari,
1330 784 1432 821 non
1480 767 1759 823 manducet

171 852 391 924 (lbid.).
422 852 528 908 Per
556 855 729 908 otium
759 856 906 910 enim
935 855 1180 913 libidinis
1207 868 1263 913 et
1292 859 1578 914 noxiarum
1609 859 1758 931 cogi-

169 945 440 1000 tationum
473 948 809 1002 nutrimenta
840 960 1239 1016 concrescunt;
1273 969 1370 1023 per
1398 953 1602 1008 laboris
1628 969 1758 1009 vero

163 1035 486 1090 exercitium
518 1037 648 1091 vitia
680 1039 1035 1096 nihilominus
1065 1042 1376 1098 elabuntur.
1405 1043 1755 1116 Nequaquam

163 1125 325 1182 debet
360 1127 660 1183 monachus
700 1130 978 1200 dedignari
1021 1133 1230 1188 versari
1267 1135 1325 1190 in
1365 1150 1532 1205 opere
1572 1135 1756 1206 aliquo

161 1219 484 1274 monasterii
535 1221 725 1276 usibus
776 1225 1109 1279 necessario.
1162 1223 1296 1278 Nam
1332 1233 1389 1280 et
1425 1226 1756 1302 patriarcha:

162 1325 357 1382 greges
398 1321 705 1382 paverunt;
749 1323 804 1368 et
846 1316 1078 1385 gentiles
1117 1316 1423 1388 philosophi
1453 1327 1670 1376 sutores
1699 1327 1754 1375 et

163 1412 405 1460 sartores
433 1405 656 1462 fuerunt
683 1425 696 1461 :
731 1416 786 1462 et
813 1406 1011 1480 Joseph
1036 1411 1248 1480 justus,
1282 1412 1371 1466 cui
1400 1412 1554 1483 virgo
1584 1411 1752 1469 Maria

163 1495 492 1565 desponsata
537 1498 779 1565 exstitit,
814 1499 967 1556 faber
995 1498 1259 1557 ferrarius
1303 1501 1425 1556 fuit.
1471 1502 1752 1573 Siquidem

161 1599 219 1645 et
257 1590 450 1646 Petrus
489 1593 740 1664 princeps
777 1595 1144 1664 apostolorum
1185 1597 1474 1668 piscatoris
1515 1596 1752 1653 oflicium

161 1684 365 1754 gessit,
397 1695 452 1741 et
492 1701 684 1742 omnes
713 1689 943 1758 apostoli
972 1690 1254 1761 corporale
1281 1707 1418 1762 Opus
1443 1691 1716 1748 faciebant
1735 1735 1750 1759 ,

161 1773 306 1830 unde
344 1777 515 1833 vitam
553 1781 799 1851 corporis
836 1783 1238 1839 sustentabant.
1285 1783 1340 1838 Si
1382 1787 1548 1856 igitur
1583 1795 1751 1841 tantae

162 1869 508 1926 auctoritatis
555 1872 806 1927 homines
856 1873 1135 1929 laboribus
1184 1885 1239 1930 et
1289 1878 1544 1946 operibus
1590 1879 1756 1933 etiam

164 1962 458 2018 rusticanis
517 1965 919 2034 inservierunt,
980 1978 1185 2037 quanto
1241 1971 1415 2041 magis
1467 1971 1754 2037 monachi,

161 2068 300 2124 quos
330 2065 546 2127 oportet
577 2073 683 2112 non
714 2058 889 2114 solum
941 2060 1064 2115 vita:
1107 2077 1219 2116 suae
1264 2065 1579 2118 necessaria
1625 2079 1756 2134 pro-

161 2145 302 2215 priis
358 2149 613 2204 manibus
669 2150 967 2216 exhibere,
1028 2152 1124 2207 sed
1176 2154 1341 2208 etiam
1401 2155 1754 2225 indigentiam

164 2235 400 2294 aliorum
450 2239 728 2297 laboribus
774 2244 887 2298 suis
932 2243 1202 2300 reﬁcere?
1242 2245 1342 2312 Qui
1386 2247 1596 2304 viribus
1636 2265 1759 2304 cor-

161 2331 318 2401 poris
351 2339 408 2387 et
442 2333 758 2405 integritate
796 2335 988 2391 salutis
1023 2337 1362 2404 consistunt,
1396 2338 1440 2393 si
1490 2339 1542 2394 in
1590 2355 1755 2410 opere

159 2421 328 2476 otiosi
385 2432 540 2488 sunt,
602 2425 892 2495 dupliciter
944 2441 1172 2496 peccare
1223 2437 1568 2485 noscuntur:
1623 2433 1751 2500 quia

163 2529 276 2569 non
308 2513 482 2569 solum
524 2530 630 2570 non
673 2516 954 2586 laborant,
998 2519 1092 2574 sed
1131 2520 1297 2575 etiam
1343 2521 1477 2578 alios
1520 2524 1750 2592 vitiant,

161 2612 216 2659 et
251 2605 318 2659 ad
361 2605 719 2662 imitationem
770 2625 923 2664 suam
962 2611 1214 2667 invitant.
1263 2611 1558 2683 Propterea
1607 2617 1753 2671 enim

162 2697 400 2768 quisque
429 2700 496 2753 ad
523 2698 695 2755 Deum
724 2704 1060 2759 convertitur
1101 2712 1160 2759 ut
1202 2706 1252 2760 ei
1281 2707 1526 2763 serviens
1549 2708 1754 2765 laboris

165 2789 370 2846 habeat
393 2807 616 2861 curam,
647 2809 754 2849 non
785 2805 845 2850 ut
879 2797 992 2852 otio
1030 2798 1244 2854 deditus
1280 2801 1474 2855 inertia
1510 2802 1756 2874 pigritia-

163 2898 274 2955 que
301 2893 575 2954 pascatur.
611 2885 714 2954 Qui
744 2889 823 2944 sic
852 2889 1045 2944 volunt
1079 2889 1300 2954 lectioni
1328 2908 1527 2947 vacare
1557 2903 1618 2948 ut
1646 2909 1752 2949 non

162 2987 484 3046 operentur,
526 2979 629 3051 ipsi
668 2981 887 3038 lectioni
927 2993 1275 3041 contumaces
1314 2987 1589 3054 existunt,
1628 2989 1754 3060 quia

158 3084 275 3125 non
304 3068 515 3126 faciunt
543 3073 686 3142 quod
716 3072 789 3128 ibi
821 3075 1025 3147 legunt.
1054 3076 1132 3132 lbi
1163 3077 1307 3132 enim
1339 3079 1601 3148 scriptum
1630 3089 1751 3136 est:

159 3156 456 3231 Operantes
492 3180 648 3218 suum
678 3182 864 3236 panem
896 3169 1213 3224 manducent
1248 3167 1331 3241 (11
1363 3168 1517 3225 Thes.
1547 3171 1654 3243 lii).
1689 3172 1756 3228 Et

158 3253 413 3310 iterum:
457 3256 572 3328 Ipsi
622 3260 760 3313 enim
809 3261 953 3314 scitis
1002 3263 1264 3332 quomodo
1309 3272 1508 3332 oportet
1551 3264 1752 3319 imitari

160 3359 262 3398 nos
292 3384 307 3408 ,
338 3346 463 3415 quia
499 3363 603 3401 non
637 3348 857 3419 inquieti
893 3349 1089 3418 fuimus
1122 3352 1260 3405 inter
1295 3369 1424 3418 vos;
1463 3370 1624 3424 neque
1656 3371 1751 3426 pa-

154 3449 282 3489 rtem
309 3439 474 3506 gratis
516 3437 581 3490 ab
629 3437 805 3509 aliquo
847 3440 1312 3508 manducavimus,
1354 3443 1445 3497 sed
1482 3444 1538 3497 in
1573 3443 1752 3499 labore

153 3536 211 3582 et
256 3527 563 3599 fatigatione
606 3530 690 3584 die
736 3548 798 3585 ac
840 3543 988 3587 nocte
1030 3544 1338 3604 operantes,
1367 3552 1429 3588 ne
1469 3552 1620 3606 quem
1662 3553 1749 3590 ee-

154 3628 335 3674 strum
365 3636 693 3689 gravaremus
721 3622 934 3695 (Ibid.).
968 3625 1069 3692 Qui
1100 3642 1197 3696 per
1227 3627 1597 3682 infirmitatem
1625 3644 1750 3684 cor-

157 3711 325 3782 poris
353 3714 562 3782 operari
593 3730 697 3769 non
734 3725 963 3784 possunt
998 3718 1286 3772 humanius
1324 3719 1749 3790 clementiusque

75 3866 78 3869 _
162 3803 443 3857 tractandi
483 3812 644 3871 sunt;
685 3821 786 3860 nec
819 3815 1010 3862 contra
1049 3822 1144 3862 eos
1181 3809 1628 3863 murmurandqu
1667 3818 1752 3888 est

161 3896 237 3951 ab
272 3897 352 3952 eis
381 3898 473 3968 qui
504 3898 649 3954 vires
685 3899 965 3956 laborandi
1002 3900 1236 3968 habent,
1278 3902 1373 3956 sed
1409 3903 1578 3972 magis
1613 3917 1747 3956 con-

159 3987 450 4044 sulendum
481 3999 566 4045 est
597 3991 678 4046 eis
706 4007 844 4062 quos
873 3993 1056 4048 sciunt
1086 4008 1312 4064 corpore
1342 3993 1610 4049 infirmos.
1644 3993 1750 4064 ipsi

161 4090 353 4134 autem
389 4081 480 4150 qui
519 4097 626 4137 non
661 4092 922 4153 possunt,
962 4100 1056 4139 eos
1093 4085 1186 4156 qui
1235 4084 1483 4140 laborant
1525 4094 1582 4140 et
1625 4101 1750 4156 pos-

158 4179 324 4236 sunt,
354 4173 607 4228 meliores
635 4176 737 4230 sibi
764 4174 1141 4246 felicioresque
1169 4175 1458 4232 fateantur.
1491 4176 1592 4243 Qui
1620 4191 1749 4232 vero

157 4263 454 4334 languidus
492 4273 578 4320 est
616 4275 671 4320 et
703 4267 945 4323 laborem
984 4281 1208 4336 operum
1247 4267 1606 4336 corporalium
1631 4283 1750 4322 sus-

161 4357 346 4413 tinere
398 4373 504 4412 non
555 4368 778 4430 potest,
818 4359 1212 4416 consulendum
1257 4368 1341 4415 est
1379 4359 1484 4424 illi,
1541 4367 1596 4414 et
1632 4358 1750 4427 ejus

157 4450 457 4506 infirmitas
488 4453 841 4523 temperanda
866 4462 968 4509 est-
995 4453 1095 4520 Qui
1117 4467 1250 4508 vero
1272 4452 1390 4509 sani
1419 4460 1545 4506 sunt
1571 4461 1627 4508 et
1651 4451 1750 4506 fal-

155 4543 318 4608 lunt,
351 4543 538 4613 procul
568 4545 732 4600 dubio
760 4545 975 4601 dolendi
1003 4554 1166 4615 atque
1194 4545 1409 4616 lugendi
1436 4553 1590 4610 sunt,
1623 4545 1748 4614 quia

155 4651 279 4691 non
325 4650 587 4707 corpore,
635 4639 730 4693 sed
775 4638 960 4710 (quod
985 4639 1139 4709 pejus
1168 4637 1291 4709 est)
1334 4645 1512 4693 mente
1554 4638 1743 4708 mgroti

154 4737 296 4786 sunt
323 4746 338 4793 ;
370 4731 568 4802 quique
595 4732 700 4787 etsi
730 4733 982 4789 humanis
1010 4732 1183 4787 oculis
1210 4732 1456 4788 convinci
1486 4746 1594 4786 non
1623 4747 1747 4801 pos-

156 4828 336 4886 sunt,
367 4821 532 4877 Deum
563 4831 743 4879 tamen
775 4824 946 4880 latere
970 4841 1078 4879 non
1108 4832 1355 4894 possunt.
1389 4822 1550 4878 Tales
1581 4822 1746 4893 igitur

155 4921 260 4968 aut
298 4909 505 4969 ferendi
555 4923 714 4980 sunt,
762 4915 807 4970 si
854 4915 1118 4986 aegritudo
1166 4915 1336 4982 latet;
1387 4924 1480 4970 aut
1523 4915 1745 4970 distrin-

154 5003 363 5074 gendi,
397 5003 442 5058 si
473 5006 680 5061 sanitas
715 5014 918 5076 pateat.
962 5005 1209 5061 Monaebi
1247 5015 1534 5076 operantes
1570 5007 1742 5062 medi-

158 5093 274 5148 tari
326 5101 418 5147 aut
445 5095 676 5167 psallere
705 5095 939 5160 debent,
970 5103 1031 5148 ut
1068 5095 1322 5151 carminis
1355 5097 1618 5166 verbique
1649 5096 1745 5152 Dei

153 5185 534 5244 delectatione
567 5187 917 5244 consolentur
961 5188 1137 5259 ipsum
1183 5187 1446 5243 laborem.
1499 5187 1558 5242 Si
1603 5188 1748 5242 enim

155 5276 458 5332 saeculares
485 5277 741 5349 opifices,
782 5278 925 5333 inter
963 5279 1111 5348 ipsos
1132 5276 1346 5333 labores
1368 5292 1588 5332 suorum
1620 5291 1751 5347 ope-

156 5384 332 5432 rum,
380 5371 648 5426 amatoria
701 5371 990 5442 turpiaque
1037 5378 1259 5426 cantare
1305 5385 1413 5424 non
1462 5370 1746 5436 desinunt,

154 5469 337 5531 atque
373 5459 447 5515 ita
488 5461 681 5516 horam
709 5476 862 5516 suam
897 5461 950 5516 in
981 5462 1230 5516 cantibus
1256 5469 1312 5515 et
1339 5458 1534 5514 fabulis
1577 5459 1751 5531 impli-

154 5561 328 5618 cant,
371 5562 434 5609 ut
474 5555 543 5611 ab
585 5570 749 5625 opere
790 5571 982 5610 manus
1013 5569 1119 5609 non
1147 5554 1510 5610 subtraham:
1544 5565 1751 5624 quanto

1861 575 2048 645 sicque
2078 594 2270 634 manus
2299 580 2354 634 in
2382 595 2548 651 opere
2576 581 2901 652 implicanda
2929 591 3046 648 est,
3075 593 3136 638 ut
3164 598 3319 641 mens
3346 602 3456 644 non

1861 678 2143 724 avertatur
2170 687 2201 725 a
2229 670 2362 727 Deo.
2391 672 2634 743 Propriis
2662 684 2842 730 autem
2875 675 3210 746 temporibus
3236 686 3455 748 oportet

1860 763 2078 831 operari
2108 764 2438 819 monachum
2457 806 2472 831 ,
2504 773 2562 820 et
2591 767 2826 837 propriis
2851 767 3088 822 orationi
3119 767 3451 839 lectionique

1861 850 2196 907 incumbere.
2254 853 2430 909 Horas
2483 855 2628 909 enim
2684 854 2846 911 debet
2898 857 3102 913 habere
3151 858 3455 916 monachus

1859 959 2131 1016 congruas
2157 946 2224 999 ad
2257 946 2467 1019 singula
2499 949 2676 1004 oflicia
2701 950 3008 1020 deputatas.
3042 950 3237 1008 Patres
3266 961 3451 1009 autem

1856 1044 2165 1108 temporum
2211 1041 2325 1095 suis
2357 1041 2662 1112 quibusque
2691 1045 2945 1114 operibus
2979 1045 3162 1100 taliter
3192 1045 3451 1118 deputan-

1859 1138 1966 1185 tur.
1997 1129 2213 1186 AZstatc
2241 1133 2385 1187 enim
2415 1148 2447 1187 a
2475 1149 2637 1190 mane
2675 1150 2848 1206 usque
2892 1137 2960 1191 ad
3001 1136 3194 1192 horam
3236 1137 3453 1193 tertiam

1855 1221 2108 1278 laborare
2145 1231 2363 1294 Oportet
2389 1241 2404 1290 ;
2451 1240 2484 1279 a
2527 1226 2688 1281 tertia
2719 1236 2902 1284 autem
2929 1245 3104 1299 usque
3135 1230 3201 1283 ad
3233 1237 3447 1285 sextam

1853 1313 2072 1369 lectioni
2118 1331 2352 1381 vacare;
2391 1318 2588 1373 dehinc
2634 1335 2807 1389 usque
2868 1321 2937 1376 ad
2987 1337 3184 1376 nonam
3234 1323 3452 1393 requie-

1855 1421 2039 1468 scere;
2073 1416 2195 1476 post
2224 1423 2420 1463 nonam
2449 1419 2697 1466 autemus
2718 1426 2824 1482 que
2852 1413 2921 1468 ad
2952 1421 3164 1484 tempus
3192 1415 3454 1485 vesperti-

1854 1513 1982 1553 num
2030 1499 2225 1554 iterum
2266 1501 2504 1571 operari.
2547 1501 2668 1557 Alio
2702 1513 2885 1560 autem
2932 1513 3210 1577 tempore,
3242 1506 3296 1561 id
3329 1513 3450 1574 est,

1853 1598 2146 1658 autumno,
2177 1593 2388 1658 hieme,
2421 1594 2535 1648 sive
2578 1609 2739 1662 vere,
2780 1612 2810 1651 a
2838 1613 2998 1652 mane
3026 1614 3200 1668 usque
3227 1599 3293 1654 ad
3341 1608 3450 1655 ter-

1857 1682 1989 1736 tiam
2021 1683 2329 1754 legendum.
2363 1685 2492 1740 Post
2523 1686 2944 1744 celebrationem
2978 1690 3152 1744 tertiac
3182 1706 3356 1761 usque
3383 1691 3454 1747 ad

1856 1788 2052 1828 nonam
2104 1775 2460 1832 laborandum
2510 1786 2637 1845 est;
2691 1789 2816 1850 post
2866 1780 3218 1837 refectionem
3271 1792 3454 1839 autem

1784 1847 1832 1907 B
1859 1863 2060 1929 Nonm,
2109 1875 2202 1920 aut
2246 1869 2463 1938 operari
2512 1847 2758 1940 oportet,
2811 1881 2907 1925 aut
2937 1871 3146 1943 legere,
3181 1881 3275 1928 aut
3316 1889 3453 1929 sono

1859 1957 2009 2011 vocis
2039 1958 2242 2028 aliquid
2270 1962 2542 2016 meditari.
2575 1963 2920 2035 Qumcunque
2946 1977 3126 2021 autem
3155 1976 3454 2038 operantur

1863 2052 2115 2106 monachi
2146 2055 2401 2110 manibus
2431 2056 2577 2123 suis,
2608 2059 2902 2128 prteposito
2930 2059 3210 2127 deferant,
3242 2076 3444 2132 praepo-

1859 2143 1996 2198 situs
2023 2153 2206 2199 autem
2236 2146 2467 2218 principi
2512 2149 2904 2205 monachorum
2937 2170 2949 2205 :
2986 2151 3230 2223 nihilque
3267 2153 3452 2225 operis

1859 2235 2000 2303 apud
2033 2234 2235 2292 fratres
2268 2249 2581 2306 remaneat,
2622 2255 2690 2296 ne
2732 2240 3116 2299 sollicitudinis
3159 2245 3278 2315 ejus
3317 2261 3451 2303 cura

1859 2337 2097 2383 mentem
2125 2330 2193 2384 ab
2221 2330 2522 2389 intentione
2547 2335 3023 2409 contemplationis
3051 2345 3280 2393 avertat.
3310 2337 3453 2395 Hor-

1859 2425 1945 2473 tos
1972 2419 2182 2474 olerum
2211 2421 2296 2477 vel
2325 2433 2619 2494 apparatus
2649 2426 2900 2482 ciborum
2927 2429 3164 2498 propriis
3196 2430 3300 2486 sibi
3331 2446 3451 2486 ma-

1859 2509 2020 2565 nibus
2068 2510 2268 2568 fratres
2310 2525 2646 2582 exerceant;
2687 2517 3044 2575 azdificiorum
3087 2530 3268 2576 autem
3311 2537 3445 2578 con-

1857 2605 2126 2670 structio,
2175 2605 2262 2661 vel
2305 2607 2482 2663 cultus
2529 2624 2823 2680 agrorum,
2870 2610 2937 2665 ad
2985 2627 3120 2682 opus
3167 2627 3453 2670 servorum

1856 2696 2231 2764 pertinebunt.
2266 2698 2458 2754 Nullus
2489 2701 2793 2758 monachus
2823 2717 3009 2758 amore
3038 2704 3234 2774 privati
3267 2706 3452 2777 operis

1857 2785 2118 2859 illigetur,
2150 2789 2245 2844 sed
2287 2805 2480 2846 omnes
2521 2792 2577 2846 in
2617 2807 2908 2850 commune
2947 2794 3258 2854 laborantes
3295 2797 3449 2856 Patri

1857 2877 1977 2934 sine
2000 2880 2504 2938 obmurmuratione
2529 2882 3004 2956 obtemperabunt.
3031 2886 3277 2943 Monachi
3307 2902 3448 2960 prte-

1856 2971 2052 3042 positis
2101 2974 2216 3028 suis
2267 2974 2387 3030 sine
2431 2974 2541 3031 ulla
2593 2979 3024 3034 murmuratione
3068 2979 3449 3051 obtemperare

1859 3058 2093 3127 debent,
2123 3078 2193 3117 ne
2223 3062 2364 3119 forte
2410 3067 2803 3123 murmurando
2842 3079 3099 3139 pereant,
3145 3071 3304 3126 sicuti
3343 3085 3441 3141 pe-

1860 3151 2070 3208 rierunt
2120 3157 2211 3224 qui
2258 3156 2314 3210 in
2361 3156 2580 3214 deserto
2628 3173 3129 3218 murmuraverunt.
3189 3161 3248 3218 Si
3297 3163 3447 3219 enim

1856 3243 2099 3312 parvulis
2143 3246 2322 3301 adhuc
2367 3247 2422 3302 in
2464 3248 2583 3320 lege
2627 3259 2681 3306 et
2721 3253 2948 3308 rudibus
2989 3266 3336 3323 nequaquam
3366 3252 3450 3308 in-

1857 3335 2067 3391 dultum
2098 3345 2218 3402 est,
2249 3349 2455 3408 quanto
2483 3343 2658 3414 magis
2685 3343 2752 3398 iis
2773 3344 2865 3412 qui
2891 3343 3243 3413 perfectionis
3265 3341 3443 3414 legem

1852 3439 2247 3498 perceperunt,
2286 3447 2392 3487 non
2422 3441 2644 3502 parcet,
2681 3435 2724 3490 si
2756 3435 2886 3490 talia
2917 3433 3228 3507 gesserint?

2453 3522 2682 3580 CAPUT
2725 3524 2833 3580 Vll.

2348 3611 2426 3666 De
2459 3613 2720 3683 psallendi
2751 3615 2937 3685 oﬂicio.

1922 3697 1982 3754 In
2012 3699 2275 3770 psallendi
2307 3709 2490 3756 autem
2521 3701 2698 3759 ofﬁcio
2726 3703 2832 3758 ista
2859 3703 2964 3759 erit
2992 3702 3288 3759 discretio:
3315 3703 3447 3764 dato

1851 3789 1999 3845 enim
2031 3791 2287 3862 legitimis
2314 3794 2650 3865 temporibus
2679 3795 2834 3866 signo
2865 3795 2933 3851 ad
2962 3796 3125 3850 horas
3152 3796 3445 3853 canonicas

1853 3881 2189 3938 festinabunt
2245 3883 2444 3941 fratres
2491 3902 2614 3941 cum
2661 3887 3048 3958 properatione
3074 3928 3089 3954 ,
3135 3903 3326 3944 omnes
3371 3887 3444 3944 ad

1851 3975 2075 4029 chorum
2106 3985 2434 4032 occurrant:
2469 3978 2709 4050 nullique
2741 3989 2868 4036 ante
2895 3981 3173 4051 expletum
3203 3977 3442 4037 cilicium

1851 4064 2038 4120 licebit
2068 4066 2287 4137 egredi,
2320 4077 2520 4138 praeter
2547 4084 2671 4125 eum
2713 4085 2875 4142 quem
2905 4072 3204 4146 necessitas
3231 4079 3440 4127 natura

1851 4156 2194 4227 compulerit.
2259 4158 2634 4216 Recitantibus
2691 4170 2874 4217 autem
2933 4163 3214 4218 monachis
3244 4203 3260 4229 ,
3315 4170 3442 4234 post

1851 4252 2379 4307 consummationem
2420 4253 2757 4325 singulorum
2797 4256 3128 4326 psalmorum
3169 4257 3438 4327 prostrati

1850 4360 2041 4402 omnes
2083 4348 2265 4414 humi,
2297 4349 2504 4420 pariter
2545 4350 2878 4416 adorabunt,
2920 4349 3278 4416 celeriterque
3318 4363 3442 4405 sur-

1853 4445 2041 4508 gentes
2080 4437 2320 4507 psalmos
2351 4449 2641 4510 sequentes
2671 4438 2962 4509 incipient,
2994 4439 3294 4508 eodemque
3323 4453 3441 4492 mo-

1853 4529 1922 4583 do
1969 4544 2069 4600 per
2097 4529 2309 4598 singula
2339 4528 2512 4584 oflieia
2553 4529 2774 4585 facient.
2818 4529 3045 4597 Quando
3085 4528 3438 4586 celebrantur

1772 4591 1828 4654 Β
1851 4591 2473 4690 psalmorum-spiritalia
2497 4628 2862 4687 sacramenta,
2888 4618 3119 4692 refugiat
3140 4622 3442 4680 monachus

1854 4712 2031 4776 risus,
2076 4709 2162 4766 vel
2208 4709 2458 4776 fabulas;
2504 4711 2599 4768 sed
2643 4714 2749 4768 hoc
2786 4714 3076 4770 meditetur
3102 4715 3268 4773 corde
3291 4715 3440 4788 quod

1852 4803 2105 4876 psallitur
2147 4819 2262 4858 ore.
2315 4801 2373 4858 ln
2422 4804 2618 4870 tertia,
2666 4811 2821 4860 sexta
2849 4814 2904 4860 et
2932 4820 3075 4861 nona
3105 4815 3216 4862 tres
3241 4804 3437 4877 psalmi

1852 4896 2068 4951 dicendi
2121 4902 2286 4962 sunt,
2346 4894 2753 4965 responsorium
2800 4911 2999 4963 unum,
3052 4895 3313 4951 lectiones
3368 4909 3438 4950 ex

1853 4989 2039 5045 Veteri
2081 4987 2338 5059 Novoque
2379 4987 2729 5043 Testamento
2767 4988 2926 5045 duae:
2980 4985 3175 5042 deinde
3215 4984 3435 5053 laudes,

1850 5082 2084 5152 hymnus
2127 5089 2290 5150 atque
2330 5079 2526 5135 oratio.
2558 5079 2616 5134 ln
2649 5078 2970 5149 vespertinis
2999 5085 3181 5132 autem
3208 5073 3434 5142 ciliciis,

1849 5175 2026 5244 primo
2070 5173 2470 5239 lucernarium,
2504 5173 2696 5229 deinde
2729 5170 2927 5242 psalmi
2969 5170 3108 5234 duo,
3150 5181 3436 5238 responso-

1851 5271 1994 5325 rium
2038 5283 2241 5332 unum,
2283 5277 2339 5323 et
2379 5267 2594 5331 laudes,
2637 5274 2801 5335 atque
2842 5263 3019 5318 oratio
3060 5259 3287 5316 dicenda
3327 5267 3431 5315 est.

1851 5361 1981 5418 Post
2005 5361 2373 5430 vespertinum
2399 5370 2581 5415 autem
2608 5354 2948 5426 congregatis
2973 5352 3252 5419 fratribus,
3277 5366 3434 5422 opor-

1854 5467 1932 5514 tet
1969 5457 2054 5512 vel
2100 5455 2302 5526 aliquid
2341 5452 2627 5516 meditari,
2659 5449 2746 5504 vel
2783 5449 2850 5503 de
2886 5446 3206 5518 quibusdam
3235 5443 3434 5501 divina

1852 5549 2101 5607 lectionis
2154 5545 2544 5616 quaestionibus
2595 5541 2910 5611 disputare,
2961 5536 3290 5594 conferendo
3338 5535 3430 5607 pie

155 5645 345 5716 magis
385 5660 576 5702 servus
612 5645 852 5713 Christi,
882 5646 973 5717 qui
1017 5646 1095 5701 sic
1137 5643 1388 5700 manibus
1416 5646 1631 5714 operari
1661 5645 1754 5700 de-
1854 5654 2015 5714 atque
2061 5640 2371 5704 salubriter,
2425 5643 2740 5703 tantumque
2787 5630 3096 5688 meditando
3147 5629 3429 5703 disputan-

155 5740 290 5800 bet,
326 5747 387 5793 ut
411 5753 628 5810 semper
657 5739 872 5794 laudem
903 5739 997 5794 Dei
1027 5738 1082 5792 in
1109 5753 1206 5794 ore
1233 5735 1431 5793 habeat
1448 5777 1464 5803 ,
1491 5744 1546 5792 et
1569 5736 1750 5810 lingua

153 5831 291 5906 dua
326 5832 552 5904 psalmis
589 5844 646 5890 et
676 5835 891 5904 hymnis
918 5833 1216 5889 inserviat?
1247 5830 1630 5889 Laborandum
1667 5838 1753 5888 est

1853 5739 2028 5806 doque
2074 5731 2390 5796 immorari,
2439 5727 2788 5799 quoadusque
2831 5725 3167 5797 completorii
3216 5731 3431 5793 temws

1853 5828 2022 5898 possit
2063 5836 2376 5882 occurrere.
2403 5819 2544 5874 Ante
2585 5833 2833 5875 somnum
2873 5826 3084 5885 autem,
3123 5817 3268 5872 sicut
3308 5827 3428 5869 mos
