3972 6328
507 425 612 515 565

508 512 625 607 est,
656 544 877 609 peracto
905 534 1278 606 completorio,
1310 533 1589 589 valedictis
1628 532 1862 589 invicem
1908 528 2095 585 fratri-
2122 512 2174 589 Α

510 631 610 691 bus
629 669 644 697 ,
671 642 795 685 cum
823 620 972 682 omni
1000 624 1215 681 cautela
1242 632 1296 679 et
1323 621 1541 678 silentio
1563 620 1952 693 quiescendum
1976 627 2060 674 est
2076 659 2092 686 ,

512 734 794 793 usquequo
840 717 909 772 ad
958 715 1175 789 vigilias
1221 722 1601 786 consurgatur.
1652 711 1714 767 In
1765 711 2095 783 quotidianis

512 831 643 872 vero
682 812 874 870 oliiciis
914 810 1258 880 vigiliarum,
1288 804 1526 879 primum
1556 814 1668 861 tres
1696 804 1889 876 psalmi
1934 817 2097 861 cano-

515 906 625 963 nici
669 903 931 959 recitandi
974 908 1130 968 sunt,
1162 900 1355 955 deinde
1385 907 1497 953 tres
1529 897 1708 952 missae
1735 896 2062 967 psalmorum
2081 934 2098 962 ,

517 1005 714 1070 quarta
740 995 1075 1051 canticorum
1095 1032 1111 1059 ,
1138 991 1329 1063 quinta
1357 982 1748 1045 matutinorum
1779 984 2096 1042 ciliciorum.

516 1092 579 1149 In
606 1090 904 1148 Dominicis
932 1101 1061 1142 vero
1100 1083 1319 1148 diebus,
1350 1079 1435 1139 vel
1474 1080 1861 1137 festivitatibus
1898 1088 2103 1150 marty-

521 1198 686 1247 rum,
756 1178 1118 1236 solemnitatis
1169 1189 1335 1231 causa
1384 1171 1609 1244 singulae
1674 1168 2104 1243 superaddantur

520 1274 721 1329 missae.
757 1269 956 1325 Verum
997 1268 1051 1322 in
1090 1262 1289 1338 vigiliis
1327 1260 1586 1318 recitandi
1629 1261 1803 1317 aderit
1847 1276 2018 1326 usus;
2049 1260 2108 1314 in

522 1358 803 1416 matutinis
828 1352 1089 1430 psallendi
1115 1354 1452 1424 canendique
1473 1351 1806 1407 consuetudo
1837 1370 1849 1403 :
1876 1359 1934 1405 ut
1960 1360 2106 1404 utro-

521 1468 628 1522 que
657 1450 817 1506 modo
844 1446 1121 1505 servorum
1150 1440 1246 1501 Dei
1274 1451 1485 1500 mentes
1512 1442 1845 1529 diversitatis
1874 1443 2110 1498 oblecta-

522 1548 708 1596 mento
745 1546 1127 1602 exerceantur,
1171 1544 1225 1590 et
1268 1534 1336 1589 ad
1378 1532 1590 1589 laudem
1621 1530 1719 1588 Dei
1747 1533 1863 1588 sine
1892 1531 2108 1588 fastidio

525 1628 806 1687 ardentius
833 1629 1158 1684 excitentur.
1190 1626 1323 1682 P'ost
1364 1624 1577 1696 vigilias
1618 1634 1798 1680 autem
1837 1641 2005 1696 usque
2043 1620 2113 1679 ad

526 1723 851 1778 matutinum
882 1718 1234 1776 reficiendum
1268 1724 1387 1784 est,
1421 1727 1543 1789 post
1574 1718 1897 1772 matutinum
1931 1726 2111 1773 autem

1525 417 1583 475 s.
1626 380 1984 473 ementem
2020 378 2311 467 seems
2349 402 2760 464 ANIANENSlS

2768 512 3079 575 CAPUT
3139 505 3208 573 XL

2827 610 2908 667 De
2939 611 3152 667 mensis.

2270 696 2534 783 Tempore
2554 725 2661 782 quo
2682 706 2996 765 refectionis
3016 706 3255 761 debitum
3282 692 3529 769 solvitur,
3545 699 3781 758 claustra

2197 801 2514 861 monasterii
2539 805 2881 868 obserentur,
2906 814 3012 855 nec
3034 796 3174 853 ullus
3198 792 3495 851 extraneos
3518 794 3783 851 interesse

2198 905 2522 970 praesumat,
2550 910 2617 950 ne
2643 892 2884 964 quietem
2916 886 3214 946 fraternam
3241 887 3535 960 praesentia
3565 902 3669 942 sua
3693 886 3787 941 im—

2198 989 2402 1062 pediat.
2446 982 2781 1044 Refectionis
2812 992 3057 1053 tempore
3088 981 3213 1035 dato
3244 979 3397 1050 signo
3428 974 3649 1049 pariter
3676 992 3786 1031 om-

2202 1097 2300 1135 nes
2329 1084 2678 1135 concurrant.
2719 1074 2823 1143 Qui
2854 1081 3036 1128 autem
3069 1068 3138 1125 ad
3173 1069 3417 1126 mensam
3447 1064 3668 1122 tardius
3703 1080 3789 1120 ve-

2203 1179 2373 1245 nerit,
2408 1185 2503 1232 aut
2533 1173 2913 1248 pmnitentiam
2947 1178 3104 1241 agat,
3150 1175 3243 1222 aut
3271 1164 3498 1250 jejunus
3532 1162 3610 1218 ad
3646 1176 3791 1216 suum

2204 1294 2341 1349 opus
2358 1276 2444 1332 vel
2464 1273 2643 1331 cubile
2664 1277 2934 1328 recurrat.
2960 1267 3132 1322 Nemo
3158 1272 3341 1320 autem
3366 1262 3434 1316 ad
3461 1257 3791 1315 vescendum

2207 1370 2338 1435 ibit,
2369 1375 2661 1437 antequam
2689 1363 2757 1417 ad
2784 1360 3085 1417 vocandum
3114 1371 3305 1412 omnes
3331 1370 3436 1409 vox
3468 1351 3620 1424 signi
3650 1350 3792 1404 solita

2208 1456 2527 1517 insonuerit.
2583 1455 2953 1513 Refectorium
3002 1449 3211 1523 pariter
3267 1444 3483 1504 cunctis
3537 1443 3794 1498 fratribus

2209 1568 2374 1607 unum
2409 1551 2515 1604 erit
2540 1590 2555 1615 ,
2594 1549 2660 1603 ad
2700 1544 2945 1617 singulas
2982 1556 3198 1597 mensas
3234 1534 3356 1594 deni
3394 1544 3788 1592 convescentes

2212 1640 2521 1703 resideant,
2557 1638 2766 1708 reliqua
2807 1634 2967 1691 turba
3004 1629 3353 1703 parvulorum
3395 1626 3607 1682 astent.
3648 1626 3794 1681 Tem-

2211 1748 2342 1806 pore
2383 1729 2823 1786 convescentium
2873 1725 3104 1782 fratrum
3141 1738 3331 1779 omnes
3368 1719 3687 1792 disciplina:
3721 1736 3796 1790 ge-

527 1824 621 1871 aut
665 1814 1001 1888 cperandum
1048 1810 1285 1885 aliquid,
1335 1796 1428 1867 aut
1473 1811 1780 1884 legendum.
1829 1809 2114 1866 Lectiones

2218 1796 2338 1881 rant
2368 1823 2641 1881 Silentium
2662 1865 2676 1890 ,
2705 1820 2965 1893 Apostolo
2993 1820 3436 1888 obtemperantes
3455 1855 3471 1880 ,
3504 1811 3611 1885 qui
3647 1812 3796 1867 dicit:

528 1876 720 1962 autem
736 1921 801 1960 ex
827 1904 1009 1960 Veteri
1039 1912 1093 1958 et
1119 1899 1267 1957 Novo
1299 1876 1647 1958 Testamento
1676 1910 1919 1971 tempore
1948 1899 2112 1956 oliicii

2218 1915 2347 1971 Cum
2376 1914 2584 1970 silentio
2612 1923 2887 1985 operantes
2921 1928 3077 1966 suum
3112 1925 3301 1981 panem
3335 1906 3677 1961 manducent
3712 1898 3801 1972 (11

526 1996 862 2068 quotidianis
910 1994 1100 2051 diebus
1148 1994 1490 2049 recitentur:
1546 1992 1756 2049 sabbati
1803 2002 1982 2047 autem
2027 1988 2115 2047 die

530 2092 696 2160 atque
740 2084 1059 2153 Dominico,
1112 2101 1179 2139 ex
1225 2086 1365 2140 novo
1413 2091 1623 2139 tantum
1672 2084 2110 2156 pronuntientur.

531 2170 828 2235 Monachus
889 2186 1068 2233 autem
1110 2176 1355 2249 corporis
1406 2174 1639 2233 sanitate
1683 2176 2019 2243 consistens,
2068 2175 2115 2230 si

528 2262 730 2343 vigiliis
755 2272 842 2326 vel
872 2267 1205 2342 quotidianis
1232 2267 1423 2326 olliciis
1452 2266 1718 2337 defuerit,
1747 2269 1940 2341 perdat
1967 2284 2116 2326 com-

530 2364 862 2420 munionem.

1109 2456 1337 2529 CAPUT
1376 2470 1509 2527 vm.

1112 2564 1191 2621 De
1233 2560 1533 2621 collatione.

602 2676 687 2735 Ad
714 2675 1041 2733 audiendum
1065 2673 1122 2731 in
1146 2671 1433 2731 collatione
1449 2671 1670 2728 Patrem
1699 2671 1876 2727 tribus
1903 2669 1958 2724 in
1986 2669 2119 2727 heb-

534 2772 766 2830 demda
820 2770 1028 2827 vicibus
1064 2768 1270 2825 fratres
1312 2775 1439 2838 post
1481 2767 1809 2825 celebratam
1855 2766 2072 2822 tertiam
2098 2803 2114 2831 ,

531 2864 662 2921 dato
689 2864 866 2935 signo,
893 2860 961 2917 ad
987 2859 1272 2917 collectam
1300 2858 1648 2914 conveniant.
1673 2857 1913 2917 Audiam
1940 2856 2119 2912 senio-

532 2973 650 3015 rem
673 2957 957 3012 doeentem
973 2992 991 3021 ,
1012 2953 1373 3011 instruentem
1394 2958 1621 3007 cunctos
1638 2949 1967 3007 salutaribus
1986 2963 2119 3019 prae-

533 3052 724 3122 ceptis.
754 3049 991 3105 Audiam
1013 3047 1233 3107 Patrem
1261 3044 1441 3101 studio
1470 3058 1685 3101 summo
1709 3050 1764 3099 et
1792 3041 2008 3097 silentio
2035 3041 2118 3095 in-

538 3141 835 3199 tentionem
861 3140 1167 3195 animorum
1195 3152 1417 3197 suorum
1444 3135 1692 3204 suspiriis
1736 3142 1793 3190 et
1830 3133 2119 3205 gemitibus

534 3230 991 3292 demonstrantes.
1015 3229 1137 3300 Ipsa
1159 3241 1374 3298 quoque
1392 3226 1619 3283 collatio
1640 3226 1748 3282 erit
1767 3225 1852 3281 vel
1874 3238 1974 3294 pro
1996 3240 2118 3281 eor-

542 3321 784 3393 rigendis
812 3322 961 3379 vitiis
992 3319 1429 3389 instruendisque
1452 3319 1698 3374 moribus
1715 3358 1731 3385 ,
1760 3317 1847 3373 vel
1871 3333 1970 3389 pro
1996 3317 2121 3374 reli-

540 3413 664 3483 quis
716 3413 897 3471 causis
952 3413 1021 3467 ad
1074 3410 1369 3467 utilitatem
1414 3410 1647 3467 emnobii
1699 3410 2117 3481 pertinentibus.

540 3503 696 3573 Quod
738 3506 784 3561 si
828 3505 956 3560 talia
998 3506 1229 3572 desunt,
1268 3517 1373 3575 pro
1403 3505 1791 3563 consuetudine
1820 3512 1997 3560 tamen
2040 3504 2123 3560 di-

538 3596 780 3666 sciplinae
808 3609 1155 3666 nequaquam
1182 3597 1292 3654 erit
1315 3596 1615 3653 emittena
1654 3596 1870 3652 collatio
1894 3614 1909 3663 ;
1942 3595 2038 3651 sed
2066 3597 2120 3651 in

538 3688 821 3759 przetinitis
847 3688 1069 3756 diebus,
1099 3690 1309 3746 cunctis
1348 3689 1556 3761 pariter
1591 3688 1960 3759 congregatio,
1988 3692 2124 3757 pta:-

538 3788 696 3850 cepta
741 3781 966 3837 Patrum
1011 3782 1280 3852 regular-ia
1326 3782 1655 3841 recensenda
1700 3789 1871 3837 sunt:
1918 3790 1979 3835 ut
2027 3781 2119 3851 qui

545 3873 777 3933 necdum
807 3873 1114 3931 didicerunt
1152 3876 1457 3945 percipient
1492 3874 1637 3943 quod
1663 3882 2001 3943 sequantur;
2026 3874 2121 3944 qui

543 3974 676 4018 vero
702 3964 1038 4030 didicerunt,
1071 3966 1343 4035 frequenti
1382 3966 1646 4021 memoria
1674 3965 1939 4019 admoniti
1970 3964 2121 4020 solli-

543 4057 654 4111 cite
680 4057 993 4113 custodiant
1020 4060 1163 4129 quod
1191 4066 1478 4114 noverunt.
1512 4056 1772 4112 Sedentes
1796 4065 1978 4113 autem
2004 4071 2122 4113 om-

542 4163 649 4205 nes
671 4150 727 4211 in
768 4148 1058 4204 collatione
1096 4150 1381 4214 tacebunt,
1423 4149 1527 4203 nisi
1564 4148 1706 4204 forte
1742 4163 1905 4220 quem
1930 4156 2123 4205 aucto-

544 4240 687 4296 ritas
709 4239 891 4297 Patrio
915 4242 1236 4312 praeceperit
1260 4250 1320 4295 ut
1350 4242 1622 4311 loquantr.

1144 4366 1373 4429 CAPUT
1421 4370 1510 4428 IX.

1131 4486 1211 4543 De
1245 4487 1527 4545 codicibus.

2218 2004 2401 2061 Thess.
2432 2005 2558 2076 ιιι).
2602 2003 2754 2061 Unus
2790 2012 2972 2058 tamen
3014 2002 3068 2056 in
3104 2000 3282 2055 medio
3316 1997 3573 2053 residens
3598 2038 3616 2063 ,
3658 1996 3803 2051 bene-

2213 2090 2453 2156 dictidne
2482 2109 2704 2169 accepta
2736 2096 2802 2151 de
2828 2092 3127 2166 Scripturis
3161 2091 3366 2163 aliquid
3402 2090 3551 2161 legat
3580 2132 3599 2155 ,
3638 2086 3801 2143 (armi

2213 2200 2492 2248 vescentes
2529 2189 2812 2253 tacebunt,
2854 2184 3141 2241 lectionem
3179 2179 3545 2238 attentissime
3589 2177 3802 2234 audiem

2214 2297 2296 2341 tes
2327 2304 2339 2339 :
2374 2294 2435 2340 ut
2473 2285 2614 2340 sicut
2643 2281 2749 2337 illis
2781 2277 3076 2352 corporalis
3106 2276 3261 2334 cibus
3290 2275 3669 2332 refectionem
3698 2289 3801 2329 car-

2215 2378 2301 2433 nis
2328 2383 2553 2448 przestat
2574 2416 2588 2441 ,
2622 2373 2698 2428 ita
2726 2378 2963 2427 mentem
2995 2386 3184 2441 eorum
3212 2366 3478 2439 spiritalis
3507 2366 3707 2421 Sermo
3735 2378 3805 2419 re-

2218 2468 2381 2524 ficiat.
2410 2465 2604 2522 Nullus
2630 2462 2697 2519 ad
2724 2478 2942 2519 mensas
2969 2460 3176 2517 clamor
3204 2458 3478 2515 excitetur
3502 2475 3517 2523 ;
3556 2457 3672 2513 soli
3700 2464 3802 2509 tan-

2217 2560 2331 2614 tum
2369 2556 2661 2628 prmposito
2695 2552 3003 2609 sollicitudo
3038 2548 3261 2605 maneat
3296 2548 3350 2603 in
3389 2546 3481 2603 his
3517 2563 3654 2618 qua:
3694 2551 3803 2600 sunt

2215 2650 2561 2706 vescentibus
2601 2646 2927 2704 necessaria.
2965 2643 3185 2710 Abbas,
3221 2641 3359 2698 citra
3393 2638 3695 2713 languoris
3723 2652 3801 2692 ne-

2217 2743 2530 2798 cessitatem
2547 2781 2562 2806 ,
2590 2740 2740 2794 cibos
2765 2738 2817 2791 in
2847 2744 3139 2807 conspectu
3163 2733 3367 2809 pariter
3392 2748 3523 2788 cum
3548 2730 3804 2786 fratribus

2219 2848 2441 2894 suniat:
2477 2851 2579 2891 nec
2621 2828 2767 2889 aliud
2806 2847 2969 2902 quam
3013 2828 3229 2894 caeteri,
3264 2832 3367 2885 nec
3402 2824 3621 2879 cultius
3658 2829 3805 2897 quam

2218 2946 2338 3002 qua:
2371 2930 2426 2984 in
2462 2942 2751 2984 commune
2789 2923 3132 2988 consistunt,
3168 2913 3469 2993 praeparari
3507 2912 3627 2973 sibi
3668 2914 3805 2988 quid

2218 3025 2361 3095 piam
2393 3027 2651 3093 expetat;
2681 3019 2867 3090 sicque
2896 3015 2988 3072 fiat
3020 3025 3079 3071 ut
3109 3014 3236 3071 dum
3271 3026 3519 3085 prtesens
3548 3018 3681 3078 est,
3706 3026 3805 3066 om-

2221 3114 2308 3168 nia
2350 3111 2662 3183 diligentius
2703 3100 3178 3173 administrentur,
3218 3114 3274 3161 et
3314 3106 3442 3160 dum
3490 3103 3801 3159 communia

2221 3213 2376 3272 sunt,
2403 3198 2693 3262 salubriter
2713 3211 2907 3257 etcum
2930 3200 3198 3257 charitate
3220 3194 3529 3255 sumantur.
3554 3190 3808 3269 Aliquam

2222 3298 2420 3368 quippe
2446 3303 2606 3363 erunt
2631 3309 2940 3349 mensarum
2966 3293 3207 3347 omnium
3237 3286 3440 3345 fercula
3464 3330 3480 3353 ,
3513 3286 3806 3344 similibus-

2220 3407 2325 3467 que
2363 3387 2637 3445 alimentis
2680 3387 2861 3442 cuncti
2900 3382 3180 3441 reficiendi
3217 3390 3343 3437 sunt
3373 3378 3603 3437 fratres.
3642 3378 3806 3451 Quid-

2224 3483 2351 3556 quid
2383 3497 2627 3555 praesens
2655 3474 2880 3535 refectio
2911 3474 3147 3538 dederit,
3178 3490 3368 3530 omnes
3405 3472 3529 3529 sine
3555 3488 3810 3526 murmu-

2223 3562 2435 3633 ratione
2470 3574 2773 3647 percipiant
2806 3591 2818 3627 :
2861 3585 2961 3625 nec
2998 3568 3053 3624 id
3086 3560 3398 3625 desiderent
3425 3564 3577 3637 quod
3614 3560 3809 3621 edendi

2222 3664 2470 3742 voluptas
2502 3667 2739 3739 appetit,
2775 3665 2868 3722 sed
2901 3663 3043 3737 quod
3074 3670 3287 3716 natura:
3317 3660 3635 3715 necessitas
3677 3673 3809 3730 qut

2224 3766 2334 3830 rit;
2386 3763 2649 3834 scriptum
2697 3768 2782 3815 est
2824 3756 2969 3813 enim
2996 3774 3008 3809 :
3040 3752 3227 3809 Carnis
3262 3769 3445 3807 curam
3482 3769 3546 3806 ne
3587 3750 3817 3822 fecerim

2222 3857 2277 3911 in
2306 3855 2582 3910 desideriis
2615 3852 2633 3923 (
2659 3850 2721 3906 II
2745 3851 2867 3907 Cor.
2899 3840 3038 3922 vn
3076 3844 3181 3904 Per
3215 3864 3431 3904 omnem
3461 3855 3667 3902 autem
3698 3846 3814 3900 beb-

2221 3949 2507 4005 domadam
2552 3938 2751 4004 fratres
2797 3942 2930 4001 viles
2979 3946 3189 4002 olerum
3245 3946 3395 4001 cibos
3438 3959 3509 3999 ac
3547 3940 3814 4015 pallentia

2224 4046 2449 4093 utantur
2496 4037 2767 4109 legumina
2794 4079 2811 4106 ,
2863 4037 3054 4094 diebus
3102 4052 3233 4093 vero
3278 4034 3488 4092 sanctis
3534 4037 3814 4093 interdum

2224 4144 2348 4186 cum
2386 4128 2626 4186 oleribus
2656 4130 3056 4187 levissimarum
3092 4129 3339 4187 carnium
3371 4127 3673 4184 alimenta.
3712 4127 3817 4184 Non

2230 4222 2337 4279 erit
2387 4239 2557 4293 usque
2596 4224 2663 4279 ad
2703 4223 3011 4281 satietatem
3057 4224 3410 4280 reﬁciendum
3457 4238 3717 4294 corpus,
3760 4239 3818 4279 ne

2224 4316 2365 4374 forte
2392 4319 2627 4376 intereat
2655 4318 2907 4387 animus;
2950 4334 3075 4375 nam
3114 4334 3182 4374 ex
3223 4318 3569 4389 plenitudine
3618 4318 3824 4375 ventris

2224 4410 2333 4466 cito
2362 4410 2635 4466 excitatur
2671 4410 2887 4479 luxuria,
2927 4411 3127 4467 carnis.
3161 4396 3266 4480 Qui
3295 4418 3484 4464 autem
3513 4413 3821 4482 appetitum

2224 4500 2508 4558 edacitatis
2547 4501 2829 4572 reprimit,
2860 4502 2977 4557 sine
3021 4502 3187 4557 dubio
3227 4499 3468 4556 lascivim
3509 4511 3719 4557 motus
3746 4515 3823 4555 re-

566 4650 577 4663 (
617 4572 816 4632 Omnes
857 4574 1071 4677 codices
1111 4585 1294 4632 custos
1337 4577 1558 4632 sacrarii
1586 4578 1784 4634 habeat
1812 4578 2121 4648 deputatos,
2229 4592 2463 4664 stringit,
2525 4592 2699 4648 Tanta
2753 4609 2876 4649 cum
2937 4593 3291 4663 discretione.
3320 4590 3702 4649 reﬁciendum
3755 4601 3827 4648 εει

556 4685 585 4723 a
615 4685 722 4739 quo
750 4667 990 4743 singulos
1021 4670 1216 4741 singuli
1244 4670 1446 4747 fratres
1476 4671 1775 4742 accipient,
1819 4685 1955 4741 quos
1994 4686 2124 4741 pru-

548 4760 740 4815 denter
786 4754 953 4815 lectos
973 4800 988 4825 ,
1032 4750 1119 4815 vel
1165 4760 1412 4827 habitos,
1443 4777 1657 4831 semper
1683 4770 1804 4831 post
1834 4776 2121 4831 vesperum

544 4852 787 4907 reddent.
820 4851 1003 4907 Prima
1033 4862 1211 4909 autem
1243 4856 1374 4911 hora
1413 4856 1629 4911 codices
1668 4854 1893 4925 singulis
1935 4854 2123 4909 diebus

542 4951 837 5011 petantur:
871 4943 963 5014 qui
1004 4959 1135 4999 vero
1176 4954 1302 4999 ante
1343 4944 1426 4999 vel
1472 4945 1676 4999 tardius
1715 4945 1962 5015 petierit,
2013 4960 2121 5000 non

545 5046 629 5090 est
657 5038 893 5093 dandum
923 5038 1019 5092 illi.
1054 5038 1129 5094 De
1161 5040 1246 5094 his
1276 5048 1455 5113 autem
1483 5039 1870 5113 qumstionibus
1899 5055 2019 5110 quae
2046 5039 2123 5093 le-

542 5138 764 5199 guntur,
794 5147 892 5185 nec
919 5130 1058 5186 forte
1084 5112 1476 5200 intelliguntur,
1502 5131 1869 5201 unusquisque
1894 5129 2122 5186 fratrum

550 5231 643 5275 aut
672 5222 727 5277 in
756 5223 1081 5288 collatione,
1126 5232 1219 5278 aut
1257 5230 1379 5293 post
1417 5238 1706 5293 vesperum
1748 5224 1998 5278 abbatem
2041 5224 2123 5277 in-

544 5321 823 5384 terroget;
853 5323 910 5369 et
948 5315 1174 5369 recitata
1216 5313 1282 5367 ad
1326 5313 1504 5369 locum
1544 5314 1806 5379 lectione,
1840 5313 1907 5367 ab
1937 5330 2001 5368 eo
2031 5330 2123 5368 cx-

543 5401 869 5473 positionem
920 5405 1186 5477 accipiat,
1239 5404 1312 5461 ita
1366 5414 1457 5471 ut,
1504 5404 1631 5460 dum
1675 5396 1765 5459 uni
1814 5402 2116 5474 exponitur,

544 5495 727 5551 caeteri
757 5496 997 5552 audiant.
1029 5495 1323 5553 Gentilium
1353 5506 1536 5553 autem
1568 5498 1754 5559 libros,
1785 5496 1868 5552 vel
1901 5497 2115 5553 lucreti-

544 5599 733 5638 corum
773 5584 1042 5642 volumina
1093 5590 1390 5645 monachus
1434 5588 1611 5660 legere
1655 5597 1884 5643 caveat:
1930 5589 2119 5645 melius

546 5680 627 5727 est
655 5672 798 5728 enim
825 5692 1013 5731 eorum
1042 5680 1346 5748 perniciosa
1376 5680 1623 5751 dogmata
1654 5678 1923 5749 ignorare,
1951 5696 2114 5750 quam

544 5776 643 5834 per
678 5764 1065 5853 experientiam
1112 5770 1165 5826 in
1215 5773 1449 5845 aliquem
1494 5766 1744 5840 laqueum
1790 5772 1992 5827 erroris
2038 5773 2118 5827 in-

547 5872 787 5920 currere.

2226 4698 2453 4754 corpus,
2485 4692 2545 4738 ut
2590 4699 2692 4739 nec
2738 4683 2902 4738 nimia
2945 4684 3273 4739 abstinentia
3322 4683 3683 4751 debilitetur,
3742 4698 3826 4739 nec

2227 4772 2496 4844 superflua
2525 4773 2794 4830 edacitate
2824 4775 2891 4828 ad
2921 4772 3205 4829 lasciviam
3234 4782 3544 4829 moveatur.
3578 4771 3651 4830 In
3689 4784 3830 4829 utre

2224 4880 2330 4937 que
2358 4880 2486 4937 ergo
2515 4856 2871 4936 temperantia
2897 4865 3202 4921 adhibenda
3230 4875 3313 4921 est
3343 4884 3356 4918 :
3387 4864 3609 4921 scilicet
3635 4909 3654 4932 ,
3688 4875 3753 4921 ut
3779 4875 3828 4918 et

2224 4956 2353 5011 vitia
2398 4955 2582 5011 carnis
2624 4972 2732 5011 non
2773 4958 3138 5028 praevaleant,
3169 4966 3225 5012 et
3251 4957 3426 5012 virtus
3454 4957 3526 5011 ad
3566 4960 3824 5015 ministe

2225 5044 2368 5100 rium
2424 5045 2579 5100 bonae
2641 5046 2978 5118 operationis
3041 5047 3286 5103 sufﬁciat.
3355 5047 3704 5120 Quicunque
3768 5048 3829 5103 ad

2227 5153 2470 5193 mensam
2512 5138 2758 5193 residens
2798 5140 3122 5217 acarnibus
3162 5140 3246 5194 vel
3290 5140 3415 5195 vino
3443 5155 3507 5195 se
3535 5140 3834 5198 abstinere

2223 5229 2488 5298 voluerit,
2532 5248 2640 5286 non
2690 5239 2775 5288 est
2818 5232 3230 5302 prohibendus:
3280 5224 3621 5286 abstinentia
3684 5235 3832 5288 enim

2225 5336 2336 5375 non
2364 5321 2704 5390 prohibetur,
2739 5314 2833 5379 sed
2864 5322 3047 5393 potius
3077 5316 3415 5378 collaudatur
3447 5338 3461 5387 ;
3501 5331 3739 5379 tantum
3773 5340 3835 5379 tr

2225 5428 2292 5467 ex
2319 5420 2630 5484 contemptu
2658 5423 2909 5470 creatura
2932 5416 3028 5472 Dei
3057 5416 3308 5471 humanis
3335 5430 3599 5471 concessa
3628 5417 3835 5475 usibus

2222 5513 2558 5559 exsecretur.
2603 5496 2819 5560 Nullum
2862 5522 2986 5562 esus
3025 5506 3220 5561 furtiva
3262 5508 3678 5564 contaminatio
3718 5510 3840 5582 pol-

2221 5592 2370 5663 luat,
2404 5605 2498 5652 aut
2529 5597 2814 5668 impudens
2856 5601 2939 5656 vel
2978 5603 3224 5673 privatus
3265 5607 3420 5659 extra
3459 5618 3837 5660 communem

2220 5703 2461 5743 mensam
2509 5690 2822 5760 appetitus:
2871 5692 3447 5749 excommunicationis
3490 5693 3651 5746 enim
3710 5708 3841 5751 Sen-

2221 5779 2404 5836 tentiae
2436 5774 2768 5850 subjacehit,
2802 5782 2893 5853 qui
2922 5782 3007 5838 vel
3036 5783 3244 5839 occulte
3272 5783 3356 5837 vel
3391 5793 3549 5837 extra
3585 5778 3839 5839 ordine.

2220 5862 2360 5926 riam
2389 5885 2634 5925 mensam
2663 5868 2867 5942 aliquid
2897 5870 3281 5945 degustaverit.
3316 5866 3453 5927 Ante
3486 5868 3841 5929 refectioni:
