3972 6328
197 364 290 441 sos

779 370 1007 458 cens;
1046 347 1502 442 uestimenti.
1546 415 1615 425 —
1641 382 1823 441 rans
1860 384 1922 440 ιι.
1966 384 2271 442 uacuus
2313 385 2418 441 pp.
2459 385 2820 443 occupem.

3328 354 3443 471 366’

194 506 394 573 tempus
422 495 600 556 nullus
628 498 772 555 vesci
798 500 1027 567 audeat,
1053 510 1254 572 praeter
1294 517 1418 557 eum
1448 501 1541 574 qui
1578 516 1747 573 aegro-
1775 502 1828 563 Α
1852 516 1882 555 a
1910 501 2036 557 vino
2056 510 2112 557 et
2137 503 2204 559 ab
2230 503 2349 558 oleo
2374 502 2698 560 abstinetur.
2726 502 3035 559 Secundum
3055 505 3325 577 Jejunium
3351 510 3433 564 in-

191 586 267 648 tat
300 608 315 648 :
356 586 448 663 qui
486 590 629 646 enim
670 598 880 663 tempus
913 592 1105 648 edendi
1142 594 1527 661 antecesserit,
1564 592 1751 648 subse-

190 682 468 757 quentibus
520 682 699 755 pthn‘is
754 680 1096 741 abstinentiae
1154 683 1473 754 subiacebit.
1533 684 1750 741 Sitienti

188 778 413 850 cuipiam
442 776 536 833 aut
566 777 836 835 defectum
871 780 1098 853 patienti
1139 791 1266 835 ante
1303 780 1497 836 edendi
1538 786 1752 853 tempus

185 858 565 926 consulendum
604 877 723 938 eSt,
754 860 947 926 abbate
975 871 1060 926 Vel
1101 870 1391 942 praeposito
1430 866 1748 940 ordinante,

182 962 284 1016 non
318 966 495 1016 tamen
524 962 703 1033 palam
724 1003 737 1028 ,
770 970 838 1017 ne
868 960 1009 1018 forte
1039 962 1189 1017 sitire
1212 1004 1225 1027 ,
1262 963 1344 1017 vel
1378 963 1586 1017 esurire
1617 962 1751 1017 alios

181 1060 351 1123 cogat.
401 1040 869 1107 Hebdomadarius
915 1048 1062 1107 solus
1114 1051 1265 1106 cibos
1317 1052 1595 1123 degustet,
1651 1068 1751 1107 nec

179 1143 296 1215 quis
326 1143 377 1198 id
409 1140 548 1197 alius
579 1142 777 1197 audeat
808 1161 821 1197 :
855 1158 924 1197 ne
953 1143 1051 1198 sub
1076 1143 1363 1199 occasione
1393 1140 1747 1213 de'gustandi,

178 1233 310 1309 gulae
338 1230 424 1288 vel
462 1230 665 1304 gutturi
709 1231 1028 1288 satisfaciat.
1069 1230 1220 1287 Laiei
1265 1233 1504 1288 ministri
1546 1234 1750 1288 mensis

176 1329 561 1385 monachorum
604 1314 910 1382 nullatenus
953 1326 1297 1382 intererunt:
1337 1343 1437 1383 nec
1479 1328 1622 1382 enim
1650 1330 1748 1398 po-

177 1419 301 1473 terit
338 1418 446 1472 illis
486 1430 685 1471 mensae
723 1410 1029 1472 communis
1068 1433 1186 1472 esse
1227 1418 1409 1484 locus,
1440 1408 1636 1488 quibus
1664 1418 1746 1475 di-

174 1510 340 1565 versis
371 1514 453 1566 est
483 1509 824 1580 prtepositus.
858 1496 1103 1565 Monaehi
1146 1525 1269 1565 cum
1308 1525 1338 1565 a
1379 1512 1582 1566 mensis
1626 1527 1748 1566 sur-

172 1588 447 1666 rexerint,
491 1601 559 1655 ad
592 1601 903 1681 orationem
949 1614 1138 1656 omnes
1187 1604 1561 1657 concurrant:
1602 1602 1746 1673 quod

173 1706 368 1747 mensa:
395 1688 777 1747 redundaverit
795 1733 811 1758 ,
829 1691 978 1747 omni
1005 1706 1135 1748 cura
1163 1702 1437 1749 servatum
1464 1696 1746 1766 egentibus

173 1774 586 1853 dispensabitur.
631 1770 691 1836 in
724 1781 1020 1839 reiectione
1055 1784 1446 1840 monachorum
1486 1802 1516 1840 a
1556 1778 1746 1841 diebus

1854 592 2159 647 terdianuui
2204 602 2328 664 post
2374 594 2729 651 Pentecosten
2772 592 2885 653 alia
2940 596 3027 651 (ie
3080 597 3426 665 inchoatum,

1850 698 2024 753 usque
2051 686 2118 739 ad
2144 686 2527 757 aequinoctium
2559 685 2868 743 autumnale
2893 689 3235 761 protenditur
3259 692 3432 749 ternis

1852 777 2065 832 scilicet
2106 776 2300 834 diebus
2343 796 2440 850 per
2488 779 2729 851 singulas
2768 764 3172 848 hebdomadas,
3205 791 3432 855 propter

1851 860 2101 925 aestivum
2130 870 2261 927 solis
2292 872 2565 927 ardorem.
2600 870 2845 927 Tertium
2876 872 3127 942 sequitur
3156 874 3429 943 quotidia-

1850 960 1978 1016 num
2024 959 2289 1030 jejunium
2314 1004 2327 1028 ,
2367 962 2434 1018 ab
2473 969 2667 1018 octavo
2699 962 2909 1019 decimo
2946 962 3217 1020 Kalendas
3265 960 3444 1037 Octos

1850 1050 1999 1115 bris,
2037 1065 2209 1121 usque
2248 1050 2313 1105 ad
2353 1049 2543 1106 Natale
2581 1046 2924 1108 Dominicum
2947 1096 2961 1119 ,
3001 1054 3054 1108 in
3088 1069 3197 1124 quo
3245 1055 3429 1129 quoti-

1849 1144 2007 1198 diana
2031 1142 2238 1215 jejunia
2268 1152 2613 1219 nequaquam
2652 1142 2954 1201 Solvuntur.
2995 1146 3261 1214 Quartum
3293 1148 3426 1204 item

1850 1238 2226 1308 quotidianum
2276 1235 2542 1307 jejunium
2597 1248 2722 1312 post
2777 1240 2919 1294 diem
2976 1239 3428 1298 Circumcisionis

1849 1329 2112 1394 exoritur,
2146 1330 2534 1401 peragiturque
2568 1344 2740 1400 usque
2777 1328 2847 1385 ad
2881 1331 3145 1386 solemnia
3181 1331 3424 1389 Paschae.

1848 1418 1917 1474 Hi
1949 1426 2130 1474 autem
2162 1421 2256 1490 qui
2285 1428 2557 1477 vetustate
2586 1421 2834 1491 corporis
2862 1424 3203 1493 consumpti,
3233 1430 3326 1479 aut
3351 1431 3430 1480 te-

1849 1528 1995 1567 nera:
2026 1513 2201 1567 aetatis
2231 1511 2525 1583 fragilitate
2559 1510 2763 1569 detenti
2796 1521 2954 1581 sunt,
2989 1528 3093 1570 non
3131 1510 3257 1571 sunt
3293 1530 3431 1586 quo-

1850 1599 2070 1655 tidianis
2100 1601 2389 1656 exercendi
2410 1599 2636 1670 jejuniis
2666 1619 2679 1656 :
2713 1617 2784 1657 ne
2811 1606 2904 1657 aut
2933 1617 3225 1659 senescens
3252 1610 3387 1661 aatas
3413 1645 3428 1670 ,

1848 1699 2141 1762 antequam
2192 1694 2479 1761 moriatur,
2529 1693 2784 1763 deﬁciat;
2829 1704 2922 1751 aut
2962 1710 3214 1753 crescens
3252 1697 3431 1768 prius-

1850 1799 2010 1854 quam
2046 1786 2328 1856 proﬁciat,
2368 1788 2560 1855 cadat,
2606 1793 2661 1844 et
2706 1796 2832 1844 ante
2867 1788 3102 1846 intereat
3133 1804 3297 1861 quam
3333 1790 3431 1846 bo-

170 1871 516 1929 i’enteco'stes
541 1878 715 1943 usque
736 1874 803 1930 ad
828 1876 1069 1930 autumni
1097 1876 1423 1948 principium
1452 1880 1562 1932 tota
1586 1886 1745 1933 aestas
1771 1870 1820 1934 B
1847 1892 1977 1932 num
2008 1876 2188 1933 facere
2218 1876 2413 1934 discat.

171 1961 475 2018 interdiaua
519 1958 748 2033 prandia
776 2005 791 2030 ,
847 1978 1006 2019 caana
1057 1962 1268 2019 tantum
1316 1974 1637 2035 apponatur.
1689 1964 1744 2022 ln

171 2059 411 2132 utriSque
438 2056 776 2130 temporibus
803 2059 1031 2115 reiectio
1057 2068 1262 2116 mensae
1293 2048 1469 2117 tribtis
1497 2052 1603 2116 e‘rit
1625 2048 1746 2139 pul—

170 2150 398 2217 mentis,
430 2140 641 2206 olerum
673 2150 883 2206 Scilicet
923 2156 979 2206 et
1017 2146 1381 2221 leguminum,
1430 2154 1485 2207 et
1526 2150 1571 2207 si
1616 2140 1745 2222 quid

168 2243 386 2298 tertium
428 2230 632 2309 fuerit,
686 2240 991 2314 pomorum.
1041 2242 1233 2297 Ternis
1276 2246 1493 2312 quoque
1537 2242 1745 2313 poeulis

168 2328 405 2386 fraterna
436 2328 729 2388 reﬁcienda
759 2334 842 2388 est
871 2334 1008 2388 sitis.
1054 2333 1110 2388 in
1142 2332 1520 2390 observatione
1563 2342 1742 2389 autem

164 2420 639 2494 Quadragesimaz,
672 2424 813 2481 sicut
842 2425 962 2481 ﬁeri
993 2420 1161 2492 solet,
1205 2412 1329 2496 post
1357 2425 1629 2495 expletum
1659 2422 1743 2496 je-

155 2508 571 2584 junium,ﬂhe
611 2511 729 2570 solo
769 2524 825 2570 et
865 2528 1005 2586 aqua
1046 2512 1287 2571 contenti
1329 2524 1520 2573 omnes
1549 2527 1739 2587 erunt,

162 2604 287 2662 vino
316 2610 495 2663 autem
525 2600 581 2664 et
608 2604 730 2665 oleo
757 2608 1127 2666 abstinebunt.

770 2723 999 2782 CAPUT
1042 2714 1132 2781 ΧῘ.

800 2796 877 2851 De
931 2796 1097 2867 feriis.

234 2877 329 2943 Hal!
370 2888 498 2943 sunt
538 2872 690 2944 ferite
729 2880 1155 2954 monachorum,
1203 2876 1259 2943 in
1302 2888 1499 2959 quibus
1538 2878 1743 2960 jejunia‘

162 2977 571 3049 conquiescunt.
601 2978 659 3034 ib
686 2978 882 3050 primis
909 2966 1240 3035 venerabilis
1280 2979 1397 3036 dies
1426 2980 1743 3035 Dominicus

161 3068 368 3128 nomini
389 3060 591 3127 Christi
620 3071 832 3126 dicatus
856 3086 870 3136 ;
899 3069 990 3142 qui
1016 3070 1156 3126 sicut
1178 3072 1401 3142 propter
1424 3071 1742 3143 mysterium

163 3164 580 3219 resurrectionis
605 3162 723 3232 ejus
762 3162 1018 3218 sciemnis
1047 3164 1130 3218 est
1151 3204 1166 3229 ,
1198 3168 1254 3218 et
1280 3156 1353 3218 ita
1385 3162 1525 3234 apud
1555 3172 1744 3220 omnes

2431 1964 2662 2023 CAPUT
2694 1962 2834 2024 'Xlll.

2276 2055 2356 2110 De
2388 2056 2570 2111 habitu
2597 2056 2995 2112 monachorum.

1917 2148 2110 2205 Cultus
2144 2149 2378 2206 veStium
2411 2149 2499 2205 vel
2538 2149 2991 2206 indumentorum
3024 2150 3260 2225 insignia
3303 2165 3424 2211 mo-

1847 2246 2024 2302 nacho
2067 2245 2403 2316 deponenda.
2450 2242 2690 2301 Munitus
2735 2240 2895 2301 debet
2930 2259 3051 2301 esse
3092 2240 3426 2315 monachus,

1846 2353 1955 2394 non
1985 2333 2269 2393 delicatus.
2306 2334 2459 2392 Sicut
2487 2338 2668 2391 autem
2701 2349 2808 2391 non
2837 2330 3049 2406 oportet
3076 2337 3131 2393 in
3162 2330 3432 2396 monacho

1850 2444 1973 2485 esse
2006 2422 2265 2508 notabilis
2301 2429 2551 2495 habitus,
2583 2428 2659 2484 ita
2691 2440 2793 2484 nec
2828 2430 2965 2485 satis
2999 2429 3264 2501 abiectus.
3296 2429 3430 2487 Nam

1848 2521 2092 2592 pretiosa
2122 2520 2289 2576 vestis
2319 2520 2558 2575 animam
2593 2521 2660 2576 ad
2698 2518 2981 2576 lasciviam
3007 2522 3314 2593 pertrahit;
3344 2513 3431 2578 n‘i-

1844 2614 1950 2671 mis
1997 2604 2122 2670 vilis
2172 2621 2267 2669 aut
2315 2614 2558 2670 dolorem
2606 2613 2788 2670 cordis
2825 2614 3002 2685 parit,
3050 2618 3147 2671 aut
3179 2616 3429 2676 merbum

1845 2719 2001 2762 vanae
2028 2705 2217 2778 glorim.
2243 2705 2540 2762 contrahit.
2566 2702 2906 2761 Vestimenta
2931 2719 3041 2761 non
3069 2702 3230 2761 erunt
3254 2718 3433 2776 aequa-

1846 2797 1977 2854 liter
2015 2796 2391 2853 distribuenda
2427 2795 2682 2853 omnibus
2706 2838 2721 2863 ,
2760 2797 2856 2852 sed
2890 2808 3015 2852 cum
3058 2796 3389 2854 discretione
3415 2839 3430 2862 ,

1845 2890 2009 2963 prout
2031 2886 2296 2961 cujusque
2321 2894 2454 2945 aetas
2481 2888 2566 2944 vel
2597 2886 2796 2961 gradus
2821 2886 3148 2958 expostulat.
3179 2874 3259 2944 ita
3285 2887 3430 2943 enim

1846 2990 1902 3038 et
1940 2982 2217 3052 apostolos
2265 2976 2463 3037 iecisse
2514 2974 2777 3052 legimus,
2830 2982 2973 3036 sicut
3007 2980 3271 3052 scriptum
3305 2988 3429 3036 est:

1846 3072 2021 3128 Erant
2058 3072 2169 3128 illis
2202 3074 2381 3127 omnia
2421 3072 2764 3141 communia;
2795 3079 2845 3127 et
2873 3070 3285 3128 distribuebatur
3314 3072 3433 3127 imi-

1849 3163 2036 3235 cuique
2082 3171 2237 3236 prout
2288 3178 2420 3235 opus
2468 3170 2580 3217 erat
2631 3159 2790 3235 (Act.
2822 3165 2879 3218 tv
2898 3161 2939 3235 ).
2990 3154 3432 3234 Uniuscuju'sque

162 3260 351 3312 servos
381 3254 497 3323 ejus
525 3252 897 3310 celebritatem
928 3254 1159 3309 convivii
1184 3255 1365 3311 votivo
1392 3252 1586 3328 gaudio
1612 3250 1742 3311 reti-
1769 3235 1815 3299 (ἶ
1847 3260 2029 3310 autem
2065 3235 2255 3310 fratris
2298 3248 2734 3324 suppleunmtum
2776 3250 2864 3309 vel
2912 3248 3213 3325 indigentia
3262 3248 3428 3324 inspi-

162 3347 334 3405 nebit.
365 3346 499 3403 item
528 3363 558 3402 a
584 3347 768 3420 primo
800 3334 885 3403 die
915 3344 1138 3403 Pascbzc
1167 3362 1341 3420 usque
1382 3347 1446 3403 ad
1480 3348 1740 3404 Penteco-

163 3436 319 3507 sten,
363 3434 750 3513 quinquaginta
792 3432 1005 3497 scilicet
1038 3438 1313 3497 continuis
1343 3442 1563 3506 diebus,
1597 3441 1741 3513 jeju-

160 3534 319 3591 nium
343 3550 375 3589 a
399 3534 600 3591 Sanetis‘
621 3532 876 3590 Patribus
905 3530 1228 3590 dissolutum
1259 3538 1376 3600 est;
1409 3543 1630 3606 propter
1661 3550 1741 3589 re-

163 3628 560 3684 surrectionem
577 3626 830 3683 videlicet
854 3625 1059 3682 Christi
1078 3667 1093 3692 ,
1116 3634 1172 3681 et
1191 3622 1483 3680 adventum
1506 3625 1743 3695 Spiritus

160 3720 345 3779 sancti
372 3739 386 3775 :
421 3729 480 3776 ut
506 3721 561 3775 bi
589 3721 705 3777 dies
731 3734 841 3775 non
868 3706 925 3773 in
955 3716 1129 3789 ﬁgura
1164 3717 1394 3781 laboris,
1426 3718 1568 3786 quod
1598 3717 1743 3784 Qua-

159 3813 482 3885 dragesimae
509 3818 717 3882 tempus
758 3798 1059 3881 signiﬁcat,
1094 3810 1187 3864 sed
1226 3808 1281 3863 in
1322 3808 1504 3877 quiete
1544 3808 1744 3863 laetitia:

155 3890 358 3962 laxatis
378 3890 597 3974 ieiuniis
620 3890 977 3959 celebrentur.
992 3890 1210 3956 Placuit
1238 3898 1401 3955 etiam‘
1430 3897 1683 3953 Patribus
1712 3915 1743 3954 a

156 3994 250 4057 die
295 3994 492 4055 natalis
538 3986 752 4052 Domini
796 4010 969 4065 usque
1013 3993 1080 4048 ad
1124 3988 1265 4048 diem
1303 3988 1743 4047 Circumcisionis

155 4088 405 4148 solemne
434 4088 648 4160 iemphs
678 4074 891 4145 efficere
929 4074 1311 4154 licentiamque
1351 4082 1603 4139 vescendi
1646 4082 1744 4136 ha-

151 4185 311 4241 bere.
344 4172 458 4238 Non
489 4172 649 4237 aliter
676 4172 732 4236 et
760 4178 876 4235 dies
901 4166 1223 4249 Epiphania:
1253 4189 1323 4233 ex
1351 4175 1521 4230 veteri
1556 4175 1741 4246 regula

155 4270 443 4332 reﬁciendi
472 4256 861 4344 indulgentiam
892 4274 1186 4325 consecuta
1213 4274 1297 4322 est
1326 4284 1339 4319 :
1383 4265 1648 4334 siquidem
1689 4273 1743 4319 et

155 4360 290 4423 dum
323 4366 553 4439 quisque
582 4364 811 4420 fratrum
844 4361 1197 4425 cenvertitur,
1230 4356 1321 4413 alii
1368 4372 1434 4412 ex
1477 4355 1598 4411 aliis
1624 4370 1742 4411 mo-

154 4460 421 4517 nasteriis
474 4457 673 4515 fratres
718 4457 891 4531 gratia
938 4453 1194 4510 visitandi
1233 4459 1594 4516 concurrunt,
1643 4465 1743 4522 pro

151 4552 433 4608 clraritate
488 4546 829 4622 adimplenda
874 4547 1351 4617 interrumpuntur
1393 4540 1598 4614 jejunia
1627 4583 1642 4607 ,
1696 4540 1741 4596 si

150 4654 347 4701 tamen
376 4656 481 4700 nun
512 4636 712 4698 iuerint
744 4622 1036 4713 generalia.
1082 4638 1285 4693 Praeter
1314 4635 1429 4691 haec
1472 4634 1576 4690 alia
1606 4644 1743 4689 tem-

143 4751 301 4810 pora
344 4724 515 4792 libere
558 4735 893 4805 licentemue
934 4730 1259 4805 ieiuniorum
1307 4729 1629 4785 inserviunt.
1681 4726 1738 4781 Si

144 4827 256 4899 qui
294 4828 469 4881 autem
498 4814 887 4881 monachorum
929 4822 1203 4894 prmdictis
1234 4818 1567 4889 temporibus
1604 4817 1743 4887 jeju-

142 4936 300 4977 nare
341 4918 663 4991 disponunt,
694 4924 1033 4988 nequaquam
1069 4911 1388 4984 prohibendi
1425 4920 1585 4966 sunt:
1618 4922 1741 4964 nam

140 5004 323 5068 multi
355 5012 704 5083 antiQuorum
720 5007 956 5062 'Patrum
992 4994 1081 5059 his
1103 5002 1292 5059 diebus
1322 5002 1377 5056 in
1405 5015 1591 5057 eremo
1621 4996 1744 5055 abs-

144 5104 431 5169 tinuisse,
479 5118 581 5158 nec
619 5098 954 5171 aliquantum
989 5095 1193 5167 jejuni‘a
1233 5094 1457 5149 solvisse
1492 5090 1748 5162 leguntur

112 5194 269 5251 'nisi
309 5200 515 5248 tantum
546 5186 734 5247 diebus
772 5180 1100 5251 ‘DOminicis,
1129 5192 1354 5256 prepter
1393 5179 1747 5238 resurrectio-

138 5287 247 5344 nis
279 5284 489 5343 Christi
514 5278 783 5341 laetitiam.

408 5397 415 5403 -
768 5362 997 5430 CAPUT
1042 5368 1137 5427 ΧΠ

788 5462 868 5520 De
886 5464 1130 5535 jejuniis.

226 5560 583 5634 Jejuuiorum
628 5565 809 5615 autem
853 5558 954 5614 hos
1001 5557 1115 5612 dies
1150 5552 1494 5625 potissimum
1536 5558 1749 5605 veteres

130 5657 472 5730 elegerunt.
515 5654 760 5711 Primum
795 5650 1058 5724 jejunium
1099 5646 1535 5719 Quadragesimae
1574 5643 1751 5715 quoti-

132 5751 429 5815 dianam,
468 5744 527 5804 in
570 5756 677 5819 qua
717 5746 893 5817 major
932 5743 1274 5799 abstinentiae
1313 5737 1656 5795 observantia
1695 5738 1750 5791 in

127 5830 484 5913 monachis,
506 5842 765 5915 quoniam
787 5854 893 5897 non
922 5839 1096 5895 solum
1123 5852 1153 5892 a
1181 5831 1444 5909 prandiis,
1466 5831 1561 5889 sed
1586 5829 1751 5887 etiam

1843 3346 2067 3403 ciatur:
2113 3348 2175 3401 ut
2218 3346 2312 3417 qui
2357 3347 2604 3413 habent,
2637 3342 2879 3401 contenti
2908 3345 3063 3413 sint;
3097 3342 3153 3400 et
3188 3336 3279 3417 qui
3320 3358 3428 3400 non

1842 3437 2048 3495 habent
2068 3479 2081 3503 ,
2112 3438 2404 3509 accipiant.
2439 3435 2577 3491 Nam
2608 3434 2833 3491 habenti
2861 3450 2970 3491 non
3004 3430 3240 3500 dabitur,
3271 3441 3332 3488 ut
3360 3432 3432 3489 sit

1844 3529 1991 3584 unde
2023 3528 2312 3597 egentibus
2338 3524 2636 3582 tribuatur.
2672 3524 2847 3580 Porro
2881 3526 3050 3580 linteo
3076 3540 3186 3579 non
3216 3528 3435 3595 oper-tet

1844 3618 2176 3676 monachum
2218 3617 2371 3672 indui
2402 3630 2417 3671 :
2458 3618 2698 3673 orarium
2724 3658 2739 3681 ,
2772 3614 2955 3671 birros
2981 3658 2995 3682 ,
3033 3606 3283 3687 planetas
3320 3620 3428 3671 non

1844 3724 1929 3771 est
1960 3714 2042 3770 ias
2070 3713 2149 3768 uti
2168 3754 2182 3777 ,
2223 3726 2399 3783 neque
2438 3712 2532 3767 illa
2568 3709 2887 3767 indumenta
2918 3711 3001 3767 vet
3027 3706 3394 3768 calceamenta
3412 3753 3430 3787 ,

1845 3823 1966 3879 quae
1998 3802 2326 3877 generaliter
2354 3810 2550 3860 caetera
2579 3805 2912 3860 monaSteria
2941 3803 3258 3859 abutuntur.
3292 3792 3429 3859 il‘er—

1845 3901 1932 3956 nis
1962 3907 2142 3953 autem
2175 3896 2407 3963 tunicis,
2438 3900 2495 3952 et
2530 3890 2686 3952 bonis
2720 3894 2927 3966 palliis,
2962 3886 3299 3967 singulisque
3327 3886 3427 3950 cu-

1842 3992 2000 4049 cullis
2043 3984 2289 4047 contenti
2336 3996 2497 4044 erunt
2543 3988 2687 4044 servi
2732 3984 2960 4054 Christi,
3016 3986 3214 4060 quibus
3261 4000 3427 4059 supra

1845 4082 2130 4157 adjicietur
2157 4083 2385 4138 melotes
2414 4081 2640 4152 pellicea
2660 4122 2674 4148 ,
2706 4078 2960 4152 mappuia
2981 4122 2997 4147 ,
3033 4079 3264 4136 manicae.
3290 4090 3429 4150 quo-

1844 4191 1949 4249 que
1974 4174 2199 4248 pedules
2218 4215 2233 4239 ,
2265 4180 2320 4229 et
2353 4171 2560 4243 caligae.
2594 4171 2691 4228 His
2719 4172 2933 4226 tantum
2961 4166 3204 4227 contenti
3232 4175 3455 4235 eruut,‘

1844 4269 1977 4324 nihil
2004 4276 2267 4338 praeterea
2293 4264 2352 4321 in
2377 4264 2565 4321 habitu
2592 4264 2738 4319 aliud
2760 4270 3175 4335 prazsumentes.
3199 4260 3430 4319 Pedules

1846 4370 2028 4416 autem
2060 4366 2282 4415 utentur
2310 4358 2365 4413 in
2397 4358 2765 4423 monasterio,
2795 4350 3035 4426 quandiu
3068 4352 3277 4408 hiemis
3297 4366 3425 4408 coe-

1845 4448 1987 4521 gerit
2015 4445 2269 4502 violentia
2299 4461 2313 4511 ;
2345 4444 2462 4500 sive
2490 4445 2616 4499 dum
2646 4444 2846 4498 fratres
2884 4439 3207 4512 gradiuntur
3240 4437 3296 4491 in
3332 4436 3427 4492 iti-

1848 4550 1982 4594 nere
2001 4578 2016 4602 ,
2046 4536 2133 4591 vel
2163 4534 2585 4607 proﬁciscqu
2612 4534 2680 4588 ad
2700 4533 2917 4587 urbem.
2963 4527 3213 4585 Monachi
3241 4534 3423 4583 autem

1851 4630 1906 4685 in
1930 4626 2268 4682 monasterio
2294 4623 2476 4695 palliis
2504 4636 2719 4693 semper
2741 4612 3077 4693 operiuntur,
3108 4625 3168 4675 ut
3195 4633 3296 4690 pro
3324 4618 3423 4674 ho-

1844 4728 2055 4778 nestate
2082 4718 2214 4775 tecti
2250 4716 2534 4783 incedant,
2564 4723 2621 4771 et
2649 4716 2701 4770 in
2731 4713 3034 4770 ministerio
3057 4713 3239 4784 operis
3262 4725 3427 4782 expe-

1848 4814 1944 4869 diti
1978 4810 2311 4867 discurraht.
2353 4807 2573 4864 Sanesi
2602 4804 2744 4862 forte
2776 4806 2900 4877 quis
2929 4805 3153 4877 pallium
3185 4812 3293 4859 non
3328 4800 3430 4856 ba-

1845 4908 1999 4970 beut,
2028 4902 2273 4961 humeris
2299 4898 2609 4973 mappulam
2638 4904 2987 4970 superponat.
3016 4896 3210 4952 Nullus
3237 4902 3430 4949 mona-

1847 5000 2072 5054 chorum
2104 4996 2285 5051 vultus
2324 5006 2512 5049 curam
2550 4998 2735 5062 gem,
2782 4993 2881 5061 per
2920 4987 3068 5060 quod
3096 4983 3333 5042 lasciviae
3369 4988 3429 5039 et

1847 5089 2157 5161 petulantiae
2189 5088 2397 5142 crimen
2433 5085 2722 5141 incurrat:
2776 5097 2883 5137 non
2927 5087 3012 5137 est
3052 5078 3201 5134 enim
3242 5074 3428 5132 meme

1849 5187 2061 5246 castus,
2104 5178 2268 5249 cujus
2314 5182 2409 5233 aut
2450 5177 2699 5248 corporis
2738 5176 2951 5238 cultus,
2984 5175 3080 5225 aut
3114 5166 3426 5238 impudicus

1847 5282 2025 5331 esstat
2051 5274 2319 5328 incessus.
2344 5268 2534 5326 Nullus
2558 5266 2949 5324 monachorum
2975 5270 3188 5317 comam
3216 5257 3426 5312 nutrire

1851 5360 2047 5424 debet:
2080 5379 2204 5419 nam
2232 5363 2324 5433 qui
2360 5361 2464 5417 hoc
2498 5360 2800 5422 imitantur,
2833 5354 2938 5409 etsi
2966 5351 3071 5422 ipsi
3098 5350 3207 5405 hoc
3235 5348 3304 5403 ad
3328 5348 3426 5404 de-

1850 5459 2127 5530 cipiendos
2152 5457 2399 5512 homines
2423 5471 2521 5525 per
2552 5449 2789 5523 speciem
2814 5443 3178 5505 simulationis
3204 5457 3313 5498 non
3338 5440 3427 5495 is-

1851 5551 2036 5614 ciant,
2068 5549 2205 5603 alios
2243 5556 2423 5603 tamen
2456 5541 2867 5605 scandalum;
2900 5545 3164 5610 ponentes
3200 5532 3427 5591 oﬂ'endi-

1851 5642 2030 5699 culum
2082 5640 2310 5696 inﬁrmis
2333 5681 2347 5704 ,
2393 5644 2446 5693 ct
2481 5645 2727 5692 sanctum
2763 5633 3098 5705 propositum
3135 5642 3308 5711 usque
3353 5625 3420 5679 ad

1772 5734 1773 5737 “
1852 5732 2244 5804 blasphemiam
2300 5728 2679 5800 perducentes.
2737 5722 2983 5779 Tendere
3040 5710 3174 5792 ergo
3229 5710 3428 5773 debent

1806 5871 1818 5879 .
1855 5826 1946 5884 iSti
1962 5866 1978 5895 ,
2011 5821 2229 5897 quando
2257 5828 2314 5876 et
2339 5833 2548 5885 omnes,
2574 5816 2685 5874 imo
2708 5814 2871 5872 simul
2890 5829 2957 5871 ac
2981 5813 3190 5885 pariter
3214 5821 3423 5865 omnes.
