3972 6328
522 347 627 404 567

1558 348 1614 403 S.
1659 344 2014 402 BENEDICTI
2055 344 2346 402 ABBATIS
2379 347 2796 405 ANIANENSIS

521 458 657 515 Nam
692 461 1118 532 reprehensibile
1153 472 1274 528 est,
1314 463 1590 518 diversum
1625 461 1829 517 habere
1858 459 2092 521 cultum,
2122 461 2180 522 Α
2203 463 2494 517 secundam
2545 462 2968 519 admonitionem
3021 480 3052 518 a
3105 465 3237 520 vitio
3281 480 3629 539 nequaquam
3683 472 3793 526 fue-

523 550 614 606 ubi
645 565 752 606 non
782 561 866 608 est
894 553 1167 610 diversum
1198 555 1551 625 propositum.

1111 643 1341 704 CAPUT
1376 645 1512 703 XIV.

701 737 778 793 De
805 745 974 792 strato
993 777 1010 803 ,
1042 737 1152 792 sive
1177 736 1244 793 de
1271 736 1605 794 illusionibus
1635 740 1933 795 nocturnis.

592 832 855 888 Abbatem
897 848 1021 888 cum
1053 830 1316 888 fratribus
1351 833 1559 904 pariter
1597 834 1652 888 in
1681 834 2105 906 congregatione

521 925 849 980 commorari
884 931 1136 995 oportet;
1174 932 1237 980 ut
1270 925 1575 981 communis
1621 928 1997 994 conversatio,
2049 934 2106 984 et

523 1016 900 1072 testimonium
946 1016 1101 1072 bonze
1153 1017 1308 1085 vitae,
1354 1025 1411 1074 et
1454 1019 1816 1074 reverentiam
1863 1020 2105 1090 praebeat

523 1111 842 1182 disciplinae.
878 1111 1098 1168 Fratres
1126 1127 1342 1184 quoque
1368 1129 1588 1180 omnes,
1622 1115 1666 1169 si
1698 1113 1955 1185 possibile
1983 1123 2066 1169 est
2085 1155 2102 1180 ,

526 1206 583 1261 in
611 1221 720 1261 uno
749 1205 992 1261 conclavi
1021 1206 1350 1262 commorari
1382 1207 1554 1263 decet.
1605 1205 1760 1274 Quod
1806 1206 1852 1262 si
1887 1204 2104 1261 diﬂicile

521 1298 718 1364 fuerit,
748 1308 895 1355 certe
921 1299 1008 1355 vel
1035 1300 1224 1356 decem
1241 1341 1258 1367 ,
1287 1300 1483 1371 quibus
1510 1316 1650 1354 unus
1673 1309 1757 1356 est
1785 1315 2104 1370 przeponen-

463 1372 493 1468 κ’
523 1389 624 1444 dus
652 1389 920 1456 decanus,
953 1391 1113 1460 quasi
1144 1398 1327 1447 rector
1353 1399 1409 1446 et
1438 1399 1643 1447 custos.
1675 1389 1989 1461 Speciosam
2017 1390 2104 1447 vel

470 1469 478 1487 ”
523 1481 729 1537 variam
758 1483 1151 1554 supellectilem
1181 1485 1510 1540 monachum
1551 1485 1751 1540 habere
1787 1501 1897 1540 non
1932 1485 2102 1550 licet,

521 1573 678 1644 cujus
706 1584 910 1632 stratus
937 1575 1047 1631 erit
1073 1585 1277 1642 storea,
1300 1584 1356 1631 et
1379 1577 1694 1646 stragulum,
1723 1577 1995 1647 pellesque
2023 1577 2103 1631 la-

521 1672 659 1720 natae
688 1666 840 1732 duae,
873 1665 1117 1737 galnabis
1146 1682 1362 1737 quoque
1390 1675 1445 1723 et
1485 1667 1898 1740 farcistergium,
1930 1669 2104 1740 gemi-

521 1770 731 1825 nusque
758 1757 826 1812 ad
853 1766 1016 1827 caput
1041 1757 1312 1828 pulvillus.
1341 1757 1446 1814 Per
1471 1759 1712 1829 singulas
1737 1759 2104 1816 hebdomadas

2206 553 2278 606 rit
2325 554 2676 620 emendatus,
2729 569 2970 625 congrua
3019 554 3147 610 facti
3190 557 3275 611 sui
3327 558 3796 620 animadversione

2205 652 2539 698 coerceatur.
2557 643 2878 701 Peccantem
2901 646 3079 702 nullus
3100 648 3338 704 occultet
3353 671 3368 704 :
3385 651 3636 707 criminis
3657 656 3797 711 enim

2204 742 2290 788 est
2325 737 2612 790 consensio
2646 744 2770 806 post
2807 739 3104 794 secundam
3149 741 3582 799 admonitionem
3625 747 3798 804 celare

2205 826 2519 896 quempiam
2561 836 2924 897 peccatorem.
2968 827 3029 884 Si
3074 831 3196 900 quis
3237 831 3437 903 saepius
3482 845 3797 904 peccantem

2205 916 2433 983 viderit,
2457 917 2609 987 prius
2637 918 2740 974 hoc
2773 919 2867 972 uni
2897 919 2983 974 vel
3009 919 3220 976 duobus
3251 922 3598 978 demonstret
3631 924 3798 981 fratri-

2204 1007 2327 1071 bus,
2352 1023 2580 1078 quorum
2610 1010 2919 1066 testimonio
2946 1012 3120 1081 possit
3143 1013 3415 1079 convinci,
3451 1015 3499 1069 si
3526 1021 3800 1088 negaverit

2207 1099 2299 1168 qui
2327 1099 2575 1170 deliquit.
2614 1100 2905 1156 Peccatum
2930 1103 3110 1172 palam
3136 1105 3490 1161 commissum
3513 1106 3704 1177 palam
3732 1123 3801 1164 est

2207 1193 2539 1264 arguendum
2568 1211 2580 1247 :
2618 1201 2678 1247 ut
2712 1193 2841 1248 dum
2875 1208 3110 1263 peccans
3144 1195 3434 1252 manifeste
3462 1199 3799 1274 emendatur,

2207 1284 2266 1340 hi
2299 1285 2392 1356 qui
2421 1300 2545 1340 eum
2575 1285 2631 1340 in
2656 1286 2800 1341 malo
2832 1287 3030 1341 imitati
3069 1296 3230 1355 sunt,
3257 1289 3639 1361 corrigantur.
3668 1290 3803 1346 Sicut

2208 1386 2390 1431 autem
2417 1377 2578 1432 unius
2608 1377 2809 1434 delicto
2845 1393 2988 1450 saepe
3026 1378 3180 1435 multi
3215 1388 3480 1451 pereunt;
3525 1382 3615 1436 ita
3661 1383 3802 1437 unius

2207 1471 2589 1528 emendatione
2606 1472 2925 1543 plerumque
2951 1471 3110 1528 multi
3132 1473 3431 1529 salvantur.
3457 1474 3568 1541 Qui
3602 1491 3734 1530 vero
3757 1477 3800 1531 in

2205 1564 2431 1620 fratrem
2458 1565 2798 1635 peccaverit,
2829 1565 2876 1619 si
2905 1564 3091 1619 statim
3116 1565 3474 1621 reminiscens
3501 1566 3582 1620 ad
3607 1567 3803 1622 veniam

2205 1658 2536 1727 poscendam
2575 1657 2739 1713 fuerit
2772 1656 3096 1722 inclinatus,
3133 1657 3400 1728 percipiat
3423 1659 3493 1713 ab
3527 1674 3607 1714 eo
3651 1659 3803 1714 indul-

2207 1737 2448 1816 gentiam
2477 1749 2568 1804 cui
2607 1748 2951 1820 cognoscitur
2978 1747 3227 1804 intulisse
3259 1748 3540 1819 injuriam.
3580 1749 3694 1818 Qui
3725 1767 3803 1805 au-

522 1850 692 1906 abbas
715 1852 831 1907 sive
853 1853 1176 1922 prarpositus
1199 1851 1426 1908 lectulos
1445 1862 1762 1908 cunctorum
1788 1854 2101 1925 perspiciat,
2133 1845 2182 1905 Β
2210 1849 2320 1896 lem
2345 1856 2454 1896 ηοη
2490 1842 2656 1912 Petit:
2687 1849 2780 1897 τιοί
2805 1857 2913 1896 non
2937 1857 3003 1896 ex
3037 1842 3219 1897 animo
3254 1843 3527 1912 Ροεῐιιίειῑν
3563 1844 3626 1898 in
3663 1845 3803 1900 C0“?-

522 1956 592 1996 ne
621 1941 750 2011 quid
780 1941 1022 2012 indigeat
1048 1942 1237 2007 frater,
1267 1958 1362 1998 seu
1395 1942 1721 2015 superfluum
1752 1943 1970 2001 habeat.
2000 1945 2109 2002 No—

521 2040 610 2088 cte
639 2033 767 2088 dum
801 2035 868 2089 ad
897 2034 1270 2090 dormiendum
1313 2035 1446 2101 itur,
1479 2051 1577 2091 seu
1617 2045 1904 2107 postquam
1949 2039 2106 2108 quie-

525 2126 717 2191 scitur,
755 2126 910 2183 alteri
943 2143 1103 2183 nemo
1130 2127 1402 2198 loquatur.
1445 2129 1502 2184 ln
1545 2131 1829 2187 nocturnis
1869 2131 2110 2189 tenebris

520 2233 684 2275 nemo
707 2218 962 2290 loquatur
985 2218 1141 2274 fratri
1165 2221 1253 2275 cui
1280 2221 1482 2276 obviat.
1508 2222 1728 2278 Duobus
1754 2222 1809 2278 in
1833 2222 1975 2280 lecto
1999 2240 2108 2281 uno

517 2309 700 2381 jacere
744 2326 856 2367 non
899 2310 1080 2368 liceat.
1127 2311 1246 2367 Lux
1291 2321 1475 2369 autem
1514 2320 1674 2369 nocte
1719 2315 2104 2371 dormientium

517 2400 698 2457 locum
745 2401 1016 2468 illustret,
1063 2410 1124 2459 ut
1168 2403 1408 2474 depulsis
1451 2407 1694 2461 tenebris
1735 2409 2106 2465 testimonium

518 2500 705 2565 pateat
747 2495 1038 2565 singularis
1075 2495 1294 2567 quietis.
1338 2495 1586 2552 Monachi
1629 2500 1924 2555 stratus'in
1960 2500 2106 2556 nulla

519 2583 665 2654 turpi
705 2584 1038 2655 cogitatione
1077 2597 1346 2653 versetur,
1392 2590 1485 2644 sed
1525 2589 1580 2644 in
1621 2589 1736 2646 sola
1775 2592 2109 2662 contempla-

518 2673 670 2730 tione
697 2674 795 2730 Dei
825 2675 1118 2744 accubans,
1150 2685 1206 2732 et
1233 2680 1475 2748 requiem
1507 2680 1754 2751 corporis
1783 2689 1839 2736 et
1868 2683 2106 2751 quietem

523 2763 726 2820 habeat
753 2768 952 2834 cordis,
983 2769 1450 2842 cogitationesque
1473 2787 1668 2843 pravas
1696 2786 1727 2826 a
1755 2788 1813 2829 se
1838 2772 2103 2844 repellat;

517 2855 677 2912 bonis
710 2855 968 2926 objectis,
1003 2868 1190 2931 turpes
1229 2879 1259 2917 a
1304 2879 1362 2919 se
1401 2874 1676 2920 removeat
1709 2884 1721 2918 :
1771 2881 1898 2921 nam
1936 2867 2106 2922 animi

517 2956 701 3005 motus
751 2951 1084 3022 imaginibus
1129 2954 1244 3010 suis
1289 2956 1488 3025 agitur,
1535 2963 1593 3010 et
1637 2957 1814 3026 qualis
1856 2957 2106 3027 vigilanti

515 3042 779 3114 cogitatio
805 3043 1006 3110 fuerit,
1039 3046 1165 3102 talis
1195 3055 1251 3102 et
1281 3047 1458 3119 imago
1492 3063 1595 3116 per
1623 3064 1874 3118 soporem
1915 3065 2106 3106 occur-

517 3133 610 3187 rit.
645 3131 748 3200 Qui
777 3144 1046 3191 nocturna
1093 3137 1342 3192 illusione
1371 3138 1652 3232 polluitqu
1681 3140 1960 3210 publicare
2001 3143 2106 3197 hoc

2209 1931 2415 1986 tionem
2459 1932 2722 1988 deductus
2761 1932 2919 2002 juxta
2957 1947 3243 1988 excessum
3294 1935 3508 2005 injuriae
3561 1951 3804 2008 congrua

2209 2022 2489 2094 subjaceat
2515 2024 2827 2095 disciplinae.
2853 2025 2955 2091 Qui
2989 2026 3092 2080 sibi
3128 2027 3362 2082 invicem
3396 2030 3664 2084 convicia
3695 2032 3808 2101 obji-

2209 2116 2392 2183 ciunt,
2423 2115 2470 2174 si
2501 2116 2697 2172 iterum
2726 2117 2958 2172 invicem
2986 2119 3088 2173 sibi
3115 2119 3369 2175 celeriter
3395 2119 3653 2179 laxando
3677 2124 3806 2196 igno-

2209 2221 2388 2279 scunt,
2413 2213 2470 2268 hi
2492 2210 2607 2281 jam
2633 2213 2702 2268 ab
2721 2212 2829 2268 alio
2842 2213 3122 2284 judicandi
3144 2231 3255 2271 non
3280 2223 3427 2284 sunt,
3452 2219 3594 2286 quia
3622 2220 3806 2289 pariter

2209 2305 2313 2360 sibi
2347 2305 2563 2360 veniam
2601 2305 2732 2360 dare
2769 2304 3168 2362 festinaverunt
3198 2326 3212 2362 :
3244 2309 3291 2363 si
3323 2318 3506 2365 tamen
3550 2312 3805 2368 excedere

2209 2395 2266 2449 in
2289 2393 2611 2463 semetipsos
2631 2392 2971 2465 frequentius
2990 2411 3095 2450 non
3116 2406 3470 2466 praesumant.
3497 2397 3614 2466 Qui
3643 2410 3804 2471 quinte

2209 2487 2423 2558 culpam
2446 2487 2737 2544 confitetur
2755 2504 2918 2560 quam
2943 2490 3126 2560 gessit,
3152 2491 3367 2546 veniam
3395 2496 3711 2562 promereri
3731 2495 3805 2550 de-

2206 2579 2303 2634 bet
2340 2594 2504 2648 quam
2545 2579 2766 2650 expetit.
2805 2577 3006 2634 Oretur
3044 2580 3209 2650 igitur
3231 2597 3332 2651 pro
3357 2598 3458 2650 eo,
3489 2586 3664 2655 eique
3697 2602 3806 2642 cono

2210 2667 2393 2725 festim
2412 2710 2425 2734 ,
2451 2670 2496 2725 si
2520 2669 2654 2725 levis
2677 2670 2833 2742 culpa
2857 2679 2971 2735 est,
2997 2673 3272 2742 postulata
3308 2673 3662 2747 indulgentia
3690 2694 3805 2749 prt-

2207 2764 2423 2819 beatur.
2459 2763 2560 2830 Qui
2603 2778 2704 2834 pro
2749 2765 2901 2835 gravi
2949 2767 3081 2820 vitio
3126 2782 3266 2836 saepe
3308 2772 3807 2828 excommunicatns

2208 2857 2500 2912 emendare
2531 2855 2859 2926 neglexerit,
2905 2858 3092 2912 tandiu
3135 2857 3477 2914 damnationi
3512 2862 3803 2932 subjaceat,

2209 2961 2494 3018 quousque
2524 2947 2652 3002 vitia
2681 2947 2867 3004 inclita
2903 2949 3172 3020 deponat:
3202 2959 3260 3005 ut
3279 2967 3442 3020 quem
3471 2955 3653 3009 semel
3677 2957 3806 3012 illata

2209 3038 2610 3098 animadversio
2640 3054 2748 3095 non
2778 3040 3054 3105 coercuit,
3087 3039 3342 3112 frequens
3381 3046 3663 3102 severitas
3696 3064 3807 3103 cen-

2209 3137 2328 3185 seat
2373 3132 2794 3188 emendandum.
2844 3132 3102 3201 Quamvis
3143 3133 3523 3206 frequentium
3569 3142 3808 3211 gravissi-

516 3223 669 3280 Patri
694 3229 1013 3284 monasterii
1040 3244 1148 3284 non
1174 3237 1436 3298 moretur,
1462 3209 1742 3303 culpae'que
1768 3235 1976 3290 meritis
2001 3236 2101 3290 hoc

2208 3237 2532 3293 morumque
2574 3223 2826 3280 vitiorum
2864 3225 3124 3297 voragine
3157 3229 3229 3281 sit
3269 3230 3570 3302 quisquam
3600 3236 3807 3290 immer-

518 3316 725 3374 tribuat
747 3327 802 3375 et
825 3321 1039 3378 occulte
1059 3323 1433 3392 paenitentiam
1460 3334 1584 3398 agat
1609 3345 1623 3381 :
1649 3329 1826 3384 sciens
1849 3328 1976 3398 quia
1997 3328 2103 3382 nis:

516 3412 894 3480 praecessisset
929 3413 984 3469 in
1027 3430 1092 3470 eo
1132 3414 1310 3473 ﬂuxus
1346 3419 1514 3474 animi
1558 3421 1738 3491 turpia
1778 3421 2099 3492 cogitantis,

517 3512 629 3558 non
657 3514 979 3576 sequeretur
1004 3508 1058 3564 in
1084 3524 1152 3565 eo
1178 3507 1353 3567 fluxus
1374 3512 1607 3568 sordida:
1627 3520 1790 3583 atque
1813 3514 2104 3569 immundae

517 3593 853 3664 pollutionis.
884 3595 1054 3665 Quem
1081 3599 1226 3656 enim
1251 3602 1578 3672 praevenerit
1602 3603 1862 3674 cogitatio
1892 3601 2098 3670 illicita,

515 3687 742 3743 tentatio
768 3687 920 3745 illum
945 3689 1116 3748 foedat
1139 3691 1434 3747 immunda.
1464 3693 1568 3760 Qui
1594 3702 1861 3751 nocturno
1886 3695 2104 3751 delusus

515 3777 898 3847 phantasmate
926 3777 1121 3848 fuerit,
1157 3790 1403 3853 tempore
1432 3784 1595 3839 officii
1626 3786 1680 3840 in
1723 3785 1965 3842 sacrario
1990 3792 2102 3839 sta-

514 3866 633 3934 bit;
666 3883 768 3924 nec
797 3871 1018 3925 audebit
1045 3871 1236 3927 eadem
1266 3874 1353 3928 die
1385 3874 1676 3931 ecclesiam
1714 3877 1963 3942 introire,
2003 3892 2100 3930 an-

515 3967 734 4028 tequam
758 3961 829 4015 sit
852 3960 995 4016 lotus
1019 3970 1074 4016 et
1090 3965 1256 4032 aquis
1279 3972 1335 4020 et
1358 3965 1636 4036 lacrymis.
1671 3968 1728 4021 ln
1759 3967 1876 4037 lege
1901 3969 2101 4038 quippe

517 4049 726 4122 (Deut.
773 4054 970 4125 xxxtt)
1019 4058 1112 4126 qui
1161 4061 1372 4115 somnio
1421 4071 1688 4118 nocturno
1734 4063 2098 4134 polluebatur,

519 4143 706 4212 egredi
741 4141 1040 4211 jubebatur
1079 4161 1112 4202 e
1145 4150 1374 4217 castris,
1413 4166 1516 4207 nec
1545 4153 1755 4224 regredi
1783 4154 2101 4224 priusquam

521 4233 588 4288 ad
621 4247 902 4303 vesperam
931 4234 1224 4293 lavaretur.
1272 4239 1342 4294 Et
1366 4242 1411 4296 si
1441 4241 1516 4296 illi
1559 4243 1613 4297 in
1656 4243 1861 4298 carnali
1903 4245 2101 4316 populo

516 4327 625 4395 ita,
670 4328 802 4398 quid
845 4330 1107 4400 spiritalis
1151 4348 1340 4389 servus
1383 4333 1589 4391 Christi
1632 4335 1813 4395 facere
1858 4337 2101 4394 debeat?

515 4420 609 4489 qui
640 4420 816 4490 magis
846 4424 1362 4482 contaminationem
1391 4442 1547 4483 suam
1592 4429 1749 4486 debet
1793 4431 2098 4500 respicere,

513 4518 570 4564 et
597 4509 758 4582 longe
788 4512 856 4567 ab
885 4512 1058 4570 altero
1084 4516 1296 4585 positus
1324 4526 1507 4575 mente
1534 4527 1590 4575 et
1621 4535 1846 4592 corpore
1887 4532 2098 4592 pertre-

515 4605 780 4671 miscere,
814 4614 977 4677 atque
1004 4609 1062 4662 in
1090 4608 1261 4680 figura
1293 4627 1445 4683 aqua:
1468 4615 1801 4684 paenitentia:
1825 4615 2096 4687 lacrymas

514 4697 820 4754 adhibere:
862 4709 921 4754 ut
969 4715 1075 4756 non
1127 4701 1301 4758 solum
1331 4706 1518 4775 aquis,
1549 4707 1644 4762 sed
1672 4706 1838 4760 etiam
1882 4705 2096 4764 ﬂetibus

515 4790 736 4847 studeat
766 4792 943 4859 ablui,
975 4794 1238 4864 quidquid
1268 4796 1406 4852 forte
1445 4813 1543 4868 per
1570 4797 1838 4854 occultam
1882 4799 2096 4868 culpam

514 4883 794 4938 immunda
849 4885 1236 4941 contaminatio
1291 4888 1502 4958 polluit.
1565 4888 1666 4955 Qui
1721 4885 2098 4944 fornicationis

515 4975 865 5031 tentamentis
895 4984 1187 5044 exaestuat,
1220 4987 1338 5034 oret
1374 4979 1742 5035 indesinenter
1775 4988 1938 5051 atque
1967 4981 2094 5037 abs-

513 5066 708 5132 tineat,
754 5083 856 5124 nec
882 5070 1171 5126 erubescat
1211 5071 1459 5127 confiteri
1489 5073 1728 5129 libidinis
1765 5081 1956 5128 aestum
1987 5089 2096 5144 quo

2209 3327 2302 3368 sus
2322 3354 2336 3378 ,
2362 3329 2467 3368 non
2498 3323 2678 3369 tamen
2707 3331 2738 3369 a
2766 3317 3094 3372 monasterio
3122 3319 3524 3390 projiciendus,
3547 3326 3808 3394 sedjuxta

2207 3403 2524 3474 qualitatem
2556 3404 2737 3461 delicti
2762 3408 3097 3464 coercendus
3117 3417 3201 3464 est
3228 3428 3241 3463 :
3271 3425 3342 3466 ne
3369 3410 3520 3468 forte
3541 3415 3637 3485 qui
3658 3427 3807 3486 pote-

2208 3505 2294 3550 rat
2318 3512 2416 3566 per
2437 3497 2758 3582 diuturnam.
2771 3501 3164 3569 paenitudinem
3183 3505 3470 3561 emendari
3486 3548 3505 3575 ,
3533 3508 3660 3563 dum
3681 3523 3806 3580 pro-

2198 3585 2411 3653 jicitur,
2434 3603 2529 3642 ore
2559 3588 2759 3646 diaboli
2781 3590 3089 3646 devoretur.

2761 3702 3034 3760 CAPUT
3090 3704 3248 3762 XVI.

2828 3775 2907 3829 De
2930 3775 3158 3832 delictis.

2276 3866 2479 3924 Delicta
2520 3873 2700 3922 autem
2737 3876 2829 3922 aut
2865 3867 3004 3924 levia
3033 3877 3160 3925 sunt
3185 3877 3283 3925 aut
3313 3871 3526 3944 gravia.
3557 3871 3808 3932 Levioris

2203 3956 2374 4026 culpae
2409 3971 2535 4010 reus
2571 3964 2657 4012 est
2690 3974 2703 4010 :
2744 3958 2836 4028 qui
2878 3957 3088 4014 otiosus
3126 3973 3246 4015 esse
3285 3959 3578 4027 dilexerit,
3627 3967 3727 4036 qui
3752 3966 3808 4019 ad

2201 4048 2437 4103 cilicium
2455 4089 2470 4115 ,
2500 4047 2585 4103 vel
2613 4048 2680 4104 ad
2702 4048 3044 4106 collationem
3065 4090 3081 4116 ,
3115 4051 3200 4106 vel
3230 4051 3299 4107 ad
3321 4065 3572 4108 mensam
3609 4055 3808 4110 tardius

2203 4139 2446 4205 venerit;
2472 4141 2561 4210 qui
2586 4143 2641 4196 in
2661 4143 2830 4197 choro
2843 4143 2992 4198 horis
3017 4143 3202 4200 riserit
3214 4142 3480 4200 fabulisve
3495 4150 3809 4211 vacaverit;

2201 4233 2293 4304 qui
2328 4233 2518 4289 relicto
2548 4232 2725 4290 cilicio
2763 4234 2848 4290 vel
2875 4250 3072 4306 opere,
3109 4244 3263 4291 extra
3295 4237 3665 4295 necessitatis
3693 4256 3810 4295 cau-

2202 4341 2318 4382 sam
2360 4325 2506 4381 foras
2545 4326 2889 4394 discesserit;
2935 4327 3028 4398 qui
3077 4336 3350 4399 torporem
3399 4338 3498 4383 aut
3548 4345 3811 4387 somnum

2203 4417 2503 4483 amaverit;
2530 4417 2623 4488 qui
2649 4419 2844 4488 saepius
2859 4417 3160 4486 juraverit;
3185 4420 3278 4490 qui
3301 4419 3682 4492 multiloquus
3705 4425 3812 4479 fue-

2207 4511 2310 4576 rit;
2341 4511 2434 4581 qui
2464 4511 2825 4566 ministerium
2849 4510 3136 4581 cujuslibet
3161 4513 3340 4583 operis
3366 4513 3697 4583 injunctum
3720 4518 3813 4574 sibi

2121 4570 2175 4631 D
2201 4570 2318 4654 sine
2358 4570 2734 4656 benedictione
2768 4570 3096 4672 susceperit,
3147 4570 3214 4657 ac
3244 4570 3468 4672 peracto
3509 4619 3699 4675 opere
3737 4607 3815 4662 be

2200 4700 2557 4755 nedictionem
2579 4700 2800 4754 minime
2821 4698 3192 4771 postulaverit,
3217 4701 3308 4771 qui
3331 4701 3659 4783 injunctum
3685 4720 3814 4776 Opus

2199 4791 2534 4863 negligenter
2557 4791 2644 4846 vel
2674 4792 2882 4846 tardius
2909 4791 3238 4862 expleverit;
3271 4792 3365 4862 qui
3392 4807 3527 4848 casu
3562 4809 3683 4850 vas
3723 4796 3815 4849 ali-

2199 4883 2344 4952 quod
2371 4882 2622 4954 fregerit;
2654 4884 2747 4954 qui
2777 4884 3032 4938 damnum
3062 4883 3142 4938 rei
3171 4898 3352 4953 parvte
3388 4883 3694 4951 intulerit;
3727 4889 3816 4959 qui

2199 4977 2386 5032 codice
2407 4976 2738 5048 negligenter
2757 4993 2885 5033 usus
2910 4976 3104 5043 fuerit;
3127 4977 3221 5046 qui
3240 4976 3437 5032 alicubi
3457 4978 3528 5032 ad
3551 4994 3816 5035 momen-

2198 5075 2314 5121 tum
2355 5067 2680 5133 secesserit;
2727 5067 2821 5137 qui
2861 5067 3072 5122 occulte
3115 5068 3326 5123 litteras
3368 5068 3438 5122 ab
3482 5069 3690 5140 aliquo
3735 5072 3815 5128 vel

515 5157 728 5224 uritur;
772 5160 900 5229 quia
940 5161 1132 5216 vitium
1173 5163 1443 5218 detectum
1481 5164 1590 5218 cito
1631 5173 1873 5229 curatur,
1918 5164 2095 5221 latens

516 5261 680 5314 vero,
710 5258 915 5318 quanto
943 5251 1176 5322 amplius
1207 5253 1538 5308 occultatum
1565 5253 1762 5318 fuerit,
1795 5261 1946 5308 tanto
1978 5270 2095 5308 ma-

513 5337 599 5408 gis
624 5337 892 5407 profunde
921 5341 1093 5411 serpit
1122 5359 1135 5395 :
1168 5342 1311 5412 quod
1339 5358 1531 5398 revera
1564 5343 1655 5413 qui
1684 5343 1963 5413 publicare
1993 5358 2091 5398 ne-

515 5425 668 5498 gligit
687 5468 702 5492 ,
732 5429 913 5485 curari
943 5430 1167 5487 minime
1195 5432 1362 5502 cupit.

1115 5540 1343 5598 CAPUT
1381 5541 1496 5598 XV.

2197 5159 2473 5230 quodlibet
2500 5175 2694 5214 munus
2731 5160 3030 5230 acceperit;
3055 5159 3140 5215 vel
3164 5159 3448 5230 epistolam
3488 5165 3816 5235 suscipiens

2197 5251 2578 5316 occultaverit,
2609 5262 2702 5307 aut
2727 5253 2846 5308 sine
2871 5253 3082 5308 abbatis
3115 5269 3384 5309 consensu
3420 5258 3815 5328 rescripserit,

2199 5341 2283 5396 vel
2311 5344 2605 5412 quemlibet
2638 5352 2922 5414 parentum
2942 5385 2957 5410 ,
2978 5345 3063 5400 vel
3085 5346 3463 5412 saecularium,
3500 5351 3624 5404 sine
3648 5353 3814 5422 jussu

2197 5434 2429 5489 senioris
2460 5445 2553 5490 aut
2576 5437 2800 5502 viderit,
2831 5444 2923 5490 aut
2948 5451 3073 5494 cum
3098 5452 3165 5494 eo
3201 5437 3410 5494 locutus
3435 5439 3542 5506 sit;
3581 5444 3694 5511 qui
3730 5461 3816 5500 se-

2195 5527 2338 5582 niori
2368 5528 2685 5584 inobediens
2707 5527 2897 5595 fuerit;
2935 5531 3028 5601 qui
3056 5533 3445 5586 contumaciter
3466 5534 3696 5591 seniori
3731 5555 3818 5594 re-

2196 5620 2502 5690 sponderit;
2535 5623 2628 5692 qui
2655 5637 2780 5692 erga
2807 5624 3074 5679 seniorem
3110 5623 3348 5695 linguam
3377 5641 3484 5680 non
3517 5641 3817 5696 represse

2193 5711 2296 5776 rit;
2349 5713 2441 5781 qui
2486 5713 2720 5769 lascivus
2771 5715 2825 5769 in
2872 5715 3051 5788 lingua
3103 5716 3302 5786 fuerit;
3356 5717 3448 5788 qui
3495 5719 3817 5780 inhoneste

2194 5801 2510 5868 incesserit;
2551 5806 2642 5874 qui
2668 5805 2962 5875 jocaverit;
2994 5808 3086 5878 qui
3121 5809 3255 5866 satis
3293 5809 3507 5875 riserit;
3539 5812 3644 5881 qui
3674 5829 3814 5870 cam

1025 5610 1105 5667 De
1139 5613 1577 5684 delinquentibus.

588 5699 646 5754 Si
671 5703 794 5771 quis
827 5702 883 5758 in
909 5703 1089 5776 aliquo
1117 5705 1220 5762 levi
1248 5706 1444 5762 delicto
1472 5707 1711 5764 titubans
1737 5708 2090 5775 oberraverit,

515 5794 680 5852 semel
719 5804 880 5865 atque
917 5799 1110 5853 iterum
1155 5798 1524 5856 admonendus
1563 5809 1647 5855 est
1691 5818 1704 5852 :
1750 5801 1840 5869 qui
1882 5801 1927 5857 si
1971 5809 2093 5872 post
