3972 6328
157 387 255 445 569

759 370 989 432 CODEX
1026 362 1484 426 REGULABUM.
1523 391 1594 402 —
1629 357 1812 415 PARS
1846 353 1914 411 II.
1953 352 2254 412 REGULAE
2293 350 2399 406 PP.
2438 347 2800 406 OCCIDENT.

3301 349 3406 406 570

158 499 612 562 excommunicato
638 494 848 550 locutus
881 491 1077 554 fuerit,
1109 485 1379 550 oraverit,
1409 490 1503 536 aut
1540 491 1726 534 come-
1751 481 1807 540 Α
1829 475 2056 530 learum.
2092 470 2611 528 Excommunicandi
2640 477 2962 541 potestatem
2994 471 3213 528 habebit
3249 467 3416 530 Pater

160 596 318 660 derit;
343 591 434 664 qui
449 588 749 645 illusionem
766 593 1082 640 nocturnam
1099 579 1246 634 Patri
1263 591 1368 632 non
1387 570 1722 645 patefecerit.

161 690 278 746 Haec
300 687 463 758 igitur
487 693 542 740 et
567 684 654 738 his
677 681 874 737 similia
895 679 1147 734 triduana
1173 667 1729 730 excommunicatione

159 778 485 837 emendanda
501 784 646 832 sunt.
672 773 920 830 Graviori
941 779 1124 826 autem
1149 767 1318 836 culpa:
1337 761 1602 820 obnoxius
1622 766 1727 825 est,

160 874 201 928 si
231 870 553 927 temulentus
578 868 804 938 quisque
830 865 932 930 sit,
955 863 1001 918 si
1028 861 1236 916 discors
1253 898 1267 922 ,
1294 857 1340 911 si
1369 853 1730 924 turpiloquus,

159 966 201 1021 si
238 963 560 1019 feminarum
589 959 902 1024 familiaris,
933 956 979 1012 si
1017 953 1290 1010 seminans
1330 944 1657 1008 discordias,
1685 940 1734 995 si

160 1058 472 1121 iracundus,
497 1056 542 1110 si
571 1055 693 1108 alta:
719 1061 772 1108 et
797 1058 990 1108 erecta:
1016 1045 1242 1103 cervicis
1259 1085 1274 1109 ,
1305 1042 1349 1096 si
1376 1046 1554 1095 mente
1575 1033 1735 1091 tumi-

159 1152 254 1206 dus
287 1147 615 1220 veljactanti
648 1147 862 1201 incessu
901 1141 1319 1200 immoderatus;
1354 1134 1398 1188 si
1439 1133 1733 1220 detractor,

158 1218 406 1306 susurro,
443 1239 528 1295 vel
569 1236 810 1301 invidus;
853 1234 898 1288 si
927 1237 1284 1303 pnesumptor
1309 1224 1388 1278 rei
1417 1218 1731 1292 peculiaris,

157 1335 201 1389 si
229 1332 470 1406 pecunia:
494 1329 744 1401 contagio
775 1325 1104 1397 implicatur,
1126 1321 1170 1375 si
1199 1315 1400 1388 aliquid
1423 1321 1618 1406 praeter
1651 1324 1736 1406 re:

158 1401 391 1498 gularem
444 1420 897 1493 dispensationem
952 1411 1280 1484 superfluum
1324 1405 1630 1498 possideat,
1690 1401 1734 1456 si

160 1495 430 1574 fraudator
456 1517 533 1572 rei
555 1521 789 1583 acceptze
807 1553 821 1575 ,
847 1509 934 1566 vel
955 1505 1254 1564 commissae
1279 1501 1406 1565 sibi,
1440 1505 1533 1552 aut
1560 1495 1738 1550 minus

160 1611 470 1668 commissae.
487 1609 632 1663 Inter
654 1609 769 1662 haec
797 1605 842 1660 si
864 1618 923 1658 se
945 1602 1011 1656 de
1042 1599 1204 1653 rebus
1234 1608 1417 1650 secum
1440 1589 1618 1644 allatis
1639 1602 1738 1642 ex-

162 1703 369 1769 tulerit,
399 1702 483 1755 vel
515 1701 580 1756 de
605 1700 674 1755 iis
703 1714 801 1769 per
826 1692 1244 1752 inobedientiam
1283 1682 1736 1748 murmuraverit;

162 1797 205 1852 si
232 1797 304 1851 rei
344 1795 564 1866 majoris
595 1793 851 1848 damnum
898 1786 1171 1849 intulerit,
1213 1782 1257 1837 si
1297 1780 1506 1835 furatus
1535 1775 1738 1840 fuerit,

1830 567 2176 632 monasterii,
2209 566 2323 620 sive
2349 567 2702 636 praepositus;
2733 565 2927 635 reliqui
2953 574 3132 621 autem
3157 582 3413 624 excessus

1831 662 2218 718 monachorum
2255 662 2311 715 in
2353 660 2574 715 collecta
2611 659 2793 715 abbati
2835 659 2922 714 vel
2948 661 3240 730 praeposito
3267 659 3413 717 defe-

1831 762 2058 818 rentur;
2101 763 2160 808 ut
2202 753 2248 807 is
2295 753 2387 822 qui
2435 754 2724 823 deliquisse
2777 753 3139 824 cognoscitur,
3197 768 3418 825 compe-

1834 846 1969 901 tenti
1994 844 2282 915 severitate
2310 853 2628 900 coerceatur

2398 953 2626 1012 CAPUT
2664 956 2844 1012 XVIII.

2307 1025 2388 1080 De
2423 1029 2572 1082 rebus
2614 1027 2669 1080 Μ
2675 1031 2938 1084 onasterii.

1904 1119 2102 1175 Abbati
2134 1118 2220 1174 vel
2250 1121 2518 1175 monacho
2546 1124 2862 1178 monasterii
2901 1138 3116 1178 servum
3155 1138 3262 1179 non
3289 1124 3421 1179 lice-

1835 1213 1917 1268 bit
1950 1210 2128 1267 facere
2164 1211 2416 1267 liberum.
2450 1209 2550 1280 Qui
2582 1215 2726 1268 enim
2765 1214 2895 1269 nihil
2925 1217 3202 1286 proprium
3233 1216 3418 1280 habet,

1836 1305 2146 1360 libertatem
2175 1305 2254 1358 rei
2287 1304 2476 1359 alienae
2511 1305 2640 1360 dare
2677 1322 2784 1360 non
2812 1307 2990 1362 debet.
3019 1305 3175 1370 Nam,
3203 1307 3342 1362 sicut
3371 1312 3426 1362 et

1838 1399 2019 1455 saeculi
2060 1398 2209 1469 leges
2233 1406 2559 1462 sanxerunt,
2592 1416 2696 1453 non
2721 1409 2889 1469 potest
2923 1400 3146 1454 alienari
3169 1400 3424 1470 possessio

1841 1494 1942 1550 nisi
1982 1510 2015 1546 a
2053 1493 2263 1564 proprio
2298 1493 2529 1546 domino.
2567 1490 2740 1547 Omne
2770 1493 2912 1563 quod
2952 1492 3005 1547 in
3037 1493 3428 1547 monasterium

1840 1586 1896 1640 in
1921 1599 2142 1640 nummo
2163 1584 2485 1654 ingreditur,
2512 1585 2612 1640 sub
2641 1585 2953 1640 testimonio
2981 1586 3255 1641 seniorum
3289 1586 3432 1640 acci-

1840 1679 2118 1750 piendum.
2156 1678 2356 1733 Eadem
2397 1679 2623 1749 pecunia
2673 1679 2727 1732 in
2778 1677 2954 1732 tribus
3000 1677 3246 1747 partibus
3298 1678 3433 1732 divi-

1845 1769 2020 1825 denda
2046 1777 2131 1824 est
2162 1787 2176 1824 :
2207 1785 2439 1838 quarum
2459 1784 2566 1822 una
2589 1768 2695 1822 erit
2723 1783 2822 1837 pro
2847 1767 3076 1822 infirmis
3102 1776 3158 1822 et
3190 1769 3430 1834 senibus,

161 1892 206 1947 si
227 1857 610 1960 periuraverit;
642 1886 687 1941 si
718 1883 910 1938 falsum
947 1878 1176 1941 dixerit;
1213 1875 1260 1929 si
1286 1871 1672 1960 contentiones
1688 1874 1745 1920 et
1769 1857 1819 1918 Β
1847 1871 1902 1960 et
1928 1877 2027 1932 pro
2057 1861 2239 1960 aliquo
2273 1862 2570 1960 coemendo
2599 1861 2652 1915 in
2679 1861 2870 1960 diebus
2907 1861 3110 1960 sanctis
3137 1860 3333 1915 cultius
3364 1859 3434 1960 ad

160 1959 302 2038 rixas
341 1979 629 2044 amaverit;
670 1977 715 2032 si
753 1971 1101 2030 manifestum
1139 1965 1444 2023 conVicium
1474 1960 1629 2014 fratri
1662 1959 1740 2012 in-

160 2074 372 2138 tulerit;
401 2073 446 2128 si
481 2083 766 2142 personam
802 2061 1107 2120 innocentis
1133 2057 1269 2113 falso
1301 2054 1529 2111 crimine
1554 2066 1741 2106 macu-

157 2167 378 2230 laverit;
408 2165 455 2220 si
487 2160 794 2219 contumaci
824 2157 1005 2213 animo
1029 2153 1301 2210 seniorem
1327 2148 1670 2218 despexerit;
1699 2145 1746 2199 si

157 2273 441 2313 rancorem
474 2257 735 2311 adversus
769 2251 994 2305 fratrem
1030 2245 1293 2309 tenuerit;
1329 2242 1372 2296 si
1413 2238 1660 2312 peccanti
1692 2239 1748 2292 in

159 2356 301 2403 seet
333 2355 518 2417 postea
555 2342 875 2413 supplicanti
914 2338 1124 2394 veniam
1156 2351 1260 2388 non
1300 2330 1663 2394 concesserit;
1701 2328 1747 2383 si

155 2457 282 2496 cum
320 2438 557 2510 parvulis
592 2433 888 2504 jocaverit;
930 2430 975 2485 si
1015 2443 1137 2484 cum
1178 2426 1349 2480 altero
1389 2424 1442 2476 in
1472 2437 1580 2476 uno
1606 2421 1748 2475 lecto

151 2532 411 2607 jacuerit,
441 2530 486 2585 si
513 2537 666 2582 extra
703 2538 1044 2581 communem
1087 2530 1332 2575 mensam
1369 2514 1622 2586 privatim
1661 2511 1750 2568 vel

156 2606 340 2680 furtim
356 2621 632 2692 quippiam
647 2615 968 2687 sumpserit;
996 2613 1039 2668 si
1057 2610 1251 2666 alicubi
1274 2617 1428 2664 extra
1442 2606 1750 2662 consultum

155 2718 431 2794 praepositi
455 2715 539 2770 vel
561 2713 773 2768 abbatis
795 2708 1080 2766 discedens
1106 2702 1286 2759 medio
1309 2699 1498 2794 die‘vel
1521 2697 1750 2794 amplius

158 2787 522 2872 com—moratus
557 2807 750 2862 fuerit:
789 2805 870 2869 si,
912 2811 972 2857 ut
1012 2801 1217 2856 otiosus
1239 2795 1337 2858 sit,
1383 2791 1570 2846 falsam
1603 2787 1753 2844 infir-

157 2907 407 2964 mitatem
433 2897 803 2974 praetenderit.
829 2894 956 2950 Haec
985 2900 1041 2948 et
1067 2888 1263 2946 similia
1287 2885 1442 2955 juxta
1468 2880 1751 2936 arbitrium

158 2999 340 3056 Patris
360 2996 614 3052 diuturna
631 2984 1194 3047 excommunicatione
1216 2975 1494 3052 purganda
1509 2983 1630 3029 sunt
1651 2991 1666 3039 ;
1693 2981 1755 3029 ut

157 3091 256 3164 qui
300 3087 536 3158 graviter
578 3095 809 3156 peccare
853 3084 1175 3141 noscuntur,
1223 3069 1424 3128 acriori
1466 3067 1755 3123 severitate

154 3189 536 3238 coerceantur.

742 3261 968 3320 CAPUT
1005 3261 1168 3318 XVII.

646 3361 726 3417 De
767 3359 1252 3415 excommunicatis.

233 3456 544 3516 Satisfactio
589 3451 1014 3523 delinquentium
1055 3451 1172 3506 haec
1211 3458 1296 3506 est
1338 3469 1350 3504 :
1397 3449 1654 3506 fratribus
1696 3449 1752 3504 in

152 3551 397 3613 ecclesia
435 3545 771 3611 constitutis,
819 3551 1044 3615 peracto
1097 3543 1432 3612 poenitentia:
1477 3550 1750 3613 tempore,

155 3641 664 3704 excommunicatus
692 3645 917 3692 vocatus
942 3633 1115 3690 solvet
1143 3635 1324 3690 statim
1356 3634 1633 3706 cingulum
1661 3649 1756 3689 ex-

156 3750 256 3796 tra
303 3736 527 3792 chorum
569 3733 733 3787 humo
779 3736 1121 3801 prostratus,
1151 3741 1436 3797 quousque
1466 3727 1756 3783 celebritas

153 3827 481 3901 expleatur;
511 3838 744 3894 cumque
767 3820 978 3890 jussum
1009 3818 1173 3873 fuerit
1199 3817 1268 3872 ab
1284 3809 1494 3873 'abbate
1517 3819 1584 3872 de
1610 3826 1758 3874 terra

152 3926 476 3991 consurget,
500 3914 916 3988 ingrediensque
938 3913 1164 3966 chorum
1185 3917 1322 3965 oret.
1349 3909 1476 3965 Post
1497 3910 1613 3964 haec
1633 3909 1757 3964 data

153 4013 416 4071 oratione
446 4025 544 4081 pro
577 4023 642 4065 eo
682 4007 751 4063 ab
791 4005 1018 4070 abbate,
1050 4012 1104 4059 et
1144 4004 1600 4074 respondentibus
1627 4019 1758 4059 cun-

153 4109 305 4174 ctis,
345 4105 553 4169 Amen,
598 4109 812 4172 surget,
854 4108 1018 4170 atque
1059 4098 1126 4153 ab
1169 4097 1422 4152 omnibus
1457 4111 1556 4166 pro
1588 4097 1759 4168 negli-

153 4201 349 4277 gentia
379 4197 594 4254 veniam
626 4202 851 4265 poscat,
892 4192 1187 4263 adepturus
1224 4191 1612 4261 indulgentiam
1642 4198 1763 4259 post

151 4295 330 4366 hujus
369 4287 752 4347 emendatoria:
793 4283 1180 4340 satisfactionis
1217 4295 1526 4336 censuram.
1569 4279 1625 4332 In
1667 4280 1766 4333 mi-

155 4389 292 4445 nori
331 4393 488 4442 tetate
527 4379 805 4437 constituti
849 4394 956 4433 non
999 4383 1126 4431 sunt
1165 4374 1450 4430 coercendi
1495 4374 1762 4429 sententia

154 4472 777 4537 excommunicationis,
835 4471 926 4524 sed
977 4483 1077 4539 pro
1125 4465 1383 4538 qualitate
1426 4465 1768 4537 negligentia:

1777 3232 1824 3296 C

1845 1954 2050 2008 victum
2079 1952 2413 2018 fraternum;
2447 1953 2554 2007 alia
2587 1969 2687 2024 pro
2716 1955 2932 2025 egenis;
2959 1955 3118 2009 tertia
3147 1970 3246 2024 pro
3273 1955 3437 2012 vesti-

1847 2051 2046 2106 mentis
2071 2049 2298 2104 fratrum
2321 2059 2376 2106 et
2403 2065 2694 2120 puerorum
2711 2092 2726 2116 ,
2759 2051 2843 2106 vel
2869 2051 3131 2121 quibusve
3153 2050 3222 2104 ad
3250 2064 3438 2104 neces-

1848 2147 2064 2200 sitatem
2099 2145 2414 2199 monasterii
2453 2146 2780 2200 coemendis.
2811 2144 2956 2211 Quas
2989 2153 3100 2200 tres
3129 2153 3316 2215 partes
3345 2158 3440 2198 cu-

1849 2247 1961 2294 stos
2003 2238 2228 2292 sacrarii
2268 2238 2566 2308 suscipiat,
2603 2253 2667 2293 ac
2708 2237 3060 2310 praecipiente
3099 2236 3296 2293 abbate
3338 2237 3440 2292 sub

1849 2331 2161 2385 testimonio
2184 2331 2458 2400 praepositi
2496 2331 2579 2385 vel
2617 2331 2890 2385 seniorum
2921 2331 2986 2386 de
3021 2330 3246 2403 singulis
3272 2329 3441 2402 parti-

1849 2423 1952 2478 bus
1975 2437 2075 2500 pro
2099 2421 2212 2477 suis
2239 2423 2566 2477 necessariis
2594 2423 2774 2477 causis
2807 2424 3076 2493 expendat

2440 2533 2668 2590 CAPUT
2707 2534 2850 2588 XIX.

2265 2604 2406 2670 Quid
2445 2606 2514 2658 ad
2551 2622 2703 2676 quem
2740 2615 3016 2676 pertineat.

1920 2697 2002 2752 Ad
2035 2696 2388 2767 praepositum
2421 2696 2661 2764 pertinet
2698 2696 3004 2751 sollicitudo
3030 2696 3439 2760 monachorum,

1852 2789 1995 2844 actio
2021 2803 2307 2844 causarum
2326 2828 2340 2854 ,
2376 2803 2507 2843 cura
2542 2789 2966 2858 possessionum,
2997 2789 3136 2843 satio
3167 2803 3442 2859 agrorum,

1851 2882 2116 2953 plantatio
2161 2883 2484 2952 culturaque
2519 2883 2833 2948 vinearum,
2875 2882 3152 2954 diligentia
3185 2899 3443 2956 gregum,

1853 2975 2193 3032 constructio
2223 2974 2575 3030 aedificiorum
2595 3016 2610 3041 ,
2642 2991 2780 3046 opus
2805 2978 3296 3046 carpenlariorum,
3329 2978 3445 3034 sive

1855 3065 2155 3121 fabrorum.
2197 3065 2279 3120 Ad
2315 3068 2594 3123 custodem
2632 3069 2856 3123 sacrarii
2905 3070 3142 3140 pertinet
3189 3086 3319 3125 cura
3362 3070 3450 3126 vel

1857 3157 2101 3212 custodia
2130 3157 2576 3237 templigsignum
2601 3174 2815 3229 quoque
2841 3159 3001 3214 dandi
3038 3161 3092 3215 in
3122 3162 3449 3233 vespertinis

1855 3249 2246 3321 nocturnisque
2272 3248 2496 3316 officiis;
2530 3250 2649 3306 vela
2674 3259 2961 3322 vestesque
2987 3267 3186 3319 sacrm,
3220 3269 3284 3309 ac
3320 3269 3450 3309 vasa

1854 3361 2168 3412 sacrorum,
2203 3347 2418 3402 codices
2443 3361 2689 3419 quoque,
2725 3347 3196 3419 instrumentaque
3234 3357 3446 3414 cuncta,

1854 3437 2032 3494 oleum
2063 3439 2120 3492 in
2143 3453 2274 3494 usus
2298 3441 2626 3504 sanctuarii,
2653 3457 2779 3496 cera
2809 3450 2866 3496 et
2894 3441 3203 3496 luminaria.
3231 3442 3338 3497 Iste
3362 3458 3452 3497 ve-

1856 3531 2044 3586 stiaria
2067 3531 2383 3586 monasterii
2412 3532 2690 3601 suscipiat,
2714 3532 2916 3602 quique
2937 3533 3101 3586 etiam
3124 3531 3214 3586 fila
3237 3532 3454 3588 diversa

1855 3636 1957 3692 pro
1986 3623 2314 3677 consuendis
2342 3624 2582 3678 vestibus
2613 3622 2844 3678 fratrum
2874 3623 3116 3688 habebit,
3143 3630 3198 3677 et
3225 3623 3452 3692 quibus-

1860 3727 2073 3782 cunque
2102 3721 2162 3767 ut
2198 3728 2484 3768 necessum
2523 3722 2606 3768 est
2651 3713 3002 3768 ministrabit.
3038 3713 3121 3769 Ad
3149 3715 3294 3771 hunc
3322 3730 3456 3787 quo-

1860 3821 1966 3876 que
1995 3806 2290 3878 pertinebit
2316 3823 2512 3862 aurum
2538 3816 2592 3861 et
2627 3815 2940 3878 argentum,
2971 3815 3276 3879 caeteraque
3313 3809 3456 3865 facta

1861 3898 2169 3967 infectaque
2202 3899 2326 3953 teris
2364 3897 2603 3968 ferrique
2640 3897 2860 3953 metalla
2895 3917 2906 3952 :
2939 3898 3212 3955 ordinatio
3241 3912 3458 3971 quoque

1859 3991 2258 4059 Iinteariorum,
2282 3991 2544 4049 fullonum
2563 4034 2578 4060 ,
2608 3975 2942 4048 cerariorum
2972 4001 3134 4064 atque
3160 4003 3452 4050 sartorum.

1860 4086 1942 4142 Ad
1964 4086 2257 4156 janitorem
2295 4087 2589 4156 pertinebit
2622 4101 2754 4142 cura
2783 4087 3056 4157 hospitum
3075 4128 3090 4153 ,
3119 4087 3458 4145 denuntiatio

1864 4180 2265 4236 advenientium
2284 4220 2298 4243 ,
2323 4179 2568 4235 custodia
2596 4179 2929 4234 exteriorum
2960 4179 3342 4234 claustrorum.
3373 4180 3459 4235 Ad

1863 4288 1987 4327 eum
2025 4273 2116 4342 qui
2154 4270 2373 4326 cellario
2416 4271 2772 4341 praeponitur,
2814 4271 3109 4340 pertinebit
3155 4270 3460 4326 sollicitudo

1865 4380 2052 4420 eorum
2091 4379 2212 4434 quae
2239 4365 2293 4418 in
2328 4364 2703 4434 promptuario
2731 4370 2873 4418 sunt.
2902 4361 3007 4416 Iste
3029 4362 3295 4432 praebebit
3330 4364 3460 4419 heb-

1867 4455 2199 4512 domadariis
2235 4455 2496 4524 quidquid
2538 4453 2902 4510 necessarium
2937 4461 3020 4507 est
3061 4453 3225 4507 victui
3265 4469 3458 4510 mona-

157 4566 430 4638 congruis
467 4559 792 4619 emendandi
823 4566 950 4614 sunt
985 4557 1186 4629 plagis;
1224 4565 1284 4612 ut
1319 4571 1455 4627 quos
1485 4557 1660 4610 aetatis
1682 4555 1765 4610 in-
1789 4595 1842 4656 D
1869 4547 2116 4610 chorum,
2148 4547 2422 4614 Ιιοενίιυηι
2447 4553 2502 4600 ει
2530 4545 2889 4656 ίηηξωξνξηηο
2925 4543 3033 4656 [³ῑο
3059 4555 3326 4615 Ρτῖὲεθηῑο
3352 4548 3461 4603 ἀίε-

156 4659 406 4715 firmitas
430 4670 462 4709 a
487 4653 643 4724 culpa
671 4667 779 4707 non
814 4658 1067 4716 revocat,
1093 4648 1284 4720 ﬂagelli
1309 4648 1592 4718 disciplina
1616 4664 1764 4704 com-

155 4754 380 4822 pescat.
419 4743 917 4802 Excommunicatis
945 4750 1123 4797 autem
1143 4783 1158 4807 ,
1191 4741 1259 4796 ab
1293 4741 1379 4797 his
1408 4741 1540 4797 locis
1569 4742 1765 4810 quibus

153 4839 379 4896 fuerint
405 4835 704 4899 constituti,
737 4842 862 4888 ante
888 4833 1223 4904 paenitentiae
1254 4839 1464 4902 tempus
1491 4832 1762 4902 expletum

150 4929 428 5004 progredi
465 4927 834 5000 prohibeatur.
879 4923 960 4978 Ad
989 4925 1515 4980 excommunicatum
1547 4924 1674 4979 nulli
1701 4924 1767 4978 li-

152 5030 300 5080 ccat
337 5018 548 5090 ingredi
591 5018 729 5072 citra
773 5015 1061 5085 imperium
1103 5015 1349 5070 senioris.
1384 5013 1520 5069 Cum
1549 5029 1766 5070 excom-

153 5113 456 5173 municato
491 5124 670 5182 neque
697 5123 889 5172 orare,
934 5121 1110 5177 neque
1144 5107 1290 5176 loqui
1320 5107 1515 5176 cuique
1554 5106 1768 5170 licebit;

153 5218 307 5262 cum
348 5199 820 5258 excommunicato
859 5197 995 5251 nulli
1030 5197 1246 5267 penitus
1281 5197 1428 5251 vesci
1470 5195 1629 5262 licet,
1673 5211 1774 5252 nec

152 5295 280 5368 ipsi
310 5292 528 5364 quidem
559 5292 650 5362 qui
691 5289 1006 5345 alimentum
1041 5287 1206 5342 victui
1236 5287 1461 5357 praebet.
1501 5285 1667 5356 Cujus
1695 5286 1774 5341 bi-

153 5389 358 5444 dnana
393 5385 480 5442 vel
517 5384 766 5440 triduana
806 5380 971 5436 fuerit
1007 5379 1156 5435 illata
1195 5378 1778 5434 excommunicationis

151 5480 498 5550 suspensio,
546 5476 660 5532 sola
702 5475 858 5547 panis
894 5481 950 5528 et
984 5487 1138 5542 aqua:
1178 5472 1235 5527 in
1262 5474 1630 5543 vespertinum
1671 5471 1778 5526 erit

153 5575 490 5632 adhibenda
511 5575 756 5633 refectio.
781 5572 1281 5630 Excommunicatis
1298 5612 1312 5637 ,
1349 5578 1549 5640 praeter
1581 5567 1778 5624 hiemis

153 5666 498 5725 violentiam
517 5708 534 5735 ,
559 5667 736 5724 cubile
765 5668 961 5723 humus
989 5664 1096 5719 erit
1132 5672 1339 5718 tantum
1360 5702 1375 5727 ,
1407 5660 1523 5716 sive
1557 5669 1773 5727 storea;

154 5761 424 5819 amictus
462 5770 642 5816 autem
685 5770 899 5833 tegmen
945 5773 1129 5814 rasum
1171 5763 1264 5811 aut
1302 5752 1444 5810 forte
1487 5753 1724 5809 cilicium
1761 5772 1773 5809 :

163 5857 628 5914 calceamentum
649 5868 781 5910 vero
806 5861 1040 5923 spartea,
1074 5858 1167 5907 aut
1194 5847 1471 5918 quodlibet
1498 5861 1669 5918 genus
1692 5860 1780 5902 so-

1869 4647 2168 4712 pensantur
2208 4654 2272 4693 ea
2305 4653 2425 4708 quae
2463 4636 2667 4692 mensis
2701 4635 2993 4694 deferenda
3029 4649 3174 4695 sunt.
3215 4639 3264 4695 Is
3293 4640 3460 4696 etiam

1871 4731 2136 4804 quidquid
2181 4731 2459 4786 residuum
2510 4731 2749 4800 sumptui
2801 4731 2967 4788 fuerit
3017 4747 3116 4804 pro
3160 4749 3459 4805 pauperum

1872 4825 2062 4880 usibus
2096 4823 2416 4879 reservabit.
2462 4821 2598 4878 Huic
2635 4833 2851 4895 quoque
2892 4825 3345 4881 hebdomadarius
3369 4841 3463 4880 ex-

1871 4918 2016 4988 pleta
2042 4917 2378 4973 hebdomada
2409 4931 2538 4972 vasa
2564 4916 2667 4972 sibi
2699 4917 2896 4973 tradita
2923 4919 3219 4984 exhibebit,
3246 4920 3313 4974 ad
3341 4934 3465 4990 pcr-

1875 5007 2210 5078 spiciendum
2247 5007 2433 5076 utique
2473 5007 2518 5063 si
2559 5007 2898 5079 negligenter
2925 5008 3112 5064 habita
3149 5023 3255 5063 non
3289 5017 3462 5066 sunt:

1875 5117 1941 5155 ac
1966 5101 2146 5156 denuo
2181 5102 2493 5156 succedenti
2536 5102 2961 5158 hebdomadario
3002 5117 3185 5158 coram
3221 5103 3325 5158 isto
3355 5111 3464 5158 tra-

1876 5193 2092 5247 dentur.
2135 5192 2219 5248 Ad
2259 5193 2404 5248 hunc
2437 5209 2652 5265 quoque
2686 5197 2962 5267 pertinent
3001 5194 3229 5261 horrea,
3269 5210 3464 5267 greges

1875 5286 2057 5341 ovium
2086 5293 2140 5341 et
2163 5300 2440 5357 pecorum,
2468 5287 2590 5342 lana
2615 5297 2669 5343 et
2691 5288 2879 5353 linum,
2909 5286 3135 5353 aviaria,
3162 5286 3465 5344 sollicitudo

1877 5379 2081 5434 cibaria
2104 5379 2170 5434 ad
2195 5379 2612 5434 ministrandum
2645 5379 2962 5450 pistoribus,
2983 5377 3264 5448 iumentis,
3292 5379 3466 5435 bobus

1877 5477 1936 5524 et
1973 5469 2194 5535 avibus;
2232 5469 2499 5524 industria
2540 5463 3304 5539 quoque‘calceamentorum,
3334 5483 3464 5524 cura

1878 5569 2157 5634 pastorum
2187 5576 2281 5616 seu
2321 5561 2677 5630 piscatorum.
2715 5559 2796 5613 Ad
2827 5558 3305 5616 bcbdomadarium
3342 5575 3468 5630 per-

1878 5653 2018 5708 tinet
2042 5667 2172 5707 cura
2203 5649 2559 5714 ferculorum,
2596 5649 2996 5706 administratio
3025 5665 3338 5706 mensarum
3357 5691 3372 5718 ,
3395 5651 3470 5706 si-

1879 5763 2044 5823 gnum
2072 5746 2234 5802 dandi
2261 5745 2315 5800 in
2345 5743 2556 5799 diurnis
2579 5740 2791 5810 ofﬁciis,
2822 5743 2937 5801 sive
2959 5744 3013 5800 in
3051 5743 3359 5809 collatione,
3381 5740 3471 5799 vel

1880 5843 1937 5898 in
1983 5838 2210 5896 collecta
2254 5844 2381 5910 post
2423 5835 2554 5893 solis
2605 5837 2934 5895 occubitum.
2995 5837 3076 5895 Ad
3124 5834 3471 5895 hortulanum
