3972 6328
484 288 586 349 δτι

1504 289 1563 347 S.
1603 286 1969 346 BENEDICTI
2008 283 2302 345 ABBA'HS
2338 282 2750 344 ANIANENSIS

3652 288 3758 354 $7!

487 402 780 475 pertinebit
817 401 1048 458 munitio
1082 402 1432 471 custodiaque
1479 405 1760 459 hortorum
1779 444 1794 470 ,
1836 404 2073 459 alvearia
2096 402 2152 464 Δ
2174 402 2459 456 mercedem
2482 402 2747 473 propheta:
2774 402 2992 472 accipiet
3022 415 3042 453 :
3064 411 3115 456 et
3147 404 3237 475 qui
3267 404 3451 476 recipit
3469 408 3680 479 factum
3705 417 3757 470 ει

490 512 684 570 apum,
728 511 860 553 cura
897 496 1164 552 seminum
1207 496 1574 564 diversorum,
1626 513 1692 553 ac
1736 499 2072 555 denuntiatio

490 591 621 662 quid
667 589 881 661 quando
919 597 1165 660 oporteat
1201 590 1257 645 in
1301 590 1475 647 hortis
1523 607 1630 647 seri
1677 601 1770 648 aut
1816 592 2071 663 plantari.

374 686 385 695 '
489 682 595 741 Ars
623 691 805 740 autem
840 685 1071 755 pistoria
1110 685 1178 740 ad
1213 684 1378 741 laicos
1414 686 1707 755 pertinebit
1744 688 1887 757 :ipsi
1926 690 2073 744 enim

491 775 731 831 triticum
756 785 1016 848 purgent;
1046 776 1144 847 ipsi
1169 793 1233 832 ex
1265 793 1415 833 more
1442 778 1666 847 molunt.
1697 778 1926 835 Massam
1958 786 2076 837 tan-

493 869 734 923 tumdem
762 870 1013 924 monachi
1052 869 1371 938 conficiant,
1397 878 1450 925 et
1470 887 1663 941 panem
1703 873 1804 928 sibi
1843 877 2076 945 propriis

495 961 745 1017 manibus
776 962 876 1032 ipsi
908 962 1127 1017 faciant.
1152 962 1323 1018 Porro
1349 979 1447 1034 pro
1476 960 1779 1034 hospitibus
1808 967 1889 1021 vel
1929 968 2076 1022 infir-

493 1057 598 1106 mis
636 1052 758 1108 laici
795 1051 1000 1107 faciant
1039 1068 1225 1122 panes.
1268 1053 1703 1110 Strumentorum
1739 1054 1981 1112 custodia
2023 1067 2079 1115 et

493 1143 943 1202 ferramentorum
978 1147 1050 1200 ad
1086 1162 1251 1201 unum
1274 1188 1290 1213 ,
1317 1160 1473 1216 quem
1501 1147 1662 1202 Pater
1690 1142 2077 1207 monachurum

493 1235 749 1308 elegerit,
779 1239 1107 1308 pertinebit,
1149 1240 1242 1309 qui
1279 1255 1344 1294 ea
1388 1240 1736 1309 operantibus
1769 1243 2076 1311 distribuat,

494 1337 820 1400 receptaque
846 1331 1133 1386 custodiat.
1159 1332 1229 1386 Et
1251 1332 1379 1387 licet
1410 1333 1526 1388 haec
1550 1341 1746 1388 cuncta
1773 1334 2082 1405 specialiter

496 1422 722 1492 singulis
741 1433 1000 1478 maneant
1021 1423 1330 1489 distributa,
1347 1426 1528 1481 omnia
1551 1434 1729 1483 tamen
1750 1442 1780 1482 a
1794 1428 1954 1484 Patre
1973 1444 2079 1487 mo-

494 1516 720 1571 nasterii
741 1518 989 1573 ordinata
1010 1518 1078 1572 ad
1100 1533 1287 1574 curam
1312 1521 1583 1590 praepositi
1609 1522 1975 1592 pertinebunt.
1998 1522 2083 1580 Ad

494 1608 907 1663 custodiendam
942 1609 997 1664 in
1033 1610 1165 1664 urbe
1193 1610 1382 1667 cellam
1412 1628 1553 1668 unus
1580 1614 1761 1669 senior
1789 1623 1842 1668 et
1879 1616 2085 1685 gravis-

495 1699 666 1755 simus
705 1701 1093 1757 monachorum
1129 1718 1255 1758 cum
1289 1704 1498 1760 duobus
1536 1706 1779 1775 parvulis
1803 1709 2085 1764 monachis

493 1792 902 1848 constituendus
940 1803 1023 1850 est
1061 1792 1174 1861 ibi,
1207 1796 1300 1866 qui
1341 1798 1386 1851 si
1425 1798 1580 1868 culpa
1619 1807 1799 1865 caret,
1834 1803 2087 1856 convenit

497 1896 624 1939 eum
657 1886 919 1955 perpetim
948 1890 1263 1957 perdurare.
1305 1891 1472 1946 Porro
1512 1907 1643 1947 cura
1671 1895 2085 1950 nutriendorum

491 1975 840 2046 parvulorum
866 1980 1158 2049 pertinebit
1196 1984 1263 2038 ad
1292 1984 1500 2050 virum,
1539 2001 1699 2055 quem
1728 1986 1951 2059 elegerit
1986 1988 2088 2045 Pa-

495 2073 600 2137 ter,
646 2078 893 2126 sanctum
939 2073 1385 2145 sapientemque,
1438 2084 1600 2146 atque
1646 2086 1807 2134 aetate
1845 2094 2082 2151 gravem,

496 2157 880 2219 informantem
908 2167 1161 2235 parvulos
1191 2183 1298 2223 non
1330 2168 1503 2223 solum
1535 2171 1729 2225 studiis
1757 2171 2082 2239 litterarum,

495 2250 589 2306 sed
618 2253 779 2307 etiam
804 2254 1147 2313 documentis
1180 2259 1601 2329 magisterioque
1636 2261 1915 2317 virtutum.
1945 2263 2087 2318 Cura

495 2347 903 2417 peregrinorum
925 2349 1010 2403 vel
1033 2365 1272 2418 pauperu
1282 2351 1696 2420 mfeleemosyna
1717 2354 2087 2423 pertinebitad

495 2450 620 2491 eum
657 2439 742 2492 cui
782 2439 1205 2509 dispensationis
1242 2449 1482 2511 potestas
1514 2444 1805 2499 commissa
1841 2454 1943 2500 est.
1983 2447 2088 2503 Iste

499 2529 643 2595 quod
672 2528 837 2583 habet
858 2530 1166 2597 distribuat,
1200 2533 1562 2589 communicet
1582 2535 1725 2603 quod
1756 2544 1954 2605 potest,
1979 2554 2086 2595 non

497 2627 564 2671 ex
598 2615 821 2670 tristitia
856 2627 950 2671 aut
986 2620 1313 2677 necessitate
1357 2641 1369 2676 :
1404 2621 1644 2680 Hilarem
1679 2628 1818 2680 enim
1851 2628 2087 2685 datorem

498 2702 671 2779 diligit
698 2706 842 2763 Deus
870 2708 959 2782 (ΙΙ
985 2709 1107 2766 Cor.
1140 2711 1240 2785 ix).

1100 2802 1328 2862 CAPUT
1364 2806 1486 2862 XX.

979 2892 1058 2948 De
1082 2895 1311 2964 inﬁmis
1337 2899 1614 2969 fratribus.

572 2979 715 3037 Cura
757 2981 1095 3040 infirmorum
1134 3001 1267 3043 sano
1310 2999 1616 3061 sanctasque
1662 2996 2090 3053 conversationis

500 3072 620 3159 viro
663 3078 1048 3157 committenda
1095 3089 1209 3148 est,
1259 3084 1350 3153 qui
1392 3100 1492 3155 pro
1539 3086 1625 3171 eis
1667 3086 2086 3145 sollicitudinem

472 3240 477 3249 η
501 3161 644 3221 ferre
669 3168 859 3237 possit,
882 3184 1187 3242 magnaque
1208 3189 1329 3229 cum
1353 3161 1625 3231 industria
1640 3186 1897 3249 praestare
1921 3180 2088 3239 faciat

501 3256 763 3331 quidquid
798 3262 1141 3322 imbecillitas
1171 3281 1356 3323 eorum
1393 3271 1716 3339 expostulat.
1761 3272 1880 3343 Ipse
1908 3282 2091 3331 autem

498 3344 583 3407 sic
613 3350 832 3424 aegrotis
859 3357 1156 3424 deserviat,
1195 3368 1254 3415 ut
1287 3361 1353 3417 de
1397 3364 1699 3434 sumptibus
1726 3382 1912 3422 eorum
1943 3370 2089 3424 vesci

500 3459 606 3501 non
645 3457 955 3516 praesumat.
996 3450 1240 3525 Egrotis
1288 3455 1601 3513 delicatiora
1636 3460 1924 3528 praebenda
1962 3470 2091 3517 sunt

500 3526 785 3620 alimenta,
826 3559 1106 3614 quousque
1148 3532 1217 3603 ad
1264 3526 1693 3608 incolumitatem
1737 3556 2086 3625 perveniant;

499 3641 787 3713 postquam
828 3644 1008 3691 autem
1046 3638 1278 3703 salutem
1320 3644 1654 3713 receperint,
1687 3647 1755 3701 ad
1786 3662 1943 3703 usum
1969 3649 2087 3719 pri-

500 3723 702 3805 stinum
732 3736 1093 3784 revertantur.
1123 3730 1328 3787 Infirmi
1356 3749 1457 3802 pro
1483 3751 1591 3805 quo
1617 3738 1901 3794 delicatius
1929 3740 2086 3795 alun-

502 3802 613 3882 tur,
653 3814 908 3874 fortiores
944 3820 1067 3876 inde
1102 3837 1440 3895 nequaquam
1474 3802 1913 3886 scandalizentur
1948 3850 1964 3886 :
1996 3835 2088 3903 mi

503 3906 649 3961 enim
676 3908 793 3961 sani
833 3918 957 3992 sunt
992 3912 1237 3971 infirmos
1271 3916 1501 3974 tolerare
1532 3920 1759 3987 debent;
1787 3924 1878 3992 qui
1908 3932 2088 3979 autem

502 3994 704 4080 infirmi
736 3990 891 4065 sunt,
924 4016 1085 4058 sanos
1111 4012 1165 4059 et
1203 4004 1514 4063 laborantes
1551 3990 1957 4080 anteponendos
1983 4015 2089 4069 sibi

503 4078 614 4145 non
660 4089 925 4148 dubitent.
972 4094 1185 4152 Nullam
1231 4109 1446 4169 oportet
1493 4103 1575 4157 vel
1604 4078 1786 4160 veram
1827 4109 2007 4163 cordis
2034 4118 2090 4164 et

504 4180 751 4250 corporis
773 4181 1143 4242 inﬁrmitatem
1170 4197 1367 4253 tacere,
1393 4192 1478 4245 vel
1502 4191 1690 4249 falsam
1718 4197 2084 4265 prmtendere;

504 4271 599 4359 sed
644 4268 735 4344 qui
774 4284 1032 4346 possunt,
1076 4280 1277 4359 gratias
1315 4281 1426 4336 Deo
1464 4293 1629 4354 agant
1669 4293 1725 4342 et
1761 4297 2083 4358 operentur;

505 4355 595 4435 qui
633 4381 762 4424 vero
795 4384 900 4425 non
930 4355 1187 4441 possunt,
1231 4364 1579 4433 manifesteut
1616 4394 1742 4435 suos
1780 4373 2084 4453 languores,

2112 3124 2159 3188 ϐ

2175 494 2382 547 nomine
2408 493 2566 561 iusti,
2598 493 2887 548 mercedem
2917 496 3058 566 justi
3083 497 3298 569 accipiet
3331 510 3350 551 .'
3381 500 3432 555 et
3459 503 3552 573 qui
3583 513 3755 574 potius

2173 584 2375 640 dederit
2399 588 2491 639 uni
2516 602 2581 639 ea:
2609 587 2836 641 minimis
2858 587 2975 642 istis
2996 588 3210 644 calicem
3232 605 3384 661 aqua
3408 591 3619 664 frigitur
3648 609 3759 652 ιαη.

2176 684 2286 729 tum
2317 676 2372 728 in
2402 676 2611 730 nomine
2638 676 2918 748 discipuli,
2951 679 3115 733 Amen
3138 680 3256 734 dico
3283 682 3424 736 vobis
3452 698 3561 737 non
3589 690 3760 754 perdet

2175 766 2463 821 mercedem
2491 783 2642 822 suam
2679 766 2894 841 (Matth.
2928 770 3005 842 ι).
3048 770 3115 825 Et
3144 772 3274 827 licet
3300 774 3557 830 omnibus
3584 778 3758 848 hospi-

2177 858 2404 914 talitatis
2434 859 2634 914 bonum
2666 875 2790 915 cum
2818 860 2991 932 gratia
3017 868 3264 933 oporteat
3288 864 3480 921 referri
3500 908 3519 929 ,
3552 870 3761 926 uberior

2179 962 2357 1007 tamen
2397 954 2612 1009 clericis
2652 963 2707 1009 et
2737 956 3020 1010 monachis
3055 956 3344 1012 deferenda
3386 968 3472 1013 est
3514 962 3760 1017 honoriﬁ-

2179 1047 2353 1100 centia
2388 1046 2788 1117 hospitalitatis.
2821 1047 3171 1104 Praebcantur
3202 1051 3283 1105 eis
3311 1052 3627 1109 habitacula
3648 1097 3663 1119 ,
3699 1056 3761 1110 la-

2179 1147 2377 1192 ventur
2401 1153 2590 1193 eorum
2618 1140 2811 1209 pedes,
2841 1149 2903 1195 ut
2934 1152 3262 1211 prmceptnm
3294 1144 3644 1200 Dominicum
3671 1146 3759 1207 im-

2177 1231 2411 1301 pleatur.
2454 1232 2721 1303 Congruis
2748 1234 2911 1288 etiam
2948 1235 3251 1305 sumptibus
3277 1237 3484 1293 eisdem
3526 1238 3762 1295 humani-

2182 1323 2310 1378 tatis
2337 1324 2511 1393 gratia
2537 1326 2862 1394 praebeatur.

2676 1434 2985 1495 CAPUT
3055 1436 3213 1495 XXI

2747 1510 2826 1565 De
2852 1512 3193 1582 profectione.

2252 1601 2443 1659 Nullus
2479 1604 2867 1659 monachorum
2896 1604 3203 1661 inconsulto
3229 1604 3425 1662 abbate
3450 1608 3659 1664 audeat
3683 1625 3763 1664 us-

2183 1694 2332 1765 piam
2359 1696 2646 1767 progredi,
2679 1712 2780 1751 nec
2815 1696 3021 1766 aliquid
3050 1710 3377 1767 praesumere
3400 1699 3527 1754 sine
3560 1701 3765 1770 imperia

2186 1785 2304 1854 ejus
2330 1803 2423 1842 seu
2460 1788 2758 1858 praepositi.
2796 1787 2855 1843 Si
2891 1790 3109 1858 quando
3146 1790 3315 1845 abbas
3340 1792 3426 1845 vel
3457 1794 3766 1863 praepositus

2187 1878 2385 1935 alicubi
2411 1880 2850 1949 proficiscuntur,
2888 1879 2980 1937 ille
3018 1879 3164 1936 ferat
3199 1881 3430 1936 fratrum
3456 1883 3765 1939 sollicitudi-

2185 1984 2309 2024 nem
2330 2010 2346 2035 ,
2379 1971 2473 2040 qui
2507 1978 2591 2025 est
2626 1976 2748 2041 post
2783 1974 3132 2043 prapositum
3171 1975 3444 2028 secundus
3482 1974 3542 2027 in
3573 1975 3766 2029 ordine.

2186 2061 2375 2119 Nullus
2404 2066 2766 2135 propinquum
2795 2066 2880 2121 vel
2905 2075 3227 2122 extraneum
3256 2067 3530 2137 hospitem
3561 2066 3652 2122 vel
3675 2082 3768 2122 mo-

2186 2158 2422 2212 nachum
2450 2156 2775 2214 familiarem
2800 2174 2897 2215 seu
2924 2170 3204 2229 parentem
3232 2161 3418 2216 videre
3446 2161 3667 2233 absque
3690 2163 3768 2216 ia-

2185 2251 2338 2320 perio
2384 2251 2579 2306 audeat
2626 2252 2858 2308 senioris
2905 2269 2921 2307 :
2978 2268 3156 2324 neque
3198 2254 3318 2310 sine
3360 2255 3588 2311 abbatis
3638 2257 3768 2326 jussu

2186 2342 2416 2412 quisque
2445 2343 2695 2414 accipere
2718 2345 3004 2414 epistolam
3026 2386 3041 2412 ,
3069 2345 3155 2401 vel
3195 2347 3325 2401 dare
3359 2345 3630 2416 cuiquam
3656 2362 3769 2418 pne-

2187 2442 2383 2490 Sumat.
2422 2434 2653 2502 Quando
2691 2436 2891 2493 fratres
2928 2438 3063 2494 foris
3100 2438 3554 2508 proficiscuntur,
3597 2440 3678 2495 vel
3704 2452 3770 2495 te

2187 2528 2382 2593 dcunt,
2433 2529 2779 2601 congregatis
2826 2532 3081 2587 omnibus
3125 2532 3182 2585 in
3224 2545 3393 2585 unum
3440 2531 3503 2586 in
3559 2532 3767 2588 ecclesia

2187 2618 2617 2674 benedictionem
2668 2619 2975 2690 accipiant;
3020 2621 3324 2691 eodemque
3366 2620 3532 2677 modo
3590 2622 3771 2678 bellia-

2188 2711 2417 2767 madarii
2456 2711 2540 2767 vel
2579 2713 2943 2783 quarumlibet
2980 2728 3163 2769 rerum
3193 2714 3648 2785 dispensatores,
3679 2717 3772 2772 sive

2189 2806 2315 2861 dum
2345 2818 2756 2876 promoventur,
2796 2809 2909 2864 sive
2935 2809 3062 2864 dum
3098 2810 3384 2865 recedunt.
3412 2809 3662 2881 Propua
3688 2825 3770 2865 ae-

2190 2898 2499 2954 cessitatem
2524 2898 2764 2970 aliquam
2789 2900 3105 2956 monasterii
3128 2900 3236 2955 duo
3254 2900 3456 2955 fratres
3476 2900 3772 2972 spiritales

2190 3004 2255 3045 ac
2282 2989 2651 3058 probatissimi
2684 2990 2973 3061 eligantur,
3006 2991 3103 3062 qui
3139 2991 3205 3046 ad
3228 2991 3421 3047 urbem
3447 2991 3538 3047 vel
3570 2993 3643 3047 ad
3669 3006 3772 3063 ρα-

2190 3081 2488 3136 sessionem
2518 3082 2823 3136 mittantur.
2852 3082 3251 3137 Adolescentuli
3284 3092 3471 3138 autem
3502 3084 3595 3139 vel
3622 3098 3773 3153 ψ

2191 3173 2438 3227 conversi
2468 3187 2499 3226 a
2527 3172 2622 3227 tali
2648 3173 2950 3229 ministerio
2977 3175 3287 3229 removendi
3316 3192 3330 3228 :
3358 3190 3427 3230 ne
3451 3184 3548 3230 aut
3576 3176 3769 3231 inﬁma

2189 3271 2322 3318 tetas
2356 3264 2535 3318 carnis
2563 3264 2832 3320 desiderio
2860 3264 3153 3335 polluatur,
3178 3272 3276 3320 aut
3311 3267 3466 3322 rudis
3495 3271 3768 3325 conversio

2188 3353 2255 3408 ad
2296 3355 2476 3410 saeculi
2512 3354 2777 3411 desideria
2822 3364 3148 3412 revertatur.
3191 3356 3500 3415 Monachus
3532 3361 3662 3416 ibi.
3701 3363 3768 3417 ad

2184 3442 2333 3502 aliud
2355 3447 2743 3502 monasterium
2765 3448 2998 3503 mittitur
3018 3450 3367 3517 visitandum,
3392 3452 3638 3520 quentia
3654 3468 3770 3508 eum

2188 3540 2268 3595 eis
2312 3539 2477 3595 fuerit
2514 3541 2580 3597 ad
2622 3556 2759 3612 quos
2798 3543 3101 3599 destinatus
3136 3553 3253 3610 est,
3296 3544 3374 3599 ita
3408 3560 3541 3600 ea.
3570 3557 3774 3617 oportet

2189 3632 2262 3688 ibi
2291 3633 2473 3688 vivere
2514 3634 2655 3688 sicut
2698 3634 2966 3704 reliquum
3006 3644 3211 3692 emtum
3246 3644 3568 3693 Momm
3612 3640 3772 3703 ridet,

2187 3734 2408 3795 propter
2443 3725 2757 3782 scandalum
2798 3726 3009 3783 scilicet
3040 3735 3095 3782 et
3132 3728 3611 3798 perturbationem
3648 3730 3776 3785 inir-

2188 3834 2420 3874 morum.

2669 3909 2973 3968 CAPUT
3044 3910 3296 3968 XXIII.

2780 4002 2858 4057 De
2894 4003 3175 4073 defunctis.

2262 4091 2690 4149 Transeuntibus
2729 4094 2797 4149 de
2842 4095 2944 4150 hac
2988 4095 3108 4151 ltice
3151 4094 3439 4163 fratribus,
3488 4106 3772 4169 antequa-

2187 4191 2538 4261 sepeliantur,
2579 4206 2680 4261 pro
2706 4191 3043 4247 dimittendis
3068 4207 3257 4247 eorum
3294 4195 3539 4264 peccatis
3572 4193 3775 4250 sacriﬁ-

2188 4282 2332 4336 cium
2353 4280 2634 4336 oileratur.
2664 4280 2904 4351 Corpora
2930 4279 3159 4336 fratrum
3187 4296 3295 4337 uno
3318 4282 3640 4352 sepelienda
3664 4291 3777 4338 sat

2186 4371 2304 4427 loco
2334 4390 2347 4426 :
2376 4381 2439 4427 ut
2466 4388 2604 4443 quos
2632 4374 2872 4436 viventes
2900 4374 3141 4429 cbaritas
3166 4375 3391 4429 retinuit
3416 4377 3641 4441 enim,
3671 4390 3776 4431 ιο»

501 4460 556 4513 et
585 4458 757 4516 levius
784 4463 1179 4543 humaniusque
1211 4476 1535 4527 tractentur.
1568 4469 1679 4528 Sub
1704 4482 1968 4542 praetextu
1996 4476 2081 4530 in-
2108 4485 2162 4544 1)
2186 4467 2388 4521 riemes
2430 4466 2581 4522 locus
2616 4483 2756 4522 unus
2801 4469 3176 4538 θυψιθεῐεῑιιτ·
3217 4469 3324 4523 Pro
3356 4469 3657 4539 spiritibus
3694 4472 3777 4526 tle-

502 4549 774 4608 firmitatis
800 4555 931 4611 nihil
958 4558 1228 4627 peculiare
1258 4562 1591 4630 habendum,
1621 4580 1690 4619 ne
1717 4564 1882 4620 lateat
1914 4566 2081 4622 libido

501 4641 813 4713 Cupiditatis
834 4649 933 4703 sub
961 4648 1235 4721 languoris
1260 4654 1457 4724 specie.
1486 4654 1724 4711 Lavacra
1746 4657 1874 4712 nulli
1902 4674 2084 4713 mona-

500 4731 605 4788 cho
649 4736 894 4794 adeunda
942 4742 1119 4796 studio
1154 4744 1364 4801 lavandi
1394 4749 1669 4817 corporis,
1708 4749 1811 4804 nisi
1844 4757 2082 4804 tantum-

499 4818 662 4880 modo
687 4843 787 4897 pro
811 4832 1132 4889 necessitate
1162 4835 1454 4907 languoris.
1485 4838 1594 4894 Nec
1617 4839 1972 4897 differendum
1996 4851 2081 4897 est

500 4910 723 4989 propter
760 4918 1056 4992 medelam,
1101 4929 1144 4983 si
1197 4930 1447 5001 expedit;
1497 4946 1600 4987 nec
1635 4934 2079 4990 murmurantium

502 5010 614 5075 est;
647 5008 771 5082 quia
802 5032 908 5071 non
938 5016 997 5073 fit
1018 5034 1116 5089 pro
1144 5023 1385 5092 appetitu
1411 5023 1721 5095 voluptatis,
1748 5026 1845 5082 sed
1869 5042 1970 5098 pro
1998 5042 2087 5083 re-

500 5102 681 5159 medio
705 5115 912 5165 tantum
936 5111 1148 5168 salutis.
1285 5164 1289 5169 .

1065 5206 1325 5265 CAPUT
1362 5208 1527 5266 XXI.

1101 5296 1179 5363 De
1202 5300 1511 5373 hospitibus.

572 5368 999 5443 Advenientibus
1042 5368 1347 5461 hospitibus
1390 5402 1639 5464 prompta
1676 5402 1839 5464 atque
1882 5396 2085 5453 alacris

501 5470 771 5541 susceptio
795 5476 1095 5536 adhibenda
1116 5492 1228 5550 est;
1256 5485 1492 5541 scientes
1516 5487 1584 5541 ob
1607 5487 1711 5542 hoc
1732 5487 2083 5543 novissimam

499 5567 759 5635 consequi
788 5571 1219 5645 retributionem,
1250 5578 1391 5633 sicut
1417 5587 1473 5634 et
1494 5580 1753 5635 Dominus
1776 5578 1909 5633 dicit
1938 5596 1951 5632 :
1979 5578 2106 5643 Qui.

502 5669 587 5745 uos
616 5656 817 5727 recipit,
843 5677 923 5715 me
951 5667 1128 5737 recipit
1157 5681 1175 5719 :
1205 5670 1295 5740 qui
1318 5686 1399 5724 me
1421 5671 1622 5741 recipit,
1652 5670 1831 5739 recipit
1858 5671 2085 5739 eumqui

496 5744 580 5800 me
606 5744 767 5807 misit.
797 5750 901 5819 Qui
940 5758 1121 5833 recipit
1148 5765 1455 5835 prophetam
1480 5762 1540 5816 in
1562 5760 1775 5819 nomine
1792 5764 2082 5831 ργοριιοίωι

2188 4556 2491 4613 functorum
2535 4558 2706 4614 altera
2754 4559 2842 4615 die
2882 4568 3006 4630 post
3044 4559 3400 4617 Pentecosten
3446 4564 3775 4619 sacriﬁcial

2189 4648 2299 4704 Deo
2323 4648 2604 4717 offeratur,
2638 4658 2699 4705 ut
2724 4653 2899 4707 beatae
2931 4646 3057 4707 vitae
3083 4653 3375 4723 participes
3409 4652 3541 4710 facti
3578 4671 3778 4728 par-ga-

2188 4740 2357 4797 tiores
2393 4757 2619 4813 corpora
2656 4758 2752 4799 sua
2798 4744 2853 4798 in
2901 4744 2989 4801 die
3031 4746 3448 4801 resurrectionis
3482 4750 3773 4818 recipiant

2188 4834 2314 4892 Hac
2334 4836 2518 4908 igitur,
2548 4852 2584 4892 o
2611 4838 2753 4893 servi
2783 4837 2909 4903 Dei,
2940 4838 3140 4893 milites
3172 4838 3409 4905 Christi,
3437 4850 3778 4912 θαιιαιιβο-

2189 4945 2276 4984 res
2304 4929 2489 4984 mundi
2506 4970 2521 4995 ,
2551 4930 2627 4984 ita
2650 4930 2803 4985 vobis
2828 4930 3183 4985 custodienda
3214 4930 3461 4985 volumus
3480 4972 3496 4997 ,
3522 4942 3589 4987 ιι
3612 4934 3778 5004 πυξο-

2188 5038 2310 5077 rum
2340 5031 2607 5094 przecepta
2636 5022 2855 5079 Patrum
2884 5039 2984 5093 per
3004 5024 3189 5079 omnia
3210 5026 3576 5082 calamis.
3600 5027 3783 5083 Susci-

2187 5115 2301 5187 pite
2328 5116 2490 5184 igitur
2523 5118 2664 5172 inter
2690 5118 2781 5172 illa
2810 5119 3033 5193 et‘hanc
3057 5119 3477 5175 admonitioan
3506 5126 3774 5183 nostram,

2190 5206 2379 5263 humili
2408 5208 2570 5263 corde
2596 5208 2965 5265 custodientes
2989 5223 3112 5279 quae
3136 5210 3367 5265 dicimus
3382 5252 3397 5277 ,
3422 5211 3666 5266 libenter
3690 5224 3778 5265 sa-

2189 5308 2401 5355 mentes
2592 5301 2997 5371 dispensarms;
3019 5310 3287 5371 quatenus
3306 5301 3460 5358 vobis
3483 5304 3559 5359 de
3577 5303 3776 5359 em

2183 5391 2364 5461 operis
2390 5391 2463 5447 sit
2488 5392 2659 5462 gloria
2679 5432 2693 5458 ,
2726 5400 2783 5447 et.
2812 5392 2968 5448 nobis
3002 5402 3103 5463 pro
3138 5393 3255 5464 ipsa
3278 5395 3655 5451 admonititme
3680 5409 3779 5467 po-

2184 5482 2384 5539 stulata
2411 5484 2696 5552 proveniat
2718 5484 2900 5539 venia.
2930 5485 3073 5540 Deus
3096 5496 3278 5542 autem
3300 5489 3655 5559 amnipotens
3682 5502 3777 5545 at-

2186 5574 2385 5630 stodiat
2412 5591 2505 5632 vos
2531 5576 2587 5630 in
2608 5577 2860 5633 omnibus
2885 5579 3044 5633 bonis
3062 5620 3078 5644 ,
3102 5587 3158 5636 et
3177 5580 3448 5651 quomodo
3464 5578 3669 5653 οωρῆ,
3698 5582 3779 5639 sic

2186 5666 2471 5724 confirmet
2494 5669 2724 5740 gratiam
2755 5686 2909 5725 suam
2932 5671 2987 5727 in
3016 5673 3187 5729 vobis.
3216 5673 3410 5729 Amen.

2503 5762 2733 5837 Eaplicit
2769 5763 2971 5837 Regula
3004 5770 3175 5824 sancti
3209 5766 3427 5827 leuiori.
