3972 6328
499 327 604 406 573
1537 317 2004 428 SCnENEntcri
2031 317 2335 395 Aesaris
2369 336 2781 395 ANIANENSIS
3671 336 3770 393 επ

498 463 688 527 eremi,
717 460 813 516 sed
843 467 1089 530 angusta
1108 456 1264 530 cella:
1289 471 1528 530 pugnam
1555 456 1912 530 descendunt.
1941 457 2018 512 De
2043 457 2240 530 quibus
2267 455 2492 511 inclusis
2521 457 2595 530 ita
2619 454 2813 510 scribit
2837 451 3530 530 Petrus‘Venerabilis,__lib.
3554 467 3595 515 ι,
3619 456 3771 530 epist.

498 537 569 592 20
595 553 626 613 ε.
645 524 958 613 ι’φρεθωῶ
993 528 1210 613 quidem
1239 524 1323 613 est
1343 524 1533 613 ianua,
1571 527 1657 613 vel
1686 524 2125 613 forte‘lapidibus
2154 529 2438 613 obturata;
2471 527 2564 613 sed
2596 541 2692 604 per
2719 524 3335 613 angustum‘l‘enestlellce
3358 524 3578 613 aditum
3593 528 3776 613 recipit

537 603 761 672 uidquid
793 617 890 672 per
917 597 1044 657 ostii
1076 599 1419 672 latitudinem
1444 599 1682 672 admisit.
1715 618 1735 652 ι
1770 597 2026 670 Adeoque
2051 614 2150 670 pro
2181 599 2379 672 talibus
2407 606 2598 672 sponte
2626 597 2982 672 incarceratis
3006 597 3289 672 monachis
3318 597 3528 672 scripta
3553 604 3639 672 est
3670 597 3774 653 hac

550 666 728 746 egula,
754 666 846 742 qui
875 687 983 747 non
1027 671 1081 725 in
1113 668 1506 738 campestribus
1542 669 1692 747 cellis
1735 678 1829 747 aut
1862 666 2127 747 inpagis,
2162 671 2257 724 sed
2303 666 2772 747 inﬁsubterraneis
2797 669 3137 747 _monasterii
3169 667 3304 723 locis
3349 666 3776 747 includebantur,

500 736 789 819 perupetuos'
824 742 978 819 quasi
1021 736 1272 796 carceres
1299 749 1491 819 sponte
1517 749 1572 794 et
1604 736 2330 819 lubentianimo'eligentes.
2359 738 2868 819 Quodadmirabile
2898 741 3022 819 vita:
3063 754 3235 819 genus
3268 754 3376 819 non
3415 736 3648 819 cuilibet
3676 754 3779 792 am-

501 809 667 887 plecti
716 809 1039 889 permissum
1087 811 1550 889 es_t;_quicunque
1585 812 1729 889 enim
1761 811 1924 866 talem
1973 809 2334 889 inclusionem
2381 809 2753 889 desiderabat,
2789 809 3101 889 non_solum
3147 809 3361 864 abbatis
3405 816 3462 862 et
3488 819 3778 889 conventus

499 879 771 942 licentiam
801 886 1046 939 obtinere
1072 879 1277 943 debuit,
1309 880 1401 935 sed
1421 879 1554 952 post
1578 883 1891 952 diuturnam
1918 883 2293 952 probationem
2321 882 2490 936 etiam
2517 883 2756 952 episcopi
2785 880 3013 934 facultas
3035 890 3090 934 et
3115 889 3354 950 potestas
3382 879 3775 952 requirebatur,

500 959 655 1028 cujus
690 956 1013 1028 auctoritate
1043 963 1098 1028 et
1138 953 1330 1028 sigillo
1343 949 1541 1006 ostium
1573 951 1778 1028 cellulas
1809 949 2214 1028 occludebatur,
2245 960 2307 1028 u_t
2337 954 2514 1007 omnis
2554 949 2789 1028 fallacia
2837 949 3176 1028 suspiciones
3206 959 3667 1028 remo_v_erentu_r._
3688 949 3778 1006 Ce-

501 1019 666 1082 lebris
697 1035 814 1100 erat
847 1025 1004 1095 hujus
1045 1019 1364 1100 inclusionis
1403 1025 1936 1100 ceremoniatprout
1979 1027 2094 1079 hmc
2126 1023 2328 1100 Regula
2362 1025 2700 1100 praescribit,
2746 1031 2910 1100 atque
2933 1019 3190 1100 inclusus
3236 1022 3484 1077 vestibus
3521 1019 3779 1100 adulinem

501 1113 673 1174 usque
702 1099 830 1174 vita;
860 1091 1135 1174 gestandis
1163 1095 1644 1174 indutusnangusta
1687 1091 1878 1148 cellula
1910 1111 1987 1174 es
2009 1095 2156 1174 omni
2186 1091 2341 1174 parte
2364 1091 2546 1174 inuris
2575 1102 2731 1174 septa
2767 1091 3180 1174 obcludebatur,
3205 1101 3265 1146 ut
3313 1108 3414 1174 nec
3443 1091 3666 1174 egredi,
3696 1107 3780 1147 nec

503 1161 790 1225 saeculares
818 1161 1022 1237 ingredi
1052 1166 1338 1220 valerent:
1372 1161 1619 1237 fenestra
1649 1182 1863 1236 quoque
1897 1167 2021 1220 talis
2055 1161 2200 1219 intus
2228 1173 2284 1237 et
2315 1164 2448 1219 foris
2489 1161 2897 1237 obsignahatur,
2931 1173 2989 1237 ut
3021 1163 3135 1231 ipse
3166 1178 3264 1218 nec
3306 1163 3493 1216 videre
3507 1161 3779 1237 _aliqtiem,

506 1255 622 1315 nec
649 1240 717 1292 ab
747 1232 1064 1315 al_iis_Videri
1114 1237 1370 1315 potuerit.
1404 1235 1480 1290 De
1511 1232 1930 1315 Milibussponte
1964 1235 2321 1315 incareeratis
2351 1232 2636 1315 monachis
2685 1235 2903 1306 scripsit
2930 1235 3162 1315 _doctum
3194 1243 3476 1315 syntagma
3507 1232 3781 1315 Matth-iens

510 1311 752 1366 Radcrus
782 1309 838 1361 S.
867 1306 916 1360 J.
949 1303 1222 1370 sacerdos,
1249 1317 1305 1360 et
1335 1308 1386 1360 in
1416 1323 1512 1361 sua
1546 1303 1784 1360 Bavaria'
1809 1316 1996 1362 sancta
2026 1308 2246 1362 exhibet
2279 1307 2571 1375 quamdam
2602 1303 2822 1361 brevem
2852 1305 2947 1359 sed
2979 1303 3235 1360 mancam
3256 1303 3521 1375 Regulam
3564 1319 3669 1372 pro
3695 1306 3780 1360 illis

506 1380 702 1436 smeulo
749 1379 1069 1432 duodecimo
1116 1379 1409 1447 scriptam,
1454 1394 1615 1446 quam
1667 1379 1823 1446 proin
1875 1379 2002 1432 huic
2047 1380 2197 1448 operi
2230 1378 2472 1432 inserere
2501 1378 2643 1432 haud
2685 1392 2866 1447 opera:
2900 1378 3136 1448 pretium
3164 1390 3284 1431 esse
3332 1375 3590 1448 lusimus
3633 1391 3779 1429 :nam

506 1452 619 1504 haec
656 1466 908 1526 prmsens
945 1449 1154 1526 Regula
1207 1445 1303 1526 pro
1337 1445 1483 1502 omni
1532 1445 1732 1518 genere
1780 1445 2115 1526 reclusorum
2169 1448 2445 1526 fusissima
2476 1458 2592 1526 est_,
2629 1448 2683 1502 in
2722 1445 3338 1526 Bﬂ_capitula_partita,
3363 1445 3716 1526 plerumque
3732 1463 3782 1525 er

503 1516 704 1590 Regula
737 1521 912 1575 sancti
945 1516 1221 1590 Benedicti
1252 1516 1554 1589 desumpta,
1595 1535 1716 1589 qua‘
1746 1521 1856 1574 sola
1890 1529 2134 1590 tempore
2171 1519 2411 1573 auctoris
2443 1520 2584 1589 apud
2615 1519 2916 1590 cmnobitas
2955 1517 3156 1590 ﬂoruit,
3190 1534 3256 1572 ex
3285 1517 3484 1587 quibus
3512 1516 3578 1569 lii
3620 1516 3784 1590 inclusi

505 1588 952 1668 destrineliaintur.
985 1589 1138 1668 Quod
1187 1599 1365 1643 autem
1401 1588 1679 1668 auctorem
1711 1591 1933 1668 Regulae
1977 1588 2193 1668 attinet,
2225 1591 2312 1668 vix
2345 1588 2552 1668 aliquid
2603 1597 2814 1668 certum
2863 1589 3217 1668 determinari
3261 1595 3473 1668 potest;
3520 1601 3661 1668 cum
3703 1588 3784 1640 duo

507 1661 783 1716 Grimlaici
815 1660 1500 1732 hic_nominentur_:_unus
1526 1661 1618 1730 qui
1648 1659 1869 1732 scripsit
1898 1661 2181 1731 Regulam,
2228 1661 2365 1714 alter
2408 1659 2497 1716 cui
2525 1671 2581 1716 et
2619 1661 2735 1715 haec
2779 1659 3026 1732 dedicata
3065 1668 3181 1724 est,
3222 1669 3277 1714 et
3303 1659 3524 1732 quidem
3579 1667 3783 1732 uterque

506 1733 778 1808 sacerdos.
825 1730 1017 1808 Refert
1063 1731 1280 1808 quidem
1313 1729 1668 1808 Mabillonius
1696 1729 2084 1808 in—_Anna_li_bus
2121 1732 2613 1808 Benedictinis,_ad
2659 1747 2862 1785 annum
2886 1729 3036 1808 _900,
3070 1739 3313 1808 tempore
3347 1729 3613 1808 [formosi
3665 1743 3785 1808 papa

504 1800 754 1880 ﬂoruisse
782 1802 1071 1880 quemdam
1103 1803 1499 1880 presbyterum,
1525 1802 2150 1880 nomineGrimlaicum,
2179 1819 2330 1880 papae
2351 1803 2685 1880 familiarem
2724 1803 3136 1880 et_epis_cop_atu_
3158 1801 3584 1880 dignissimum”
3623 1800 3706 1867 qui
3735 1814 3785 1852 an

506 1872 645 1949 hanc
676 1872 939 1943 Regulam
968 1871 1278 1949 scripserit,
1301 1887 1370 1926 an
1405 1889 1536 1949 vero
1566 1874 1859 1949 illaeidem
1890 1871 2197 1949 nuncupata
2231 1871 2411 1949 fuerit,
2439 1889 2548 1949 non
2578 1873 2966 1949 determinavit
2990 1873 3076 1949 vir
3105 1872 3474 1949 doctissimus.
3508 1871 3787 1949 Uteunque

503 1943 596 2006 sit,
628 1940 1167 2022 auctormonachnm
1204 1957 1281 2007 se,
1313 1951 1368 2022 e_t
1396 1944 1563 1999 vitam
1596 1945 1895 1999 solitariam
1940 1940 2136 2022 egisse,
2181 1945 2314 2022 satis
2362 1945 2598 2009 indicat;
2631 1953 2689 1999 et
2717 1959 2841 1998 cum
2871 1941 3684 2022 aquisgranensernRegulam
3707 1940 3784 2022 ali

510 2013 726 2086 quando
749 2015 1016 2086 adducat,
1048 2014 1126 2086 sic
1171 2029 1292 2086 eum
1341 2013 1498 2086 longe
1543 2026 1666 2086 post
1710 2031 1910 2070 annum
1951 2011 2056 2070 8⁷16
2097 2014 2342 2070 ﬂoruisse
2383 2025 2593 2070 certum
2627 2024 2741 2079 est,
2782 2023 2838 2068 et
2862 2011 3067 2086 l‘ursan’
3088 2014 3140 2067 in
3187 2014 3318 2068 urbe
3363 2011 3721 2086 Metensi_ve_l
3746 2013 3786 2065 in

511 2083 686 2158 vicina
716 2083 895 2153 aliqua
928 2083 1142 2158 abbatia
1171 2082 1481 2158 solitariam
1499 2082 1666 2140 vitam
1698 2086 1967 2152 excoluit;
1997 2101 2122 2140 cum
2151 2094 2397 2158 sanctum
2424 2086 2763 2158 Agrnulphum
2789 2085 3101 2155 episcopum
3127 2093 3428 2158 metensem
3452 2083 3576 2153 jam
3609 2082 3783 2134 dudum

505 2152 818 2236 defunctum
850 2153 1216 2236 praeureliquis
1257 2155 1792 2236 piiss_i.mis.przelati_s
1828 2172 2179 2236 summopere
2203 2157 2401 2212 laudet.
2432 2156 2567 2236 N_olo
2599 2152 2699 2210 'hic
2740 2152 2990 2236 asserere
3014 2153 3160 2235 quod
3187 2152 3470 2236 piissimus
3503 2162 3707 2236 auctor
3738 2166 3786 2206 eo

506 2224 731 2279 consilio
769 2224 912 2297 hanc
955 2224 1214 2297 Regulam
1263 2224 1600 2297 condiderit,
1630 2238 1688 2282 ut
1725 2229 1922 2297 aliquis
1969 2224 2359 2282 monachorum
2390 2227 2524 2281 ordo
2571 2229 2869 2282 secundum
2917 2225 3068 2297 illam
3112 2225 3410 2297 viventium
3452 2225 3784 2297 exoriretur;

506 2310 780 2374 nunquam
828 2295 973 2374 enim
1012 2295 1248 2365 aliquam
1285 2296 1479 2374 horum
1523 2295 1848 2374 inclusorum
1877 2300 2356 2374 congregationem
2387 2297 2602 2374 alicubi
2624 2298 2893 2374 ﬂoruisse
2913 2296 3166 2374 legimus,
3197 2296 3448 2374 quamvis
3497 2296 3784 2374 reperimus

503 2364 684 2435 plures
709 2376 892 2435 sponte
922 2363 1296 2432 incarceratos,
1327 2369 1420 2421 sed
1463 2369 1515 2422 in
1553 2370 1787 2424 diversis
1831 2363 2109 2424 emnobiis
2125 2371 2388 2424 viventes.
2436 2368 2528 2422 Sic
2559 2370 2830 2422 Marianas
2863 2363 3058 2421 Scottis
3099 2367 3152 2419 in
3185 2363 3282 2420 suo
3319 2365 3610 2419 Chronico
3647 2363 3783 2435 refert

510 2434 644 2489 duos
677 2434 814 2490 tales
839 2437 1090 2503 inclusos,
1119 2438 1372 2492 nimirum
1402 2437 1460 2492 S.
1491 2439 1927 2495 Annunchadum
1957 2439 2142 2494 Fuldze
2170 2439 2458 2502 inclusum,
2488 2447 2543 2492 et
2573 2439 2950 2494 admirandum
2984 2439 3134 2492 illum
3165 2436 3224 2490 S.
3250 2437 3585 2500 Paternum,
3621 2438 3703 2503 qui
3730 2434 3782 2487 ob

510 2521 753 2580 amorem
785 2507 909 2580 talis
936 2510 1061 2563 vita:
1089 2508 1344 2580 solitaria:
1372 2510 1621 2578 permisit
1651 2526 1709 2564 se
1738 2512 1919 2564 vivum
1947 2512 2219 2580 cmn_buri,
2245 2512 2369 2565 dum
2404 2519 2516 2564 tota
2545 2511 2740 2565 civitas
2781 2509 3128 2564 Paderburna
3173 2509 3296 2580 igne.
3339 2520 3673 2576 consumpLa
3697 2516 3780 2560 est.

507 2575 575 2657 Et
609 2579 859 2646 quamvis
885 2579 1074 2657 beatus
1105 2579 1195 2633 ille
1226 2569 1692 2657 chronographus,
1721 2590 1830 2657 tum
1878 2569 2082 2635 Fuldae'
2097 2569 2216 2657 tum
2249 2581 2554 2657 Moguntiae,
2591 2583 2729 2657 hanc
2765 2591 3118 2657 spontaneum
3165 2569 3671 2657 incarceratiunem
3692 2591 3782 2657 per

507 2646 692 2715 plures
715 2664 887 2730 annos
911 2650 1190 2730 amplexus
1207 2651 1306 2730 sit,
1339 2646 1582 2730 atquein
1611 2652 1854 2730 pluribus
1890 2652 2239 2730 monasteriis
2261 2646 2500 2730 antiquis
2525 2652 2676 2730 cellae
2698 2646 2894 2730 talium
2920 2651 3244 2730 inclusorum
3269 2648 3455 2730 adhuc
3481 2649 3781 2730 supersint;

510 2725 708 2793 tamen
728 2735 756 2772 a
786 2719 1030 2788 pluribus
1061 2720 1274 2793 sreculis
1302 2720 1478 2776 nullus
1503 2719 1624 2777 hoc
1645 2723 1766 2777 vita:
1797 2739 1969 2793 genus
1999 2725 2244 2777 ambivit.
2274 2719 2473 2778 Verum
2508 2724 2574 2778 de
2604 2723 2828 2778 reclusis
2861 2722 3077 2777 feminis
3107 2719 3633 2776 sanctiiuonialibus
3660 2719 3784 2789 plan

509 2803 630 2842 mox
659 2790 920 2857 dicemus,
951 2806 1073 2846 cum
1106 2791 1338 2862 Regulas
1368 2793 1538 2848 sacris
1566 2790 1868 2864 virginibus
1893 2796 2240 2865 prmscriptas
2269 2794 2714 2864 observabimus;

2283 2912 3777 2940 ——————_—.—.————_‘

1742 3014 1810 3069 IN
1847 3012 2109 3070 NOMINE
2149 3014 2258 3068 DEI
2303 3014 2546 3081 SUMMI,

1243 3147 1536 3210 INCIPIT
1581 3147 1999 3210 PROLOGUS
2041 3148 2384 3210 REGULJE
2429 3147 3058 3210 SOLITARIORUM.

582 3338 944 3397 Dilectissimo
966 3335 1114 3391 Patri
1145 3336 1200 3391 in
1231 3335 1451 3394 Christo
1472 3349 1637 3409 atque
1660 3339 1937 3408 aequivoco
1964 3353 2089 3395 meo
2114 3345 2167 3405 Α
2190 3342 2278 3412 qui
2325 3360 2359 3396 α
2397 3343 2668 3414 semetipso
2718 3343 2967 3415 loquitur,
3010 3343 3232 3414 gloriam
3287 3347 3563 3416 propriam
3613 3350 3786 3420 quat-it

509 3434 801 3492 Grimlaico
845 3431 1139 3488 venerabili
1181 3433 1453 3488 sacerdoti
1482 3447 1778 3502 perennem
1806 3433 1860 3487 in
1903 3432 2092 3489 Salva-
2195 3429 2380 3502 (Joan.
2400 3447 2500 3498 vn,
2523 3433 2634 3505 18).
2667 3431 2786 3487 Mea
2833 3449 3048 3503 quoque
3079 3435 3222 3489 dicta
3260 3435 3388 3490 licet
3419 3437 3531 3491 sint
3569 3440 3781 3510 exigua,

512 3536 628 3583 tore
653 3525 899 3580 salutem.

581 3617 966 3690 Smpenumero
992 3616 1120 3671 dum
1159 3632 1214 3671 in
1251 3617 1475 3672 auribus
1503 3617 1703 3673 vestris
1747 3633 1908 3674 omne
1949 3617 2093 3688 quod

511 3710 644 3766 mihi
666 3712 730 3766 de
757 3711 964 3781 meipso
991 3710 1320 3780 displiceret,
1349 3713 1596 3782 exposui,
1625 3712 1971 3785 suggessistis
2000 3712 2096 3767 mi-

509 3803 566 3859 IlI
597 3811 656 3856 ut
685 3801 945 3871 Regulam
972 3803 1365 3869 solitariorum,
1392 3804 1645 3867 videlicet
1672 3805 2091 3870 casnobitarum,

509 3896 907 3960 describerem,
941 3896 1182 3965 mihique
1224 3897 1326 3966 ipsi
1367 3897 1556 3967 iugum
1601 3898 1877 3952 servitutis
1916 3899 2092 3968 impo-

509 3999 715 4040 nerem.
756 3986 869 4056 Ego
893 3995 1070 4040 autem
1098 3987 1202 4042 hoc
1226 3987 1320 4042 diu
1347 3988 1685 4056 multumque
1733 3988 1945 4044 renisus
1974 4005 2094 4043 sum

513 4091 696 4146 agere,
725 4091 792 4131 ne
821 4075 962 4131 forte
1004 4077 1148 4131 vires
1197 4093 1346 4134 meas
1376 4080 1696 4134 cxcederem
1715 4119 1732 4144 ,
1779 4079 1888 4134 imo
1917 4096 1985 4134 ne
2007 4078 2088 4147 ja-

513 4166 734 4220 ctantia:
778 4165 990 4236 lapsum
1035 4166 1402 4234 incurrerem;
1447 4184 1640 4224 verens
1680 4169 1883 4239 pariter
1913 4185 1981 4224 ne
2027 4170 2095 4224 ab

515 4258 786 4328 aliquibus
813 4259 968 4330 quasi
1013 4274 1151 4314 nova
1179 4262 1419 4317 condens
1452 4270 1908 4332 praesumptuosus
1940 4271 2097 4331 puta-

514 4369 624 4418 rer,
656 4367 722 4408 ac
765 4369 834 4409 ne
863 4353 997 4408 mihi
1029 4351 1158 4408 illud
1202 4354 1483 4424 antiquum
1524 4351 1850 4422 objiceretur
1875 4367 2098 4423 prover-

513 4445 661 4499 bium
689 4462 701 4498 :
729 4445 869 4512 Quid
915 4461 1138 4500 necesse
1183 4452 1265 4500 est
1298 4447 1351 4499 in
1381 4445 1516 4499 mari
1545 4445 1762 4500 mittere
1797 4445 1973 4516 pisces
2002 4440 2105 4499 aut.

514 4537 566 4590 in
609 4537 830 4592 ﬂumine
863 4540 1068 4608 aquas?
1095 4539 1202 4594 Sed
1238 4555 1361 4593 cum
1392 4547 1515 4610 post
1541 4538 1738 4594 multos
1773 4539 1888 4594 dies
1931 4539 2096 4594 remi-

512 4631 647 4685 nisci
691 4633 948 4700 coeperim
977 4633 1120 4702 quod
1167 4648 1444 4702 nunquam
1475 4632 1642 4687 moris
1674 4631 1839 4686 fuerit
1887 4631 2095 4687 sanctis

2194 3531 2374 3581 tamen
2404 3526 2547 3581 inter
2579 3535 2891 3582 sanctorum
2919 3527 3081 3585 ﬂores
3125 3530 3471 3600 eloquiorum
3503 3531 3665 3587 solito
3701 3545 3786 3586 no-

2194 3617 2340 3672 mine
2367 3631 2490 3672 meo
2518 3618 2833 3688 imprimere
2861 3621 3069 3675 curavi.
3111 3621 3228 3688 Qua
3271 3622 3338 3677 de
3373 3637 3544 3678 causa
3576 3624 3786 3678 humili-

2197 3718 2278 3764 ter
2301 3710 2530 3767 obsecro
2555 3720 2616 3766 ut
2658 3714 2705 3768 si
2747 3715 2834 3768 cui
2864 3714 2980 3770 haec
3024 3715 3261 3770 scribilis
3297 3717 3539 3782 videtur,
3567 3717 3785 3788 pra-fata

2197 3814 2506 3857 sanctorum
2564 3805 2857 3871 vocabula,
2901 3807 3061 3862 sicuti
3123 3824 3266 3864 nunc
3313 3819 3441 3864 sunt
3502 3812 3784 3875 adnotata,

2197 3895 2456 3949 adnotare
2513 3910 2619 3950 nou
2679 3898 2912 3952 omittat.
2978 3897 3382 3955 Nostracismos
3450 3901 3704 3973 denique
3744 3910 3791 3958 et

2198 3984 2584 4051 barbarismos,
2614 4001 2823 4042 necnon
2861 3998 2917 4042 et
2947 3989 3094 4060 ipsos
3138 3993 3590 4061 praepositionum
3645 4010 3790 4050 casus

2197 4075 2252 4128 in
2296 4075 2399 4129 hoc
2463 4077 2720 4145 opusculo
2768 4093 2991 4136 servare
3051 4083 3355 4153 contempsi
3395 4098 3410 4137 :
3454 4085 3592 4154 quia
3664 4086 3789 4141 iudi-

2198 4183 2360 4239 gnum
2393 4170 2742 4227 vehementer
2772 4171 2887 4229 fore
2913 4176 3133 4241 censui,
3171 4184 3230 4230 ut
3257 4177 3423 4232 verba
3455 4177 3680 4235 Christi
3718 4177 3789 4234 vel

2197 4270 2509 4317 sanctorum
2553 4262 2773 4320 Patrum
2815 4267 2915 4321 sub
2961 4269 3148 4339 regula
3193 4269 3637 4340 perstringerem
3687 4273 3787 4328 Do-

2197 4353 2332 4408 nati.

2270 4443 2419 4499 Hanc
2467 4445 2724 4503 nimirum
2776 4448 3018 4520 regulam
3063 4450 3131 4507 de
3179 4463 3491 4507 sanctorum
3542 4451 3793 4517 ﬂoribus,

2196 4538 2353 4606 quasi
2381 4536 2447 4590 de
2493 4540 2667 4610 magis
2694 4537 3006 4594 ﬂuminibus
3034 4539 3319 4613 pelagique
3360 4543 3690 4613 gurgitibus
3711 4558 3796 4598 ex-

2197 4635 2460 4696 cerptam,
2503 4626 2557 4682 in
2588 4629 2824 4684 modicos
2852 4631 3078 4697 rivulos,
3105 4633 3207 4687 hoc
3234 4640 3338 4698 est,
3382 4634 3436 4689 in
3491 4637 3788 4707 sexaginta

517 4721 768 4777 Patribus
815 4724 1045 4778 invicem
1075 4740 1388 4794 provocare,
1423 4725 1652 4779 invicem
1687 4724 1952 4787 invidere,
2004 4725 2096 4778 sed
2125 4715 2172 4774 B
2201 4733 2394 4774 novem
2423 4721 2659 4791 capitula
2689 4721 2928 4777 dividere
2976 4724 3179 4778 curavi.
3210 4724 3276 4779 Et
3319 4727 3497 4795 primo
3536 4742 3794 4784 omnium

515 4828 954 4884 unumquemque
991 4815 1047 4869 in
1095 4816 1393 4872 ordinanda
1425 4817 1586 4872 domo
1630 4817 1724 4871 Dei
1768 4831 1866 4885 pro
1892 4816 2100 4870 viribus

513 4903 625 4958 suis
656 4904 936 4972 obtulisse,
974 4905 1139 4961 malui
1185 4907 1413 4978 imperio
1451 4907 1714 4976 jussionis
1758 4916 1956 4963 vestra:
2003 4910 2102 4964 oh-

517 4990 820 5066 temperarc
865 5013 1028 5068 quam
1059 4999 1388 5055 voluntatem
1420 5016 1598 5055 meam
1627 4999 1831 5054 facere.
1868 4999 2020 5056 Unde
2048 5010 2103 5056 et

516 5100 614 5155 ego
646 5103 767 5142 mox
809 5088 1036 5157 injuncti
1065 5105 1150 5144 me
1179 5091 1362 5160 operis
1405 5091 1578 5144 labori
1627 5092 1902 5161 supposui,
1935 5099 2102 5161 atque

516 5173 641 5230 ‘ninc
675 5178 800 5233 inde
841 5181 1267 5235 orthodoxorum
1304 5179 1524 5234 Patrum
1573 5181 1867 5236 sententias
1910 5197 2098 5236 exem-

515 5268 709 5339 plaque
748 5273 960 5327 diversa
991 5273 1266 5342 decerpsi,
1312 5281 1365 5328 et
1408 5289 1475 5328 ex
1515 5273 1601 5328 his
1651 5273 1790 5331 hanc
1837 5271 2096 5343 Regulam

517 5373 837 5428 componere
865 5364 1058 5435 sategi.
1094 5364 1419 5419 Eorumdem
1454 5366 1652 5435 quippe
1689 5366 1929 5429 nomina,
1962 5378 2095 5434 quo-

518 5467 638 5506 rum
677 5457 973 5512 sententias
1003 5458 1071 5512 ad
1100 5458 1202 5514 hoc
1241 5473 1376 5529 opus
1404 5461 1690 5531 assumpsi,
1722 5461 1792 5515 ob
1819 5460 2097 5530 prolixita-

521 5550 630 5596 tem
680 5545 1041 5614 capitulorum
1074 5549 1371 5613 vitandam,
1403 5551 1600 5620 partim
1651 5550 1796 5604 inlus
1835 5549 1889 5602 in
1931 5551 2094 5616 serie,

517 5638 718 5710 partim
747 5637 948 5695 deforis
994 5641 1047 5696 iu
1079 5643 1212 5714 ipsis
1242 5643 1575 5716 marginibus
1605 5643 1873 5712 impressi.
1919 5643 1986 5697 Et
2025 5658 2095 5699 ne

517 5729 713 5802 aliquis
737 5732 1142 5804 compilatorem
1168 5737 1451 5804 vocitaret,
1478 5738 1583 5793 hoc
1609 5737 1950 5807 potissimum
1977 5735 2096 5792 ﬁeri

470 5849 478 5855 ·
517 5833 723 5884 curavi.
773 5824 901 5884 Scio
933 5843 1188 5897 namque,
1237 5830 1466 5886 Domino
1513 5828 1918 5901 pronuntiante,
1966 5828 2093 5897 quia

2205 4812 2270 4867 de
2309 4814 2776 4869 abrenuntiatione
2803 4815 3008 4881 saeculi,
3050 4825 3105 4871 et
3133 4818 3197 4871 de
3224 4817 3400 4871 activa
3430 4818 3549 4872 vita
3578 4830 3642 4874 et
3674 4835 3798 4875 cou-

2205 4904 2518 4974 templativa
2549 4920 2722 4976 pauca
2765 4905 2956 4978 collegi
2983 4908 3235 4978 capitula.
3277 4909 3484 4965 Deinde
3517 4914 3799 4981 quomodo

2205 4984 2446 5050 Solitaria
2485 4998 2826 5054 conversatio
2855 5006 3108 5054 constare
3135 4999 3357 5066 debeat,
3395 5009 3450 5056 et
3478 5002 3552 5058 de
3579 5006 3700 5059 vita
3741 5020 3798 5057 ac

2206 5088 2448 5143 moribus
2473 5089 2842 5144 solitariorum
2888 5090 3068 5162 aliqua
3097 5093 3326 5148 adnexui
3354 5095 3616 5164 capitula.
3655 5096 3804 5152 Inter

2205 5180 2322 5235 hmo
2359 5181 2577 5250 quidem
2625 5183 2690 5237 de
2734 5185 3017 5253 przeceptis
3058 5183 3438 5255 Redemptoris
3467 5189 3653 5242 nostri
3701 5189 3797 5242 tria

2205 5281 2412 5326 tantum
2457 5274 2688 5343 capitula
2733 5275 2967 5339 inserui,
3012 5288 3280 5345 quatenus
3308 5277 3540 5333 solitarii
3576 5281 3634 5333 in
3686 5279 3804 5349 lege

2205 5363 2415 5417 Domini
2465 5364 2552 5418 die
2599 5379 2662 5418 ac
2713 5373 2871 5419 nocte
2919 5367 3262 5432 meditantes,
3309 5376 3364 5422 et
3414 5369 3532 5436 ipsa
3581 5368 3804 5424 ωλι-ἰςιὶ

2203 5454 2457 5508 mandata
2501 5453 2686 5509 sedulo
2729 5463 2856 5510 ante
2900 5455 3086 5512 oculos
3127 5459 3326 5513 mentis
3370 5458 3534 5512 simul
3566 5469 3626 5514 et
3677 5473 3804 5516 cor-

2202 5545 2351 5616 poris
2382 5545 2736 5610 revol.entes,
2777 5561 2991 5616 semper
3031 5549 3335 5604 devotiores
3370 5557 3536 5620 atque
3567 5548 3805 5606 ferven-

2203 5641 2367 5697 tiores
2421 5642 2676 5696 existant.
2725 5641 2917 5698 Postea
2964 5659 3178 5715 quoque
3218 5646 3284 5699 ad
3329 5646 3563 5700 activam
3611 5648 3806 5702 vitam

2202 5735 2445 5800 veniens,
2468 5735 2598 5806 quid
2618 5735 2701 5791 vel
2719 5745 2981 5808 quantum
3003 5737 3069 5793 de
3088 5737 3223 5795 cibis
3242 5747 3296 5794 et
3318 5740 3556 5810 podbus,
3579 5742 3806 5812 quidve

2203 5828 2272 5883 de
2309 5827 2646 5884 vestimentis
2685 5838 2780 5884 aut
2825 5829 3146 5888 lectualibus
3192 5830 3393 5888 habere
3438 5833 3522 5888 vel
3565 5835 3654 5889 uti
3697 5836 3800 5890 de
