3972 6328
216 309 330 365 577

830 305 1060 365 CODEX
1098 302 1552 364 REGULARUM.
1590 330 1661 344 —-
1696 299 1878 357 PARS
1913 299 1976 356 ll.
2017 298 2322 358 REGULE
2363 299 2470 356 PP.
2505 300 2868 360 OCCIDENT.

3363 303 3468 361 578

207 427 400 490 beant,
429 423 801 478 determinari.
833 422 1029 478 Addidi
1062 424 1225 478 etiam
1249 421 1467 477 modum
1494 427 1550 475 et
1579 426 1790 488 tempus
1816 419 1870 480 Α
1891 416 2142 472 minister
2184 417 2240 471 in
2283 416 2582 489 colligendo
2634 418 2840 474 exstiti.
2888 415 2969 472 Ex
3019 431 3250 488 quarum
3289 426 3470 474 tamen

201 519 542 593 jejuniorum
570 526 732 587 atque
755 517 1114 572 abstinentia.
1142 515 1403 584 Subjunxi
1427 529 1636 583 quoque
1660 511 1792 566 locis

206 610 478 682 congruis
519 625 692 680 pauca
734 611 798 664 de
823 611 1116 664 virtutibus
1141 617 1197 664 et
1230 609 1396 673 vitiis,
1424 615 1481 661 et
1507 614 1568 660 ut
1607 611 1792 660 cautos

206 703 457 760 facerem
496 701 780 765 solitarius,
825 701 1019 770 quibus
1063 699 1237 754 modis
1280 697 1543 752 miracula
1575 692 1795 766 operari

206 794 427 852 soleant
483 791 736 846 intimare
798 791 1004 846 curavi.
1051 789 1132 844 Ad
1185 789 1438 844 ultimum
1500 796 1680 841 autem
1727 782 1796 838 de

204 881 620 956 perseverantia
660 880 787 936 boni
827 880 1005 951 operis
1041 894 1208 934 unum
1252 886 1464 932 tantum
1499 872 1797 945 capitulum

203 977 393 1050 posui.

282 1070 347 1126 In
378 1070 464 1126 his
495 1083 624 1141 ergo
644 1068 893 1123 omnibus
917 1066 1222 1135 ubicunque
1244 1062 1513 1133 aliquibus
1539 1060 1796 1116 clausulis

204 1163 568 1223 enucleandis
596 1161 889 1216 necessitas
913 1159 1144 1224 exstitit,
1173 1172 1379 1212 morem
1406 1154 1650 1209 (luminis
1680 1152 1798 1208 imi-

204 1257 321 1312 tari
353 1254 552 1312 studui.
585 1252 806 1307 Flavius
836 1252 1032 1322 quippe
1061 1251 1187 1305 dum
1217 1263 1313 1318 per
1345 1247 1560 1303 alveum
1587 1244 1794 1309 defluit,

203 1349 260 1405 si
306 1347 474 1402 valles
517 1360 782 1401 concavas
823 1358 890 1398 ex
921 1343 1092 1398 latere
1135 1340 1422 1409 contingit,
1456 1340 1510 1394 in
1541 1353 1634 1393 eas
1673 1351 1798 1407 pro-

209 1443 365 1495 tinus
393 1439 473 1493 sui
499 1438 730 1506 impetus
761 1451 980 1490 cursum
1010 1433 1257 1498 divertit;
1285 1446 1518 1501 cumque
1547 1428 1666 1483 illas
1687 1426 1801 1483 suf-

205 1535 464 1588 ficienter
493 1528 797 1600 impleverit
818 1568 833 1592 ,
874 1535 1094 1596 repente
1123 1539 1181 1580 se
1211 1525 1267 1579 in
1297 1523 1506 1577 alveum
1539 1518 1794 1574 refundit.

202 1626 289 1680 Ita
341 1624 597 1678 nimirum
628 1621 939 1688 ubicunque
977 1618 1117 1671 inter
1161 1630 1315 1670 saera
1347 1621 1656 1668 sanctorum
1690 1609 1800 1664 elo-

204 1719 342 1788 quia
396 1717 629 1786 aliquam
677 1713 1064 1768 obscuritatem
1121 1723 1372 1778 congruae
1426 1701 1798 1760 :ediftcationis

205 1807 423 1877 reperi,
465 1805 620 1876 quasi
649 1803 717 1858 ad
750 1803 987 1856 vicinam
1029 1799 1223 1853 vallem
1258 1793 1655 1865 explanationis
1696 1808 1797 1846 un-

204 1902 341 1956 dam
373 1898 598 1962 retorsi;
632 1905 686 1951 et
711 1895 838 1949 dum
866 1892 1038 1961 ipsam
1084 1887 1432 1945 obscuritatis
1459 1885 1654 1939 vallem
1691 1879 1801 1936 suf-

205 1991 464 2046 ﬁcienter
502 1986 802 2057 expositam
850 1980 1132 2052 perspexi,
1181 1993 1377 2060 rursus
1423 1975 1490 2030 ad
1535 1971 1800 2028 sermonis

203 2083 478 2156 propositi
505 2081 715 2136 alveum
749 2075 1052 2132 recucurri.
1081 2071 1188 2128 Sed
1215 2087 1322 2127 non
1358 2072 1463 2125 hoc
1489 2084 1612 2123 meo
1639 2081 1801 2122 sensu

202 2176 302 2230 vel
337 2173 538 2237 studio,
565 2171 662 2226 sed
697 2177 1012 2225 sanctorum
1042 2164 1264 2218 Patrum
1289 2161 1526 2245 oraculis
1559 2161 1801 2214 annuim-

204 2269 368 2324 tibus
393 2264 597 2336 peregi.

285 2360 403 2415 Iloc
429 2375 578 2422 sane,
604 2358 766 2411 Pater
787 2352 1119 2415 venerande,
1153 2358 1265 2404 tam
1294 2363 1390 2403 vos
1426 2347 1518 2416 qui
1549 2346 1617 2400 ad
1657 2344 1801 2400 istud

204 2451 535 2524 opusculum
578 2461 807 2518 peragen
829 2447 937 2500 lum
971 2459 1056 2498 me
1091 2443 1393 2507 excitastis,
1420 2455 1583 2510 quam
1611 2455 1801 2494 omnes

206 2545 306 2618 qui
352 2545 469 2599 haec
502 2543 639 2598 forte
676 2539 868 2594 lecturi
902 2545 1047 2601 sunt,
1077 2543 1354 2591 contestor
1383 2542 1439 2588 et
1464 2535 1712 2597 obsecro,
1739 2539 1800 2586 ut

207 2634 474 2705 quidquid
503 2632 556 2685 in
595 2629 758 2684 rebus
789 2629 909 2683 istis
937 2635 1358 2697 quaautcunque
1395 2624 1617 2694 digestae
1649 2630 1799 2685 sunt,

208 2722 654 2796 reprehensionis
685 2719 1012 2783 invenerint,
1041 2719 1172 2772 vitio
1199 2733 1333 2772 mea:
1369 2715 1690 2771 rusticitatis
1717 2730 1802 2770 as-

207 2817 430 2872 cribant
478 2815 719 2883 mihique
765 2815 1049 2884 dignanter
1097 2811 1407 2881 indulgeant
1445 2828 1460 2864 :
1507 2825 1571 2866 ea
1618 2817 1802 2864 autem

208 2923 333 2977 quae
366 2906 660 2962 secundum
693 2904 852 2959 fidem
885 2905 1209 2960 catholicam
1253 2904 1396 2958 dicta
1427 2901 1800 2984 probaverim,

209 3000 325 3055 Deo
367 3002 650 3069 deputent,
695 3000 786 3069 qui
830 2999 920 3054 dat
965 2999 1216 3054 omnibus
1266 2999 1569 3060 allluenter,
1598 2985 1652 3050 et
1695 3010 1802 3050 non

211 3090 566 3160 improperat.
596 3089 708 3160 Ego
750 3089 948 3159 quippe
978 3090 1103 3143 dum
1131 3089 1311 3155 studui
1348 3095 1676 3158 praeceptum
1708 3085 1799 3154 ju-

209 3180 393 3236 bentis
459 3179 706 3250 implere,
749 3180 916 3232 etiam
966 3178 1174 3248 majora
1221 3179 1428 3234 viribus
1475 3179 1612 3233 meis
1659 3191 1799 3248 prte-

1894 508 2284 578 compositione
2305 508 2604 577 specierum
2633 509 2780 563 salus
2809 507 3040 564 edicitur
3070 508 3468 581 :egrotantium.

1896 601 1986 657 Sic
2012 603 2197 666 etiam,
2223 602 2300 656 sic
2330 600 2556 656 forsitan
2592 617 2726 657 mete
2759 601 3062 658 devotionis
3091 602 3245 657 labor
3277 609 3474 657 vestra:
3531 671 3544 681 ἡ

1896 691 2173 757 charitati,
2203 691 2786 764 Dominoopitulante,
2830 693 3032 764 aliquid
3070 693 3336 765 proficere
3380 708 3476 749 va-

1895 783 2046 839 lebit.
2075 781 2192 838 Non
2229 784 2404 848 enim,
2449 792 2512 838 ut
2547 800 2693 851 reor,
2730 793 2840 840 tam
2881 786 3111 842 sollicite
3155 786 3288 841 mihi
3334 787 3476 842 hanc

1895 873 2156 946 Regulam
2188 874 2425 930 scribere
2455 873 2826 947 injungeretis,
2864 878 2967 933 nisi
3001 893 3123 933 eam
3150 877 3475 949 diligeretis,

1897 974 1953 1022 et
1978 965 2082 1020 nisi
2115 965 2183 1020 ad
2210 967 2547 1036 propositum
2570 967 2697 1023 vita:
2732 969 2987 1024 solitariae
3023 970 3345 1040 quandoque
3387 983 3478 1024 ve-

1898 1059 2020 1115 nire
2039 1058 2362 1114 voluissetis.
2390 1057 2542 1114 Sicut
2562 1061 2707 1116 enim
2730 1078 2817 1118 me
2841 1062 2942 1132 piae
2964 1062 3262 1117 devotionis
3283 1061 3480 1118 aﬂ'ectu

1898 1153 2171 1208 exhortati
2206 1151 2342 1207 estis
2368 1159 2429 1206 ut
2460 1168 2581 1208 eam
2617 1155 2934 1220 scriberem,
2969 1155 3043 1209 ita
3073 1171 3216 1210 nunc
3245 1171 3341 1210 vos
3379 1155 3478 1210 hu-

1897 1243 2099 1299 militer
2126 1244 2359 1314 deposco
2384 1251 2445 1298 ut
2481 1245 2728 1300 eamdem
2759 1246 2956 1317 saepius
2988 1245 3274 1316 diligenter
3302 1246 3482 1317 legere

1900 1337 2198 1401 studentis;
2246 1344 2513 1406 quatenus
2563 1337 2775 1393 animus
2823 1345 3038 1403 vester,
3085 1337 3482 1406 quodammodo

1899 1427 2262 1482 exterioribus
2288 1427 2556 1483 molestiis
2586 1426 2864 1499 fatigatus,
2909 1428 2976 1484 ad
3004 1429 3242 1499 seipsum
3273 1429 3478 1494 redeat,

1901 1527 1958 1573 et
2001 1534 2107 1588 quo
2152 1520 2386 1573 maxime
2435 1519 2696 1575 festinare
2727 1521 2954 1586 debeat,
3010 1521 3293 1593 intelligat.
3343 1521 3484 1588 Quid

1901 1626 2032 1682 ergo
2059 1612 2111 1665 in
2141 1613 2243 1667 hac
2267 1616 2381 1666 vita
2409 1612 2734 1668 laboriosius
2760 1629 2922 1684 quam
2951 1615 3182 1670 terrenis
3206 1615 3490 1671 desideriis

1903 1707 2168 1760 azstuare?
2195 1706 2302 1761 Aut
2349 1707 2478 1776 quid
2526 1708 2770 1762 securius
2800 1723 2964 1779 quam
3012 1709 3079 1764 de
3113 1706 3273 1778 hujus
3304 1707 3490 1764 saaculi

1906 1797 2143 1852 vanitate
2173 1797 2248 1852 nil
2286 1800 2574 1868 appetere?
2599 1800 2700 1868 Qui
2729 1801 2875 1855 enim
2911 1801 3055 1856 hunc
3100 1801 3362 1856 mundum
3407 1801 3489 1856 di-

1905 1886 2096 1958 ligunt,
2126 1889 2451 1946 turbulentis
2472 1892 2588 1961 ejus
2615 1892 2764 1947 curis
2790 1900 2846 1949 et
2875 1893 3332 1948 sollicitudinibus
3359 1909 3492 1949 con-

1907 1985 2210 2040 turbantur.
2265 1987 2365 2055 Qui
2412 1997 2592 2044 antem
2638 1992 2705 2045 ab
2751 2006 2817 2046 eo
2867 1994 3160 2059 recedunt,
3197 2001 3253 2049 et
3301 1992 3490 2048 solita-

1903 2078 2042 2132 riam
2071 2081 2239 2132 vitam
2277 2089 2558 2150 expetunt,
2587 2082 2786 2137 futurze
2819 2085 2969 2153 pacis
3000 2086 3244 2156 requiem
3265 2127 3279 2152 ,
3322 2101 3486 2156 quam

1903 2170 2014 2226 illic
2058 2182 2406 2242 exspectant,
2449 2175 2539 2230 hic
2569 2173 2684 2244 jam
2725 2177 3125 2246 quodammodo
3161 2179 3362 2234 habere
3406 2178 3493 2232 in-

1904 2263 2125 2317 ehoant.

1977 2351 2321 2422 Quapropter
2361 2369 2546 2423 qumso
2587 2362 2698 2410 tam
2745 2373 2842 2413 vos
2881 2372 3044 2427 quam
3087 2374 3277 2413 omnes
3326 2359 3496 2413 Deum

1905 2444 2206 2518 diligentes,
2235 2453 2294 2499 ut
2323 2461 2482 2500 nemo
2528 2446 2670 2500 hanc
2712 2447 2971 2518 Regulam
3015 2456 3272 2518 spernat,
3319 2464 3497 2518 neque

1904 2512 1971 2590 ab
1997 2512 2098 2590 hac
2131 2535 2486 2590 instructione
2511 2551 2710 2606 pavore
2737 2512 3061 2608 perterritus
3084 2512 3337 2610 refugiat,
3363 2512 3493 2608 quia

1903 2627 1989 2680 via
2029 2626 2217 2681 salutis
2268 2642 2375 2681 non
2412 2628 2570 2683 aliter
2610 2629 2713 2683 nisi
2761 2638 2989 2700 angusto
3035 2631 3190 2685 initio
3235 2639 3320 2684 est
3356 2630 3490 2686 inci-

1903 2717 2117 2788 pienda.
2161 2717 2315 2774 Unde
2361 2719 2626 2775 Dominus
2668 2721 2783 2774 ait:
2823 2722 3130 2794 Contendite
3170 2723 3368 2776 intrare
3406 2739 3500 2792 per

1904 2819 2181 2879 angustam
2212 2820 2419 2880 portam
2451 2810 2667 2882 (Matth.
2693 2827 2766 2866 vu
2785 2853 2798 2877 ,
2829 2811 2937 2883 l5).
2967 2813 3034 2866 Et
3063 2813 3262 2867 iterum
3290 2831 3303 2866 :
3336 2813 3499 2868 Arata

1904 2911 1951 2955 et
1984 2912 2206 2971 angusta
2239 2903 2321 2956 via
2355 2913 2450 2966 est,
2481 2920 2598 2973 qua:
2627 2903 2769 2957 ducit
2811 2904 2881 2956 ad
2919 2906 3114 2968 vitam;
3144 2903 3255 2958 lata
3293 2913 3343 2959 et
3373 2921 3499 2975 spa-

1906 3002 2062 3066 tiosa,
2085 3017 2201 3070 qua:
2227 3001 2372 3054 ducit
2402 3001 2470 3054 ad
2500 3011 2716 3056 mortem
2747 3001 2959 3075 (Ibid.).
2985 3001 3130 3056 Nihil
3155 3016 3285 3072 ergo
3311 3000 3364 3054 in
3394 2999 3499 3055 hac

1908 3092 2293 3147 constitutione
2337 3107 2628 3162 asperum,
2673 3093 2758 3147 vel
2806 3108 3120 3159 onerosum,
3156 3093 3293 3148 nihil
3335 3108 3504 3164 grave

1907 3203 2064 3258 spero
2100 3203 2186 3242 me
2233 3189 2543 3257 scripsisse;
2585 3189 2679 3244 sed
2725 3187 2771 3242 si
2819 3188 2952 3258 quid
2982 3187 3260 3259 paululum
3305 3187 3500 3242 restri-

211 3270 440 3340 sumpsi,
474 3270 780 3339 suscipere;
811 3271 904 3325 sed
939 3281 1118 3326 tamen
1154 3271 1268 3341 ipsa
1300 3272 1608 3326 obedientia
1647 3270 1803 3326 valde
1830 3303 1874 3364 C
1908 3279 2067 3343 ctius,
2097 3278 2336 3334 dictante
2378 3279 2651 3349 aequitatis
2688 3279 2901 3336 ratione
2943 3280 2998 3334 in
3028 3295 3092 3334 ea
3137 3280 3368 3345 institui,
3399 3279 3503 3334 hoc

211 3362 349 3416 mihi
379 3368 497 3416 erat
526 3363 870 3416 necessaria?
900 3361 1014 3417 llac
1043 3363 1262 3433 quidem
1291 3373 1486 3418 nactus
1512 3363 1800 3419 occasione

213 3452 513 3522 Regulam,
552 3469 714 3522 quam
760 3470 867 3508 non
899 3456 1184 3520 habebam,
1216 3458 1376 3512 modo
1405 3457 1600 3512 habeo.
1632 3457 1804 3511 Caete-

218 3559 346 3598 rum
370 3545 434 3598 de
457 3547 795 3601 accuratione
819 3547 1071 3602 dictionis
1092 3547 1422 3602 elucubratre
1445 3563 1552 3603 non
1578 3557 1797 3619 satago;

215 3635 350 3706 quia
387 3637 526 3704 quod
566 3653 597 3691 a
643 3637 922 3708 magistris
970 3638 1287 3710 negligendo
1339 3654 1446 3694 non
1501 3640 1702 3706 didici,
1747 3640 1800 3693 id

213 3729 472 3786 exhibere
501 3729 767 3800 loquendo
796 3731 1036 3802 nequivi.

272 3820 347 3876 'ld
393 3821 567 3892 ipsum
601 3831 784 3877 autem
815 3823 962 3892 quod
1004 3824 1232 3894 scripsi,
1275 3839 1384 3878 non
1431 3823 1647 3892 ingenio
1683 3839 1804 3878 meo

215 3910 411 3978 fretus,
438 3913 533 3967 sed
575 3913 914 3970 orationibus
943 3915 1141 3969 vestris
1177 3913 1568 3969 auxiliantibus
1594 3914 1800 3984 peregi.

217 3987 408 4059 Solent
445 4019 680 4073 namque
719 4005 916 4059 medici
962 4019 1029 4060 ex
1061 4005 1355 4060 multorum
1399 4005 1681 4075 speciebus
1719 4006 1802 4075 pi-

216 4103 560 4167 gmentorum
601 4095 659 4149 in
709 4094 939 4151 salutem
983 4097 1258 4166 poscentis
1314 4097 1585 4166 quoddam
1635 4114 1804 4167 genus

218 4187 600 4242 medicamenti
655 4203 1010 4258 componere,
1062 4203 1164 4244 nec
1215 4189 1426 4259 seipsos
1471 4197 1807 4259 praasumunt

219 4275 378 4332 fateri
427 4286 699 4334 creatures
733 4279 1028 4334 herbarum
1067 4279 1153 4334 vel
1190 4280 1420 4334 aliarum
1463 4279 1801 4350 specierum,

221 4367 319 4424 sed
364 4369 642 4426 ministros
671 4385 734 4426 se
771 4385 892 4426 esse
935 4372 991 4426 in
1037 4370 1337 4442 colligendo
1364 4380 1420 4426 et
1470 4371 1806 4426 conﬁciendo

221 4469 492 4516 asserunt.
523 4461 604 4517 Ita
633 4472 688 4518 et
733 4478 852 4534 ego,
892 4477 1001 4517 non
1049 4475 1239 4519 auctor
1273 4462 1433 4534 hujus
1467 4465 1673 4534 operis,
1710 4465 1808 4520 sed

1905 3377 2128 3436 propter
2171 3369 2602 3424 emendationem
2644 3370 2902 3423 vitiorum
2931 3379 2988 3424 et
3022 3370 3498 3426 conservationem

1911 3458 2173 3512 virtutum
2218 3459 2345 3514 feci.
2394 3460 2650 3530 Quisquis
2681 3461 2848 3532 igitur
2889 3461 3033 3516 hanc
3064 3460 3324 3530 Regulam
3355 3462 3501 3516 bono

1909 3550 2092 3604 animo
2134 3560 2190 3605 et
2237 3551 2398 3620 plena
2455 3553 2742 3607 devotione
2792 3552 3029 3606 voluerit
3081 3552 3394 3616 observare,
3443 3552 3500 3607 in

1908 3645 2160 3714 przcsenti
2211 3645 2386 3700 adhuc
2435 3644 2634 3700 saeculo
2679 3646 2925 3714 positus,
2965 3642 3034 3698 ad
3077 3643 3342 3698 virtutum
3387 3642 3505 3698 cul-

1912 3732 2076 3799 mina,
2111 3733 2220 3788 Deo
2266 3732 2497 3800 favente,
2531 3735 2732 3804 poterit
2776 3733 3075 3800 scandere;
3109 3743 3162 3789 et
3187 3743 3309 3804 post
3341 3732 3504 3803 hujus

1909 3823 2033 3878 vitae
2059 3811 2376 3892 terminum,
2403 3841 2526 3881 cum
2557 3826 2761 3897 sanctis
2787 3835 2842 3882 et
2867 3826 3055 3882 electis
3084 3826 3179 3880 Dei
3205 3825 3259 3880 in
3288 3825 3500 3881 caelesti

1909 3930 2074 3986 regno
2114 3917 2365 3989 gaudere,
2395 3927 2450 3972 et
2485 3935 2610 3974 cum
2641 3919 2758 3990 ipso
2791 3919 3019 3974 Domino
3047 3927 3102 3974 et
3143 3917 3349 3989 angelis
3375 3917 3495 3989 ejus

1909 4009 1963 4064 in
1993 4021 2317 4081 perpetuum
2364 4011 2597 4067 feliciter
2635 4012 2833 4082 poterit
2861 4012 3073 4078 vivere;
3107 4019 3162 4066 et
3189 4027 3298 4066 non
3325 4010 3501 4066 solum

1909 4102 2111 4168 vivere,
2162 4103 2258 4157 sed
2297 4103 2462 4157 etiam
2506 4119 2862 4176 conregnare.
2912 4105 3302 4176 Cunctipotens
3356 4105 3500 4160 Deus

1909 4192 2150 4246 animum
2174 4200 2414 4247 vestrum
2437 4194 2505 4248 ad
2532 4195 2674 4249 hanc
2708 4195 3067 4251 institutionis
3097 4195 3502 4251 observantiam

1911 4281 2228 4336 festinanter
2251 4284 2505 4363 adducat,
2533 4293 2588 4339 et
2614 4301 2713 4354 per
2734 4285 2982 4340 eamdem
3009 4285 3409 4339 observantiam
3436 4283 3506 4337 ad

1911 4387 2075 4444 regna
2099 4374 2346 4428 coelestia
2374 4375 2658 4444 perducat.
2686 4375 2882 4429 Amen.

2436 4465 2666 4536 Explicit
2705 4464 2976 4536 prologue.

269 4608 3481 4633 mm

844 4708 1418 4850 ’INCIPIT
1511 4735 2084 4854 TEXTUS
2167 4739 2827 4856 REGULfE.

750 4980 978 5039 CAPUT
1017 4982 1308 5041 PRIMUM.

627 5074 702 5128 De
735 5073 1008 5145 generibus
1037 5073 1416 5132 solitariorum.

297 5165 539 5221 Primum
591 5167 756 5239 igitur
795 5167 1052 5238 indagare
1084 5177 1298 5238 oportet
1344 5187 1442 5226 cur
1485 5175 1808 5242 monachus,

229 5257 313 5314 vel
341 5274 438 5314 cur
464 5259 738 5315 solitarius
767 5269 1013 5325 vocatur,
1044 5268 1100 5315 et
1133 5261 1213 5316 sic
1248 5263 1484 5328 demum,
1516 5265 1812 5320 auxiliante

229 5351 411 5408 divina
441 5353 747 5422 clementia,
778 5357 845 5411 ad
889 5364 1086 5411 cratera
1125 5359 1443 5429 exponenda
1492 5361 1593 5415 rite
1634 5368 1812 5416 trans-

229 5457 435 5499 eamus.
466 5445 762 5502 Monachus
785 5449 930 5502 enim
959 5450 1150 5504 Graaea
1197 5451 1522 5521 etymologia
1560 5462 1808 5520 vocatur,

230 5551 296 5593 eo
335 5539 478 5606 quod
503 5542 576 5595 sit
603 5541 910 5612 singularis.
961 5542 1149 5598 Monas
1190 5544 1335 5598 enim
1365 5543 1576 5612 Graece,
1622 5546 1812 5602 Latine

231 5630 578 5701 singularitas
621 5633 836 5689 dicitur.
879 5623 1020 5704 Ergo
1081 5636 1359 5693 solitarius
1419 5639 1812 5709 interpretatur

232 5721 548 5779 vocabulum
580 5725 848 5784 monachi.
893 5724 1098 5782 Idcirco
1127 5727 1272 5783 enim
1302 5729 1417 5784 sive
1454 5729 1667 5785 dicatur
1696 5746 1812 5798 me:

235 5815 440 5872 nachus
473 5819 592 5876 ’sive
623 5820 914 5887 solitarius,
959 5835 1127 5878 unum
1174 5830 1336 5894 atque
1387 5822 1530 5880 idem
1573 5792 1811 5882 est.

1904 4991 2021 5062 jam
2052 4994 2332 5048 videamus
2375 5001 2507 5064 quot
2549 5003 2677 5049 sunt
2722 5007 2918 5064 genera
2963 4989 3352 5046 solitariorum.
3381 4986 3500 5045 Duo

1913 5091 2040 5137 sunt
2082 5098 2316 5154 namque
2345 5098 2542 5156 genera
2570 5083 2970 5147 solitariorum;
3001 5096 3168 5134 unum
3199 5080 3496 5134 anachore-

1911 5183 2111 5243 tarum,
2152 5177 2205 5232 id
2231 5185 2334 5240 est,
2366 5177 2749 5239 eremitarum;
2783 5174 3011 5228 alterum
3041 5186 3171 5226 vero
3203 5171 3498 5226 emnobita-

1913 5283 2057 5333 rum,
2091 5269 2193 5323 hoc
2218 5277 2330 5335 est,
2375 5267 2778 5323 monasteriale.
2819 5265 2944 5320 Haec
2987 5272 3168 5318 autem
3215 5265 3500 5318 amborum

1915 5375 2112 5430 genera
2138 5377 2246 5416 non
2290 5361 2662 5417 conversionis
2690 5359 2905 5413 fervore
2938 5356 3144 5411 novitio
3178 5356 3377 5411 debent
3418 5355 3501 5410 in-

1915 5454 2092 5519 stitui,
2128 5454 2223 5510 sed
2266 5453 2524 5509 diuturna
2570 5450 2886 5508 monasterii
2920 5449 3310 5505 exercitatione
3351 5446 3504 5518 prius

1916 5545 2114 5601 debent
2161 5545 2417 5616 probari,
2463 5552 2732 5613 quatenus
2775 5541 2986 5611 probati
3029 5541 3097 5595 ad
3152 5536 3503 5611 perfectionis

1915 5637 2162 5704 culmen,
2213 5637 2444 5693 Domino
2493 5637 2805 5702 miserante,
2851 5639 3218 5690 conscendere
3261 5629 3502 5686 valeant.

1913 5729 2186 5788 Praeterea
2229 5744 2443 5802 quoque
2482 5745 2622 5800 saepe
2672 5729 2979 5784 dubitatum
3025 5737 3112 5784 est
3152 5743 3184 5781 a
3232 5724 3434 5784 multis,
3470 5735 3502 5776 a

1915 5839 2023 5894 quo
2050 5823 2389 5896 potissimum
2421 5823 2812 5879 monachorum
2849 5837 3066 5879 eremus
3093 5826 3269 5890 empta
3299 5815 3369 5872 sit
3401 5813 3499 5870 ha-
