3972 6328
621 349 728 415 579

1654 350 1712 409 S.
1750 348 2113 409 BENEDICTI
2148 348 2445 408 ABBA’HS
2473 347 2880 409 multum
3674 363 3744 435 599

619 471 807 531 bitari.
834 469 1066 546 Quidam
1109 468 1254 535 enim
1286 466 1445 524 altius
1477 474 1808 540 repetentes,
1837 485 1866 524 a
1899 468 2059 524 beato
2083 467 2200 523 Elia
2231 472 2282 531 Α
2304 465 2447 537 ligite
2486 466 2727 523 inimicos
2771 472 3011 531 vestros;
3048 465 3319 536 inducite
3353 470 3428 533 his
3458 472 3534 541 ρμί
3570 490 3635 537 μοι
3664 480 3742 534 σαι.
3846 496 3847 531 ξ

620 570 677 619 et
703 561 909 621 Joanne
932 571 1207 634 sumptum
1233 561 1419 617 dicunt
1445 560 1755 627 exordium;
1785 560 1877 615 alii
1907 568 2087 616 autem
2116 575 2206 615 as-

620 663 872 712 severant
897 655 1117 713 beatum
1146 653 1439 709 Antonium
1469 651 1629 722 hujus
1674 652 1938 724 propositi
1972 668 2092 708 esse
2117 666 2205 706 ca-

616 756 731 822 put.
760 748 1027 807 Macarius
1059 765 1189 804 vero
1217 738 1512 818 discipulus
1544 745 1688 803 beati
1719 744 1938 803 Antonii
1970 744 2204 801 afﬁrmat

617 840 843 898 Paulum
893 841 1181 921 quemdam
1226 839 1518 894 Thebzeum
1566 839 1621 893 in
1666 832 1817 893 Novo
1846 835 2201 893 Testamento

617 936 699 991 rei
746 936 906 992 istius
944 934 1113 991 fuisse
1163 934 1503 1011 principem;
1555 933 1698 1003 quod
1749 940 1805 987 et
1852 948 2049 988 verum
2092 939 2195 988 est.

617 1026 911 1097 Sciendum
944 1042 1074 1082 vero
1099 1025 1241 1099 quod
1273 1042 1303 1080 a
1332 1033 1573 1096 tempore
1597 1024 1747 1081 beati
1772 1023 1989 1079 Antonii
2024 1040 2201 1096 ctrpe-

613 1130 745 1199 runt
788 1121 1178 1179 coenobitarum
1223 1120 1487 1186 solitarii,
1529 1120 1634 1174 hoc‘
1671 1126 1785 1184 est,
1825 1117 2044 1173 retrusi.
2091 1117 2199 1174 Sed

613 1217 734 1287 quis
766 1215 973 1291 primus
1000 1213 1191 1270 fuisset
1221 1222 1484 1277 retrusus,
1514 1209 1728 1267 diﬁicile
1757 1211 2055 1281 reperitur;
2084 1226 2198 1266 non

611 1307 757 1363 enim
805 1300 1143 1361 solummodo
1190 1304 1245 1358 in
1292 1302 1579 1369 coenobiis,
1621 1302 1718 1359 sed
1754 1303 1917 1357 etiam
1962 1302 2021 1357 in
2066 1303 2199 1372 ipsis

538 1450 545 1453 _
610 1398 809 1459 eremis
854 1404 1014 1455 antea
1062 1393 1382 1450 habitabant
1432 1393 1655 1449 retrusi.
1702 1391 1907 1449 Priscis
1964 1393 2199 1463 denique

608 1490 942 1563 temporibus
982 1489 1039 1543 hi
1081 1488 1175 1559 qui
1216 1488 1370 1560 prius
1409 1491 1467 1541 in
1510 1486 1856 1542 monasteriis
1913 1492 2069 1542 erant
2110 1502 2197 1542 re-

605 1584 765 1653 trusi,
784 1584 877 1655 qui
900 1582 1015 1655 jam
1037 1582 1339 1637 didicerant
1367 1595 1464 1651 per
1484 1581 1656 1636 multa
1679 1580 2049 1651 experimenta
2074 1595 2197 1635 con-

604 1684 693 1733 tra
738 1674 1010 1733 diabolum
1041 1689 1304 1755 pugnare,
1334 1673 1436 1744 ipsi
1469 1689 1684 1743 quoque
1731 1673 1869 1729 bene
1909 1673 2190 1738 instructi,

605 1778 769 1845 atque
806 1770 950 1826 sicut
996 1782 1187 1822 aurum
1227 1762 1282 1820 in
1305 1767 1548 1822 fornace
1575 1767 1810 1836 probati,
1854 1765 2095 1821 fraterna
2126 1782 2192 1821 ex

2307 567 2457 624 runt,
2507 564 2613 612 etc.
2661 556 2867 630 (ιιήιι.⁷
2913 556 3041 629 ιι).
3086 556 3350 623 Messenii
3386 561 3510 627 enim
3547 564 3634 621 sive
3666 570 3743 626 soli-
3846 592 3847 599 η

2301 650 2457 706 tariis
2499 651 2700 706 dicitur
2738 660 2800 705 ut
2838 667 2937 707 sua
2976 652 3157 708 omnia
3198 652 3564 723 derelinquant;
3597 662 3742 717 sagula.
3846 674 3847 723 γ

2301 743 2453 799 ribus
2493 758 2644 808 vero,
2671 751 2734 799 ut
2760 759 2857 800 sua
2898 746 3080 801 omnia
3104 745 3238 803 bene
3261 754 3453 817 gerant.
3479 748 3547 803 illi
3565 764 3741 822 praeripia

2299 836 2573 905 generalia
2600 838 2737 892 bene
2772 837 3004 892 vivendo
3038 838 3425 904 transcendunt,
3454 839 3530 899 isti
3554 845 3741 913 praepes

2300 926 2644 997 generalibus
2666 929 3059 999 astringantur.
3082 928 3163 983 Ad
3188 926 3539 999 perfectionem
3555 932 3663 987 enim
3677 949 3740 991 non

2300 1018 2497 1074 sulﬁcit
2524 1021 2779 1089 cuiquam
2809 1036 2907 1075 sua
2933 1020 3323 1090 derelinquere,
3352 1021 3448 1075 nisi
3468 1022 3601 1076 etiam
3623 1036 3740 1085 senet

2299 1111 2478 1182 ipsum
2504 1114 2758 1181 abneget.
2788 1111 2896 1168 Sed
2937 1113 3072 1182 quid
3104 1121 3189 1169 est
3213 1113 3528 1184 semetipsum
3547 1115 3738 1187 abaqan,

2300 1202 2407 1257 nisi
2433 1203 2803 1259 voluntatibus
2836 1204 3074 1274 propriis
3098 1204 3430 1269 renuntiare?
3455 1213 3506 1263 ut
3530 1205 3603 1275 qui
3628 1220 3740 1277 saper-

2300 1294 2404 1349 bus
2450 1303 2606 1361 erat,
2635 1295 2720 1350 'sit
2746 1294 3002 1360 humilis;
3046 1295 3142 1365 qui
3173 1294 3467 1360 iracundus.
3492 1297 3740 1357 Stellatem

2299 1393 2647 1453 mansuetus;
2697 1385 2792 1457 qui
2842 1384 3179 1451 luxuriosus,
3230 1386 3300 1448 sit
3346 1394 3533 1455 castus;
3569 1386 3638 1456 qui
3669 1397 3740 1443 ante

2297 1479 2562 1544 ebriosus,
2603 1478 2675 1532 sit
2718 1476 2963 1545 sobrius;
2999 1478 3095 1546 qui
3122 1476 3331 1541 invidus
3358 1485 3409 1543 et
3439 1476 3734 1543 minuisset

2299 1568 2564 1640 benignus
2584 1578 2643 1626 et
2669 1569 2982 1626 benevolus.
3008 1569 3145 1625 Nam
3170 1569 3218 1629 si
3245 1569 3318 1629 ita
3345 1570 3547 1647 quisque
3567 1570 3739 1633 renuntiat

2298 1662 2551 1717 omnibus
2575 1678 2697 1732 quae
2730 1662 2991 1733 possidet,
3020 1671 3084 1718 ut
3111 1669 3168 1717 et
3195 1662 3306 1719 suis
3327 1676 3426 1721 non
3447 1659 3658 1725 renuntiet
3676 1673 3739 1713 mo-

2298 1754 2467 1820 ribus,
2497 1768 2605 1809 non
2633 1763 2717 1809 est
2741 1770 2839 1825 pro
2863 1762 3013 1809 certe
3039 1752 3240 1811 Christi
3264 1750 3548 1821 disdpulus.
3569 1750 3643 1818 Qui
3657 1748 3738 1803 enim

604 1864 723 1927 acie
764 1862 832 1918 ad
863 1861 1193 1933 singularem
1236 1874 1471 1935 pugnam
1503 1859 1698 1925 eremi,
1730 1859 1908 1914 securi
1932 1858 2045 1927 jam
2073 1859 2184 1913 sine

2295 1844 2411 1899 suis
2440 1844 2602 1900 rebus
2636 1846 2925 1911 renuntiat,
2962 1860 3064 1901 sua
3096 1844 3357 1916 abnegat;
3389 1841 3472 1913 qui
3510 1854 3610 1896 vero
3635 1839 3739 1915 pravis

605 1954 974 2021 consolatione
1013 1950 1258 2016 alterius,
1289 1949 1404 2006 sola
1432 1964 1595 2004 manu
1627 1946 1715 2004 vel
1749 1948 1974 2004 brachio
2000 1956 2191 2003 contra

603 2047 736 2102 vitia
763 2046 945 2101 carnis
972 2043 1060 2099 vel
1089 2042 1505 2114 cogitationum,
1546 2041 1657 2098 Deo
1686 2040 2001 2105 auxiliante,
2034 2040 2192 2095 dimi-

601 2135 778 2195 caturi
820 2133 1136 2207 pergebant.
1177 2131 1384 2188 Horum
1424 2131 1728 2202 exemplum
1768 2132 1962 2187 beatus
1994 2129 2191 2185 Arnul-

600 2226 740 2301 phus
786 2225 1070 2295 episcopus
1114 2223 1305 2289 tenuit,
1336 2223 1429 2292 qui
1460 2221 1758 2277 secundum
1792 2220 2007 2274 Domini
2051 2235 2191 2291 prae-

600 2328 817 2393 ceptum
859 2318 1041 2372 omnia
1076 2332 1197 2386 quae
1246 2316 1437 2370 habuit
1467 2315 1707 2369 vendidit
1752 2315 2193 2384 pauperibusque

600 2408 896 2466 distribuit.
922 2409 991 2461 Et
1032 2423 1142 2461 non
1170 2406 1344 2460 solum
1374 2405 1695 2474 temporalia
1740 2404 1955 2474 reliquit
1984 2406 2187 2470 omnia,

602 2507 699 2565 sed
741 2506 908 2561 etiam
937 2504 1333 2575 episcopatum,
1363 2517 1525 2571 quem
1554 2508 1676 2571 post
1717 2501 2064 2555 amissionem
2098 2501 2190 2573 hq-

598 2615 795 2659 norum
848 2594 1260 2671 temporalium,
1314 2592 1543 2649 Domino
1590 2592 1875 2662 largiente,
1916 2592 2184 2663 suscepit,

597 2691 776 2768 ipsum
817 2690 1051 2755 dimisit;
1081 2696 1139 2743 et
1163 2696 1350 2760 postea
1380 2685 1629 2742 cellulam
1674 2686 1998 2741 retrusionis
2026 2701 2189 2755 expe-

597 2782 717 2853 tiit;
763 2780 945 2850 ibique
972 2778 1156 2833 multis
1192 2778 1382 2834 diebus
1408 2791 1526 2831 sese
1563 2777 1629 2831 ad
1673 2776 2080 2831 exercitandum
2130 2777 2183 2829 in

599 2873 797 2933 divinis
840 2871 1076 2927 cultibus
1124 2870 1357 2924 Domino
1403 2868 1753 2939 mancipavit.
1807 2869 2009 2923 Deinde
2054 2884 2187 2923 vero

598 2973 721 3038 post
769 2961 1061 3021 multorum
1106 2959 1377 3015 curricula
1418 2973 1682 3013 annorum
1736 2959 2028 3028 assumpsit
2073 2959 2186 3014 alas

600 3056 743 3112 sicut
788 3053 1056 3117 columba,
1103 3054 1206 3108 hoc
1251 3059 1365 3119 est,
1401 3052 1635 3107 virtutes
1673 3051 2003 3120 spirituales,
2035 3059 2090 3106 et
2118 3051 2186 3106 ad

598 3163 844 3205 eremum
880 3143 1222 3209 convolavit;
1259 3143 1447 3213 ibique
1490 3142 1776 3197 Dominum
1817 3150 2064 3197 nostrum
2097 3141 2184 3196 Je-

599 3256 718 3296 sum
747 3238 1026 3295 Christum
1053 3235 1414 3307 exspectavit,
1441 3243 1503 3289 ut
1551 3234 1699 3288 illum
1728 3234 1936 3288 salvum
1981 3234 2184 3290 laceret
2211 3223 2256 3286 C

596 3346 632 3389 a
655 3312 1096 3404 pusillanimitate
1123 3327 1349 3398 spiritus
1376 3336 1431 3382 et
1458 3334 1803 3397 tempestate.
1831 3326 1931 3392 Qui
1958 3328 2183 3382 veniens

595 3438 705 3480 non
752 3421 928 3478 solum
957 3419 1188 3477 salvavit
1229 3435 1352 3475 eum
1372 3461 1388 3486 ,
1419 3419 1515 3475 sed
1541 3419 1609 3474 ad
1639 3421 1845 3475 tetbera
1887 3420 2186 3475 transvexit

594 3512 827 3572 feliciter
865 3513 1260 3571 coronandum.
1288 3512 1496 3568 Idcirco
1525 3512 1671 3566 enim
1700 3512 2025 3582 exemplum”
2046 3513 2183 3567 tanti

593 3605 697 3665 viri
724 3605 883 3676 hujus
910 3606 1003 3662 hic
1034 3606 1276 3661 inserere
1304 3604 1505 3669 studui,
1533 3611 1593 3658 ut
1617 3604 1686 3658 ab
1721 3618 1787 3658 eo
1813 3603 2027 3658 discant
2059 3603 2206 3658 soli-~

593 3703 721 3765 tarii
741 3702 925 3758 omnia
948 3701 1155 3757 caduca
1179 3699 1461 3772 despicere
1481 3704 1536 3755 et
1561 3697 1805 3755 coelestia
1828 3699 1956 3753 totis
1976 3697 2182 3753 viribus

591 3804 876 3873 appetere.

1229 3886 1459 3945 CAPUT
1493 3887 1560 3943 ll.

630 3979 710 4035 De
748 3979 1025 4053 prtcceptis
1078 3977 1356 4061 altioribus
1407 3979 1786 4034 monachorum
1828 3979 1904 4032 vel
1957 3976 2145 4033 solita-

1282 4065 1505 4104 norum.

666 4159 874 4225 Altiora
902 4160 1049 4216 enim
1077 4168 1204 4216 sunt
1228 4169 1498 4233 praecepta
1530 4176 1650 4230 quae
1676 4163 1874 4217 dantur
1899 4162 2181 4217 monachis

593 4251 680 4309 vel
710 4252 906 4308 saeculo
926 4252 1053 4307 huic
1074 4252 1525 4317 renuntiantibus,
1549 4269 1710 4322 quam
1737 4252 1826 4306 illa
1847 4270 1965 4325 quae
1987 4254 2183 4310 dantur

596 4346 844 4402 ﬁdelibus
873 4347 927 4401 in
954 4345 1149 4402 saeculo
1172 4361 1515 4401 communem
1541 4348 1708 4401 vitam
1741 4349 2045 4420 agentibus.
2077 4349 2182 4405 Mo-

593 4439 784 4495 nachis
806 4447 862 4494 et
891 4439 1151 4495 solitariis
1171 4438 1400 4495 dicitur:
1426 4436 1487 4494 Si
1509 4440 1581 4493 vis
1610 4440 1868 4512 perfectus
1897 4458 2025 4507 esse,
2048 4442 2180 4496 vade

593 4542 644 4589 et
666 4532 827 4587 vende
855 4534 1031 4587 omnia
1060 4549 1177 4602 quae
1203 4530 1378 4598 habes,
1413 4541 1461 4586 et
1492 4532 1563 4586 da
1591 4534 1937 4605 pauperibus;
1966 4544 2013 4588 et
2039 4535 2172 4599 veni,

591 4639 803 4695 sequere
841 4638 922 4676 me
954 4601 1170 4695 (ﬂuuit.
1196 4639 1320 4689 nx,
1347 4624 1460 4698 21).
1492 4624 1559 4679 Et
1590 4601 1840 4681 hirsum:
1868 4625 2056 4680 Omnis
2084 4628 2176 4698 qui
2201 4601 2255 4665 Β

591 4714 855 4786 reliquerit
884 4711 1118 4777 domum,
1153 4723 1244 4766 aut
1284 4715 1498 4784 fratres,
1535 4725 1625 4769 aut
1666 4725 1891 4786 patrem,
1934 4725 2025 4771 aut
2066 4734 2177 4770 ma-

591 4817 743 4872 trem,
770 4814 863 4860 aut
886 4821 1124 4870 uxorem,
1150 4814 1243 4860 aut
1266 4806 1426 4876 ﬁlios,
1452 4817 1544 4871 aut
1572 4825 1726 4878 agros
1748 4820 1965 4881 propter
1986 4826 2177 4875 nonren

589 4915 791 4963 meum,
824 4896 1126 4968 centuplum
1165 4898 1411 4969 accipiet,
1442 4910 1491 4953 et
1528 4900 1691 4953 vitam
1722 4910 1969 4973 (sternam
2002 4906 2175 4974 lossi-

584 4988 730 5051 dcbit
758 4987 954 5059 (lbid.,
981 5004 1114 5053 vers.
1144 4987 1208 5056 21
1238 4997 1286 5044 et
1314 4989 1427 5061 29).
1456 4989 1585 5045 Haec
1622 4999 1677 5049 et
1704 4989 2007 5059 hujusmodi
2036 5010 2175 5069 prte-

586 5093 746 5151 cepta
793 5078 1103 5150 specialiter
1147 5079 1279 5147 splis
1322 5090 1625 5151 congruunt
1667 5086 1949 5141 monachis
1986 5087 2171 5143 solita-

584 5171 811 5242 riisque.
837 5171 903 5231 Et
926 5179 1133 5241 quanto
1172 5170 1487 5243 singularia,
1528 5181 1676 5229 tanto
1707 5177 1915 5245 potiora
1944 5185 1998 5232 et
2035 5180 2170 5235 cmi-

2298 1936 2540 1990 moribus
2589 1937 2863 1991 renuntiat
2913 1936 3265 2007 semetipsum
3321 1935 3545 2005 abnegat.
3581 1928 3685 1988 Unde
3711 1936 3740 1984 et

2298 2028 2593 2083 Dominus:
2627 2027 2730 2094 Qui
2759 2028 2897 2094 vult,
2928 2028 3137 2098 inquit,
3180 2036 3291 2100 post
3329 2042 3406 2090 ius
3432 2025 3590 2088 venirt,
3611 2020 3739 2090 sitm

2296 2119 2649 2189 semetipsum,
2671 2129 2719 2174 et
2742 2128 2991 2190 sequatur
3011 2135 3094 2175 mc
3120 2119 3273 2192 (Luc.
3295 2134 3371 2187 ιι,
3393 2115 3495 2189 25).

2842 2216 2849 2223 ’
2876 2230 3110 2289 CAPUT
3163 2230 3248 2286 ιιι.

2295 2350 2374 2407 De
2426 2360 2655 2425 quatuor
2704 2349 2977 2405 ordinibus
3035 2350 3308 2425 hominum
3352 2345 3598 2420 quierunt
3633 2338 3740 2395 HI

3015 2421 3238 2491 judicii.

2366 2535 2655 2603 Sciendum
2687 2551 2900 2607 quoque
2932 2542 3013 2591 est
3041 2535 3177 2605 quia
3205 2541 3429 2605 quatuor
3452 2523 3741 2587 ordineslnui-

2293 2643 2421 2685 num
2461 2636 2622 2683 erunt
2671 2628 2723 2681 in
2772 2628 2857 2682 die
2892 2624 3127 2695 judicii,
3176 2627 3282 2682 duo
3323 2627 3582 2686 bonorum,
3623 2615 3741 2671 etin

2292 2719 2577 2774 malorum.
2625 2717 2843 2772 Primus
2887 2718 3020 2773 ordo
3084 2717 3386 2774 salvabitur
3425 2721 3475 2771 et
3512 2708 3743 2778 maledict-

2290 2812 2466 2877 bitur,
2511 2811 2564 2865 id
2611 2820 2726 2879 est,
2783 2798 2877 2881 qui
2929 2826 3025 2866 sua
3068 2812 3262 2868 omnia
3303 2824 3398 2883 pro
3454 2806 3628 2864 Christo
3657 2800 3743 2855 dett-

2262 2903 2572 2974 .linquunt,
2632 2903 2735 2975 ipsi
2793 2903 3007 2975 quidem
3056 2917 3191 2958 cum
3245 2903 3355 2958 Deo
3393 2900 3575 2973 iudices
3616 2884 3744 2947 τεπαπὶ

2289 3005 2415 3055 sunt
2458 2998 2525 3051 ad
2562 2995 2843 3073 judicium.
2897 2994 3048 3052 Unde
3099 3006 3187 3052 est
3230 2996 3358 3052 illud
3382 2984 3553 3050 lsalte:
3588 2983 3743 3042 Domit"

2288 3089 2357 3143 ad
2378 3088 2642 3158 judicium
2671 3089 2832 3142 veniet
2861 3103 2979 3141 cum
3004 3086 3224 3142 senibus
3268 3085 3439 3159 populi
3460 3083 3531 3139 sui
3563 3077 3663 3152 (ιω.
3682 3086 3742 3132 tn.

2291 3180 2401 3251 li).
2430 3178 2550 3253 .lpsi
2585 3176 2716 3232 alios
2738 3178 3101 3251 iudicabunt,
3133 3187 3189 3235 et
3235 3193 3343 3235 non
3378 3162 3743 3253 judicabanturtll

2290 3249 2440 3324 aliis.
2483 3249 2764 3323 Secundus
2810 3268 2942 3324 ordo
2978 3266 3324 3338 iudicabitur
3352 3276 3405 3323 et
3451 3260 3688 3321 salvahitur,
3714 3249 3745 3306 id

2286 3369 2391 3427 est,
2425 3358 2551 3414 boni
2584 3358 2915 3425 Christiani,
2943 3359 3037 3430 qui
3065 3375 3165 3416 res
3193 3344 3351 3430 hujus
3387 3354 3551 3424 mundi
3572 3346 3745 3424 posside“

2285 3463 2341 3507 et
2367 3468 2460 3509 eas
2490 3451 2819 3521 pauperibus
2849 3451 3098 3520 quotidie
3149 3458 3396 3524 erogant,
3435 3448 3518 3520 qui
3542 3442 3653 3501 nudos
3682 3449 3743 3488 *θ’

2286 3546 2477 3610 stiunt,
2521 3543 2767 3599 inﬁrmos
2791 3544 3049 3609 visitant,
3080 3553 3145 3598 et
3174 3545 3280 3598 alia
3306 3544 3389 3599 his
3413 3539 3577 3598 similia
3607 3528 3745 3600 implw‘

2287 3655 2406 3708 quae
2435 3638 2685 3692 Christus
2716 3635 2897 3691 facere
2926 3637 3109 3691 docet.
3144 3636 3213 3694 Hi
3252 3637 3386 3693 tales
3409 3622 3747 3708 judicabanturel

2285 3707 2667 3789 salvabuntur;
2725 3724 2923 3794 quibus
2953 3726 3208 3783 dicturus
3237 3736 3320 3783 est
3365 3726 3417 3780 in
3439 3720 3609 3793 judicio
3640 3707 3746 3767 Domi

2285 3834 2404 3871 nus.
2440 3816 2673 3883 Esurivi,
2705 3826 2753 3870 et
2785 3816 3004 3871 dedistis
3035 3817 3173 3873 mihi
3204 3818 3510 3874 manducare
3534 3826 3548 3865 :
3571 3802 3698 3867 silici.
3722 3804 3748 3850 τί

2284 3909 2500 3964 dedistis
2541 3910 2669 3961 mihi
2694 3909 2863 3962 bibere
2886 3907 3108 3979 (Matth.
3142 3928 3269 3975 xxv,
3300 3908 3407 3981 ‘55).
3438 3908 3497 3963 Et
3513 3910 3611 3976 post
3625 3907 3747 3981 parat

2290 3999 2493 4065 Venite,
2529 3999 2783 4053 benedicti
2815 3976 2996 4054 Putris
3035 4002 3166 4069 mei,
3198 3976 3443 4073 percipitc
3468 4006 3655 4067 regnum:
3669 3976 3748 4073 ‘1'?!

2283 4092 2425 4146 vobis
2470 4100 2713 4161 paratum
2744 4100 2818 4144 est
2869 4090 2932 4145 ab
2967 4092 3174 4162 origine
3198 4068 3398 4146 mundi
3428 4085 3589 4161 (Ibid,
3622 4098 3658 4134 ι’.
3684 4068 3748 4139 δέ)

2284 4183 2500 4238 Tertius
2539 4181 2673 4236 ordo
2698 4181 3034 4249 iudicabitur
3079 4182 3249 4236 simul
3293 4188 3347 4235 et
3378 4166 3749 4234 condemnabit“.

2283 4274 2335 4329 id
2372 4283 2475 4341 est,
2508 4273 2632 4327 mali
2666 4272 2981 4335 Christiani,
3016 4274 3110 4344 qui
3144 4273 3308 4329 ﬁdem
3356 4274 3541 4329 habere
3563 4263 3749 4318 videatut,

2283 4366 2375 4422 sed
2405 4366 2774 4436 operationem
2806 4383 2911 4420 non
2943 4366 3169 4421 habent.
3205 4366 3299 4421 lsti
3347 4365 3411 4420 ad
3436 4362 3663 4419 sinistram
3683 4359 3750 4418 par

2282 4467 2388 4512 tem
2423 4458 2827 4528 deputabuntur
2869 4456 2923 4513 in
2948 4457 3178 4526 judicio,
3224 4468 3281 4516 et
3327 4458 3444 4515 istis
3488 4454 3679 4509 dicturus

2281 4546 2423 4601 idem
2455 4526 2567 4617 ipse
2613 4548 2872 4603 Dominus
2919 4564 2933 4602 :
2971 4549 3207 4614 Esurivi,
3240 4560 3289 4604 et
3320 4564 3420 4603 non
3466 4540 3645 4599 dedistis
3678 4526 3751 4585 mihi

2278 4636 2637 4702 manducare;
2666 4638 2822 4702 sitivi,
2850 4649 2900 4691 at
2928 4655 3034 4692 non
3061 4639 3288 4694 dedistis
3318 4639 3447 4694 milii
3466 4636 3614 4705 bibere
3630 4621 3753 4697 (“illa

2280 4745 2325 4787 v.
2350 4728 2464 4801 42).
2482 4730 2547 4785 Ει
2567 4739 2903 4801 postpauca:
2930 4730 3010 4785 Ite
3030 4731 3303 4786 maledicti
3328 4733 3381 4786 in
3401 4732 3556 4801 ignem
3570 4726 3753 4778 uterum.

2278 4821 2366 4892 qui
2380 4800 2715 4893 purpuratus
2729 4832 2804 4879 est
2827 4822 3035 4891 diabplo
3051 4832 3101 4887 st
3123 4823 3341 4894 Angelis
3360 4800 3471 4893 ejus
3486 4819 3531 4893 (1
3537 4816 3625 4872 bid.
3640 4830 3673 4866 τ.
3690 4800 3754 4870 Η)

2277 4912 2369 4981 Isti
2398 4913 2540 4985 enim
2571 4912 2958 4982 judicabuntur
2985 4920 3041 4965 et
3073 4928 3182 4967 non
3214 4913 3574 4968 saivabuntur.
3599 4903 3757 4985 Quarwt

2278 4979 2405 5057 vero
2432 4979 2583 5058 ordo
2597 5005 2702 5058 erit
2731 5004 3045 5073 inﬁdelium,
3074 5004 3170 5079 qui
3202 5020 3311 5069 non
3331 4979 3758 5075 judicabuntur.S°d

2278 5095 2800 5150 condemnabuntur.
2832 5089 2909 5151 De
2940 5095 3025 5153 his
3061 5095 3138 5149 ait
3179 5084 3468 5153 Psalmista
3513 5110 3524 5144 :
3568 5086 3665 5141 Non
3690 5088 3760 5131 τεν·

2274 5195 2391 5257 gent
2422 5187 2568 5257 impii
2616 5189 2671 5245 in
2706 5189 2938 5263 judicio,
2988 5205 3155 5261 neque
3182 5198 3482 5262 peccatores
3528 5187 3577 5249 in
3613 5168 3758 5235 οοηάίίθ

906 5262 1035 5323 Hac
1068 5280 1197 5321 vero
1244 5279 1365 5334 quae
1406 5276 1709 5337 sequuntur
1752 5270 1905 5341 quasi
1952 5272 2167 5329 minora
2262 5279 2528 5351 justorum
2577 5279 2747 5350 (Psal.
2800 5299 2838 5347 ι,
2872 5282 2946 5355 5).
2986 5268 3299 5355 Resurgent
3347 5281 3489 5345 enim
3518 5271 3663 5343 impii,
3693 5273 3759 5355 not

560 5353 883 5417 Itineribus
910 5355 1240 5426 generaliter
1278 5356 1423 5415 dicta
1454 5367 1582 5414 sunt
1611 5360 1880 5415 omnibus.
1917 5359 2019 5426 Qui
2062 5380 2164 5419 non

580 5442 794 5513 accipit,
829 5445 1005 5514 inquit
1035 5445 1314 5512 Dentibus,
1340 5454 1558 5502 'crucem
1590 5464 1761 5514 suam,
1799 5458 1844 5503 et
1885 5451 2017 5504 venit
2048 5462 2166 5525 post

581 5550 686 5600 an,
726 5550 830 5597 non
866 5542 942 5587 cst
982 5550 1063 5589 me
1102 5535 1291 5613 dignus
1335 5536 1550 5608 (Matth.
1574 5553 1639 5602 χ,
1673 5530 1783 5609 58).
1826 5539 1891 5593 Ει
1926 5541 2158 5598 iterum:

578 5621 778 5689 Omnia
820 5640 938 5695 quae
979 5625 1136 5683 vultis
1177 5636 1233 5682 ut
1268 5628 1477 5699 faciant
1518 5628 1659 5683 vobis
1696 5629 1947 5697 homines,
1982 5634 2162 5688 eadem

580 5725 628 5771 et
664 5732 755 5783 vos
778 5716 939 5787 facite
965 5718 1072 5781 illis
1098 5719 1316 5795 (Matth.
1342 5737 1440 5788 vn,
1474 5722 1583 5794 l2).
1616 5722 1743 5778 Dico
1779 5733 1951 5777 autem
1977 5725 2117 5781 vobis
2141 5743 2159 5781 .·

576 5806 762 5877 Nolite
798 5813 1034 5869 resistere
1066 5814 1203 5871 malo
1240 5817 1454 5889 (Matth.
1481 5835 1530 5885 v,
1559 5819 1670 5891 59).
1707 5819 1837 5875 Item
1870 5821 1983 5893 ipse
2014 5840 2025 5875 :
2067 5822 2161 5879 Di-

2273 5379 2332 5425 ut
2355 5348 2686 5441 judicentur,
2719 5373 2811 5427 sed
2838 5348 3393 5441 ut'condemnentur;
3426 5369 3613 5425 scilicet
3642 5348 3761 5423 ιιῐςυί

2269 5465 2388 5529 sine
2436 5464 2554 5533 lege
2582 5476 2971 5534 peccaverunt,
3009 5465 3124 5522 sine
3156 5466 3277 5537 lege
3303 5470 3525 5536 pereant
3549 5456 3691 5546 (Rom:
3716 5459 3759 5546 It,

2269 5556 2379 5629 12).
2396 5556 2609 5613 Primus
2636 5574 2763 5615 vero
2789 5560 2945 5626 ordo,
2970 5560 3061 5631 qui
3077 5575 3177 5614 sua
3191 5559 3589 5631 dereliquerunt
3608 5556 3652 5603 et
3664 5541 3761 5599 Chri-

2268 5655 2409 5707 stum
2438 5650 2607 5708 secuti
2639 5649 2875 5716 fuerunt,
2902 5652 3233 5725 jndioabunt
3259 5653 3398 5711 alios
3439 5651 3565 5707 duos
3600 5647 3764 5712 εαιιιω

2266 5748 2374 5805 tes,
2404 5740 2457 5796 id
2490 5750 2591 5809 est,
2624 5743 2795 5799 bonos
2823 5742 3191 5808 Christianos,
3220 5753 3284 5801 ut
3303 5745 3561 5825 recipiant
3583 5730 3767 5799 b01133“

2267 5832 2435 5887 malos
2459 5846 2488 5885 e
2521 5842 2729 5900 contra,
2758 5844 2813 5889 ut
2847 5835 3108 5907 recipiant
3144 5835 3312 5901 mala.
