3972 6328
170 411 251 468 58!

747 413 977 472 conex
1012 409 1469 469 REGULARUM.
1509 442 1578 453 —
1614 404 1797 467 rans
1832 384 1917 466 tt.'
1938 406 2242 466 uncum
2282 408 2385 464 rp.
2424 408 2779 467 OCCIDENT.

3296 413 3405 472 582

225 526 350 581 Cum
424 539 632 580 summa
679 525 846 607 igitur
909 527 1194 583 devotione
1240 539 1490 598 rogemus
1550 524 1719 579 Deum
1748 527 1967 587 Atant‘
2000 525 2212 579 animos
2266 528 2481 581 nostros
2525 535 2687 596 atque
2736 526 3046 583 nobilitant.
3109 528 3400 587 Nobiscum

161 626 216 673 ut
267 616 426 672 corda
470 626 653 672 nostra
718 616 1145 673 misericorditer
1193 616 1461 689 tangendo
1510 616 1691 671 omnia

158 706 377 762 visibilia
437 721 537 762 nos
597 707 873 777 deSpicere
934 707 1121 774 faciat,
1174 717 1440 778 quatenus
1492 707 1559 763 ad
1610 706 1721 778 pri-

154 812 294 853 mum
357 798 603 853 ordinem
667 799 940 869 pertinere
1004 799 1298 875 possimus.
1376 799 1720 855 Vindicemus

155 891 326 961 itaque
378 890 434 953 in
484 891 638 946 nobis
685 891 821 946 bene
864 893 1091 948 vivendo
1150 892 1381 965 gratiam
1434 886 1570 947 tanti
1624 893 1721 947 ho-

153 983 322 1048 noris,
381 982 425 1038 si
473 984 619 1039 enim
666 982 829 1037 vitam
881 993 1122 1038 nostram
1170 983 1410 1055 perfecte
1450 984 1722 1039 custodie-

154 1076 336 1137 rimus,
366 1072 577 1145 iudices
626 1090 749 1130 cum
794 1075 906 1129 Deo
975 1085 1029 1129 et
1074 1072 1333 1145 apostolis
1379 1074 1497 1145 ejus
1543 1075 1598 1128 in
1635 1074 1721 1128 die

145 1166 329 1238 judicii
378 1166 601 1221 erimus.
654 1165 990 1221 Firmissime
1042 1164 1184 1221 enim
1228 1166 1331 1221 hoc
1376 1166 1598 1221 credere
1628 1164 1722 1220 de-

152 1259 380 1324 bemus,
428 1259 553 1328 quia
603 1257 947 1314 ﬁdelissimus
994 1266 1080 1312 est
1129 1256 1218 1313 ille
1263 1257 1355 1327 qui
1406 1259 1510 1313 hoc
1562 1259 1719 1314 nobis

152 1349 433 1420 promittit.
470 1350 681 1405 Veritas
710 1358 795 1404 est
821 1350 956 1420 ipse,
986 1345 1173 1404 fallere
1215 1366 1323 1403 non
1354 1358 1548 1421 potest.
1577 1347 1720 1405 Soli-

154 1443 295 1511 tarii,
324 1441 414 1519 qui
446 1458 543 1499 sua
562 1443 741 1498 omnia
762 1458 861 1515 pro
885 1441 1087 1497 Christi
1108 1456 1294 1496 amore
1316 1441 1715 1513 derelinquunt,

151 1551 270 1593 cum
329 1528 491 1593 Petro
547 1532 790 1608 apostolo
843 1535 1025 1590 dicere
1069 1541 1327 1605 poterunt
1388 1553 1401 1587 :
1457 1533 1716 1599 Domine,

149 1642 261 1681 ecce
292 1643 385 1681 nos
414 1625 717 1699 reliquimus
747 1626 953 1694 omnia,
1000 1633 1048 1680 et
1083 1624 1248 1679 secuti
1274 1642 1454 1680 sumus
1480 1635 1562 1691 te;
1590 1624 1718 1698 quid

148 1734 266 1789 ergo
295 1719 392 1772 erit
443 1716 588 1773 nobis
636 1717 853 1788 (Matth.
907 1734 1021 1785 nx,
1067 1716 1198 1789 27)?
1253 1715 1367 1772 Hoc
1419 1732 1519 1789 pro
1568 1726 1718 1772 certo

147 1808 284 1877 scire
316 1807 584 1872 convenit,
617 1807 762 1877 quod
796 1807 957 1865 Petro
993 1815 1121 1862 tunc
1159 1806 1439 1878 respondit
1465 1806 1718 1860 omnibus

1823 613 1966 678 sint,
1998 615 2138 669 intra
2165 629 2265 671 nos
2292 617 2420 672 sint.
2450 615 2663 673 Divitiae
2691 625 2890 675 nostra!
2931 620 3215 676 credendae
3251 631 3399 689 sunt,

1820 703 2099 775 pudicitia,
2136 720 2257 776 quae
2287 721 2386 762 nos
2412 708 2637 779 pudicos
2674 707 2875 777 faciat;
2905 719 2961 767 et
2996 708 3231 781 justitia,
3279 727 3401 782 qua;

1815 794 2023 864 justos;
2056 797 2248 866 pietas,
2280 812 2401 867 quae
2429 798 2584 869 pios;
2618 799 2917 866 humilitas,
2956 817 3076 873 quas
3123 802 3396 869 humiles;

1823 888 2199 951 mansuetudo,
2231 904 2352 960 quae
2380 899 2718 958 mansuetos;
2751 894 3078 960 innocentia,
3107 911 3230 966 qum
3251 896 3401 952 inno-

1823 987 2042 1045 centes;
2100 979 2335 1050 puritas,
2363 996 2485 1051 qua:
2520 997 2718 1052 puros;
2761 984 3062 1054 prudentia,
3111 1001 3234 1056 quae
3273 1002 3402 1058 pro.

1823 1071 2049 1136 dentes;
2094 1073 2457 1141 temperantia
2480 1113 2495 1138 ,
2538 1087 2660 1143 qua:
2697 1082 3094 1146 temperantes;
3142 1087 3200 1134 et
3236 1095 3400 1149 supra

1822 1160 2005 1215 omnia
2059 1161 2320 1228 charitas,
2374 1178 2496 1233 quae
2547 1179 2649 1220 nos
2678 1166 2812 1221 facit
2854 1168 2968 1224 Deo
2991 1177 3047 1224 et
3091 1168 3399 1227 hominibus

1822 1250 2048 1317 charos,
2082 1251 2339 1307 vitiorum
2370 1253 2720 1323 impotentes,
2751 1258 2933 1313 saeculi
2959 1268 3358 1330 contemptores
3383 1302 3398 1327 ,

1821 1356 1885 1397 ac
1913 1343 2178 1397 bonorqu
2206 1344 2448 1397 omnium
2481 1353 2803 1403 sectatores.
2847 1348 2974 1405 Haec
3004 1359 3132 1406 sunt
3154 1367 3259 1407 non
3286 1368 3402 1407 om-

1821 1432 2004 1498 nium,
2054 1433 2148 1488 sed
2192 1441 2507 1489 sanctorum
2536 1435 2665 1490 solae
2712 1438 2981 1506 virtutes;
3035 1455 3143 1496 non
3176 1442 3402 1497 divitum

1822 1526 2196 1595 superborum,
2247 1527 2345 1582 sed
2401 1528 2687 1584 humilium
2742 1545 3045 1601 pauperum
3092 1533 3400 1601 facultates,

1819 1619 2144 1686 patrimonia
2165 1620 2431 1684 cordittm,
2467 1620 2672 1677 divitia:
2695 1621 3138 1695 incorruptibiles
3151 1632 3368 1683 morum
3385 1668 3401 1695 ,

1823 1708 2020 1780 quibus
2068 1725 2175 1766 non
2228 1709 2527 1779 abundant,
2560 1715 2667 1769 nisi
2701 1716 2795 1785 qui
2847 1716 2954 1772 illis
2978 1719 3288 1776 carnalibus
3333 1735 3404 1775 ex

1824 1801 1985 1855 corde
2014 1803 2345 1857 renuntiant.
2391 1804 2522 1871 Quae
2547 1808 2800 1876 quamvis
2829 1809 2948 1879 ipsa
2980 1811 3090 1865 sint
3124 1810 3266 1867 bona
3286 1851 3301 1877 ,
3345 1820 3408 1866 ut

146 1902 401 1958 solitariis
449 1903 505 1957 in
554 1900 715 1955 Petro
770 1900 1063 1977 respondit.
1111 1898 1362 1954 Forsitan
1409 1906 1491 1954 est
1521 1896 1719 1969 aliquis
1748 1884 1795 1943 Β
1823 1900 1949 1962 pote
1980 1910 2010 1947 a
2039 1894 2183 1951 bono
2212 1892 2323 1951 Deo
2349 1905 2563 1965 creata;
2591 1908 2777 1955 tamen
2802 1902 2930 1970 quia
2960 1910 3088 1956 sunt
3114 1904 3271 1958 bonis
3295 1919 3405 1959 ma.

146 1996 237 2066 qtti
272 1996 416 2051 dicat
444 2013 456 2049 :
488 1994 695 2050 Imitari
725 1993 882 2064 hujus
912 1994 1099 2049 mundi
1128 2002 1531 2069 contemptores
1557 1994 1678 2048 volo
1698 2035 1713 2060 ,

146 2087 237 2141 sed
261 2088 403 2157 quod
432 2086 732 2157 relinquam
754 2103 860 2142 non
887 2088 1079 2141 habeo.
1104 2086 1185 2140 Ad
1209 2088 1312 2145 hoc
1342 2102 1470 2142 vero
1497 2104 1721 2160 respon-

143 2177 379 2233 dendum
428 2185 511 2232 est
553 2195 567 2233 :
608 2177 832 2233 Multum
876 2178 1097 2233 dimittit
1139 2177 1229 2233 ille
1258 2178 1350 2249 qui
1381 2178 1720 2233 voluntatem

142 2268 378 2325 habendi
436 2269 675 2325 dimittit.
729 2269 1023 2324 Attendere
1071 2269 1236 2327 etiam
1277 2270 1537 2324 debemus
1574 2270 1719 2339 quod

142 2374 253 2412 non
283 2358 419 2414 dixit
442 2378 454 2413 :
495 2357 595 2414 Vos
615 2362 702 2432 qui
728 2360 1008 2431 reliquistis
1036 2362 1210 2413 omnia
1238 2360 1597 2428 solummodo,
1625 2362 1721 2417 sed

144 2451 372 2516 addidit,
429 2461 483 2506 et
538 2452 709 2512 secuti
750 2453 883 2507 estis
925 2467 1012 2507 me
1056 2438 1300 2523 (Ibidem,
1353 2470 1398 2508 υ.
1433 2452 1548 2525 28),
1592 2454 1721 2525 quia

143 2541 295 2597 multi
328 2542 634 2613 relinquunt
683 2558 799 2607 sua,
836 2552 890 2597 et
917 2543 1196 2599 Christum
1228 2561 1337 2601 non
1375 2555 1716 2617 sequuntur;

143 2632 282 2687 sicut
331 2632 523 2688 Crates
561 2632 912 2704 philosophus
957 2643 1011 2688 et
1060 2635 1152 2692 alii
1206 2634 1360 2689 multi
1400 2654 1411 2690 :
1476 2635 1722 2709 sequitur

143 2724 286 2778 enim
319 2722 592 2781 Christum
620 2726 712 2796 qui
736 2725 885 2779 illum
913 2725 1174 2781 imitatur.

210 2813 507 2870 Pensemus
534 2815 698 2884 igitur
724 2816 851 2885 quid
876 2815 1071 2872 Petrus
1102 2816 1323 2882 dimisit,
1366 2818 1459 2889 qui
1487 2817 1566 2874 sic
1590 2833 1722 2875 con—

143 2906 372 2973 fidenter
416 2906 673 2978 loquitur.
723 2907 874 2963 Retia
902 2915 1109 2965 tantum
1158 2909 1363 2967 dimisit
1398 2919 1453 2966 et
1494 2912 1676 2967 navim
1702 2954 1719 2981 ,

142 3009 325 3054 tamen
340 2997 568 3069 loquitur
588 3000 944 3056 confidenter.
970 3000 1295 3072 Reliquimus
1319 3004 1516 3057 omnia.
1541 3004 1619 3059 Ac
1641 3003 1721 3059 sic

139 3092 387 3148 diceret:
418 3093 693 3160 Fecimus,
724 3094 970 3161 Domine,
1004 3095 1149 3165 quod
1169 3093 1418 3165 jussisti;
1452 3097 1592 3152 scire
1632 3114 1720 3150 vo-

137 3186 319 3243 lumus
354 3186 514 3256 quale
566 3202 664 3259 pro
713 3187 817 3242 hoc
844 3188 1125 3261 praemium
1169 3189 1395 3243 daturus
1439 3204 1498 3243 es
1536 3189 1711 3243 nobis.

134 3277 296 3335 Jesus
331 3288 509 3334 autem
544 3295 649 3334 non
681 3280 849 3335 solum
879 3278 1005 3344 illis,
1034 3278 1125 3334 sed
1156 3289 1211 3333 et
1242 3281 1457 3335 caeteris
1486 3296 1713 3352 reSpon-
1744 3252 1790 3317 Ο

135 3370 242 3435 dit,
275 3369 505 3426 dicens:
553 3369 721 3424 Amen
749 3370 865 3422 dico
898 3369 1069 3436 vobis,
1113 3369 1252 3441 quod
1296 3389 1383 3425 vos
1424 3371 1514 3442 qui
1553 3371 1717 3426 secuti

132 3462 260 3515 estis
294 3476 407 3525 me,
451 3461 506 3514 in
552 3459 938 3530 regeneratione
963 3502 977 3527 ,
1008 3477 1126 3515 cum
1155 3462 1346 3515 sederit
1382 3462 1524 3530 ﬁlius
1548 3461 1716 3515 homi-

133 3554 221 3607 nis
251 3551 307 3606 in
327 3551 444 3605 sede
469 3552 757 3625 majestatis
783 3569 911 3618 suw,
943 3553 1185 3607 sedebitis
1211 3564 1257 3607 et
1284 3571 1370 3607 vos
1392 3570 1547 3625 super
1570 3554 1716 3608 sedes

132 3640 439 3707 duodecim,
462 3640 757 3711 judicantes
786 3641 1061 3697 duodecim
1098 3643 1263 3697 tribus
1294 3641 1467 3698 Israel
1502 3643 1711 3717 (Ibid.).

128 3734 336 3805 Magna
362 3734 543 3788 laetitia
569 3742 623 3789 et
652 3734 1029 3789 inenarrabilis
1070 3735 1241 3805 gloria
1273 3734 1431 3790 nobis
1470 3744 1553 3789 est
1592 3750 1715 3806 pro-

128 3824 323 3880 missa.
367 3823 492 3880 Haec
519 3825 782 3880 sententia
832 3826 901 3880 ad
947 3841 1135 3881 omnes
1188 3826 1425 3897 pertinet
1479 3827 1572 3897 qui
1618 3842 1716 3881 sua

126 3915 319 3971 omnia
345 3930 442 3987 pro
472 3916 566 3970 Dei
594 3931 777 3972 amore
806 3915 1202 3987 derelinquunt.

206 4004 682 4063 Transcendamus
720 4015 898 4063 autem
930 4007 1164 4062 visibilia
1208 4007 1408 4075 omnia,
1452 4008 1715 4078 despicia-

122 4115 261 4158 mus
292 4100 606 4155 transitoria
644 4108 835 4156 cuncta
855 4139 871 4165 ,
902 4109 963 4155 ut
1008 4115 1316 4155 mereamur
1340 4100 1543 4172 perfrui
1590 4117 1714 4157 cum

126 4190 312 4248 beatis
339 4190 595 4254 apostolis
618 4199 833 4246 aeterna:
857 4191 1205 4246 beatitudinis
1229 4192 1429 4263 gloria;
1452 4200 1508 4247 et
1532 4198 1590 4246 ut
1613 4193 1716 4247 hoc

124 4284 299 4339 citius
351 4289 463 4347 ttat,
515 4284 727 4339 Domini
772 4282 1115 4339 clementiam
1145 4285 1387 4355 quotidie
1435 4284 1715 4340 humiliter

127 4386 447 4440 exoremus,
500 4373 743 4430 dicentes
787 4375 1221 4446 :Cunctipotens
1270 4374 1436 4441 Deus,
1472 4375 1566 4445 qui
1615 4390 1715 4429 nos

123 4484 231 4541 per
282 4468 596 4540 sanguinem
644 4467 767 4523 Filii
816 4469 894 4523 tui
924 4470 1225 4535 redemisti,
1267 4480 1323 4525 et
1370 4486 1437 4525 ex
1468 4485 1610 4540 aqua
1660 4477 1716 4524 et

125 4559 347 4632 Spiritu
393 4567 585 4616 sancto
614 4559 920 4616 voluntarie
967 4561 1323 4632 regenerasti,
1377 4561 1461 4617 fac
1509 4576 1609 4617 nos
1645 4562 1713 4618 de

122 4653 241 4709 hac
279 4652 582 4707 miserrima
635 4652 1073 4723 peregrinatione
1124 4653 1193 4707 ad
1222 4653 1316 4706 diu
1347 4653 1710 4708 desideratam

120 4744 301 4802 citius
330 4744 563 4814 patriam
592 4742 848 4811 transire,
876 4743 931 4797 in
960 4760 1064 4814 qua
1091 4760 1215 4799 cum
1257 4744 1586 4799 beatissimis
1617 4762 1713 4799 an-

118 4837 274 4912 gelis
302 4844 358 4892 et
399 4834 727 4893 felicissimis
769 4837 1080 4892 hominibus
1108 4839 1307 4894 saeculo
1353 4840 1714 4895 renuntianti-

117 4932 257 4997 bus,
286 4944 384 5001 per
410 4930 620 4989 inﬁnita
648 4928 843 4985 saacula
868 4946 1172 5000 regnemus.

771 5044 998 5101 CAPUT
1035 5043 1125 5099 IV.

594 5114 726 5182 Qua:
752 5116 853 5169 sint
890 5132 1019 5170 vera:
1056 5115 1269 5171 divitias.

201 5207 341 5276 Quas
371 5207 481 5265 sint
516 5223 658 5264 verte
688 5207 889 5262 divitia:
913 5204 1106 5261 beatus
1135 5206 1429 5279 Gregorius
1466 5215 1719 5280 patenter

113 5301 402 5367 insinuat,
419 5300 633 5356 dicens:
660 5298 820 5366 Solae,
846 5299 1042 5370 inquit,
1060 5298 1261 5353 divitia:
1280 5315 1420 5353 verae
1436 5307 1579 5362 sunt,
1598 5314 1719 5370 qua:

112 5410 233 5451 nos
265 5393 562 5449 virtutibus
588 5395 781 5453 divites
811 5394 1033 5448 faciunt.
1074 5391 1203 5459 Quae
1231 5408 1358 5447 vero
1382 5393 1540 5449 nobis
1563 5409 1721 5465 appe-

113 5486 316 5543 tendze
339 5494 466 5541 sunt
486 5487 706 5553 divitiae,
726 5487 807 5541 vel
822 5502 941 5556 quae
963 5484 1248 5556 fugiendte,
1271 5484 1463 5539 beatus
1484 5483 1720 5557 Prosper

110 5577 273 5636 satis
294 5577 572 5633 evidenter
590 5577 839 5643 ostendit,
864 5576 1048 5632 dicens
1073 5594 1085 5628 :
1109 5575 1217 5630 like
1240 5575 1396 5630 nobis
1418 5576 1722 5632 ambiendm

111 5674 265 5723 sunt
298 5666 522 5735 divitire,
551 5682 671 5738 qua:
698 5684 797 5723 nos
824 5682 1023 5725 ornare
1052 5666 1261 5738 possint
1291 5665 1498 5736 pariter
1521 5675 1577 5721 et
1598 5684 1719 5722 mu-

112 5759 290 5826 nire;
339 5772 462 5830 qute
510 5775 611 5815 nos
648 5760 811 5816 etiam
856 5767 1046 5815 contra
1076 5757 1309 5829 impetus
1362 5757 1585 5813 hostiles
1640 5774 1723 5813 ar-

1822 1983 1994 2052 tisque
2045 1987 2375 2053 communia,
2427 1990 2645 2045 student
2690 2006 2756 2047 ea
2783 1992 3097 2061 spirituales
3137 1994 3241 2049 viri
3279 2010 3406 2050 con-

1823 2084 2084 2143 temnere,
2116 2094 2224 2148 quo
2270 2080 2481 2149 possint
2511 2083 2580 2136 ad
2605 2081 2695 2136 illa
2750 2082 3251 2154 incomparabiliter
3297 2101 3408 2142 me-

1822 2169 1980 2235 liora,
2004 2186 2126 2241 quae
2150 2179 2276 2226 sunt
2299 2173 2564 2228 bonorum
2591 2175 2833 2230 omnium
2851 2177 3070 2246 propria
3096 2180 3402 2247 pervenire.

1823 2260 2088 2327 Quoniam
2116 2276 2223 2318 non
2247 2271 2330 2319 est
2357 2265 2466 2318 tale
2497 2264 2696 2320 bonum
2727 2266 2872 2336 quod
2903 2267 3108 2323 habent
3152 2276 3207 2323 et
3252 2268 3402 2335 mali,

1822 2354 1984 2422 quale
2013 2353 2145 2410 illud
2186 2356 2332 2425 quod
2371 2371 2478 2411 non
2529 2357 2734 2412 habent
2780 2357 2886 2413 nisi
2931 2358 3082 2413 boni.
3112 2356 3408 2428 Corporan

1818 2447 2044 2514 bonum,
2093 2449 2309 2518 quando
2350 2451 2551 2504 habent
2600 2451 2803 2521 iniqui,
2854 2451 3102 2522 ipsorum
3136 2460 3222 2507 est
3267 2467 3411 2522 pre-

1824 2535 2027 2601 mium;
2076 2538 2295 2607 quando
2346 2538 2547 2597 habent
2584 2539 2742 2608 justi,
2784 2555 2892 2595 non
2941 2550 3238 2596 esteorum
3266 2555 3410 2611 praui

1822 2627 2011 2693 mium,
2043 2629 2139 2684 sed
2188 2631 2490 2701 temporale
2524 2630 2798 2688 solatium.
2828 2633 2985 2699 Item,
3021 2633 3152 2689 boni
3198 2642 3408 2704 tempo-

1825 2721 1959 2778 ralis
2003 2723 2226 2779 amissio
2256 2723 2317 2778 iit
2345 2726 2666 2780 exercitium
2692 2724 2828 2795 justi
2873 2735 2927 2783 et
2961 2727 3152 2798 iniusti
3202 2728 3407 2799 suppli-

1822 2816 1987 2882 cium,
2012 2816 2141 2887 quia
2168 2824 2223 2872 et
2239 2816 2421 2887 justus
2447 2819 2716 2876 desiderio
2744 2820 3047 2878 etelestium
3071 2830 3265 2893 captus
3287 2838 3408 2878 om-

1822 2905 1911 2961 nia
1962 2908 2284 2979 temporalia
2332 2910 2447 2965 sive
2493 2910 2710 2979 habeat,
2759 2913 2876 2967 sive
2903 2917 3138 2981 amittat,
3180 2916 3409 2972 omnino

1821 3012 1929 3053 non
1961 2993 2153 3065 sentit;
2176 3007 2232 3055 et
2257 3001 2501 3072 iniquus,
2525 3002 2620 3071 qui
2651 3016 2775 3057 cum
2802 3003 3167 3060 delectatione
3195 3004 3400 3071 habuit.

1823 3088 1940 3145 sine
1972 3089 2157 3146 dolore
2186 3106 2295 3148 non
2326 3092 2523 3163 perdit.
2556 3092 2788 3164 Propter
2822 3095 2928 3151 hoc
2979 3095 3149 3165 igitur
3189 3096 3271 3152 eis
3310 3096 3406 3166 qui

1820 3182 2057 3238 militant
2084 3185 2196 3241 Deo
2228 3185 2500 3256 fugiendas
2543 3194 2669 3242 sunt
2712 3201 2780 3243 ex
2814 3195 2929 3242 toto
2959 3188 3120 3243 corde
3168 3187 3403 3255 divitias,

1821 3292 1957 3347 quas
1986 3278 2077 3347 qui
2110 3279 2312 3335 habere
2348 3279 2557 3346 volunt,
2588 3281 2708 3336 sine
2742 3280 2933 3338 labore
2961 3296 3072 3339 non
3116 3288 3404 3353 quarunt,

1819 3372 1938 3428 sine
1965 3370 2279 3428 dilIicultate
2310 3388 2416 3428 non
2463 3374 2777 3440 inveniunt,
2809 3375 2926 3430 sine
2956 3390 3088 3430 cura
3134 3390 3242 3430 non
3286 3390 3403 3432 ser-

1818 3470 1971 3529 vant,
2020 3464 2141 3518 sine
2172 3464 2332 3518 anxia
2363 3464 2727 3519 delectatione
2774 3481 2885 3521 non
2926 3468 3239 3537 possident,
3285 3466 3405 3522 sine

1819 3554 1973 3624 gravi
1996 3552 2181 3609 dolore
2228 3569 2334 3608 non
2362 3555 2613 3623 perdunt.
2646 3554 2936 3624 Apostolus
2980 3564 3161 3611 autem
3199 3555 3405 3612 Christi

1820 3644 2085 3700 militibus
2141 3643 2277 3700 dicit
2326 3664 2339 3699 :
2408 3642 2538 3698 Volo
2581 3661 2673 3699 vos
2731 3646 2844 3700 sine
2892 3645 3248 3700 sollicitudine
3292 3661 3405 3702 esse

1820 3734 1874 3811 (Ι
1893 3736 2015 3792 Cor.
2039 3738 2234 3809 χχιιι).
2266 3737 2331 3792 Ει
2363 3736 2542 3792 idem:
2570 3736 2749 3793 Radix
2780 3741 3013 3793 omnium
3041 3739 3305 3794 malorum
3325 3749 3403 3794 est

1818 3832 2066 3899 avaritia,
2096 3848 2252 3905 quam
2281 3831 2494 3905 quidam
2532 3839 2829 3903 appetentes
2860 3851 2893 3886 a
2920 3833 3024 3902 ﬁde
3057 3842 3363 3888 erraverunt
3386 3872 3404 3901 ,

1817 3929 1866 3976 et
1896 3923 2228 3976 inseruerunt
2258 3939 2311 3977 se
2334 3922 2604 3977 doloribus
2626 3922 2807 3977 multis
2829 3922 2882 3996 (1
2915 3923 3051 3978 Tim.
3082 3939 3158 3989 Vl,
3188 3925 3300 3996 £0).
3323 3924 3403 3982 Ae

1818 4011 1899 4068 sic
1930 4028 2124 4068 census
2161 4012 2264 4068 iste
2294 4023 2543 4070 terrenus
2576 4013 2673 4078 eis,
2705 4029 2737 4067 a
2764 4014 2961 4083 quibus
2988 4015 3185 4070 vitiose
3219 4014 3401 4089 diligi-

1818 4113 1907 4159 tur
1936 4120 2045 4159 non
2074 4113 2156 4159 est
2198 4103 2537 4174 voluptatum
2563 4105 2811 4172 materia,
2845 4108 2941 4162 sed
2963 4107 3236 4163 dolorum.
3273 4108 3401 4168 Haec

1816 4194 1887 4250 de
1915 4197 2059 4251 veris
2088 4205 2139 4252 et
2175 4193 2460 4251 fallacibus
2498 4195 2705 4251 divitiis
2735 4197 2878 4252 dicta
2925 4197 3215 4254 suﬂiciant.
3245 4198 3396 4267 Quo-

1818 4290 1979 4343 modo
2011 4296 2189 4343 autem
2224 4289 2346 4360 quis
2378 4288 2446 4343 ad
2475 4289 2825 4359 perfectionis
2866 4290 3082 4345 culmen
3127 4304 3398 4346 conscen-

1820 4381 1951 4436 dere
1977 4382 2175 4451 possit,
2208 4382 2512 4436 audiamus.

2448 4490 2675 4547 CAPUT
2713 4491 2779 4546 ν.

2266 4558 2343 4615 De
2371 4564 2687 4633 perfectione
2711 4560 2957 4631 justitite.

1894 4653 1956 4710 Si
1977 4654 2097 4725 quis
2131 4669 2260 4725 ergo
2298 4655 2413 4708 vult
2438 4668 2557 4710 esse
2582 4654 2872 4725 perfectus,
2899 4662 2953 4710 et
2973 4653 3163 4711 tollere
3186 4670 3401 4713 crucem

1823 4762 1999 4813 suam,
2028 4754 2083 4800 et
2111 4746 2263 4815 sequi
2284 4745 2569 4799 Dominum
2599 4744 2962 4812 Salvatorem,
2991 4753 3046 4801 et
3077 4746 3280 4800 imitari
3302 4745 3402 4802 Pc~

1824 4847 1969 4895 trum
2005 4839 2306 4894 dicentem:
2334 4836 2577 4902 Domine,
2607 4853 2721 4893 ecce
2750 4855 2844 4893 nos
2876 4838 3180 4910 reliquimus
3201 4838 3399 4903 omnia,

1824 4940 1875 4986 et
1900 4932 2062 4985 secuti
2083 4946 2265 4984 sumus
2287 4938 2336 4983 te
2364 4927 2579 5001 (Matth.
2614 4946 2728 4993 xu,
2759 4931 2875 5001 27),
2910 4931 3073 4986 faciat
3115 4930 3219 4985 hoc
3258 4930 3404 4998 quod

1828 5020 2086 5092 praecepit
2109 5019 2372 5076 Dominus
2395 5018 2748 5087 adolescenti,
2785 5030 2844 5076 et
2869 5020 3117 5077 sufﬁcere
3142 5021 3195 5074 ei
3228 5027 3405 5090 potest

1830 5114 1899 5167 ad
1928 5112 2355 5182 perfectionem;
2392 5111 2445 5165 id
2470 5120 2557 5166 est
2584 5129 2598 5166 :
2656 5111 2797 5166 Vade
2816 5122 2865 5166 et
2894 5112 3057 5166 vende
3077 5110 3256 5164 omnia
3282 5126 3403 5180 quae

1828 5204 2009 5272 habes,
2043 5215 2093 5260 et
2121 5204 2191 5258 da
2218 5204 2571 5276 pauperibus;
2596 5214 2646 5258 et
2672 5205 2806 5268 veni,
2838 5220 3051 5276 sequere
3076 5218 3159 5257 nte
3181 5202 3399 5273 (Matth.

1832 5314 1945 5365 xxx,
1971 5297 2086 5370 ει).
2115 5296 2172 5351 ln
2199 5304 2469 5367 potestate
2495 5306 2679 5350 nostra
2704 5302 2789 5349 est
2815 5304 2996 5348 utrum
3020 5292 3252 5348 velimus
3279 5308 3403 5349 esse

1825 5387 2058 5460 perfecti
2087 5404 2157 5442 an
2186 5403 2315 5442 non.
2364 5386 2481 5441 Non
2511 5387 2667 5441 nobis
2688 5383 2878 5455 jugum
2917 5385 3260 5441 necessitatis
3301 5386 3403 5439 im-

1828 5482 2015 5553 ponit,
2049 5479 2145 5535 sed
2172 5479 2427 5549 potestati
2458 5485 2659 5531 nostrae
2698 5475 2927 5528 liberum
2963 5473 3247 5529 arbitrium
3275 5490 3403 5529 coe-

1829 5572 1992 5639 cedit,
2025 5572 2213 5627 dicens
2242 5588 2255 5625 :
2315 5568 2403 5623 Vis
2428 5584 2538 5623 esse
2559 5566 2840 5638 perfectus,
2868 5575 2926 5622 et
2963 5566 3019 5620 in
3046 5567 3227 5637 primo
3250 5576 3401 5624 stare

1828 5666 2059 5737 vestigio
2104 5663 2418 5736 dignitatis?
2456 5659 2630 5715 Vende
2667 5659 2843 5712 omnia
2874 5674 2994 5729 qute
3024 5658 3213 5725 habes,
3243 5668 3293 5713 et
3328 5659 3400 5714 da

1829 5758 2179 5831 pauperibus;
2225 5765 2273 5811 et
2319 5754 2452 5818 veni,
2501 5767 2713 5823 sequere
2754 5766 2853 5805 me.
2905 5751 3226 5823 Quicunque
3267 5766 3399 5822 ergo

111 5858 320 5915 ment.
348 5864 382 5905 a
411 5852 611 5908 mundo
639 5851 1041 5917 disterminant,
1068 5850 1181 5906 Deo
1209 5849 1608 5916 commendant,
1645 5850 1725 5906 di-
1822 5850 2105 5921 perfectus
2129 5863 2248 5905 esse
2286 5845 2538 5913 voluerit,
2577 5845 2738 5901 debet
2773 5845 3006 5901 vendere
3051 5846 3234 5901 cuiuis
3274 5858 3399 5908 una
