4044 6338
584 378 691 440 583

1613 376 1674 434 8.
1707 375 2067 436 BENEDICTI
2104 375 2397 435 ABBATIS
2439 378 2840 438 ANIANENSIS

3761 386 3865 446 58b

584 501 772 564 habet,
799 503 856 554 et
877 510 987 553 non
1027 509 1095 551 ex
1125 504 1311 568 parte,
1345 495 1487 551 sicut
1517 494 1756 551 Ananias
1790 495 1922 551 fecit
1957 505 2016 553 et
2063 497 2168 553 Sa-
2193 500 2245 560 Α
2272 496 2502 552 chielem
2528 512 2748 569 quoque
2773 495 2974 551 dicitur
3003 492 3362 551 {Sacerdotes
3388 496 3511 561 mei,
3541 499 3633 568 qui
3657 501 3780 556 mihi
3805 507 3859 561 in

583 594 773 666 phira,
806 589 902 646 sed
937 596 1108 644 totum
1146 588 1418 653 vendere;
1459 595 1514 640 et
1554 602 1676 642 cum
1707 587 2032 652 vendiderit,
2083 587 2166 642 ni-

584 686 661 742 hil
691 685 966 748 fraudare,
1001 682 1097 738 sed
1124 683 1254 738 dare
1275 695 1437 736 omne
1483 679 1612 735 illud
1642 681 1876 750 pretium
1907 679 2164 750 pauperi-

584 778 717 840 bus;
755 784 810 833 et
835 776 914 830 sic
940 775 1042 830 sibi
1070 773 1382 830 thesaurum
1415 773 1469 826 in
1494 786 1718 844 regnum
1743 772 2005 827 ctelorum
2028 787 2167 842 pra:-

583 885 800 941 parare.
855 869 1039 938 Neque
1091 867 1236 922 enim
1281 867 1387 921 hoc
1425 864 1493 919 ad
1536 866 1928 936 perfectionem
1963 865 2165 920 solum-

581 962 747 1028 modo
775 958 994 1024 sutIicit,
1035 958 1139 1014 nisi
1175 966 1304 1028 post
1333 964 1679 1029 contemptas
1708 958 1926 1013 divitias
1971 972 2166 1027 sequaé

584 1060 675 1108 tur
703 1051 1067 1116 Salvatorem,
1114 1049 1167 1104 id
1195 1057 1299 1114 est,
1332 1049 1543 1106 relictis
1579 1049 1757 1114 malis,
1802 1049 1969 1104 faciat
2001 1051 2159 1105 bona.

581 1142 842 1207 Facilius,
875 1142 1052 1212 inquit
1078 1140 1271 1196 beatus
1307 1140 1692 1212 Hieronymus,
1720 1139 1981 1212 sacculus
2025 1155 2160 1194 con-

583 1235 842 1290 temnitur
867 1248 1032 1303 quam
1070 1233 1324 1288 voluntas
1353 1240 1410 1288 et
1435 1232 1702 1303 voluptas.
1753 1230 1905 1285 Multi
1947 1230 2164 1284 divitias

584 1327 975 1396 relinquentes,
1029 1325 1320 1384 Dominum
1370 1341 1478 1381 non
1529 1333 1850 1395 sequuntur.
1906 1322 2164 1394 Sequitur

581 1420 726 1475 enim
757 1419 1066 1484 Dominum,
1099 1419 1191 1490 qui
1222 1419 1466 1474 imitator
1494 1420 1612 1489 ejus
1636 1427 1743 1485 est,
1769 1427 1825 1473 et
1864 1434 1962 1489 per
1995 1418 2153 1473 vesti-

579 1513 667 1586 gia
703 1512 848 1568 illius
873 1512 1139 1582 graditur.
1171 1510 1276 1577 Qui
1303 1512 1442 1566 enim
1468 1512 1596 1566 dicit
1617 1529 1671 1567 se
1709 1513 1764 1566 in
1787 1509 1996 1566 Christo
2042 1529 2157 1565 rna-

578 1621 733 1670 nere,
764 1603 910 1659 debet
957 1602 1217 1676 quomodo
1261 1601 1351 1657 ille
1390 1603 1694 1666 ambulavit,
1744 1613 1793 1657 et
1825 1603 1931 1673 ipse
1975 1603 2160 1657 ambu-

580 1693 691 1750 lare
721 1694 772 1766 (I
805 1695 938 1749 Tim.
972 1711 1032 1759 ιι,
1063 1695 1138 1766 6).
1172 1693 1381 1749 Bonum
1413 1702 1497 1749 est
1528 1709 1662 1767 ergo
1701 1694 1798 1750 Dei
1833 1711 1994 1751 servo
2035 1710 2157 1750 cor-

575 1786 839 1858 poraliter
862 1794 1129 1841 remotum
1150 1801 1272 1840 esse
1298 1800 1331 1839 a
1351 1785 1589 1850 mundo;
1625 1785 1719 1841 sed
1744 1785 1914 1840 multo
1939 1785 2153 1852 melius,

2269 589 2459 660 templo
2479 607 2591 643 meo
2619 590 2944 652 ministrant,
2963 604 3066 642 non
3079 587 3306 643 habeant
3328 589 3680 660 possessiones
3702 607 3720 644 :
3742 611 3858 666 ergo

2268 678 2528 734 Dominus
2556 680 2813 750 possessio
2836 694 3018 733 eorum
3046 696 3065 743 ;
3097 695 3190 733 nec
3219 679 3605 746 hwreditatem,
3633 699 3726 753 ego
3751 685 3854 741 Do-

2267 771 2440 824 minus
2471 770 2752 825 hazreditas
2778 787 2959 826 eorum
2984 769 3201 841 (Ezech.
3229 772 3508 842 xuv,28).
3531 773 3596 828 Et
3625 775 3739 846 ipse
3758 777 3859 834 Do-

2269 863 2450 918 minus
2479 863 2609 919 alibi
2640 864 2771 919 dicit
2808 862 2938 918 filiis
2966 862 3133 920 Levi:
3169 861 3292 918 Non
3333 865 3528 920 dabitis
3557 878 3757 936 partem
3781 871 3858 924 in-

2267 963 2346 1008 ter
2399 955 2593 1024 fratres
2623 973 2765 1022 suos,
2795 971 2890 1026 ego
2939 953 3198 1010 Dominus
3241 958 3410 1027 portio
3442 974 3624 1012 eorum
3666 959 3855 1032 (Num.

2266 1063 2421 1112 xvnt,
2449 1048 2562 1121 20).
2599 1048 2698 1104 Hic
2728 1049 2864 1104 satis
2893 1049 3177 1104 evidenter
3212 1051 3450 1106 ostendit
3483 1053 3628 1122 quod
3669 1054 3726 1109 hi
3770 1058 3858 1125 qui

2267 1146 2499 1193 terrena:
2528 1139 2866 1194 hereditatis
2889 1139 3197 1210 portionem
3225 1143 3652 1213 contempserint
3671 1185 3687 1211 ,
3726 1145 3856 1202 tales

2264 1245 2323 1285 se
2353 1231 2614 1286 exhibere
2659 1231 2858 1286 debent
2887 1239 2946 1286 ut
2985 1233 3298 1301 possideant
3322 1235 3632 1304 Dominum,
3660 1246 3718 1293 et
3759 1239 3856 1310 ipsi

2269 1321 2656 1393 possideantur
2686 1336 2716 1375 a
2765 1321 3018 1377 Domino.
3063 1323 3178 1390 Qua
3210 1324 3276 1379 de
3308 1339 3366 1379 re
3394 1326 3556 1380 etiam
3591 1328 3644 1382 in
3686 1327 3857 1384 Colla-

2264 1412 2503 1467 tionibus
2531 1411 2755 1466 Patrum
2791 1411 2899 1467 tale
2929 1413 3090 1467 datur
3121 1413 3450 1484 exemplum.
3487 1414 3721 1482 Quidam
3754 1420 3857 1474 fra-

2263 1513 2348 1559 ter
2377 1505 2696 1559 renuntians
2728 1504 2948 1571 saeculo,
2989 1514 3045 1560 et
3067 1505 3206 1562 dans
3239 1523 3361 1577 qua:
3388 1509 3623 1564 habebat
3648 1527 3851 1583 paupe-

2263 1593 2432 1658 ribus,
2466 1594 2709 1649 retinens
2743 1603 2924 1650 autem
2953 1611 3128 1665 pauca
3155 1597 3224 1651 ad
3250 1613 3388 1668 opus
3410 1615 3589 1666 suum,
3622 1604 3776 1658 venit
3794 1606 3854 1660 ad

2264 1684 2517 1739 abbatem
2567 1685 2884 1753 Antonium.
2919 1685 3091 1754 Quem
3131 1703 3257 1742 cum
3304 1691 3616 1761 agnovisset
3651 1709 3852 1760 senex,

2265 1774 2406 1828 dixit
2433 1774 2524 1828 ei:
2561 1773 2620 1830 Si
2650 1776 2735 1831 vis
2782 1779 3083 1833 monachus
3113 1778 3255 1845 fleri,
3305 1782 3441 1836 vade
3485 1782 3541 1837 in
3575 1783 3732 1840 illum
3778 1789 3849 1842 vi-

577 1879 874 1934 voluntate.
907 1878 1208 1948 Utrumque
1253 1893 1383 1934 vero
1426 1878 1689 1948 optimum
1734 1887 1790 1934 et
1833 1878 2153 1949 perfectum.
2185 1859 2233 1919 B
2260 1882 2405 1932 cum.
2433 1875 2489 1922 ει
2517 1882 2638 1923 eme
2665 1884 2880 1936 carnes:
2909 1879 2966 1926 ει
3005 1871 3223 1943 impone
3257 1875 3474 1942 οοΓΡοΓί
3508 1882 3600 1932 ιιιο
3625 1880 3778 1936 nlldo
3804 1891 3855 1937 et

574 1968 670 2026 Ille
697 1986 827 2040 ergo
853 1968 1126 2041 perfectus
1152 1978 1254 2035 est,
1291 1969 1384 2039 qui
1428 1970 1555 2024 huic
1596 1969 1794 2025 mulo
1837 1978 1894 2024 et
1932 1986 2161 2041 corpore

574 2070 631 2116 et
659 2060 821 2116 corde
855 2061 1127 2116 discretus
1169 2067 1272 2115 est.
1317 2059 1506 2130 Magna
1536 2061 1679 2131 apud
1723 2060 1894 2115 Deum
1927 2061 2161 2134 refulget

575 2154 770 2224 gratia,
799 2153 892 2222 qui
934 2153 1060 2209 huic
1091 2153 1288 2209 seculo
1312 2154 1736 2224 contemptibilis
1759 2153 1940 2210 fuerit.
1972 2155 2159 2212 Servis

577 2252 757 2298 autem
805 2244 901 2299 Dei
931 2251 1127 2300 cuncta
1173 2243 1335 2314 hujus
1372 2246 1559 2301 mundi
1603 2247 1878 2302 contraria
1901 2263 2024 2304 esse
2066 2250 2160 2305 de-

567 2335 716 2398 bent,
749 2347 810 2390 ut
839 2335 967 2391 dum
994 2337 1098 2391 ista
1145 2336 1372 2393 adversa
1408 2338 1671 2404 sentiunt,
1703 2339 1772 2393 ad
1794 2339 2016 2395 caeleste
2057 2339 2155 2394 de-

573 2431 835 2488 siderinm
883 2431 1162 2487 ardentius
1205 2433 1532 2488 excitentur.
1585 2433 1726 2501 Quid
1767 2433 1914 2488 enim
1961 2434 2020 2488 in
2049 2435 2157 2489 hac

575 2526 688 2581 vita
715 2525 1037 2580 laboriosius
1073 2541 1237 2597 quam
1273 2526 1511 2582 terrenis
1548 2526 1838 2581 desideriis
1876 2525 2154 2582 testuare?

574 2617 684 2675 Aut
713 2617 840 2686 quid
884 2619 1130 2673 securius
1176 2633 1339 2689 quam
1368 2616 1436 2672 de
1476 2616 1640 2687 hujus
1687 2617 1870 2672 saeculi
1912 2616 2155 2672 vanitate

573 2708 712 2764 nihil
757 2708 1044 2779 appetere?
1073 2707 1173 2776 Qui
1205 2709 1351 2763 enim
1404 2708 1546 2763 hunc
1591 2705 1851 2761 mundum
1885 2705 2150 2776 diligunt},

569 2799 895 2856 turbulentis
920 2799 1036 2870 ejus
1069 2799 1216 2854 curis
1246 2805 1303 2854 et
1330 2796 1784 2853 sollicitudinibus
1818 2797 2152 2851 conturban-

571 2898 679 2946 tur.
731 2890 834 2958 Qui
879 2899 1060 2946 autem
1100 2891 1168 2945 ab
1220 2903 1286 2945 eo
1335 2890 1615 2954 recedunt,
1665 2895 1886 2959 prepter
1922 2887 2150 2942 internae

571 2981 771 3051 quietis
820 2980 1286 3050 tranquillitatem,
1310 2980 1506 3036 futura:
1540 2979 1691 3050 pacis
1713 2979 1955 3049 requiem
1983 2994 2147 3049 quam

575 3072 706 3129 illuc
727 3082 1066 3144 exspectant,
1093 3073 1181 3128 hic
1203 3070 1600 3142 quodammodo
1638 3071 1838 3126 habere
1868 3070 2144 3125 inchoant.

1188 3182 1416 3240 CAPUT
1453 3182 1541 3239 Vl.

575 3276 731 3344 Quod
749 3278 839 3348 qui
861 3276 1054 3331 saeculo
1078 3276 1418 3356 _renuntiant,
1449 3291 1553 3328 non
1584 3273 1772 3356 debent
1803 3273 1992 3328 habere
2037 3273 2147 3327 lue-

978 3348 1224 3404 reaitates
1255 3362 1347 3400 nec
1373 3348 1742 3416 possessiones.

639 3435 704 3490 Hi
729 3452 858 3506 ergo
887 3437 978 3506 qui
1005 3437 1258 3491 sarculum
1289 3435 1528 3507 perfecte
1567 3435 1973 3504 derelinquunt,
2011 3435 2148 3490 nihil

571 3530 768 3585 debent
811 3530 1088 3601 possidere
1135 3538 1334 3599 praeter
1381 3528 1689 3584 Dominum.
1742 3527 1896 3584 Unde
1925 3529 1978 3582 in
2009 3527 2149 3583 libro

568 3619 821 3691 Prosperi
867 3622 938 3677 ita
981 3622 1215 3693 legitur:
1251 3621 1642 3692 Quemcunque
1668 3636 1802 3692 ergo
1833 3619 2145 3691 possidendi

567 3713 801 3770 delectat
848 3714 1094 3779 ambitio,
1140 3715 1332 3780 Deum,
1362 3729 1526 3785 quem
1575 3711 1729 3777 colit,
1779 3711 1910 3782 quia
1963 3711 2147 3765 omnia

563 3807 830 3878 possidet,
860 3807 1112 3876 expedita
1149 3814 1330 3860 mente
1356 3803 1631 3875 possideat
1660 3820 1674 3868 ;
1704 3812 1761 3858 et
1803 3804 1859 3857 in
1884 3818 1950 3858 eo
1982 3801 2137 3857 habe-

565 3899 648 3954 bit
675 3913 1008 3968 quaacunque
1031 3905 1218 3952 sancte
1240 3895 1533 3951 desiderat.
1567 3893 1675 3950 Sed
1703 3894 1962 3964 quoniam
1986 3908 2146 3949 nemo

563 3987 803 4057 possidet
825 3986 1019 4053 Deum,
1067 3987 1170 4041 nisi
1203 3986 1296 4056 qui
1321 3986 1632 4055 possidetur
1675 4000 1704 4039 a
1754 3983 1885 4049 Deo,
1917 3983 1981 4038 fit
2026 3983 2146 4054 ipse

561 4079 815 4150 primltus
848 4079 944 4134 Dei
983 4079 1277 4149 possessio,
1308 4087 1364 4132 et
1389 4076 1619 4132 efﬁcitur
1643 4077 1694 4132 ei
1736 4075 1878 4132 Deus
1925 4091 2144 4147 posses-

563 4182 655 4226 sor
692 4178 747 4224 et
785 4170 982 4240 portio.
1023 4169 1228 4225 Deinde
1253 4169 1382 4239 quid
1411 4167 1558 4222 ultra
1581 4167 1811 4238 quaerit,
1839 4167 1928 4224 cui
1957 4160 2142 4223 omnia

563 4277 695 4318 suus
725 4261 974 4317 conditor
1010 4262 1118 4316 sit?
1157 4261 1266 4315 Aut
1291 4261 1421 4331 quid
1445 4259 1496 4316 ei
1519 4258 1749 4326 sullicit,
1781 4261 1868 4316 cui
1897 4261 2013 4331 ipse
2035 4276 2143 4316 non

568 4352 799 4409 sullicit?
856 4353 1011 4410 Hunc
1055 4354 1370 4424 possidebat
1416 4362 1470 4408 et
1505 4353 1572 4409 ab
1616 4353 1706 4409 illo
1759 4353 2143 4424 possidebatur

563 4446 655 4502 ille
680 4446 774 4516 qui
813 4446 1030 4503 dicebat
1077 4447 1132 4501 in
1176 4446 1367 4518 spiritu
1416 4464 1428 4500 :
1480 4444 1665 4500 Portio
1712 4464 1848 4512 mea,
1893 4448 2138 4516 Domine,

2263 1960 2343 2016 sic
2372 1961 2495 2016 veni
2539 1961 2667 2016 huc.
2700 1962 2770 2028 Et
2805 1979 2929 2018 cum
2957 1963 3049 2019 ille
3080 1964 3159 2020 sic
3200 1964 3451 2035 fecisset,
3477 1984 3607 2026 aves
3650 1970 3853 2028 lacera-

2261 2048 2393 2104 bant
2417 2066 2613 2108 cames
2638 2060 2694 2108 et
2731 2068 2929 2124 corpus
2969 2052 3108 2124 ejus.
3151 2054 3286 2111 Cum
3313 2066 3494 2114 autem
3521 2064 3853 2132 pervenisset

2261 2139 2332 2192 ad
2361 2154 2569 2206 senem,
2619 2141 2978 2213 interrogavit
3025 2146 3072 2199 si
3121 2144 3349 2202 fecisset
3389 2163 3511 2218 qua:
3540 2150 3759 2207 dixerat
3784 2154 3848 2208 ei.

2259 2229 2353 2286 llle
2387 2241 2570 2289 autem
2619 2235 2859 2289 ostendit
2907 2251 3104 2307 corpus
3149 2245 3308 2293 suum
3338 2239 3656 2297 laceratum.
3705 2244 3849 2300 Tunc

2258 2323 2395 2378 dixit
2440 2335 2661 2380 sanctus
2688 2327 3004 2382 Antonius:
3057 2329 3159 2394 Qui
3207 2333 3518 2388 renuntiant
3553 2336 3757 2391 saeculo
3799 2345 3848 2392 et

2259 2417 2447 2472 volunt
2499 2418 2704 2474 habere
2753 2420 2994 2488 divitias,
3025 2436 3153 2476 ecce
3181 2423 3256 2477 ita
3299 2424 3692 2496 impugnantur
3723 2437 3777 2483 et
3818 2447 3843 2482 a

2257 2509 2593 2566 daemonibus
2615 2511 3016 2582 discerpuntur.
3043 2511 3155 2568 Hoc
3181 2514 3347 2584 igitur
3373 2517 3438 2570 de
3468 2532 3576 2572 non
3599 2517 3842 2573 habenda

2255 2603 2605 2674 possessione
2657 2603 2861 2658 dictum
2905 2603 3180 2668 sufﬁciat.
3211 2606 3374 2662 Aliud
3423 2615 3607 2662 autem
3651 2609 3726 2666 de
3748 2625 3845 2665 non

2255 2693 2504 2748 habenda
2548 2695 2868 2749 haereditate
2901 2697 3166 2753 dicamus.
3200 2695 3362 2753 Venit
3385 2699 3609 2768 quidam
3652 2701 3843 2768 homo,

2253 2783 2472 2840 nomine
2501 2783 2867 2853 Magistratus,
2908 2788 2977 2842 ad
3009 2787 3230 2844 beatum
3258 2788 3569 2858 Arsenium,
3600 2791 3846 2850 deferens

2253 2876 2303 2930 ei
2340 2884 2720 2932 testamentum
2743 2876 3029 2947 cujusdam
3058 2882 3301 2950 parentis
3327 2881 3466 2951 ejus,
3499 2883 3593 2953 qui
3618 2884 3847 2957 relique-

2250 2977 2339 3024 rat
2364 2969 2415 3024 ei
2463 2969 2836 3025 haereditatem
2865 2986 3118 3042 magnam
3161 2972 3337 3027 valde.
3371 2973 3438 3028 Et
3463 2973 3746 3046 accipiens
3770 2992 3842 3031 se-

2250 3064 2372 3118 nior
2444 3073 2831 3119 testamentum
2891 3065 3064 3121 voluit
3135 3067 3380 3122 scindere
3448 3067 3603 3122 illud.
3682 3068 3842 3139 Magi-

2249 3164 2454 3212 stratus
2499 3165 2680 3212 autem
2731 3157 2928 3213 cecidit
2973 3158 3040 3213 ad
3068 3159 3233 3228 pedes
3261 3159 3396 3229 ejus,
3448 3159 3634 3215 dicens
3677 3175 3694 3214 :
3748 3163 3841 3216 De-

2250 3263 2444 3319 precor
2497 3257 2548 3304 te
2591 3257 2812 3320 propter
2839 3250 3033 3317 Deum,
3076 3266 3146 3306 ne
3188 3251 3404 3306 scindas
3432 3251 3582 3308 illud.
3614 3253 3683 3308 Et
3709 3254 3838 3309 dixit

2249 3341 2300 3394 ei
2330 3342 2498 3396 abbas
2549 3340 2809 3397 Arsenius
2851 3360 2863 3395 :
2900 3341 3013 3412 Ego
3042 3342 3193 3412 prius
3238 3352 3483 3412 mortuus
3515 3359 3632 3398 sum
3677 3363 3836 3417 quam

2249 3431 2358 3486 ille.
2393 3432 2512 3502 ipse
2539 3442 2722 3488 autem
2770 3435 2932 3490 modo
2960 3443 3207 3491 mortuus
3253 3444 3358 3502 est,
3387 3437 3652 3506 quomodo
3693 3455 3838 3495 nunc

2248 3540 2336 3580 me
2387 3525 2514 3582 fecit
2546 3527 2854 3583 hzeredem?
2883 3537 2939 3584 et
2988 3530 3201 3584 remisit
3249 3538 3645 3597 testamentum,
3697 3532 3839 3587 nihil

2248 3617 2445 3674 exinde
2479 3620 2776 3690 accipiens.
2807 3619 2962 3676 Unde
3001 3621 3160 3675 datur
3197 3622 3423 3694 intelligi
3467 3623 3610 3694 quod
3641 3623 3704 3678 hi
3743 3623 3837 3695 qui

2250 3709 2506 3764 saeculum
2541 3711 2857 3782 relinquunt
2893 3712 3030 3767 nihil
3060 3713 3260 3770 debent
3303 3714 3504 3770 habere
3530 3723 3736 3786 pneter
3759 3717 3835 3771 vi-

2246 3809 2415 3866 ctum,
2455 3800 2534 3856 vel
2587 3803 2868 3871 possidere
2903 3813 3061 3859 extra
3110 3807 3514 3861 vestimentum.
3562 3805 3837 3880 Praecipue

2245 3906 2376 3948 vero
2413 3890 2726 3960 Solitarius,
2773 3895 2866 3964 qui
2911 3895 3155 3950 imitator
3181 3897 3556 3966 apostolorum
3597 3914 3722 3954 esse
3745 3915 3834 3955 cu-

2245 3985 2346 4055 pit,
2376 3985 2462 4040 his
2491 3993 2702 4040 tantum
2735 3985 2896 4042 debet
2941 4003 3064 4044 esse
3111 3999 3418 4046 contentus.
3449 3991 3516 4046 Et
3546 3993 3680 4062 quia
3729 4007 3830 4048 non
3927 3976 3932 3982 ’

2242 4083 2421 4143 potest
2449 4075 2570 4145 quis
2597 4077 2801 4132 servire
2842 4079 2953 4144 Deo
2981 4077 3144 4134 simul
3172 4088 3228 4136 et
3274 4082 3497 4146 mundo,
3529 4093 3822 4154 propterea

2241 4164 2411 4220 voluit
2464 4166 2605 4222 Deus
2636 4167 2875 4224 cultores
2910 4185 3038 4226 suos
3077 4173 3328 4229 omnibus
3359 4175 3680 4233 renuntiare
3704 4217 3720 4244 ,
3774 4185 3832 4230 ut

2241 4256 2461 4312 exclusa
2487 4260 2672 4314 mundi
2700 4261 3014 4331 cupiditate,
3043 4264 3224 4320 divina
3249 4265 3304 4320 in
3329 4266 3409 4322 eis
3439 4267 3686 4324 charitas
3709 4284 3832 4341 pos.

2241 4358 2325 4406 set
2349 4351 2535 4422 augeri
2564 4352 2650 4406 vel
2675 4354 2889 4424 perfici.

2850 4465 3078 4524 CAPUT
3117 4469 3227 4525 Vll.

562 4539 674 4592 dixi
721 4538 982 4593 custodire
1008 4537 1171 4610 legem
1207 4549 1353 4592 tuam
1385 4537 1558 4610 (Psal.
1585 4553 1776 4604 cxvm,
1802 4539 1914 4611 57).
1947 4541 2016 4595 Et
2040 4542 2140 4596 ite-

2253 4556 2399 4621 Quod
2435 4565 2550 4627 post
2599 4555 3105 4648 abrenuntiationem
3137 4561 3318 4648 steculi
3358 4580 3464 4618 non
3495 4562 3646 4620 debet
3691 4565 3831 4637 quis-

488 4677 490 4680 ,
563 4643 683 4682 rum
719 4645 733 4681 :
767 4627 1023 4682 Dominus
1054 4645 1175 4699 pars
1205 4629 1529 4683 Iurreditatis
1582 4646 1708 4684 mew
1743 4639 1791 4682 et
1827 4628 2007 4683 colicis
2035 4629 2138 4684 mei

564 4715 740 4790 (Psal.
770 4733 858 4784 xv,
889 4718 965 4790 5).
995 4718 1098 4786 Qui
1125 4720 1267 4774 enim
1303 4721 1544 4790 possidet
1571 4721 1855 4776 Dominum
1875 4763 1890 4788 ,
1921 4731 1975 4776 et
2013 4738 2138 4778 cum

559 4808 823 4880 propheta
854 4809 986 4864 dicit
1017 4827 1030 4863 :
1064 4807 1200 4864 Pars
1230 4827 1344 4865 mea
1378 4811 1634 4866 Dominus
1666 4813 1882 4885 (Thren.
1915 4829 1998 4879 ιιι,
2020 4813 2136 4886 24),

561 4906 697 4964 nihil
721 4915 876 4962 extra
911 4907 1196 4963 Dominum
1238 4909 1441 4964 habere
1477 4918 1675 4979 potest.
1719 4910 1874 4977 Quod
1905 4911 1951 4965 si
1983 4912 2139 4982 quid-

562 4997 708 5068 piam
733 4997 879 5053 aliud
909 4999 1161 5054 habuerit
1185 5009 1382 5070 prazter
1403 5001 1711 5068 Dominum,
1734 5018 1862 5072 pars
1896 5002 2012 5072 ejus
2035 5005 2139 5060 Do-

562 5090 742 5146 minus
768 5107 878 5147 non
922 5092 1028 5147 erit
1058 5110 1071 5147 :
1104 5093 1254 5148 verbi
1279 5094 1478 5163 gratia,
1522 5095 1568 5149 si
1601 5111 1818 5160 aurum,
1855 5095 1900 5150 si
1945 5111 2139 5167 argen-

566 5191 697 5248 tum,
731 5183 775 5238 si
816 5185 1186 5254 possessiones
1207 5226 1221 5250 ,
1254 5185 1298 5239 si
1329 5186 1537 5240 variam
1574 5187 1983 5256 supellectilem,
2015 5204 2137 5242 cum

564 5273 683 5327 istis
714 5275 958 5342 partibus
989 5275 1249 5330 Dominus
1277 5291 1402 5346 pars
1433 5274 1548 5342 ejus
1579 5276 1694 5330 fieri
1728 5293 1834 5330 non
1864 5278 2132 5348 dignatur.

565 5362 625 5420 Si
653 5380 805 5434 ergo,
837 5366 1011 5436 inquit
1055 5366 1435 5438 Hieronymus,
1467 5383 1594 5436 pars
1638 5363 1848 5421 Demini
1898 5384 2040 5434 sum,
2082 5378 2138 5426 et

475 5505 478 5508 .
562 5457 834 5513 funiculus
865 5458 1196 5516 haereditatis
1221 5459 1357 5529 ejus,
1390 5475 1497 5515 non
1529 5460 1736 5531 accipio
1755 5469 1967 5530 partem
1996 5462 2136 5517 inter

563 5558 789 5605 caeteras
818 5550 1010 5616 tribus,
1042 5551 1136 5607 sed
1161 5553 1316 5621 quasi
1345 5551 1532 5606 Levita
1563 5560 1617 5606 et
1647 5553 1901 5608 sacerdos
1930 5553 2050 5607 vivo
2069 5553 2136 5608 de

567 5640 810 5706 decimis,
839 5651 893 5696 et
909 5641 1064 5696 altari
1093 5642 1404 5697 deserviens
1425 5641 1613 5697 altaris
1636 5642 1906 5697 oblatione
1926 5652 2139 5698 susten-

565 5740 651 5788 tor
679 5746 694 5785 :
723 5733 864 5789 unde
889 5733 1094 5790 habens
1121 5734 1322 5791 victum
1350 5743 1404 5792 et
1435 5735 1840 5800 vestimentum,
1875 5735 1960 5790 bis
2006 5751 2136 5791 con-

567 5833 750 5885 tentus
774 5841 892 5898 ero,
914 5835 970 5886 et
995 5828 1195 5886 nudam
1214 5845 1430 5886 crucem
1455 5830 1631 5887 nudus
1659 5845 1876 5902 sequar.
1903 5829 1982 5886 Ad
2005 5829 2138 5888 Eze-

2722 4646 2822 4699 que
2847 4629 3056 4685 divitias
3081 4631 3340 4702 colligere.

2315 4717 2555 4773 Solitarii
2599 4734 2728 4792 ergo
2773 4719 3019 4778 funditus
3062 4725 3258 4780 saeculo
3289 4727 3705 4796 renuntiantes,
3759 4731 3831 4785 ita

2243 4809 2368 4864 huic
2401 4811 2601 4865 mundo
2632 4811 2769 4866 mori
2805 4813 3032 4880 debent,
3078 4825 3138 4870 ut
3173 4816 3273 4872 soli
3304 4817 3418 4874 Deo
3463 4819 3656 4877 vivere
3686 4821 3833 4878 dele-

2243 4910 2478 4955 ctentur.
2529 4902 2846 4973 Quantoque
2881 4905 2950 4960 ab
2996 4906 3157 4976 hujus
3193 4911 3376 4966 saeculi
3420 4913 3729 4982 cupiditate
3773 4929 3830 4969 se

2244 4995 2598 5058 subtrahunt,
2656 5003 2805 5050 tanto
2857 4997 3068 5053 interna
3103 5002 3300 5058 mentis
3327 5003 3444 5058 acie
3477 5008 3834 5075 praesentiam

2240 5085 2336 5142 Dei
2371 5094 2425 5140 et
2453 5096 2764 5144 sanctorum
2801 5091 2918 5161 ejus
2947 5096 3316 5165 perspicacius
3360 5100 3830 5170 contemplantur.

2243 5177 2348 5233 Sed
2398 5188 2524 5234 sunt
2572 5181 2726 5235 multi
2774 5183 2867 5251 qui
2895 5185 3120 5254 cupiunt
3153 5188 3447 5244 convolare
3479 5191 3549 5245 ad
3590 5196 3836 5262 gratiam

2240 5271 2357 5336 Dei,
2403 5272 2498 5326 sed
2541 5273 2730 5328 timent
2761 5290 2951 5332 carere
2983 5278 3392 5335 oblectamentis
3425 5282 3636 5336 mundi.
3701 5284 3837 5339 Pro-

2241 5373 2396 5420 vocat
2425 5380 2518 5420 eos
2553 5366 2771 5436 quidem
2816 5384 2970 5424 amor
3011 5371 3238 5438 Christi,
3275 5372 3371 5430 sed
3411 5385 3634 5432 revocat
3681 5379 3840 5450 cupi-

2243 5454 2387 5510 ditas
2415 5455 2619 5521 saaculi,
2649 5457 2791 5512 sicut
2840 5458 3036 5532 legitur
3065 5461 3119 5516 in
3161 5461 3553 5546 Collationibus
3597 5465 3838 5523 Patrum

2242 5547 2437 5604 fecisse
2478 5549 2767 5618 quemdam
2820 5552 3145 5621 solitarium,
3179 5558 3271 5628 qui
3315 5557 3368 5612 in
3399 5559 3561 5614 horto
3607 5576 3721 5616 suo
3755 5577 3814 5616 se

2243 5639 2365 5695 dule
2393 5640 2628 5706 laborat,
2659 5650 2714 5696 et
2737 5657 2954 5698 omnem
2979 5645 3220 5703 laborem
3252 5665 3408 5705 suum
3439 5650 3492 5705 in
3519 5651 3810 5724 eleemosy

2242 5751 2367 5790 nam
2397 5735 2756 5804 expendebat,
2797 5746 2852 5792 et
2880 5745 3088 5794 tantum
3120 5743 3221 5796 sibi
3253 5744 3522 5799 retinebat
3552 5753 3838 5815 quantum

2242 5831 2310 5887 ad
2331 5833 2534 5890 victum
2584 5834 2752 5905 ipsius
2798 5834 3091 5894 sufﬁceret.
3137 5838 3333 5897 Postea
3384 5856 3512 5897 vero
3558 5838 3838 5908 Satanas,

3973 5161 3975 5219 l

3971 5249 3973 5317 ι

3967 5341 3971 5436 il

3967 5443 3969 5511 ι

3963 5525 3967 5609 l

3963 5635 3965 5707 ι
