  <div class='ocr_page' id='page_1' title='image "/cluster/home/n/w/nwhite01/storage/ocr_20150623/103/hvd.32044015466816/298.png"; bbox 0 0 3972 6328; ppageno 0'>
   <div class='ocr_carea' id='block_1_1' title="bbox 194 411 286 470">
    <p class='ocr_par' dir='ltr' id='par_1_1' title="bbox 194 411 286 470">
     <span class='ocr_line' id='line_1_1' title="bbox 194 411 286 470; baseline 0.011 -1"><span class='ocrx_word' id='word_1_1' title='bbox 194 411 286 470; x_wconf 75' lang='lat'><strong>585</strong></span> 
     </span>
    </p>
   </div>
   <div class='ocr_carea' id='block_1_2' title="bbox 195 529 1804 606">
    <p class='ocr_par' dir='ltr' id='par_1_2' title="bbox 195 529 1804 606">
     <span class='ocr_line' id='line_1_2' title="bbox 195 529 1804 606; baseline 0.001 -20"><span class='ocrx_word' id='word_1_2' title='bbox 195 529 387 587; x_wconf 88' lang='lat' dir='ltr'><strong>immisit</strong></span> <span class='ocrx_word' id='word_1_3' title='bbox 429 531 482 586; x_wconf 89' lang='lat' dir='ltr'><strong>ei</strong></span> <span class='ocrx_word' id='word_1_4' title='bbox 529 531 585 584; x_wconf 93' lang='lat' dir='ltr'><strong>in</strong></span> <span class='ocrx_word' id='word_1_5' title='bbox 631 531 795 587; x_wconf 91' lang='lat' dir='ltr'><strong>corde</strong></span> <span class='ocrx_word' id='word_1_6' title='bbox 832 532 1020 589; x_wconf 89' lang='lat' dir='ltr'><strong>dicens</strong></span> <span class='ocrx_word' id='word_1_7' title='bbox 1046 535 1078 588; x_wconf 82' lang='lat'><strong>&#39;:</strong></span> <span class='ocrx_word' id='word_1_8' title='bbox 1113 533 1314 606; x_wconf 81' lang='lat' dir='ltr'><strong>Collige</strong></span> <span class='ocrx_word' id='word_1_9' title='bbox 1346 534 1444 590; x_wconf 89' lang='lat' dir='ltr'><strong>tibi</strong></span> <span class='ocrx_word' id='word_1_10' title='bbox 1488 533 1725 604; x_wconf 83' lang='lat' dir='ltr'><strong>aliquam</strong></span> <span class='ocrx_word' id='word_1_11' title='bbox 1753 534 1804 594; x_wconf 83' lang='grc' dir='ltr'><strong>Α</strong></span> 
     </span>
    </p>
   </div>
   <div class='ocr_carea' id='block_1_3' title="bbox 192 621 1735 697">
    <p class='ocr_par' dir='ltr' id='par_1_3' title="bbox 192 621 1735 697">
     <span class='ocr_line' id='line_1_3' title="bbox 192 621 1735 697; baseline 0.005 -23"><span class='ocrx_word' id='word_1_12' title='bbox 192 621 440 693; x_wconf 80' lang='lat' dir='ltr'><strong>pecuniam</strong></span> <span class='ocrx_word' id='word_1_13' title='bbox 462 661 477 686; x_wconf 95' lang='lat'><strong>,</strong></span> <span class='ocrx_word' id='word_1_14' title='bbox 518 637 588 677; x_wconf 92' lang='lat' dir='ltr'><strong>ne</strong></span> <span class='ocrx_word' id='word_1_15' title='bbox 616 638 738 678; x_wconf 91' lang='lat' dir='ltr'><strong>cum</strong></span> <span class='ocrx_word' id='word_1_16' title='bbox 770 626 1014 680; x_wconf 89' lang='lat' dir='ltr'><strong>senueris</strong></span> <span class='ocrx_word' id='word_1_17' title='bbox 1051 633 1145 680; x_wconf 91' lang='lat' dir='ltr'><strong>aut</strong></span> <span class='ocrx_word' id='word_1_18' title='bbox 1170 635 1435 697; x_wconf 62' lang='lat' dir='ltr'><strong>aegrotare</strong></span> <span class='ocrx_word' id='word_1_19' title='bbox 1479 626 1735 696; x_wconf 74' lang='lat' dir='ltr'><strong>cmperis,</strong></span> 
     </span>
    </p>
   </div>
   <div class='ocr_carea' id='block_1_4' title="bbox 193 711 1737 788">
    <p class='ocr_par' dir='ltr' id='par_1_4' title="bbox 193 711 1737 788">
     <span class='ocr_line' id='line_1_4' title="bbox 193 711 1737 788; baseline 0.001 -20"><span class='ocrx_word' id='word_1_20' title='bbox 193 711 364 782; x_wconf 86' lang='lat' dir='ltr'><strong>aliquid</strong></span> <span class='ocrx_word' id='word_1_21' title='bbox 414 711 676 784; x_wconf 75' lang='lat' dir='ltr'><strong>indigeas.</strong></span> <span class='ocrx_word' id='word_1_22' title='bbox 708 713 776 769; x_wconf 86' lang='lat' dir='ltr'><strong>Et</strong></span> <span class='ocrx_word' id='word_1_23' title='bbox 824 716 1062 788; x_wconf 75' lang='lat' dir='ltr'><strong>collegit,</strong></span> <span class='ocrx_word' id='word_1_24' title='bbox 1107 724 1162 772; x_wconf 88' lang='lat' dir='ltr'><strong>et</strong></span> <span class='ocrx_word' id='word_1_25' title='bbox 1217 717 1458 788; x_wconf 79' lang='lat' dir='ltr'><strong>implevit</strong></span> <span class='ocrx_word' id='word_1_26' title='bbox 1490 715 1737 788; x_wconf 89' lang='lat' dir='ltr'><strong>lagenam</strong></span> 
     </span>
    </p>
   </div>
   <div class='ocr_carea' id='block_1_5' title="bbox 188 803 1738 878">
    <p class='ocr_par' dir='ltr' id='par_1_5' title="bbox 188 803 1738 878">
     <span class='ocr_line' id='line_1_5' title="bbox 188 803 1738 878; baseline 0.003 -21"><span class='ocrx_word' id='word_1_27' title='bbox 188 817 329 858; x_wconf 87' lang='lat' dir='ltr'><strong>unam</strong></span> <span class='ocrx_word' id='word_1_28' title='bbox 354 803 604 859; x_wconf 91' lang='lat' dir='ltr'><strong>nummis.</strong></span> <span class='ocrx_word' id='word_1_29' title='bbox 636 803 870 878; x_wconf 87' lang='lat' dir='ltr'><strong>Contigit</strong></span> <span class='ocrx_word' id='word_1_30' title='bbox 899 816 1078 862; x_wconf 90' lang='lat' dir='ltr'><strong>autem</strong></span> <span class='ocrx_word' id='word_1_31' title='bbox 1093 823 1218 862; x_wconf 92' lang='lat' dir='ltr'><strong>eum</strong></span> <span class='ocrx_word' id='word_1_32' title='bbox 1245 809 1544 874; x_wconf 89' lang='lat' dir='ltr'><strong>inﬁrmari,</strong></span> <span class='ocrx_word' id='word_1_33' title='bbox 1574 816 1629 863; x_wconf 91' lang='lat' dir='ltr'><strong>et</strong></span> <span class='ocrx_word' id='word_1_34' title='bbox 1647 824 1738 877; x_wconf 90' lang='lat' dir='ltr'><strong>pu-</strong></span> 
     </span>
    </p>
   </div>
   <div class='ocr_carea' id='block_1_6' title="bbox 187 895 1738 972">
    <p class='ocr_par' dir='ltr' id='par_1_6' title="bbox 187 895 1738 972">
     <span class='ocr_line' id='line_1_6' title="bbox 187 895 1738 972; baseline 0.001 -20"><span class='ocrx_word' id='word_1_35' title='bbox 187 895 365 952; x_wconf 85' lang='lat' dir='ltr'><strong>treﬁeri</strong></span> <span class='ocrx_word' id='word_1_36' title='bbox 389 897 583 966; x_wconf 91' lang='lat' dir='ltr'><strong>pedem</strong></span> <span class='ocrx_word' id='word_1_37' title='bbox 630 897 766 967; x_wconf 87' lang='lat' dir='ltr'><strong>ejus.</strong></span> <span class='ocrx_word' id='word_1_38' title='bbox 814 899 884 954; x_wconf 88' lang='lat' dir='ltr'><strong>Et</strong></span> <span class='ocrx_word' id='word_1_39' title='bbox 933 901 1190 971; x_wconf 91' lang='lat' dir='ltr'><strong>expendit</strong></span> <span class='ocrx_word' id='word_1_40' title='bbox 1231 902 1355 966; x_wconf 90' lang='lat' dir='ltr'><strong>hoc,</strong></span> <span class='ocrx_word' id='word_1_41' title='bbox 1387 903 1532 972; x_wconf 91' lang='lat' dir='ltr'><strong>quod</strong></span> <span class='ocrx_word' id='word_1_42' title='bbox 1576 900 1738 956; x_wconf 91' lang='lat' dir='ltr'><strong>colle-</strong></span> 
     </span>
    </p>
   </div>
   <div class='ocr_carea' id='block_1_7' title="bbox 183 987 1736 1060">
    <p class='ocr_par' dir='ltr' id='par_1_7' title="bbox 183 987 1736 1060">
     <span class='ocr_line' id='line_1_7' title="bbox 183 987 1736 1060; baseline 0.001 -17"><span class='ocrx_word' id='word_1_43' title='bbox 183 996 313 1043; x_wconf 89' lang='lat' dir='ltr'><strong>ctum</strong></span> <span class='ocrx_word' id='word_1_44' title='bbox 343 987 602 1042; x_wconf 75' lang='lat' dir='ltr'><strong>habuerat</strong></span> <span class='ocrx_word' id='word_1_45' title='bbox 629 989 684 1043; x_wconf 92' lang='lat' dir='ltr'><strong>in</strong></span> <span class='ocrx_word' id='word_1_46' title='bbox 712 990 951 1046; x_wconf 91' lang='lat' dir='ltr'><strong>medicos</strong></span> <span class='ocrx_word' id='word_1_47' title='bbox 970 1031 985 1056; x_wconf 92' lang='lat'><strong>,</strong></span> <span class='ocrx_word' id='word_1_48' title='bbox 1033 998 1090 1044; x_wconf 87' lang='lat' dir='ltr'><strong>et</strong></span> <span class='ocrx_word' id='word_1_49' title='bbox 1115 991 1250 1046; x_wconf 90' lang='lat' dir='ltr'><strong>nihil</strong></span> <span class='ocrx_word' id='word_1_50' title='bbox 1285 991 1335 1044; x_wconf 91' lang='lat' dir='ltr'><strong>ei</strong></span> <span class='ocrx_word' id='word_1_51' title='bbox 1362 991 1620 1059; x_wconf 88' lang='lat' dir='ltr'><strong>prodesse</strong></span> <span class='ocrx_word' id='word_1_52' title='bbox 1644 1005 1736 1060; x_wconf 91' lang='lat' dir='ltr'><strong>po-</strong></span> 
     </span>
    </p>
   </div>
   <div class='ocr_carea' id='block_1_8' title="bbox 183 1079 1732 1153">
    <p class='ocr_par' dir='ltr' id='par_1_8' title="bbox 183 1079 1732 1153">
     <span class='ocr_line' id='line_1_8' title="bbox 183 1079 1732 1153; baseline 0.001 -19"><span class='ocrx_word' id='word_1_53' title='bbox 183 1081 294 1135; x_wconf 90' lang='lat' dir='ltr'><strong>tuit.</strong></span> <span class='ocrx_word' id='word_1_54' title='bbox 317 1079 504 1135; x_wconf 85' lang='lat' dir='ltr'><strong>Postea</strong></span> <span class='ocrx_word' id='word_1_55' title='bbox 526 1095 658 1135; x_wconf 90' lang='lat' dir='ltr'><strong>vero</strong></span> <span class='ocrx_word' id='word_1_56' title='bbox 684 1083 831 1136; x_wconf 80' lang='lat' dir='ltr'><strong>venit</strong></span> <span class='ocrx_word' id='word_1_57' title='bbox 856 1083 1074 1152; x_wconf 90' lang='lat' dir='ltr'><strong>quidam</strong></span> <span class='ocrx_word' id='word_1_58' title='bbox 1114 1082 1182 1137; x_wconf 90' lang='lat' dir='ltr'><strong>de</strong></span> <span class='ocrx_word' id='word_1_59' title='bbox 1211 1084 1453 1153; x_wconf 82' lang='lat' dir='ltr'><strong>expertis</strong></span> <span class='ocrx_word' id='word_1_60' title='bbox 1481 1083 1732 1145; x_wconf 91' lang='lat' dir='ltr'><strong>medicis,</strong></span> 
     </span>
    </p>
   </div>
   <div class='ocr_carea' id='block_1_9' title="bbox 180 1176 1736 1246">
    <p class='ocr_par' dir='ltr' id='par_1_9' title="bbox 180 1176 1736 1246">
     <span class='ocr_line' id='line_1_9' title="bbox 180 1176 1736 1246; baseline -0.001 -15"><span class='ocrx_word' id='word_1_61' title='bbox 180 1186 229 1232; x_wconf 83' lang='lat' dir='ltr'><strong>et</strong></span> <span class='ocrx_word' id='word_1_62' title='bbox 254 1178 379 1233; x_wconf 80' lang='lat' dir='ltr'><strong>dixit</strong></span> <span class='ocrx_word' id='word_1_63' title='bbox 416 1177 467 1232; x_wconf 92' lang='lat' dir='ltr'><strong>ei</strong></span> <span class='ocrx_word' id='word_1_64' title='bbox 498 1195 511 1230; x_wconf 88' lang='lat'><strong>:</strong></span> <span class='ocrx_word' id='word_1_65' title='bbox 560 1176 673 1232; x_wconf 86' lang='lat' dir='ltr'><strong>Nisi</strong></span> <span class='ocrx_word' id='word_1_66' title='bbox 702 1177 958 1233; x_wconf 88' lang='lat' dir='ltr'><strong>incideris</strong></span> <span class='ocrx_word' id='word_1_67' title='bbox 980 1179 1171 1246; x_wconf 89' lang='lat' dir='ltr'><strong>pedem</strong></span> <span class='ocrx_word' id='word_1_68' title='bbox 1201 1186 1376 1243; x_wconf 90' lang='lat' dir='ltr'><strong>tuum,</strong></span> <span class='ocrx_word' id='word_1_69' title='bbox 1413 1185 1584 1234; x_wconf 87' lang='lat' dir='ltr'><strong>totum</strong></span> <span class='ocrx_word' id='word_1_70' title='bbox 1614 1192 1736 1232; x_wconf 90' lang='lat' dir='ltr'><strong>cor-</strong></span> 
     </span>
    </p>
   </div>
   <div class='ocr_carea' id='block_1_10' title="bbox 177 1266 1736 1336">
    <p class='ocr_par' dir='ltr' id='par_1_10' title="bbox 177 1266 1736 1336">
     <span class='ocr_line' id='line_1_10' title="bbox 177 1266 1736 1336; baseline -0.002 -14"><span class='ocrx_word' id='word_1_71' title='bbox 177 1277 270 1335; x_wconf 84' lang='lat' dir='ltr'><strong>pus</strong></span> <span class='ocrx_word' id='word_1_72' title='bbox 308 1276 450 1322; x_wconf 90' lang='lat' dir='ltr'><strong>tuum</strong></span> <span class='ocrx_word' id='word_1_73' title='bbox 487 1266 756 1336; x_wconf 90' lang='lat' dir='ltr'><strong>putreﬁet.</strong></span> <span class='ocrx_word' id='word_1_74' title='bbox 801 1268 868 1322; x_wconf 86' lang='lat' dir='ltr'><strong>Et</strong></span> <span class='ocrx_word' id='word_1_75' title='bbox 914 1269 1314 1323; x_wconf 87' lang='lat' dir='ltr'><strong>constituerunt</strong></span> <span class='ocrx_word' id='word_1_76' title='bbox 1353 1274 1414 1321; x_wconf 93' lang='lat' dir='ltr'><strong>ut</strong></span> <span class='ocrx_word' id='word_1_77' title='bbox 1459 1268 1515 1322; x_wconf 89' lang='lat' dir='ltr'><strong>in</strong></span> <span class='ocrx_word' id='word_1_78' title='bbox 1541 1267 1736 1322; x_wconf 85' lang='lat' dir='ltr'><strong>castri-</strong></span> 
     </span>
    </p>
   </div>
   <div class='ocr_carea' id='block_1_11' title="bbox 176 1361 1735 1432">
    <p class='ocr_par' dir='ltr' id='par_1_11' title="bbox 176 1361 1735 1432">
     <span class='ocr_line' id='line_1_11' title="bbox 176 1361 1735 1432; baseline -0.001 -15"><span class='ocrx_word' id='word_1_79' title='bbox 176 1371 294 1417; x_wconf 89' lang='lat' dir='ltr'><strong>num</strong></span> <span class='ocrx_word' id='word_1_80' title='bbox 332 1361 628 1416; x_wconf 86' lang='lat' dir='ltr'><strong>inciderent</strong></span> <span class='ocrx_word' id='word_1_81' title='bbox 653 1362 702 1416; x_wconf 89' lang='lat' dir='ltr'><strong>ei</strong></span> <span class='ocrx_word' id='word_1_82' title='bbox 731 1361 940 1432; x_wconf 88' lang='lat' dir='ltr'><strong>pedem.</strong></span> <span class='ocrx_word' id='word_1_83' title='bbox 982 1362 1075 1416; x_wconf 86' lang='lat' dir='ltr'><strong>illa</strong></span> <span class='ocrx_word' id='word_1_84' title='bbox 1107 1370 1289 1416; x_wconf 91' lang='lat' dir='ltr'><strong>autem</strong></span> <span class='ocrx_word' id='word_1_85' title='bbox 1319 1369 1479 1416; x_wconf 89' lang='lat' dir='ltr'><strong>nocte</strong></span> <span class='ocrx_word' id='word_1_86' title='bbox 1521 1361 1735 1417; x_wconf 86' lang='lat' dir='ltr'><strong>rediens</strong></span> 
     </span>
    </p>
   </div>
   <div class='ocr_carea' id='block_1_12' title="bbox 176 1451 1734 1524">
    <p class='ocr_par' dir='ltr' id='par_1_12' title="bbox 176 1451 1734 1524">
     <span class='ocr_line' id='line_1_12' title="bbox 176 1451 1734 1524; baseline -0.001 -17"><span class='ocrx_word' id='word_1_87' title='bbox 176 1451 227 1508; x_wconf 89' lang='lat' dir='ltr'><strong>in</strong></span> <span class='ocrx_word' id='word_1_88' title='bbox 273 1453 635 1522; x_wconf 82' lang='lat' dir='ltr'><strong>semetipsum,</strong></span> <span class='ocrx_word' id='word_1_89' title='bbox 689 1461 742 1508; x_wconf 91' lang='lat' dir='ltr'><strong>et</strong></span> <span class='ocrx_word' id='word_1_90' title='bbox 775 1453 1157 1522; x_wconf 82' lang='lat' dir='ltr'><strong>paenitentiam</strong></span> <span class='ocrx_word' id='word_1_91' title='bbox 1199 1469 1365 1524; x_wconf 87' lang='lat' dir='ltr'><strong>agens</strong></span> <span class='ocrx_word' id='word_1_92' title='bbox 1393 1453 1460 1508; x_wconf 90' lang='lat' dir='ltr'><strong>de</strong></span> <span class='ocrx_word' id='word_1_93' title='bbox 1505 1453 1591 1508; x_wconf 89' lang='lat' dir='ltr'><strong>his</strong></span> <span class='ocrx_word' id='word_1_94' title='bbox 1614 1468 1734 1522; x_wconf 73' lang='lat' dir='ltr'><strong>quas</strong></span> 
     </span>
    </p>
   </div>
   <div class='ocr_carea' id='block_1_13' title="bbox 173 1544 1736 1617">
    <p class='ocr_par' dir='ltr' id='par_1_13' title="bbox 173 1544 1736 1617">
     <span class='ocr_line' id='line_1_13' title="bbox 173 1544 1736 1617; baseline 0 -17"><span class='ocrx_word' id='word_1_95' title='bbox 173 1545 346 1617; x_wconf 88' lang='lat' dir='ltr'><strong>gessit,</strong></span> <span class='ocrx_word' id='word_1_96' title='bbox 392 1546 656 1616; x_wconf 87' lang='lat' dir='ltr'><strong>ingemuit</strong></span> <span class='ocrx_word' id='word_1_97' title='bbox 690 1553 746 1600; x_wconf 92' lang='lat' dir='ltr'><strong>et</strong></span> <span class='ocrx_word' id='word_1_98' title='bbox 778 1546 928 1602; x_wconf 90' lang='lat' dir='ltr'><strong>ﬂevit</strong></span> <span class='ocrx_word' id='word_1_99' title='bbox 957 1547 1179 1602; x_wconf 87' lang='lat' dir='ltr'><strong>dicens:</strong></span> <span class='ocrx_word' id='word_1_100' title='bbox 1213 1545 1417 1600; x_wconf 89' lang='lat' dir='ltr'><strong>Memor</strong></span> <span class='ocrx_word' id='word_1_101' title='bbox 1443 1553 1582 1611; x_wconf 83' lang='lat' dir='ltr'><strong>esto,</strong></span> <span class='ocrx_word' id='word_1_102' title='bbox 1627 1544 1736 1600; x_wconf 90' lang='lat' dir='ltr'><strong>Do-</strong></span> 
     </span>
    </p>
   </div>
   <div class='ocr_carea' id='block_1_14' title="bbox 89 1635 1734 1707">
    <p class='ocr_par' dir='ltr' id='par_1_14' title="bbox 89 1635 1734 1707">
     <span class='ocr_line' id='line_1_14' title="bbox 89 1635 1734 1707; baseline -0.001 -16"><span class='ocrx_word' id='word_1_103' title='bbox 89 1683 92 1685; x_wconf 39' lang='grc' dir='ltr'>λ</span> <span class='ocrx_word' id='word_1_104' title='bbox 173 1635 324 1703; x_wconf 90' lang='lat' dir='ltr'><strong>mine,</strong></span> <span class='ocrx_word' id='word_1_105' title='bbox 354 1651 577 1707; x_wconf 90' lang='lat' dir='ltr'><strong>operum</strong></span> <span class='ocrx_word' id='word_1_106' title='bbox 603 1651 845 1692; x_wconf 90' lang='lat' dir='ltr'><strong>meorum</strong></span> <span class='ocrx_word' id='word_1_107' title='bbox 874 1637 1138 1707; x_wconf 79' lang='lat' dir='ltr'><strong>priorum,</strong></span> <span class='ocrx_word' id='word_1_108' title='bbox 1175 1652 1294 1706; x_wconf 64' lang='lat' dir='ltr'><strong>quae</strong></span> <span class='ocrx_word' id='word_1_109' title='bbox 1327 1636 1587 1691; x_wconf 81' lang='lat' dir='ltr'><strong>faciebam</strong></span> <span class='ocrx_word' id='word_1_110' title='bbox 1611 1651 1734 1691; x_wconf 89' lang='lat' dir='ltr'><strong>cum</strong></span> 
     </span>
    </p>
   </div>
   <div class='ocr_carea' id='block_1_15' title="bbox 171 1725 1738 1797">
    <p class='ocr_par' dir='ltr' id='par_1_15' title="bbox 171 1725 1738 1797">
     <span class='ocr_line' id='line_1_15' title="bbox 171 1725 1738 1797; baseline -0.001 -17"><span class='ocrx_word' id='word_1_111' title='bbox 171 1726 462 1782; x_wconf 86' lang='lat' dir='ltr'><strong>laborarem</strong></span> <span class='ocrx_word' id='word_1_112' title='bbox 513 1728 570 1782; x_wconf 93' lang='lat' dir='ltr'><strong>in</strong></span> <span class='ocrx_word' id='word_1_113' title='bbox 615 1728 775 1784; x_wconf 91' lang='lat' dir='ltr'><strong>horto</strong></span> <span class='ocrx_word' id='word_1_114' title='bbox 798 1741 940 1792; x_wconf 91' lang='lat' dir='ltr'><strong>meo,</strong></span> <span class='ocrx_word' id='word_1_115' title='bbox 971 1743 1040 1782; x_wconf 86' lang='lat' dir='ltr'><strong>ex</strong></span> <span class='ocrx_word' id='word_1_116' title='bbox 1081 1742 1190 1797; x_wconf 91' lang='lat' dir='ltr'><strong>quo</strong></span> <span class='ocrx_word' id='word_1_117' title='bbox 1216 1726 1547 1796; x_wconf 88' lang='lat' dir='ltr'><strong>pauperibus</strong></span> <span class='ocrx_word' id='word_1_118' title='bbox 1576 1725 1738 1780; x_wconf 88' lang='lat' dir='ltr'><strong>mini-</strong></span> 
     </span>
    </p>
   </div>
   <div class='ocr_carea' id='block_1_16' title="bbox 172 1817 1733 1887">
    <p class='ocr_par' dir='ltr' id='par_1_16' title="bbox 172 1817 1733 1887">
     <span class='ocr_line' id='line_1_16' title="bbox 172 1817 1733 1887; baseline -0.003 -13"><span class='ocrx_word' id='word_1_119' title='bbox 172 1821 417 1875; x_wconf 88' lang='lat' dir='ltr'><strong>strabam.</strong></span> <span class='ocrx_word' id='word_1_120' title='bbox 459 1820 529 1875; x_wconf 87' lang='lat' dir='ltr'><strong>Et</strong></span> <span class='ocrx_word' id='word_1_121' title='bbox 564 1835 688 1875; x_wconf 91' lang='lat' dir='ltr'><strong>cum</strong></span> <span class='ocrx_word' id='word_1_122' title='bbox 730 1818 902 1885; x_wconf 91' lang='lat' dir='ltr'><strong>ﬂeret,</strong></span> <span class='ocrx_word' id='word_1_123' title='bbox 939 1819 1113 1874; x_wconf 90' lang='lat' dir='ltr'><strong>astitit</strong></span> <span class='ocrx_word' id='word_1_124' title='bbox 1148 1819 1198 1872; x_wconf 93' lang='lat' dir='ltr'><strong>ei</strong></span> <span class='ocrx_word' id='word_1_125' title='bbox 1237 1818 1461 1887; x_wconf 91' lang='lat' dir='ltr'><strong>angelus</strong></span> <span class='ocrx_word' id='word_1_126' title='bbox 1498 1817 1733 1879; x_wconf 90' lang='lat' dir='ltr'><strong>Domini,</strong></span> 
     </span>
    </p>
   </div>
   <div class='ocr_carea' id='block_1_17' title="bbox 801 412 2752 475">
    <p class='ocr_par' dir='ltr' id='par_1_17' title="bbox 801 412 2752 475">
     <span class='ocr_line' id='line_1_17' title="bbox 801 412 2752 475; baseline -0.003 -2"><span class='ocrx_word' id='word_1_127' title='bbox 801 415 1031 475; x_wconf 81' lang='lat' dir='ltr'><strong>CODEX</strong></span> <span class='ocrx_word' id='word_1_128' title='bbox 1069 412 1523 473; x_wconf 77' lang='lat' dir='ltr'><strong>REGULARUM.</strong></span> <span class='ocrx_word' id='word_1_129' title='bbox 1563 445 1634 457; x_wconf 89' lang='lat'><strong>-—</strong></span> <span class='ocrx_word' id='word_1_130' title='bbox 1671 413 1852 471; x_wconf 82' lang='lat' dir='ltr'><strong>PARS</strong></span> <span class='ocrx_word' id='word_1_131' title='bbox 1889 416 1954 470; x_wconf 89' lang='lat' dir='ltr'><strong>ll.</strong></span> <span class='ocrx_word' id='word_1_132' title='bbox 1995 414 2297 472; x_wconf 67' lang='lat' dir='ltr'><strong>REGULA‘I</strong></span> <span class='ocrx_word' id='word_1_133' title='bbox 2337 415 2440 472; x_wconf 88' lang='lat' dir='ltr'><strong>PP.</strong></span> <span class='ocrx_word' id='word_1_134' title='bbox 2481 414 2752 472; x_wconf 80' lang='lat' dir='ltr'><strong>ORIENT.</strong></span> 
     </span>
    </p>
   </div>
   <div class='ocr_carea' id='block_1_18' title="bbox 3308 420 3414 478">
    <p class='ocr_par' dir='ltr' id='par_1_18' title="bbox 3308 420 3414 478">
     <span class='ocr_line' id='line_1_18' title="bbox 3308 420 3414 478; baseline 0.009 -3"><span class='ocrx_word' id='word_1_135' title='bbox 3308 420 3414 478; x_wconf 71' lang='lat'><strong>586</strong></span> 
     </span>
    </p>
   </div>
   <div class='ocr_carea' id='block_1_19' title="bbox 2427 531 2806 589">
    <p class='ocr_par' dir='ltr' id='par_1_19' title="bbox 2427 531 2806 589">
     <span class='ocr_line' id='line_1_19' title="bbox 2427 531 2806 589; baseline -0.005 -1"><span class='ocrx_word' id='word_1_136' title='bbox 2427 532 2653 589; x_wconf 81' lang='lat' dir='ltr'><strong>CAPUT</strong></span> <span class='ocrx_word' id='word_1_137' title='bbox 2693 531 2806 588; x_wconf 75' lang='lat' dir='ltr'><strong>VIII</strong></span> 
     </span>
    </p>
   </div>
   <div class='ocr_carea' id='block_1_20' title="bbox 1875 622 3360 697">
    <p class='ocr_par' dir='ltr' id='par_1_20' title="bbox 1875 622 3360 697">
     <span class='ocr_line' id='line_1_20' title="bbox 1875 622 3360 697; baseline 0.007 -21"><span class='ocrx_word' id='word_1_138' title='bbox 1875 622 2016 688; x_wconf 86' lang='lat' dir='ltr'><strong>Quid</strong></span> <span class='ocrx_word' id='word_1_139' title='bbox 2044 625 2114 679; x_wconf 75' lang='lat' dir='ltr'><strong>sit</strong></span> <span class='ocrx_word' id='word_1_140' title='bbox 2138 626 2346 695; x_wconf 81' lang='lat' dir='ltr'><strong>proprie</strong></span> <span class='ocrx_word' id='word_1_141' title='bbox 2374 625 2566 690; x_wconf 87' lang='lat' dir='ltr'><strong>activa,</strong></span> <span class='ocrx_word' id='word_1_142' title='bbox 2596 624 2782 694; x_wconf 81' lang='lat' dir='ltr'><strong>quidve</strong></span> <span class='ocrx_word' id='word_1_143' title='bbox 2816 628 3212 697; x_wconf 82' lang='lat' dir='ltr'><strong>contemplativa</strong></span> <span class='ocrx_word' id='word_1_144' title='bbox 3235 631 3360 685; x_wconf 80' lang='lat' dir='ltr'><strong>vita.</strong></span> 
     </span>
    </p>
   </div>
   <div class='ocr_carea' id='block_1_21' title="bbox 1913 713 3414 790">
    <p class='ocr_par' dir='ltr' id='par_1_21' title="bbox 1913 713 3414 790">
     <span class='ocr_line' id='line_1_21' title="bbox 1913 713 3414 790; baseline 0.007 -22"><span class='ocrx_word' id='word_1_145' title='bbox 1913 713 2048 780; x_wconf 86' lang='lat' dir='ltr'><strong>Quia</strong></span> <span class='ocrx_word' id='word_1_146' title='bbox 2072 715 2236 786; x_wconf 90' lang='lat' dir='ltr'><strong>igitur</strong></span> <span class='ocrx_word' id='word_1_147' title='bbox 2265 731 2365 786; x_wconf 90' lang='lat' dir='ltr'><strong>per</strong></span> <span class='ocrx_word' id='word_1_148' title='bbox 2395 716 2624 770; x_wconf 76' lang='lat' dir='ltr'><strong>activam</strong></span> <span class='ocrx_word' id='word_1_149' title='bbox 2649 717 2816 770; x_wconf 88' lang='lat' dir='ltr'><strong>vitam</strong></span> <span class='ocrx_word' id='word_1_150' title='bbox 2842 718 2917 772; x_wconf 85' lang='lat' dir='ltr'><strong>ad</strong></span> <span class='ocrx_word' id='word_1_151' title='bbox 2939 721 3414 790; x_wconf 88' lang='lat' dir='ltr'><strong>contemplativam</strong></span> 
     </span>
    </p>
   </div>
   <div class='ocr_carea' id='block_1_22' title="bbox 1837 805 3417 882">
    <p class='ocr_par' dir='ltr' id='par_1_22' title="bbox 1837 805 3417 882">
     <span class='ocr_line' id='line_1_22' title="bbox 1837 805 3417 882; baseline 0.006 -24"><span class='ocrx_word' id='word_1_152' title='bbox 1837 805 2075 870; x_wconf 79' lang='lat' dir='ltr'><strong>venitur,</strong></span> <span class='ocrx_word' id='word_1_153' title='bbox 2099 805 2304 860; x_wconf 90' lang='lat' dir='ltr'><strong>idcirco</strong></span> <span class='ocrx_word' id='word_1_154' title='bbox 2325 807 2477 875; x_wconf 90' lang='lat' dir='ltr'><strong>prius</strong></span> <span class='ocrx_word' id='word_1_155' title='bbox 2503 807 2785 861; x_wconf 88' lang='lat' dir='ltr'><strong>dicendum</strong></span> <span class='ocrx_word' id='word_1_156' title='bbox 2809 823 2933 862; x_wconf 88' lang='lat' dir='ltr'><strong>reor</strong></span> <span class='ocrx_word' id='word_1_157' title='bbox 2951 810 3080 880; x_wconf 90' lang='lat' dir='ltr'><strong>quid</strong></span> <span class='ocrx_word' id='word_1_158' title='bbox 3107 811 3180 865; x_wconf 90' lang='lat' dir='ltr'><strong>sit</strong></span> <span class='ocrx_word' id='word_1_159' title='bbox 3197 813 3417 882; x_wconf 86' lang='lat' dir='ltr'><strong>proprie</strong></span> 
     </span>
    </p>
   </div>
   <div class='ocr_carea' id='block_1_23' title="bbox 1839 897 3416 971">
    <p class='ocr_par' dir='ltr' id='par_1_23' title="bbox 1839 897 3416 971">
     <span class='ocr_line' id='line_1_23' title="bbox 1839 897 3416 971; baseline 0.006 -22"><span class='ocrx_word' id='word_1_160' title='bbox 1839 897 2014 951; x_wconf 91' lang='lat' dir='ltr'><strong>activa</strong></span> <span class='ocrx_word' id='word_1_161' title='bbox 2043 897 2187 960; x_wconf 91' lang='lat' dir='ltr'><strong>vita;</strong></span> <span class='ocrx_word' id='word_1_162' title='bbox 2220 906 2275 952; x_wconf 92' lang='lat' dir='ltr'><strong>et</strong></span> <span class='ocrx_word' id='word_1_163' title='bbox 2303 899 2381 954; x_wconf 92' lang='lat' dir='ltr'><strong>sic</strong></span> <span class='ocrx_word' id='word_1_164' title='bbox 2407 900 2622 954; x_wconf 89' lang='lat' dir='ltr'><strong>demum</strong></span> <span class='ocrx_word' id='word_1_165' title='bbox 2651 901 2718 954; x_wconf 90' lang='lat' dir='ltr'><strong>ad</strong></span> <span class='ocrx_word' id='word_1_166' title='bbox 2740 902 3210 971; x_wconf 86' lang='lat' dir='ltr'><strong>contemplativam</strong></span> <span class='ocrx_word' id='word_1_167' title='bbox 3237 911 3416 960; x_wconf 88' lang='lat' dir='ltr'><strong>trans-</strong></span> 
     </span>
    </p>
   </div>
   <div class='ocr_carea' id='block_1_24' title="bbox 1837 987 3415 1051">
    <p class='ocr_par' dir='ltr' id='par_1_24' title="bbox 1837 987 3415 1051">
     <span class='ocr_line' id='line_1_24' title="bbox 1837 987 3415 1051; baseline 0.008 -12"><span class='ocrx_word' id='word_1_168' title='bbox 1837 987 2074 1042; x_wconf 89' lang='lat' dir='ltr'><strong>eundum</strong></span> <span class='ocrx_word' id='word_1_169' title='bbox 2101 994 2200 1042; x_wconf 91' lang='lat' dir='ltr'><strong>est.</strong></span> <span class='ocrx_word' id='word_1_170' title='bbox 2230 988 2420 1044; x_wconf 84' lang='lat' dir='ltr'><strong>Activa</strong></span> <span class='ocrx_word' id='word_1_171' title='bbox 2447 990 2654 1046; x_wconf 89' lang='lat' dir='ltr'><strong>scilicet</strong></span> <span class='ocrx_word' id='word_1_172' title='bbox 2676 991 2787 1045; x_wconf 91' lang='lat' dir='ltr'><strong>vita</strong></span> <span class='ocrx_word' id='word_1_173' title='bbox 2811 1001 2894 1047; x_wconf 91' lang='lat' dir='ltr'><strong>est</strong></span> <span class='ocrx_word' id='word_1_174' title='bbox 2919 995 3260 1050; x_wconf 84' lang='lat' dir='ltr'><strong>conversatio</strong></span> <span class='ocrx_word' id='word_1_175' title='bbox 3288 995 3415 1051; x_wconf 90' lang='lat' dir='ltr'><strong>reli-</strong></span> 
     </span>
    </p>
   </div>
   <div class='ocr_carea' id='block_1_25' title="bbox 1837 1078 3413 1162">
    <p class='ocr_par' dir='ltr' id='par_1_25' title="bbox 1837 1078 3413 1162">
     <span class='ocr_line' id='line_1_25' title="bbox 1837 1078 3413 1162; baseline 0.009 -30"><span class='ocrx_word' id='word_1_176' title='bbox 1837 1078 2009 1148; x_wconf 89' lang='lat' dir='ltr'><strong>giosa,</strong></span> <span class='ocrx_word' id='word_1_177' title='bbox 2037 1096 2157 1150; x_wconf 76' lang='lat' dir='ltr'><strong>quze</strong></span> <span class='ocrx_word' id='word_1_178' title='bbox 2188 1080 2347 1136; x_wconf 91' lang='lat' dir='ltr'><strong>docet</strong></span> <span class='ocrx_word' id='word_1_179' title='bbox 2370 1081 2640 1151; x_wconf 85' lang='lat' dir='ltr'><strong>quomodo</strong></span> <span class='ocrx_word' id='word_1_180' title='bbox 2664 1083 2946 1156; x_wconf 68' lang='lat' dir='ltr'><strong>Prmpositi</strong></span> <span class='ocrx_word' id='word_1_181' title='bbox 2986 1087 3089 1142; x_wconf 87' lang='lat' dir='ltr'><strong>sub</strong></span> <span class='ocrx_word' id='word_1_182' title='bbox 3123 1102 3182 1143; x_wconf 90' lang='lat' dir='ltr'><strong>se</strong></span> <span class='ocrx_word' id='word_1_183' title='bbox 3221 1099 3413 1162; x_wconf 88' lang='lat' dir='ltr'><strong>regant</strong></span> 
     </span>
    </p>
   </div>
   <div class='ocr_carea' id='block_1_26' title="bbox 1838 1171 3416 1252">
    <p class='ocr_par' dir='ltr' id='par_1_26' title="bbox 1838 1171 3416 1252">
     <span class='ocr_line' id='line_1_26' title="bbox 1838 1171 3416 1252; baseline 0.01 -29"><span class='ocrx_word' id='word_1_184' title='bbox 1838 1171 2084 1226; x_wconf 86' lang='lat' dir='ltr'><strong>viventes</strong></span> <span class='ocrx_word' id='word_1_185' title='bbox 2108 1188 2172 1226; x_wconf 92' lang='lat' dir='ltr'><strong>ac</strong></span> <span class='ocrx_word' id='word_1_186' title='bbox 2198 1173 2454 1244; x_wconf 84' lang='lat' dir='ltr'><strong>diligant;</strong></span> <span class='ocrx_word' id='word_1_187' title='bbox 2492 1183 2548 1230; x_wconf 90' lang='lat' dir='ltr'><strong>et</strong></span> <span class='ocrx_word' id='word_1_188' title='bbox 2582 1191 2688 1231; x_wconf 92' lang='lat' dir='ltr'><strong>non</strong></span> <span class='ocrx_word' id='word_1_189' title='bbox 2733 1177 2915 1233; x_wconf 88' lang='lat' dir='ltr'><strong>minus</strong></span> <span class='ocrx_word' id='word_1_190' title='bbox 2940 1179 3007 1234; x_wconf 90' lang='lat' dir='ltr'><strong>de</strong></span> <span class='ocrx_word' id='word_1_191' title='bbox 3031 1195 3216 1236; x_wconf 85' lang='lat' dir='ltr'><strong>eorum</strong></span> <span class='ocrx_word' id='word_1_192' title='bbox 3252 1198 3416 1252; x_wconf 87' lang='lat' dir='ltr'><strong>quam</strong></span> 
     </span>
    </p>
   </div>
   <div class='ocr_carea' id='block_1_27' title="bbox 1839 1261 3419 1343">
    <p class='ocr_par' dir='ltr' id='par_1_27' title="bbox 1839 1261 3419 1343">
     <span class='ocr_line' id='line_1_27' title="bbox 1839 1261 3419 1343; baseline 0.009 -28"><span class='ocrx_word' id='word_1_193' title='bbox 1839 1261 1904 1315; x_wconf 91' lang='lat' dir='ltr'><strong>de</strong></span> <span class='ocrx_word' id='word_1_194' title='bbox 1931 1278 2026 1316; x_wconf 92' lang='lat' dir='ltr'><strong>sua</strong></span> <span class='ocrx_word' id='word_1_195' title='bbox 2052 1263 2226 1318; x_wconf 91' lang='lat' dir='ltr'><strong>salute</strong></span> <span class='ocrx_word' id='word_1_196' title='bbox 2249 1265 2488 1332; x_wconf 89' lang='lat' dir='ltr'><strong>solliciti,</strong></span> <span class='ocrx_word' id='word_1_197' title='bbox 2530 1266 2672 1337; x_wconf 91' lang='lat' dir='ltr'><strong>quod</strong></span> <span class='ocrx_word' id='word_1_198' title='bbox 2699 1268 2782 1323; x_wconf 90' lang='lat' dir='ltr'><strong>eis</strong></span> <span class='ocrx_word' id='word_1_199' title='bbox 2805 1269 3061 1339; x_wconf 83' lang='lat' dir='ltr'><strong>expedire</strong></span> <span class='ocrx_word' id='word_1_200' title='bbox 3102 1273 3282 1328; x_wconf 92' lang='lat' dir='ltr'><strong>sciunt</strong></span> <span class='ocrx_word' id='word_1_201' title='bbox 3325 1289 3419 1343; x_wconf 90' lang='lat' dir='ltr'><strong>pa-</strong></span> 
     </span>
    </p>
   </div>
   <div class='ocr_carea' id='block_1_28' title="bbox 1840 1358 3420 1436">
    <p class='ocr_par' dir='ltr' id='par_1_28' title="bbox 1840 1358 3420 1436">
     <span class='ocr_line' id='line_1_28' title="bbox 1840 1358 3420 1436; baseline 0.009 -28"><span class='ocrx_word' id='word_1_202' title='bbox 1840 1361 1991 1409; x_wconf 91' lang='lat' dir='ltr'><strong>terna</strong></span> <span class='ocrx_word' id='word_1_203' title='bbox 2015 1372 2147 1411; x_wconf 90' lang='lat' dir='ltr'><strong>cura</strong></span> <span class='ocrx_word' id='word_1_204' title='bbox 2166 1358 2485 1428; x_wconf 82' lang='lat' dir='ltr'><strong>provideant</strong></span> <span class='ocrx_word' id='word_1_205' title='bbox 2509 1378 2522 1413; x_wconf 90' lang='lat'><strong>:</strong></span> <span class='ocrx_word' id='word_1_206' title='bbox 2548 1369 2604 1416; x_wconf 90' lang='lat' dir='ltr'><strong>et</strong></span> <span class='ocrx_word' id='word_1_207' title='bbox 2625 1361 2857 1432; x_wconf 91' lang='lat' dir='ltr'><strong>qualiter</strong></span> <span class='ocrx_word' id='word_1_208' title='bbox 2881 1362 3106 1432; x_wconf 89' lang='lat' dir='ltr'><strong>subjecti</strong></span> <span class='ocrx_word' id='word_1_209' title='bbox 3131 1367 3420 1436; x_wconf 67' lang='lat' dir='ltr'><strong>praeposito</strong></span> 
     </span>
    </p>
   </div>
   <div class='ocr_carea' id='block_1_29' title="bbox 1839 1449 3421 1526">
    <p class='ocr_par' dir='ltr' id='par_1_29' title="bbox 1839 1449 3421 1526">
     <span class='ocr_line' id='line_1_29' title="bbox 1839 1449 3421 1526; baseline 0.009 -27"><span class='ocrx_word' id='word_1_210' title='bbox 1839 1460 1958 1511; x_wconf 88' lang='lat' dir='ltr'><strong>suo,</strong></span> <span class='ocrx_word' id='word_1_211' title='bbox 1992 1455 2250 1518; x_wconf 89' lang='lat' dir='ltr'><strong>tanquam</strong></span> <span class='ocrx_word' id='word_1_212' title='bbox 2281 1449 2446 1519; x_wconf 87' lang='lat' dir='ltr'><strong>capiti</strong></span> <span class='ocrx_word' id='word_1_213' title='bbox 2474 1449 2716 1506; x_wconf 91' lang='lat' dir='ltr'><strong>membra</strong></span> <span class='ocrx_word' id='word_1_214' title='bbox 2746 1452 3088 1520; x_wconf 88' lang='lat' dir='ltr'><strong>deserviant,</strong></span> <span class='ocrx_word' id='word_1_215' title='bbox 3123 1470 3187 1510; x_wconf 89' lang='lat' dir='ltr'><strong>ac</strong></span> <span class='ocrx_word' id='word_1_216' title='bbox 3215 1471 3421 1526; x_wconf 68' lang='lat' dir='ltr'><strong>prame—</strong></span> 
     </span>
    </p>
   </div>
   <div class='ocr_carea' id='block_1_30' title="bbox 1837 1538 3421 1611">
    <p class='ocr_par' dir='ltr' id='par_1_30' title="bbox 1837 1538 3421 1611">
     <span class='ocr_line' id='line_1_30' title="bbox 1837 1538 3421 1611; baseline 0.008 -20"><span class='ocrx_word' id='word_1_217' title='bbox 1837 1545 1931 1606; x_wconf 83' lang='lat' dir='ltr'><strong>pta</strong></span> <span class='ocrx_word' id='word_1_218' title='bbox 1968 1538 2085 1608; x_wconf 89' lang='lat' dir='ltr'><strong>ejus</strong></span> <span class='ocrx_word' id='word_1_219' title='bbox 2124 1539 2272 1594; x_wconf 87' lang='lat' dir='ltr'><strong>velut</strong></span> <span class='ocrx_word' id='word_1_220' title='bbox 2312 1541 2600 1611; x_wconf 89' lang='lat' dir='ltr'><strong>imperium</strong></span> <span class='ocrx_word' id='word_1_221' title='bbox 2650 1542 2750 1597; x_wconf 92' lang='lat' dir='ltr'><strong>Dei</strong></span> <span class='ocrx_word' id='word_1_222' title='bbox 2781 1559 2994 1600; x_wconf 90' lang='lat' dir='ltr'><strong>summo</strong></span> <span class='ocrx_word' id='word_1_223' title='bbox 3030 1561 3215 1602; x_wconf 88' lang='lat' dir='ltr'><strong>amore</strong></span> <span class='ocrx_word' id='word_1_224' title='bbox 3239 1559 3421 1604; x_wconf 91' lang='lat' dir='ltr'><strong>custo-</strong></span> 
     </span>
    </p>
   </div>
   <div class='ocr_carea' id='block_1_31' title="bbox 1840 1627 3422 1705">
    <p class='ocr_par' dir='ltr' id='par_1_31' title="bbox 1840 1627 3422 1705">
     <span class='ocr_line' id='line_1_31' title="bbox 1840 1627 3422 1705; baseline 0.009 -25"><span class='ocrx_word' id='word_1_225' title='bbox 1840 1627 2009 1682; x_wconf 91' lang='lat' dir='ltr'><strong>diant.</strong></span> <span class='ocrx_word' id='word_1_226' title='bbox 2048 1629 2170 1699; x_wconf 86' lang='lat' dir='ltr'><strong>Ipsa</strong></span> <span class='ocrx_word' id='word_1_227' title='bbox 2229 1646 2463 1702; x_wconf 88' lang='lat' dir='ltr'><strong>namque</strong></span> <span class='ocrx_word' id='word_1_228' title='bbox 2507 1632 2739 1688; x_wconf 89' lang='lat' dir='ltr'><strong>actualis</strong></span> <span class='ocrx_word' id='word_1_229' title='bbox 2793 1633 2898 1688; x_wconf 71' lang='lat' dir='ltr'><strong>.ita</strong></span> <span class='ocrx_word' id='word_1_230' title='bbox 2935 1650 3132 1705; x_wconf 89' lang='lat' dir='ltr'><strong>panem</strong></span> <span class='ocrx_word' id='word_1_231' title='bbox 3160 1639 3422 1694; x_wconf 88' lang='lat' dir='ltr'><strong>esurienti</strong></span> 
     </span>
    </p>
   </div>
   <div class='ocr_carea' id='block_1_32' title="bbox 1842 1719 3420 1794">
    <p class='ocr_par' dir='ltr' id='par_1_32' title="bbox 1842 1719 3420 1794">
     <span class='ocr_line' id='line_1_32' title="bbox 1842 1719 3420 1794; baseline 0.009 -22"><span class='ocrx_word' id='word_1_232' title='bbox 1842 1719 2056 1786; x_wconf 89' lang='lat' dir='ltr'><strong>tribuit,</strong></span> <span class='ocrx_word' id='word_1_233' title='bbox 2081 1723 2249 1777; x_wconf 90' lang='lat' dir='ltr'><strong>verbo</strong></span> <span class='ocrx_word' id='word_1_234' title='bbox 2272 1724 2553 1794; x_wconf 73' lang='lat' dir='ltr'><strong>sapientiae</strong></span> <span class='ocrx_word' id='word_1_235' title='bbox 2582 1725 2913 1782; x_wconf 90' lang='lat' dir='ltr'><strong>nescientem</strong></span> <span class='ocrx_word' id='word_1_236' title='bbox 2935 1727 3118 1793; x_wconf 89' lang='lat' dir='ltr'><strong>docet,</strong></span> <span class='ocrx_word' id='word_1_237' title='bbox 3147 1740 3420 1786; x_wconf 86' lang='lat' dir='ltr'><strong>errantem</strong></span> 
     </span>
    </p>
   </div>
   <div class='ocr_carea' id='block_1_33' title="bbox 1842 1813 3415 1887">
    <p class='ocr_par' dir='ltr' id='par_1_33' title="bbox 1842 1813 3415 1887">
     <span class='ocr_line' id='line_1_33' title="bbox 1842 1813 3415 1887; baseline 0.008 -22"><span class='ocrx_word' id='word_1_238' title='bbox 1842 1813 2085 1883; x_wconf 90' lang='lat' dir='ltr'><strong>corrigit,</strong></span> <span class='ocrx_word' id='word_1_239' title='bbox 2117 1816 2517 1884; x_wconf 86' lang='lat' dir='ltr'><strong>superbientem</strong></span> <span class='ocrx_word' id='word_1_240' title='bbox 2547 1817 2616 1871; x_wconf 90' lang='lat' dir='ltr'><strong>ad</strong></span> <span class='ocrx_word' id='word_1_241' title='bbox 2644 1816 2970 1873; x_wconf 87' lang='lat' dir='ltr'><strong>humilitatis</strong></span> <span class='ocrx_word' id='word_1_242' title='bbox 3001 1819 3146 1872; x_wconf 91' lang='lat' dir='ltr'><strong>viam</strong></span> <span class='ocrx_word' id='word_1_243' title='bbox 3172 1830 3415 1887; x_wconf 87' lang='lat' dir='ltr'><strong>revocat,</strong></span> 
     </span>
    </p>
   </div>
   <div class='ocr_carea' id='block_1_34' title="bbox 169 1888 3423 1982">
    <p class='ocr_par' dir='ltr' id='par_1_34' title="bbox 169 1888 3423 1982">
     <span class='ocr_line' id='line_1_34' title="bbox 169 1888 3423 1982; baseline 0.002 -18"><span class='ocrx_word' id='word_1_244' title='bbox 169 1917 224 1964; x_wconf 86' lang='lat' dir='ltr'><strong>et</strong></span> <span class='ocrx_word' id='word_1_245' title='bbox 258 1908 388 1963; x_wconf 82' lang='lat' dir='ltr'><strong>dixit</strong></span> <span class='ocrx_word' id='word_1_246' title='bbox 435 1909 487 1963; x_wconf 90' lang='lat' dir='ltr'><strong>ei</strong></span> <span class='ocrx_word' id='word_1_247' title='bbox 517 1926 531 1962; x_wconf 87' lang='lat'><strong>:</strong></span> <span class='ocrx_word' id='word_1_248' title='bbox 567 1908 671 1964; x_wconf 88' lang='lat' dir='ltr'><strong>Ubi</strong></span> <span class='ocrx_word' id='word_1_249' title='bbox 716 1915 842 1962; x_wconf 89' lang='lat' dir='ltr'><strong>sunt</strong></span> <span class='ocrx_word' id='word_1_250' title='bbox 881 1908 1086 1962; x_wconf 91' lang='lat' dir='ltr'><strong>nummi</strong></span> <span class='ocrx_word' id='word_1_251' title='bbox 1135 1923 1272 1977; x_wconf 91' lang='lat' dir='ltr'><strong>quos</strong></span> <span class='ocrx_word' id='word_1_252' title='bbox 1322 1907 1581 1977; x_wconf 87' lang='lat' dir='ltr'><strong>collegisti</strong></span> <span class='ocrx_word' id='word_1_253' title='bbox 1613 1946 1626 1971; x_wconf 95' lang='lat'><strong>,</strong></span> <span class='ocrx_word' id='word_1_254' title='bbox 1682 1915 1738 1961; x_wconf 93' lang='lat' dir='ltr'><strong>et</strong></span> <span class='ocrx_word' id='word_1_255' title='bbox 1765 1888 1813 1946; x_wconf 83' lang='lat' dir='ltr'><strong>B</strong></span> <span class='ocrx_word' id='word_1_256' title='bbox 1841 1904 2171 1961; x_wconf 90' lang='lat' dir='ltr'><strong>inﬁrmantis</strong></span> <span class='ocrx_word' id='word_1_257' title='bbox 2215 1923 2403 1962; x_wconf 91' lang='lat' dir='ltr'><strong>curam</strong></span> <span class='ocrx_word' id='word_1_258' title='bbox 2472 1908 2649 1978; x_wconf 88' lang='lat' dir='ltr'><strong>gerit;</strong></span> <span class='ocrx_word' id='word_1_259' title='bbox 2704 1924 2824 1979; x_wconf 73' lang='lat' dir='ltr'><strong>qua:</strong></span> <span class='ocrx_word' id='word_1_260' title='bbox 2861 1909 3090 1980; x_wconf 90' lang='lat' dir='ltr'><strong>singulis</strong></span> <span class='ocrx_word' id='word_1_261' title='bbox 3118 1912 3423 1982; x_wconf 85' lang='lat' dir='ltr'><strong>quibusque</strong></span> 
     </span>
    </p>
   </div>
   <div class='ocr_carea' id='block_1_35' title="bbox 167 1997 1738 2071">
    <p class='ocr_par' dir='ltr' id='par_1_35' title="bbox 167 1997 1738 2071">
     <span class='ocr_line' id='line_1_35' title="bbox 167 1997 1738 2071; baseline -0.003 -15"><span class='ocrx_word' id='word_1_262' title='bbox 167 2001 256 2056; x_wconf 90' lang='lat' dir='ltr'><strong>ubi</strong></span> <span class='ocrx_word' id='word_1_263' title='bbox 289 2009 370 2056; x_wconf 89' lang='lat' dir='ltr'><strong>est</strong></span> <span class='ocrx_word' id='word_1_264' title='bbox 405 2015 530 2071; x_wconf 87' lang='lat' dir='ltr'><strong>spes</strong></span> <span class='ocrx_word' id='word_1_265' title='bbox 567 1999 636 2054; x_wconf 89' lang='lat' dir='ltr'><strong>de</strong></span> <span class='ocrx_word' id='word_1_266' title='bbox 670 2016 774 2069; x_wconf 87' lang='lat' dir='ltr'><strong>qua</strong></span> <span class='ocrx_word' id='word_1_267' title='bbox 829 1999 1113 2054; x_wconf 89' lang='lat' dir='ltr'><strong>tractasti?</strong></span> <span class='ocrx_word' id='word_1_268' title='bbox 1166 1998 1236 2050; x_wconf 85' lang='lat' dir='ltr'><strong>At</strong></span> <span class='ocrx_word' id='word_1_269' title='bbox 1276 1998 1364 2052; x_wconf 92' lang='lat' dir='ltr'><strong>ille</strong></span> <span class='ocrx_word' id='word_1_270' title='bbox 1407 1997 1738 2068; x_wconf 87' lang='lat' dir='ltr'><strong>respondens</strong></span> 
     </span>
    </p>
   </div>
   <div class='ocr_carea' id='block_1_36' title="bbox 168 2087 1740 2158">
    <p class='ocr_par' dir='ltr' id='par_1_36' title="bbox 168 2087 1740 2158">
     <span class='ocr_line' id='line_1_36' title="bbox 168 2087 1740 2158; baseline -0.002 -12"><span class='ocrx_word' id='word_1_271' title='bbox 168 2092 243 2147; x_wconf 89' lang='lat' dir='ltr'><strong>ait</strong></span> <span class='ocrx_word' id='word_1_272' title='bbox 268 2111 279 2145; x_wconf 93' lang='lat'><strong>:</strong></span> <span class='ocrx_word' id='word_1_273' title='bbox 307 2091 554 2156; x_wconf 90' lang='lat' dir='ltr'><strong>Peccavi,</strong></span> <span class='ocrx_word' id='word_1_274' title='bbox 586 2090 837 2155; x_wconf 88' lang='lat' dir='ltr'><strong>Domine,</strong></span> <span class='ocrx_word' id='word_1_275' title='bbox 867 2099 923 2143; x_wconf 91' lang='lat' dir='ltr'><strong>et</strong></span> <span class='ocrx_word' id='word_1_276' title='bbox 957 2089 1176 2158; x_wconf 82' lang='lat' dir='ltr'><strong>ignosce</strong></span> <span class='ocrx_word' id='word_1_277' title='bbox 1204 2088 1358 2152; x_wconf 88' lang='lat' dir='ltr'><strong>mihi,</strong></span> <span class='ocrx_word' id='word_1_278' title='bbox 1390 2087 1617 2142; x_wconf 90' lang='lat' dir='ltr'><strong>ulterius</strong></span> <span class='ocrx_word' id='word_1_279' title='bbox 1637 2088 1740 2143; x_wconf 87' lang='lat' dir='ltr'><strong>hoc</strong></span> 
     </span>
    </p>
   </div>
   <div class='ocr_carea' id='block_1_37' title="bbox 167 2179 1742 2251">
    <p class='ocr_par' dir='ltr' id='par_1_37' title="bbox 167 2179 1742 2251">
     <span class='ocr_line' id='line_1_37' title="bbox 167 2179 1742 2251; baseline -0.004 -13"><span class='ocrx_word' id='word_1_280' title='bbox 167 2199 272 2240; x_wconf 91' lang='lat' dir='ltr'><strong>non</strong></span> <span class='ocrx_word' id='word_1_281' title='bbox 319 2183 539 2238; x_wconf 81' lang='lat' dir='ltr'><strong>faciam.</strong></span> <span class='ocrx_word' id='word_1_282' title='bbox 567 2181 720 2236; x_wconf 91' lang='lat' dir='ltr'><strong>Tunc</strong></span> <span class='ocrx_word' id='word_1_283' title='bbox 767 2179 990 2251; x_wconf 90' lang='lat' dir='ltr'><strong>angelus</strong></span> <span class='ocrx_word' id='word_1_284' title='bbox 1040 2179 1215 2250; x_wconf 82' lang='lat' dir='ltr'><strong>tetigit</strong></span> <span class='ocrx_word' id='word_1_285' title='bbox 1264 2179 1454 2247; x_wconf 90' lang='lat' dir='ltr'><strong>pedem</strong></span> <span class='ocrx_word' id='word_1_286' title='bbox 1503 2179 1638 2245; x_wconf 43' lang='lat' dir='ltr'><strong>ejus,</strong></span> <span class='ocrx_word' id='word_1_287' title='bbox 1687 2187 1742 2232; x_wconf 90' lang='lat' dir='ltr'><strong>et</strong></span> 
     </span>
    </p>
   </div>
   <div class='ocr_carea' id='block_1_38' title="bbox 164 2269 1738 2341">
    <p class='ocr_par' dir='ltr' id='par_1_38' title="bbox 164 2269 1738 2341">
     <span class='ocr_line' id='line_1_38' title="bbox 164 2269 1738 2341; baseline -0.003 -12"><span class='ocrx_word' id='word_1_288' title='bbox 164 2273 346 2329; x_wconf 86' lang='lat' dir='ltr'><strong>statim</strong></span> <span class='ocrx_word' id='word_1_289' title='bbox 373 2281 596 2329; x_wconf 86' lang='lat' dir='ltr'><strong>sanatus</strong></span> <span class='ocrx_word' id='word_1_290' title='bbox 626 2280 726 2335; x_wconf 91' lang='lat' dir='ltr'><strong>est,</strong></span> <span class='ocrx_word' id='word_1_291' title='bbox 778 2280 832 2327; x_wconf 90' lang='lat' dir='ltr'><strong>et</strong></span> <span class='ocrx_word' id='word_1_292' title='bbox 883 2285 1112 2341; x_wconf 89' lang='lat' dir='ltr'><strong>surgens</strong></span> <span class='ocrx_word' id='word_1_293' title='bbox 1154 2285 1312 2323; x_wconf 90' lang='lat' dir='ltr'><strong>mane</strong></span> <span class='ocrx_word' id='word_1_294' title='bbox 1361 2269 1495 2323; x_wconf 88' lang='lat' dir='ltr'><strong>abiit</strong></span> <span class='ocrx_word' id='word_1_295' title='bbox 1524 2271 1738 2340; x_wconf 88' lang='lat' dir='ltr'><strong>operari</strong></span> 
     </span>
    </p>
   </div>
   <div class='ocr_carea' id='block_1_39' title="bbox 164 2362 1741 2435">
    <p class='ocr_par' dir='ltr' id='par_1_39' title="bbox 164 2362 1741 2435">
     <span class='ocr_line' id='line_1_39' title="bbox 164 2362 1741 2435; baseline 0 -17"><span class='ocrx_word' id='word_1_296' title='bbox 164 2365 221 2418; x_wconf 93' lang='lat' dir='ltr'><strong>in</strong></span> <span class='ocrx_word' id='word_1_297' title='bbox 259 2381 406 2435; x_wconf 87' lang='lat' dir='ltr'><strong>agro.</strong></span> <span class='ocrx_word' id='word_1_298' title='bbox 456 2366 616 2421; x_wconf 81' lang='lat' dir='ltr'><strong>Venit</strong></span> <span class='ocrx_word' id='word_1_299' title='bbox 665 2380 795 2435; x_wconf 91' lang='lat' dir='ltr'><strong>ergo</strong></span> <span class='ocrx_word' id='word_1_300' title='bbox 838 2364 1080 2419; x_wconf 90' lang='lat' dir='ltr'><strong>medicus</strong></span> <span class='ocrx_word' id='word_1_301' title='bbox 1115 2378 1238 2417; x_wconf 90' lang='lat' dir='ltr'><strong>cum</strong></span> <span class='ocrx_word' id='word_1_302' title='bbox 1287 2362 1636 2418; x_wconf 84' lang='lat' dir='ltr'><strong>ferramentis</strong></span> <span class='ocrx_word' id='word_1_303' title='bbox 1680 2372 1741 2418; x_wconf 90' lang='lat' dir='ltr'><strong>ut</strong></span> 
     </span>
    </p>
   </div>
   <div class='ocr_carea' id='block_1_40' title="bbox 161 2453 1740 2527">
    <p class='ocr_par' dir='ltr' id='par_1_40' title="bbox 161 2453 1740 2527">
     <span class='ocr_line' id='line_1_40' title="bbox 161 2453 1740 2527; baseline -0.003 -15"><span class='ocrx_word' id='word_1_304' title='bbox 161 2465 370 2512; x_wconf 89' lang='lat' dir='ltr'><strong>secaret</strong></span> <span class='ocrx_word' id='word_1_305' title='bbox 410 2457 604 2527; x_wconf 90' lang='lat' dir='ltr'><strong>pedem</strong></span> <span class='ocrx_word' id='word_1_306' title='bbox 640 2455 777 2524; x_wconf 88' lang='lat' dir='ltr'><strong>ejus,</strong></span> <span class='ocrx_word' id='word_1_307' title='bbox 808 2462 864 2510; x_wconf 91' lang='lat' dir='ltr'><strong>et</strong></span> <span class='ocrx_word' id='word_1_308' title='bbox 893 2455 969 2508; x_wconf 88' lang='lat' dir='ltr'><strong>ait</strong></span> <span class='ocrx_word' id='word_1_309' title='bbox 999 2471 1012 2507; x_wconf 92' lang='lat'><strong>:</strong></span> <span class='ocrx_word' id='word_1_310' title='bbox 1048 2453 1220 2509; x_wconf 89' lang='lat' dir='ltr'><strong>Ubine</strong></span> <span class='ocrx_word' id='word_1_311' title='bbox 1249 2462 1330 2509; x_wconf 91' lang='lat' dir='ltr'><strong>cst</strong></span> <span class='ocrx_word' id='word_1_312' title='bbox 1355 2453 1446 2508; x_wconf 92' lang='lat' dir='ltr'><strong>ille</strong></span> <span class='ocrx_word' id='word_1_313' title='bbox 1471 2455 1740 2526; x_wconf 80' lang='lat' dir='ltr'><strong>aegrotus?</strong></span> 
     </span>
    </p>
   </div>
   <div class='ocr_carea' id='block_1_41' title="bbox 163 2544 1741 2616">
    <p class='ocr_par' dir='ltr' id='par_1_41' title="bbox 163 2544 1741 2616">
     <span class='ocr_line' id='line_1_41' title="bbox 163 2544 1741 2616; baseline -0.001 -14"><span class='ocrx_word' id='word_1_314' title='bbox 163 2546 234 2603; x_wconf 88' lang='lat' dir='ltr'><strong>Et</strong></span> <span class='ocrx_word' id='word_1_315' title='bbox 262 2547 515 2601; x_wconf 85' lang='lat' dir='ltr'><strong>dixerunt</strong></span> <span class='ocrx_word' id='word_1_316' title='bbox 549 2546 599 2601; x_wconf 92' lang='lat' dir='ltr'><strong>ei</strong></span> <span class='ocrx_word' id='word_1_317' title='bbox 630 2564 644 2599; x_wconf 90' lang='lat'><strong>:</strong></span> <span class='ocrx_word' id='word_1_318' title='bbox 681 2544 828 2600; x_wconf 83' lang='lat' dir='ltr'><strong>Exiit</strong></span> <span class='ocrx_word' id='word_1_319' title='bbox 869 2560 1026 2599; x_wconf 90' lang='lat' dir='ltr'><strong>mane</strong></span> <span class='ocrx_word' id='word_1_320' title='bbox 1055 2544 1267 2614; x_wconf 88' lang='lat' dir='ltr'><strong>operari</strong></span> <span class='ocrx_word' id='word_1_321' title='bbox 1305 2545 1359 2598; x_wconf 92' lang='lat' dir='ltr'><strong>in</strong></span> <span class='ocrx_word' id='word_1_322' title='bbox 1403 2561 1562 2616; x_wconf 87' lang='lat' dir='ltr'><strong>agro;</strong></span> <span class='ocrx_word' id='word_1_323' title='bbox 1613 2553 1741 2600; x_wconf 91' lang='lat' dir='ltr'><strong>tunc</strong></span> 
     </span>
    </p>
   </div>
   <div class='ocr_carea' id='block_1_42' title="bbox 162 2638 1737 2708">
    <p class='ocr_par' dir='ltr' id='par_1_42' title="bbox 162 2638 1737 2708">
     <span class='ocr_line' id='line_1_42' title="bbox 162 2638 1737 2708; baseline -0.001 -14"><span class='ocrx_word' id='word_1_324' title='bbox 162 2638 456 2694; x_wconf 89' lang='lat' dir='ltr'><strong>admiratus</strong></span> <span class='ocrx_word' id='word_1_325' title='bbox 486 2638 748 2702; x_wconf 88' lang='lat' dir='ltr'><strong>medicus,</strong></span> <span class='ocrx_word' id='word_1_326' title='bbox 787 2638 1061 2708; x_wconf 75' lang='lat' dir='ltr'><strong>perrexit,</strong></span> <span class='ocrx_word' id='word_1_327' title='bbox 1105 2647 1162 2693; x_wconf 91' lang='lat' dir='ltr'><strong>et</strong></span> <span class='ocrx_word' id='word_1_328' title='bbox 1205 2638 1338 2693; x_wconf 87' lang='lat' dir='ltr'><strong>vidit</strong></span> <span class='ocrx_word' id='word_1_329' title='bbox 1374 2653 1496 2693; x_wconf 87' lang='lat' dir='ltr'><strong>eum</strong></span> <span class='ocrx_word' id='word_1_330' title='bbox 1533 2646 1737 2693; x_wconf 87' lang='lat' dir='ltr'><strong>terram</strong></span> 
     </span>
    </p>
   </div>
   <div class='ocr_carea' id='block_1_43' title="bbox 161 2726 1739 2799">
    <p class='ocr_par' dir='ltr' id='par_1_43' title="bbox 161 2726 1739 2799">
     <span class='ocr_line' id='line_1_43' title="bbox 161 2726 1739 2799; baseline 0.001 -17"><span class='ocrx_word' id='word_1_331' title='bbox 161 2727 480 2794; x_wconf 90' lang='lat' dir='ltr'><strong>fodientem,</strong></span> <span class='ocrx_word' id='word_1_332' title='bbox 525 2739 580 2784; x_wconf 89' lang='lat' dir='ltr'><strong>et</strong></span> <span class='ocrx_word' id='word_1_333' title='bbox 616 2726 937 2799; x_wconf 88' lang='lat' dir='ltr'><strong>gloriﬁcavit</strong></span> <span class='ocrx_word' id='word_1_334' title='bbox 984 2729 1174 2794; x_wconf 90' lang='lat' dir='ltr'><strong>Deum,</strong></span> <span class='ocrx_word' id='word_1_335' title='bbox 1203 2729 1293 2798; x_wconf 86' lang='lat' dir='ltr'><strong>qui</strong></span> <span class='ocrx_word' id='word_1_336' title='bbox 1327 2729 1378 2784; x_wconf 90' lang='lat' dir='ltr'><strong>ei</strong></span> <span class='ocrx_word' id='word_1_337' title='bbox 1423 2729 1739 2786; x_wconf 86' lang='lat' dir='ltr'><strong>reddiderat</strong></span> 
     </span>
    </p>
   </div>
   <div class='ocr_carea' id='block_1_44' title="bbox 159 2819 1738 2892">
    <p class='ocr_par' dir='ltr' id='par_1_44' title="bbox 159 2819 1738 2892">
     <span class='ocr_line' id='line_1_44' title="bbox 159 2819 1738 2892; baseline 0.003 -19"><span class='ocrx_word' id='word_1_338' title='bbox 159 2820 465 2874; x_wconf 87' lang='lat' dir='ltr'><strong>sanitatem.</strong></span> <span class='ocrx_word' id='word_1_339' title='bbox 495 2819 590 2875; x_wconf 83' lang='lat' dir='ltr'><strong>His</strong></span> <span class='ocrx_word' id='word_1_340' title='bbox 631 2821 762 2876; x_wconf 86' lang='lat' dir='ltr'><strong>satis</strong></span> <span class='ocrx_word' id='word_1_341' title='bbox 799 2821 1077 2875; x_wconf 80' lang='lat' dir='ltr'><strong>evidenter</strong></span> <span class='ocrx_word' id='word_1_342' title='bbox 1120 2821 1427 2878; x_wconf 89' lang='lat' dir='ltr'><strong>ostenditur</strong></span> <span class='ocrx_word' id='word_1_343' title='bbox 1475 2832 1738 2892; x_wconf 90' lang='lat' dir='ltr'><strong>quantum</strong></span> 
     </span>
    </p>
   </div>
   <div class='ocr_carea' id='block_1_45' title="bbox 157 2909 1738 2983">
    <p class='ocr_par' dir='ltr' id='par_1_45' title="bbox 157 2909 1738 2983">
     <span class='ocr_line' id='line_1_45' title="bbox 157 2909 1738 2983; baseline 0.004 -21"><span class='ocrx_word' id='word_1_344' title='bbox 157 2909 358 2963; x_wconf 89' lang='lat' dir='ltr'><strong>malum</strong></span> <span class='ocrx_word' id='word_1_345' title='bbox 398 2910 470 2964; x_wconf 90' lang='lat' dir='ltr'><strong>sit</strong></span> <span class='ocrx_word' id='word_1_346' title='bbox 510 2918 633 2981; x_wconf 91' lang='lat' dir='ltr'><strong>post</strong></span> <span class='ocrx_word' id='word_1_347' title='bbox 675 2912 1206 2968; x_wconf 87' lang='lat' dir='ltr'><strong>abrenuntiationem</strong></span> <span class='ocrx_word' id='word_1_348' title='bbox 1257 2913 1439 2968; x_wconf 69' lang='lat' dir='ltr'><strong>saeculi</strong></span> <span class='ocrx_word' id='word_1_349' title='bbox 1479 2915 1738 2983; x_wconf 87' lang='lat' dir='ltr'><strong>pecunias</strong></span> 
     </span>
    </p>
   </div>
   <div class='ocr_carea' id='block_1_46' title="bbox 157 2999 1735 3076">
    <p class='ocr_par' dir='ltr' id='par_1_46' title="bbox 157 2999 1735 3076">
     <span class='ocr_line' id='line_1_46' title="bbox 157 2999 1735 3076; baseline 0.004 -20"><span class='ocrx_word' id='word_1_350' title='bbox 157 2999 413 3071; x_wconf 87' lang='lat' dir='ltr'><strong>colligere</strong></span> <span class='ocrx_word' id='word_1_351' title='bbox 453 3011 508 3056; x_wconf 90' lang='lat' dir='ltr'><strong>et</strong></span> <span class='ocrx_word' id='word_1_352' title='bbox 559 3018 721 3058; x_wconf 86' lang='lat' dir='ltr'><strong>avare</strong></span> <span class='ocrx_word' id='word_1_353' title='bbox 760 3005 1016 3060; x_wconf 88' lang='lat' dir='ltr'><strong>retinere.</strong></span> <span class='ocrx_word' id='word_1_354' title='bbox 1094 3005 1246 3061; x_wconf 91' lang='lat' dir='ltr'><strong>Unde</strong></span> <span class='ocrx_word' id='word_1_355' title='bbox 1302 3008 1564 3076; x_wconf 86' lang='lat' dir='ltr'><strong>scriptum</strong></span> <span class='ocrx_word' id='word_1_356' title='bbox 1601 3017 1684 3063; x_wconf 90' lang='lat' dir='ltr'><strong>est</strong></span> <span class='ocrx_word' id='word_1_357' title='bbox 1722 3026 1735 3062; x_wconf 89' lang='lat'><strong>:</strong></span> 
     </span>
    </p>
   </div>
   <div class='ocr_carea' id='block_1_47' title="bbox 156 3092 1738 3170">
    <p class='ocr_par' dir='ltr' id='par_1_47' title="bbox 156 3092 1738 3170">
     <span class='ocr_line' id='line_1_47' title="bbox 156 3092 1738 3170; baseline 0.006 -25"><span class='ocrx_word' id='word_1_358' title='bbox 156 3092 328 3146; x_wconf 83' lang='lat' dir='ltr'><strong>Nemo</strong></span> <span class='ocrx_word' id='word_1_359' title='bbox 351 3095 555 3148; x_wconf 79' lang='lat' dir='ltr'><strong>mittens</strong></span> <span class='ocrx_word' id='word_1_360' title='bbox 583 3111 797 3150; x_wconf 87' lang='lat' dir='ltr'><strong>manum</strong></span> <span class='ocrx_word' id='word_1_361' title='bbox 825 3113 977 3150; x_wconf 75' lang='lat' dir='ltr'><strong>suam</strong></span> <span class='ocrx_word' id='word_1_362' title='bbox 1004 3097 1059 3151; x_wconf 85' lang='lat' dir='ltr'><strong>in</strong></span> <span class='ocrx_word' id='word_1_363' title='bbox 1088 3106 1352 3163; x_wconf 81' lang='lat' dir='ltr'><strong>aratrum,</strong></span> <span class='ocrx_word' id='word_1_364' title='bbox 1377 3108 1423 3152; x_wconf 82' lang='lat' dir='ltr'><strong>et</strong></span> <span class='ocrx_word' id='word_1_365' title='bbox 1454 3101 1738 3170; x_wconf 80' lang='lat' dir='ltr'><strong>respiciens</strong></span> 
     </span>
    </p>
   </div>
   <div class='ocr_carea' id='block_1_48' title="bbox 155 3187 1734 3262">
    <p class='ocr_par' dir='ltr' id='par_1_48' title="bbox 155 3187 1734 3262">
     <span class='ocr_line' id='line_1_48' title="bbox 155 3187 1734 3262; baseline 0.006 -25"><span class='ocrx_word' id='word_1_366' title='bbox 155 3193 316 3250; x_wconf 83' lang='lat' dir='ltr'><strong>retro,</strong></span> <span class='ocrx_word' id='word_1_367' title='bbox 345 3195 493 3255; x_wconf 79' lang='lat' dir='ltr'><strong>aptus</strong></span> <span class='ocrx_word' id='word_1_368' title='bbox 521 3196 596 3241; x_wconf 77' lang='lat' dir='ltr'><strong>est</strong></span> <span class='ocrx_word' id='word_1_369' title='bbox 625 3204 780 3258; x_wconf 88' lang='lat' dir='ltr'><strong>regno</strong></span> <span class='ocrx_word' id='word_1_370' title='bbox 806 3187 904 3242; x_wconf 90' lang='lat' dir='ltr'><strong>Dei</strong></span> <span class='ocrx_word' id='word_1_371' title='bbox 929 3187 1080 3260; x_wconf 85' lang='lat' dir='ltr'><strong>(Luc.</strong></span> <span class='ocrx_word' id='word_1_372' title='bbox 1121 3206 1202 3255; x_wconf 84' lang='lat' dir='ltr'><strong>1x,</strong></span> <span class='ocrx_word' id='word_1_373' title='bbox 1228 3190 1340 3262; x_wconf 74' lang='grc'><strong>62).</strong></span> <span class='ocrx_word' id='word_1_374' title='bbox 1374 3190 1508 3246; x_wconf 86' lang='lat' dir='ltr'><strong>Novi</strong></span> <span class='ocrx_word' id='word_1_375' title='bbox 1555 3200 1734 3247; x_wconf 87' lang='lat' dir='ltr'><strong>autem</strong></span> 
     </span>
    </p>
   </div>
   <div class='ocr_carea' id='block_1_49' title="bbox 153 3253 1810 3350">
    <p class='ocr_par' dir='ltr' id='par_1_49' title="bbox 153 3253 1810 3350">
     <span class='ocr_line' id='line_1_49' title="bbox 153 3253 1810 3350; baseline 0.007 -20"><span class='ocrx_word' id='word_1_376' title='bbox 153 3291 258 3348; x_wconf 88' lang='lat' dir='ltr'><strong>ego</strong></span> <span class='ocrx_word' id='word_1_377' title='bbox 294 3277 408 3348; x_wconf 89' lang='lat' dir='ltr'><strong>ipse</strong></span> <span class='ocrx_word' id='word_1_378' title='bbox 433 3277 719 3349; x_wconf 89' lang='lat' dir='ltr'><strong>quemdam</strong></span> <span class='ocrx_word' id='word_1_379' title='bbox 749 3278 992 3346; x_wconf 89' lang='lat' dir='ltr'><strong>fratrem,</strong></span> <span class='ocrx_word' id='word_1_380' title='bbox 1031 3296 1192 3350; x_wconf 91' lang='lat' dir='ltr'><strong>quem</strong></span> <span class='ocrx_word' id='word_1_381' title='bbox 1229 3282 1437 3337; x_wconf 89' lang='lat' dir='ltr'><strong>utinam</strong></span> <span class='ocrx_word' id='word_1_382' title='bbox 1477 3299 1585 3339; x_wconf 92' lang='lat' dir='ltr'><strong>non</strong></span> <span class='ocrx_word' id='word_1_383' title='bbox 1612 3301 1738 3341; x_wconf 86' lang='lat' dir='ltr'><strong>nos-</strong></span> <span class='ocrx_word' id='word_1_384' title='bbox 1764 3253 1810 3316; x_wconf 63' lang='grc' dir='ltr'>α</span> 
     </span>
    </p>
   </div>
   <div class='ocr_carea' id='block_1_50' title="bbox 155 3367 1740 3444">
    <p class='ocr_par' dir='ltr' id='par_1_50' title="bbox 155 3367 1740 3444">
     <span class='ocr_line' id='line_1_50' title="bbox 155 3367 1740 3444; baseline 0.006 -20"><span class='ocrx_word' id='word_1_385' title='bbox 155 3369 304 3424; x_wconf 88' lang='lat' dir='ltr'><strong>sem!</strong></span> <span class='ocrx_word' id='word_1_386' title='bbox 331 3367 484 3438; x_wconf 91' lang='lat' dir='ltr'><strong>cujus</strong></span> <span class='ocrx_word' id='word_1_387' title='bbox 509 3371 674 3426; x_wconf 90' lang='lat' dir='ltr'><strong>etiam</strong></span> <span class='ocrx_word' id='word_1_388' title='bbox 697 3387 912 3437; x_wconf 87' lang='lat' dir='ltr'><strong>nomen,</strong></span> <span class='ocrx_word' id='word_1_389' title='bbox 943 3373 990 3427; x_wconf 89' lang='lat' dir='ltr'><strong>si</strong></span> <span class='ocrx_word' id='word_1_390' title='bbox 1013 3372 1216 3443; x_wconf 90' lang='lat' dir='ltr'><strong>aliquid</strong></span> <span class='ocrx_word' id='word_1_391' title='bbox 1235 3377 1537 3444; x_wconf 89' lang='lat' dir='ltr'><strong>prodesset,</strong></span> <span class='ocrx_word' id='word_1_392' title='bbox 1554 3376 1740 3434; x_wconf 88' lang='lat' dir='ltr'><strong>dicere</strong></span> 
     </span>
    </p>
   </div>
   <div class='ocr_carea' id='block_1_51' title="bbox 151 3462 1740 3537">
    <p class='ocr_par' dir='ltr' id='par_1_51' title="bbox 151 3462 1740 3537">
     <span class='ocr_line' id='line_1_51' title="bbox 151 3462 1740 3537; baseline 0.004 -19"><span class='ocrx_word' id='word_1_393' title='bbox 151 3475 416 3534; x_wconf 80' lang='lat' dir='ltr'><strong>possem:</strong></span> <span class='ocrx_word' id='word_1_394' title='bbox 454 3462 547 3531; x_wconf 90' lang='lat' dir='ltr'><strong>qui</strong></span> <span class='ocrx_word' id='word_1_395' title='bbox 597 3464 697 3518; x_wconf 91' lang='lat' dir='ltr'><strong>sub</strong></span> <span class='ocrx_word' id='word_1_396' title='bbox 735 3464 961 3519; x_wconf 89' lang='lat' dir='ltr'><strong>obtentu</strong></span> <span class='ocrx_word' id='word_1_397' title='bbox 1009 3464 1288 3536; x_wconf 84' lang='lat' dir='ltr'><strong>religionis</strong></span> <span class='ocrx_word' id='word_1_398' title='bbox 1323 3467 1631 3537; x_wconf 81' lang='lat' dir='ltr'><strong>relinquere</strong></span> <span class='ocrx_word' id='word_1_399' title='bbox 1680 3484 1740 3524; x_wconf 90' lang='lat' dir='ltr'><strong>se</strong></span> 
     </span>
    </p>
   </div>
   <div class='ocr_carea' id='block_1_52' title="bbox 151 3553 1736 3629">
    <p class='ocr_par' dir='ltr' id='par_1_52' title="bbox 151 3553 1736 3629">
     <span class='ocr_line' id='line_1_52' title="bbox 151 3553 1736 3629; baseline 0.004 -19"><span class='ocrx_word' id='word_1_400' title='bbox 151 3553 420 3610; x_wconf 61' lang='lat' dir='ltr'><strong>saeculum</strong></span> <span class='ocrx_word' id='word_1_401' title='bbox 449 3554 622 3621; x_wconf 83' lang='lat' dir='ltr'><strong>ﬁnxit,</strong></span> <span class='ocrx_word' id='word_1_402' title='bbox 654 3565 710 3612; x_wconf 91' lang='lat' dir='ltr'><strong>et</strong></span> <span class='ocrx_word' id='word_1_403' title='bbox 742 3558 811 3612; x_wconf 89' lang='lat' dir='ltr'><strong>ad</strong></span> <span class='ocrx_word' id='word_1_404' title='bbox 838 3557 1138 3612; x_wconf 89' lang='lat' dir='ltr'><strong>solitariam</strong></span> <span class='ocrx_word' id='word_1_405' title='bbox 1167 3559 1360 3625; x_wconf 89' lang='lat' dir='ltr'><strong>vitam,</strong></span> <span class='ocrx_word' id='word_1_406' title='bbox 1397 3577 1506 3615; x_wconf 93' lang='lat' dir='ltr'><strong>non</strong></span> <span class='ocrx_word' id='word_1_407' title='bbox 1552 3563 1736 3629; x_wconf 86' lang='lat' dir='ltr'><strong>corde,</strong></span> 
     </span>
    </p>
   </div>
   <div class='ocr_carea' id='block_1_53' title="bbox 154 3642 1742 3715">
    <p class='ocr_par' dir='ltr' id='par_1_53' title="bbox 154 3642 1742 3715">
     <span class='ocr_line' id='line_1_53' title="bbox 154 3642 1742 3715; baseline 0.006 -17"><span class='ocrx_word' id='word_1_408' title='bbox 154 3642 260 3698; x_wconf 84' lang='lat' dir='ltr'><strong>sed</strong></span> <span class='ocrx_word' id='word_1_409' title='bbox 295 3658 523 3711; x_wconf 91' lang='lat' dir='ltr'><strong>corpore</strong></span> <span class='ocrx_word' id='word_1_410' title='bbox 555 3652 761 3699; x_wconf 90' lang='lat' dir='ltr'><strong>tantum</strong></span> <span class='ocrx_word' id='word_1_411' title='bbox 811 3647 1078 3715; x_wconf 81' lang='lat' dir='ltr'><strong>pervenit.</strong></span> <span class='ocrx_word' id='word_1_412' title='bbox 1109 3645 1244 3715; x_wconf 85' lang='lat' dir='ltr'><strong>Quia</strong></span> <span class='ocrx_word' id='word_1_413' title='bbox 1289 3657 1472 3704; x_wconf 90' lang='lat' dir='ltr'><strong>autem</strong></span> <span class='ocrx_word' id='word_1_414' title='bbox 1516 3667 1622 3706; x_wconf 90' lang='lat' dir='ltr'><strong>non</strong></span> <span class='ocrx_word' id='word_1_415' title='bbox 1655 3668 1742 3707; x_wconf 90' lang='lat' dir='ltr'><strong>so-</strong></span> 
     </span>
    </p>
   </div>
   <div class='ocr_carea' id='block_1_54' title="bbox 149 3734 1742 3806">
    <p class='ocr_par' dir='ltr' id='par_1_54' title="bbox 149 3734 1742 3806">
     <span class='ocr_line' id='line_1_54' title="bbox 149 3734 1742 3806; baseline 0.006 -18"><span class='ocrx_word' id='word_1_416' title='bbox 149 3734 275 3789; x_wconf 86' lang='lat' dir='ltr'><strong>lum</strong></span> <span class='ocrx_word' id='word_1_417' title='bbox 330 3743 455 3789; x_wconf 89' lang='lat' dir='ltr'><strong>ante</strong></span> <span class='ocrx_word' id='word_1_418' title='bbox 499 3736 707 3791; x_wconf 90' lang='lat' dir='ltr'><strong>habitas</strong></span> <span class='ocrx_word' id='word_1_419' title='bbox 747 3737 1116 3806; x_wconf 89' lang='lat' dir='ltr'><strong>possessiones</strong></span> <span class='ocrx_word' id='word_1_420' title='bbox 1160 3748 1215 3793; x_wconf 90' lang='lat' dir='ltr'><strong>et</strong></span> <span class='ocrx_word' id='word_1_421' title='bbox 1257 3740 1470 3795; x_wconf 87' lang='lat' dir='ltr'><strong>divitias</strong></span> <span class='ocrx_word' id='word_1_422' title='bbox 1500 3741 1742 3798; x_wconf 87' lang='lat' dir='ltr'><strong>funditus</strong></span> 
     </span>
    </p>
   </div>
   <div class='ocr_carea' id='block_1_55' title="bbox 145 3827 1742 3899">
    <p class='ocr_par' dir='ltr' id='par_1_55' title="bbox 145 3827 1742 3899">
     <span class='ocr_line' id='line_1_55' title="bbox 145 3827 1742 3899; baseline 0.004 -18"><span class='ocrx_word' id='word_1_423' title='bbox 145 3843 268 3882; x_wconf 86' lang='lat' dir='ltr'><strong>non</strong></span> <span class='ocrx_word' id='word_1_424' title='bbox 299 3827 593 3892; x_wconf 87' lang='lat' dir='ltr'><strong>distribuit,</strong></span> <span class='ocrx_word' id='word_1_425' title='bbox 632 3829 728 3885; x_wconf 84' lang='lat' dir='ltr'><strong>sed</strong></span> <span class='ocrx_word' id='word_1_426' title='bbox 755 3830 920 3883; x_wconf 86' lang='lat' dir='ltr'><strong>etiam</strong></span> <span class='ocrx_word' id='word_1_427' title='bbox 951 3830 996 3884; x_wconf 91' lang='lat' dir='ltr'><strong>si</strong></span> <span class='ocrx_word' id='word_1_428' title='bbox 1031 3845 1134 3899; x_wconf 88' lang='lat' dir='ltr'><strong>qua</strong></span> <span class='ocrx_word' id='word_1_429' title='bbox 1183 3829 1322 3885; x_wconf 89' lang='lat' dir='ltr'><strong>forte</strong></span> <span class='ocrx_word' id='word_1_430' title='bbox 1348 3831 1398 3886; x_wconf 91' lang='lat' dir='ltr'><strong>ei</strong></span> <span class='ocrx_word' id='word_1_431' title='bbox 1433 3848 1463 3885; x_wconf 86' lang='lat' dir='ltr'><strong>a</strong></span> <span class='ocrx_word' id='word_1_432' title='bbox 1491 3831 1742 3888; x_wconf 84' lang='lat' dir='ltr'><strong>ﬁdelibus</strong></span> 
     </span>
    </p>
   </div>
   <div class='ocr_carea' id='block_1_56' title="bbox 144 3918 1742 3985">
    <p class='ocr_par' dir='ltr' id='par_1_56' title="bbox 144 3918 1742 3985">
     <span class='ocr_line' id='line_1_56' title="bbox 144 3918 1742 3985; baseline 0.004 -12"><span class='ocrx_word' id='word_1_433' title='bbox 144 3918 378 3974; x_wconf 79' lang='lat' dir='ltr'><strong>fuerant</strong></span> <span class='ocrx_word' id='word_1_434' title='bbox 402 3919 602 3985; x_wconf 89' lang='lat' dir='ltr'><strong>oblata,</strong></span> <span class='ocrx_word' id='word_1_435' title='bbox 633 3935 794 3976; x_wconf 89' lang='lat' dir='ltr'><strong>avare</strong></span> <span class='ocrx_word' id='word_1_436' title='bbox 823 3921 1108 3976; x_wconf 87' lang='lat' dir='ltr'><strong>retinebat.</strong></span> <span class='ocrx_word' id='word_1_437' title='bbox 1138 3922 1336 3978; x_wconf 90' lang='lat' dir='ltr'><strong>Postea</strong></span> <span class='ocrx_word' id='word_1_438' title='bbox 1362 3939 1490 3979; x_wconf 89' lang='lat' dir='ltr'><strong>vero</strong></span> <span class='ocrx_word' id='word_1_439' title='bbox 1515 3925 1742 3980; x_wconf 91' lang='lat' dir='ltr'><strong>immisit</strong></span> 
     </span>
    </p>
   </div>
   <div class='ocr_carea' id='block_1_57' title="bbox 145 4011 1741 4088">
    <p class='ocr_par' dir='ltr' id='par_1_57' title="bbox 145 4011 1741 4088">
     <span class='ocr_line' id='line_1_57' title="bbox 145 4011 1741 4088; baseline 0.004 -22"><span class='ocrx_word' id='word_1_440' title='bbox 145 4011 204 4066; x_wconf 85' lang='lat' dir='ltr'><strong>ei</strong></span> <span class='ocrx_word' id='word_1_441' title='bbox 236 4011 490 4068; x_wconf 90' lang='lat' dir='ltr'><strong>diabolus</strong></span> <span class='ocrx_word' id='word_1_442' title='bbox 529 4012 585 4066; x_wconf 92' lang='lat' dir='ltr'><strong>in</strong></span> <span class='ocrx_word' id='word_1_443' title='bbox 611 4028 726 4079; x_wconf 92' lang='lat' dir='ltr'><strong>cor,</strong></span> <span class='ocrx_word' id='word_1_444' title='bbox 758 4022 820 4067; x_wconf 91' lang='lat' dir='ltr'><strong>ut</strong></span> <span class='ocrx_word' id='word_1_445' title='bbox 852 4013 921 4068; x_wconf 89' lang='lat' dir='ltr'><strong>ad</strong></span> <span class='ocrx_word' id='word_1_446' title='bbox 950 4013 1305 4083; x_wconf 89' lang='lat' dir='ltr'><strong>perferendas</strong></span> <span class='ocrx_word' id='word_1_447' title='bbox 1335 4015 1574 4083; x_wconf 83' lang='lat' dir='ltr'><strong>divitias,</strong></span> <span class='ocrx_word' id='word_1_448' title='bbox 1606 4033 1741 4088; x_wconf 90' lang='lat' dir='ltr'><strong>quas</strong></span> 
     </span>
    </p>
   </div>
   <div class='ocr_carea' id='block_1_58' title="bbox 141 4103 1736 4171">
    <p class='ocr_par' dir='ltr' id='par_1_58' title="bbox 141 4103 1736 4171">
     <span class='ocr_line' id='line_1_58' title="bbox 141 4103 1736 4171; baseline 0.004 -12"><span class='ocrx_word' id='word_1_449' title='bbox 141 4103 299 4159; x_wconf 87' lang='lat' dir='ltr'><strong>male</strong></span> <span class='ocrx_word' id='word_1_450' title='bbox 354 4113 699 4171; x_wconf 89' lang='lat' dir='ltr'><strong>servaverat,</strong></span> <span class='ocrx_word' id='word_1_451' title='bbox 746 4105 892 4162; x_wconf 88' lang='lat' dir='ltr'><strong>foras</strong></span> <span class='ocrx_word' id='word_1_452' title='bbox 921 4108 985 4162; x_wconf 91' lang='lat' dir='ltr'><strong>de</strong></span> <span class='ocrx_word' id='word_1_453' title='bbox 1027 4107 1160 4162; x_wconf 89' lang='lat' dir='ltr'><strong>cella</strong></span> <span class='ocrx_word' id='word_1_454' title='bbox 1189 4109 1512 4164; x_wconf 91' lang='lat' dir='ltr'><strong>retrusionis</strong></span> <span class='ocrx_word' id='word_1_455' title='bbox 1543 4112 1736 4166; x_wconf 88' lang='lat' dir='ltr'><strong>exiret.</strong></span> 
     </span>
    </p>
   </div>
   <div class='ocr_carea' id='block_1_59' title="bbox 143 4196 1742 4270">
    <p class='ocr_par' dir='ltr' id='par_1_59' title="bbox 143 4196 1742 4270">
     <span class='ocr_line' id='line_1_59' title="bbox 143 4196 1742 4270; baseline 0.006 -20"><span class='ocrx_word' id='word_1_456' title='bbox 143 4196 315 4264; x_wconf 85' lang='lat' dir='ltr'><strong>Quod</strong></span> <span class='ocrx_word' id='word_1_457' title='bbox 362 4196 439 4251; x_wconf 92' lang='lat' dir='ltr'><strong>ita</strong></span> <span class='ocrx_word' id='word_1_458' title='bbox 469 4205 524 4251; x_wconf 94' lang='lat' dir='ltr'><strong>et</strong></span> <span class='ocrx_word' id='word_1_459' title='bbox 569 4198 734 4260; x_wconf 85' lang='lat' dir='ltr'><strong>fecit;</strong></span> <span class='ocrx_word' id='word_1_460' title='bbox 769 4199 860 4268; x_wconf 92' lang='lat' dir='ltr'><strong>qui</strong></span> <span class='ocrx_word' id='word_1_461' title='bbox 887 4200 1125 4268; x_wconf 80' lang='lat' dir='ltr'><strong>quanth</strong></span> <span class='ocrx_word' id='word_1_462' title='bbox 1151 4199 1204 4255; x_wconf 92' lang='lat' dir='ltr'><strong>in</strong></span> <span class='ocrx_word' id='word_1_463' title='bbox 1242 4203 1495 4270; x_wconf 72' lang='lat' dir='ltr'><strong>prmsenti</strong></span> <span class='ocrx_word' id='word_1_464' title='bbox 1542 4204 1742 4259; x_wconf 79' lang='lat' dir='ltr'><strong>saeculo</strong></span> 
     </span>
    </p>
   </div>
   <div class='ocr_carea' id='block_1_60' title="bbox 146 4289 1744 4361">
    <p class='ocr_par' dir='ltr' id='par_1_60' title="bbox 146 4289 1744 4361">
     <span class='ocr_line' id='line_1_60' title="bbox 146 4289 1744 4361; baseline 0.003 -17"><span class='ocrx_word' id='word_1_465' title='bbox 146 4289 319 4354; x_wconf 78' lang='lat' dir='ltr'><strong>vixit,</strong></span> <span class='ocrx_word' id='word_1_466' title='bbox 354 4305 464 4344; x_wconf 90' lang='lat' dir='ltr'><strong>non</strong></span> <span class='ocrx_word' id='word_1_467' title='bbox 495 4291 667 4344; x_wconf 89' lang='lat' dir='ltr'><strong>solum</strong></span> <span class='ocrx_word' id='word_1_468' title='bbox 701 4290 1046 4361; x_wconf 90' lang='lat' dir='ltr'><strong>sihimetipsi,</strong></span> <span class='ocrx_word' id='word_1_469' title='bbox 1081 4292 1175 4347; x_wconf 91' lang='lat' dir='ltr'><strong>sed</strong></span> <span class='ocrx_word' id='word_1_470' title='bbox 1204 4292 1368 4347; x_wconf 89' lang='lat' dir='ltr'><strong>etiam</strong></span> <span class='ocrx_word' id='word_1_471' title='bbox 1397 4293 1553 4348; x_wconf 91' lang='lat' dir='ltr'><strong>nobis</strong></span> <span class='ocrx_word' id='word_1_472' title='bbox 1575 4296 1744 4349; x_wconf 91' lang='lat' dir='ltr'><strong>omni-</strong></span> 
     </span>
    </p>
   </div>
   <div class='ocr_carea' id='block_1_61' title="bbox 142 4381 1742 4454">
    <p class='ocr_par' dir='ltr' id='par_1_61' title="bbox 142 4381 1742 4454">
     <span class='ocr_line' id='line_1_61' title="bbox 142 4381 1742 4454; baseline 0.003 -18"><span class='ocrx_word' id='word_1_473' title='bbox 142 4383 258 4436; x_wconf 85' lang='lat' dir='ltr'><strong>bus</strong></span> <span class='ocrx_word' id='word_1_474' title='bbox 317 4381 372 4435; x_wconf 92' lang='lat' dir='ltr'><strong>in</strong></span> <span class='ocrx_word' id='word_1_475' title='bbox 417 4382 768 4452; x_wconf 88' lang='lat' dir='ltr'><strong>opprobrium</strong></span> <span class='ocrx_word' id='word_1_476' title='bbox 821 4381 949 4443; x_wconf 88' lang='lat' dir='ltr'><strong>fuit;</strong></span> <span class='ocrx_word' id='word_1_477' title='bbox 981 4391 1036 4438; x_wconf 90' lang='lat' dir='ltr'><strong>et</strong></span> <span class='ocrx_word' id='word_1_478' title='bbox 1090 4399 1197 4437; x_wconf 92' lang='lat' dir='ltr'><strong>non</strong></span> <span class='ocrx_word' id='word_1_479' title='bbox 1243 4384 1416 4438; x_wconf 91' lang='lat' dir='ltr'><strong>solum</strong></span> <span class='ocrx_word' id='word_1_480' title='bbox 1453 4393 1584 4440; x_wconf 92' lang='lat' dir='ltr'><strong>tunc</strong></span> <span class='ocrx_word' id='word_1_481' title='bbox 1624 4385 1742 4454; x_wconf 88' lang='lat' dir='ltr'><strong>ejus</strong></span> 
     </span>
    </p>
   </div>
   <div class='ocr_carea' id='block_1_62' title="bbox 140 4470 1743 4544">
    <p class='ocr_par' dir='ltr' id='par_1_62' title="bbox 140 4470 1743 4544">
     <span class='ocr_line' id='line_1_62' title="bbox 140 4470 1743 4544; baseline 0.003 -18"><span class='ocrx_word' id='word_1_482' title='bbox 140 4470 468 4539; x_wconf 79' lang='lat' dir='ltr'><strong>exemplum</strong></span> <span class='ocrx_word' id='word_1_483' title='bbox 513 4472 718 4537; x_wconf 89' lang='lat' dir='ltr'><strong>nocuit,</strong></span> <span class='ocrx_word' id='word_1_484' title='bbox 754 4473 848 4527; x_wconf 91' lang='lat' dir='ltr'><strong>sed</strong></span> <span class='ocrx_word' id='word_1_485' title='bbox 880 4475 1056 4530; x_wconf 88' lang='lat' dir='ltr'><strong>adhuc</strong></span> <span class='ocrx_word' id='word_1_486' title='bbox 1086 4474 1172 4529; x_wconf 90' lang='lat' dir='ltr'><strong>his</strong></span> <span class='ocrx_word' id='word_1_487' title='bbox 1199 4475 1291 4544; x_wconf 90' lang='lat' dir='ltr'><strong>qui</strong></span> <span class='ocrx_word' id='word_1_488' title='bbox 1321 4491 1444 4530; x_wconf 91' lang='lat' dir='ltr'><strong>eum</strong></span> <span class='ocrx_word' id='word_1_489' title='bbox 1476 4485 1743 4532; x_wconf 86' lang='lat' dir='ltr'><strong>noverunt</strong></span> 
     </span>
    </p>
   </div>
   <div class='ocr_carea' id='block_1_63' title="bbox 137 4562 1737 4632">
    <p class='ocr_par' dir='ltr' id='par_1_63' title="bbox 137 4562 1737 4632">
     <span class='ocr_line' id='line_1_63' title="bbox 137 4562 1737 4632; baseline 0.004 -15"><span class='ocrx_word' id='word_1_490' title='bbox 137 4562 334 4625; x_wconf 87' lang='lat' dir='ltr'><strong>obest,</strong></span> <span class='ocrx_word' id='word_1_491' title='bbox 362 4571 414 4616; x_wconf 91' lang='lat' dir='ltr'><strong>et</strong></span> <span class='ocrx_word' id='word_1_492' title='bbox 438 4562 636 4617; x_wconf 90' lang='lat' dir='ltr'><strong>futuris</strong></span> <span class='ocrx_word' id='word_1_493' title='bbox 665 4565 962 4619; x_wconf 85' lang='lat' dir='ltr'><strong>scientibus</strong></span> <span class='ocrx_word' id='word_1_494' title='bbox 1003 4566 1236 4620; x_wconf 88' lang='lat' dir='ltr'><strong>nocebit.</strong></span> <span class='ocrx_word' id='word_1_495' title='bbox 1270 4564 1406 4632; x_wconf 84' lang='lat' dir='ltr'><strong>Quia</strong></span> <span class='ocrx_word' id='word_1_496' title='bbox 1448 4577 1574 4622; x_wconf 89' lang='lat' dir='ltr'><strong>sunt</strong></span> <span class='ocrx_word' id='word_1_497' title='bbox 1602 4583 1737 4622; x_wconf 90' lang='lat' dir='ltr'><strong>non-</strong></span> 
     </span>
    </p>
   </div>
   <div class='ocr_carea' id='block_1_64' title="bbox 134 4652 1736 4735">
    <p class='ocr_par' dir='ltr' id='par_1_64' title="bbox 134 4652 1736 4735">
     <span class='ocr_line' id='line_1_64' title="bbox 134 4652 1736 4735; baseline 0.002 -27"><span class='ocrx_word' id='word_1_498' title='bbox 134 4652 314 4717; x_wconf 86' lang='lat' dir='ltr'><strong>nulli,</strong></span> <span class='ocrx_word' id='word_1_499' title='bbox 342 4653 458 4724; x_wconf 91' lang='lat' dir='ltr'><strong>qui,</strong></span> <span class='ocrx_word' id='word_1_500' title='bbox 491 4655 762 4724; x_wconf 88' lang='lat' dir='ltr'><strong>despectis</strong></span> <span class='ocrx_word' id='word_1_501' title='bbox 790 4656 969 4710; x_wconf 89' lang='lat' dir='ltr'><strong>carnis</strong></span> <span class='ocrx_word' id='word_1_502' title='bbox 1007 4655 1312 4735; x_wconf 84' lang='lat' dir='ltr'><strong>desideriis,</strong></span> <span class='ocrx_word' id='word_1_503' title='bbox 1345 4666 1540 4712; x_wconf 89' lang='lat' dir='ltr'><strong>cuncta</strong></span> <span class='ocrx_word' id='word_1_504' title='bbox 1573 4657 1736 4713; x_wconf 89' lang='lat' dir='ltr'><strong>relin-</strong></span> 
     </span>
    </p>
   </div>
   <div class='ocr_carea' id='block_1_65' title="bbox 133 4748 1740 4820">
    <p class='ocr_par' dir='ltr' id='par_1_65' title="bbox 133 4748 1740 4820">
     <span class='ocr_line' id='line_1_65' title="bbox 133 4748 1740 4820; baseline 0.004 -21"><span class='ocrx_word' id='word_1_505' title='bbox 133 4760 329 4816; x_wconf 85' lang='lat' dir='ltr'><strong>quere</strong></span> <span class='ocrx_word' id='word_1_506' title='bbox 377 4754 735 4817; x_wconf 82' lang='lat' dir='ltr'><strong>pertractant,</strong></span> <span class='ocrx_word' id='word_1_507' title='bbox 793 4748 888 4802; x_wconf 89' lang='lat' dir='ltr'><strong>sed</strong></span> <span class='ocrx_word' id='word_1_508' title='bbox 934 4763 1060 4802; x_wconf 91' lang='lat' dir='ltr'><strong>cum</strong></span> <span class='ocrx_word' id='word_1_509' title='bbox 1108 4749 1371 4804; x_wconf 88' lang='lat' dir='ltr'><strong>cecidisse</strong></span> <span class='ocrx_word' id='word_1_510' title='bbox 1415 4748 1568 4803; x_wconf 90' lang='lat' dir='ltr'><strong>illum</strong></span> <span class='ocrx_word' id='word_1_511' title='bbox 1616 4761 1740 4820; x_wconf 92' lang='lat' dir='ltr'><strong>post</strong></span> 
     </span>
    </p>
   </div>
   <div class='ocr_carea' id='block_1_66' title="bbox 127 4837 1738 4910">
    <p class='ocr_par' dir='ltr' id='par_1_66' title="bbox 127 4837 1738 4910">
     <span class='ocr_line' id='line_1_66' title="bbox 127 4837 1738 4910; baseline -0.001 -14"><span class='ocrx_word' id='word_1_512' title='bbox 127 4837 343 4909; x_wconf 79' lang='lat' dir='ltr'><strong>aperis</strong></span> <span class='ocrx_word' id='word_1_513' title='bbox 373 4839 585 4894; x_wconf 91' lang='lat' dir='ltr'><strong>initium</strong></span> <span class='ocrx_word' id='word_1_514' title='bbox 637 4840 996 4908; x_wconf 91' lang='lat' dir='ltr'><strong>conspiciunt,</strong></span> <span class='ocrx_word' id='word_1_515' title='bbox 1038 4841 1142 4894; x_wconf 91' lang='lat' dir='ltr'><strong>hoc</strong></span> <span class='ocrx_word' id='word_1_516' title='bbox 1172 4841 1346 4910; x_wconf 91' lang='lat' dir='ltr'><strong>ipsum</strong></span> <span class='ocrx_word' id='word_1_517' title='bbox 1385 4839 1568 4896; x_wconf 88' lang='lat' dir='ltr'><strong>facere</strong></span> <span class='ocrx_word' id='word_1_518' title='bbox 1593 4841 1738 4910; x_wconf 88' lang='lat' dir='ltr'><strong>quod</strong></span> 
     </span>
    </p>
   </div>
   <div class='ocr_carea' id='block_1_67' title="bbox 130 4931 1738 5003">
    <p class='ocr_par' dir='ltr' id='par_1_67' title="bbox 130 4931 1738 5003">
     <span class='ocr_line' id='line_1_67' title="bbox 130 4931 1738 5003; baseline 0.003 -19"><span class='ocrx_word' id='word_1_519' title='bbox 130 4931 597 4988; x_wconf 86' lang='lat' dir='ltr'><strong>deliberaverant</strong></span> <span class='ocrx_word' id='word_1_520' title='bbox 645 4933 1056 5003; x_wconf 89' lang='lat' dir='ltr'><strong>pertimescunt.</strong></span> <span class='ocrx_word' id='word_1_521' title='bbox 1113 4931 1247 4986; x_wconf 89' lang='lat' dir='ltr'><strong>Nam</strong></span> <span class='ocrx_word' id='word_1_522' title='bbox 1295 4941 1351 4988; x_wconf 90' lang='lat' dir='ltr'><strong>et</strong></span> <span class='ocrx_word' id='word_1_523' title='bbox 1393 4934 1481 4988; x_wconf 92' lang='lat' dir='ltr'><strong>isti</strong></span> <span class='ocrx_word' id='word_1_524' title='bbox 1531 4935 1587 4988; x_wconf 91' lang='lat' dir='ltr'><strong>in</strong></span> <span class='ocrx_word' id='word_1_525' title='bbox 1633 4935 1738 4989; x_wconf 88' lang='lat' dir='ltr'><strong>hoc</strong></span> 
     </span>
    </p>
   </div>
   <div class='ocr_carea' id='block_1_68' title="bbox 127 5021 1741 5093">
    <p class='ocr_par' dir='ltr' id='par_1_68' title="bbox 127 5021 1741 5093">
     <span class='ocr_line' id='line_1_68' title="bbox 127 5021 1741 5093; baseline 0 -15"><span class='ocrx_word' id='word_1_526' title='bbox 127 5021 324 5078; x_wconf 87' lang='lat' dir='ltr'><strong>etiam</strong></span> <span class='ocrx_word' id='word_1_527' title='bbox 357 5025 620 5092; x_wconf 85' lang='lat' dir='ltr'><strong>arguendi</strong></span> <span class='ocrx_word' id='word_1_528' title='bbox 646 5033 789 5087; x_wconf 90' lang='lat' dir='ltr'><strong>sunt,</strong></span> <span class='ocrx_word' id='word_1_529' title='bbox 824 5032 882 5076; x_wconf 92' lang='lat' dir='ltr'><strong>ut</strong></span> <span class='ocrx_word' id='word_1_530' title='bbox 914 5024 960 5078; x_wconf 91' lang='lat' dir='ltr'><strong>si</strong></span> <span class='ocrx_word' id='word_1_531' title='bbox 989 5030 1158 5078; x_wconf 91' lang='lat' dir='ltr'><strong>malos</strong></span> <span class='ocrx_word' id='word_1_532' title='bbox 1187 5024 1577 5093; x_wconf 90' lang='lat' dir='ltr'><strong>pertimescunt</strong></span> <span class='ocrx_word' id='word_1_533' title='bbox 1623 5025 1741 5078; x_wconf 84' lang='lat' dir='ltr'><strong>imi-</strong></span> 
     </span>
    </p>
   </div>
   <div class='ocr_carea' id='block_1_69' title="bbox 127 5113 1744 5186">
    <p class='ocr_par' dir='ltr' id='par_1_69' title="bbox 127 5113 1744 5186">
     <span class='ocr_line' id='line_1_69' title="bbox 127 5113 1744 5186; baseline 0.001 -17"><span class='ocrx_word' id='word_1_534' title='bbox 127 5113 258 5169; x_wconf 83' lang='lat' dir='ltr'><strong>tari</strong></span> <span class='ocrx_word' id='word_1_535' title='bbox 327 5115 384 5168; x_wconf 90' lang='lat' dir='ltr'><strong>in</strong></span> <span class='ocrx_word' id='word_1_536' title='bbox 425 5116 622 5171; x_wconf 90' lang='lat' dir='ltr'><strong>malum</strong></span> <span class='ocrx_word' id='word_1_537' title='bbox 655 5157 669 5182; x_wconf 93' lang='lat'><strong>,</strong></span> <span class='ocrx_word' id='word_1_538' title='bbox 725 5133 822 5170; x_wconf 90' lang='lat' dir='ltr'><strong>cur</strong></span> <span class='ocrx_word' id='word_1_539' title='bbox 859 5115 1001 5186; x_wconf 89' lang='lat' dir='ltr'><strong>pigri</strong></span> <span class='ocrx_word' id='word_1_540' title='bbox 1044 5125 1170 5177; x_wconf 91' lang='lat' dir='ltr'><strong>sunt</strong></span> <span class='ocrx_word' id='word_1_541' title='bbox 1217 5115 1386 5171; x_wconf 92' lang='lat' dir='ltr'><strong>bonos</strong></span> <span class='ocrx_word' id='word_1_542' title='bbox 1439 5117 1640 5171; x_wconf 90' lang='lat' dir='ltr'><strong>imitari</strong></span> <span class='ocrx_word' id='word_1_543' title='bbox 1689 5119 1744 5172; x_wconf 89' lang='lat' dir='ltr'><strong>in</strong></span> 
     </span>
    </p>
   </div>
   <div class='ocr_carea' id='block_1_70' title="bbox 1840 1995 3420 2071">
    <p class='ocr_par' dir='ltr' id='par_1_70' title="bbox 1840 1995 3420 2071">
     <span class='ocr_line' id='line_1_70' title="bbox 1840 1995 3420 2071; baseline 0.009 -24"><span class='ocrx_word' id='word_1_544' title='bbox 1840 1995 2132 2063; x_wconf 86' lang='lat' dir='ltr'><strong>expediunt</strong></span> <span class='ocrx_word' id='word_1_545' title='bbox 2159 1997 2455 2068; x_wconf 92' lang='lat' dir='ltr'><strong>dispensat,</strong></span> <span class='ocrx_word' id='word_1_546' title='bbox 2481 2005 2538 2053; x_wconf 92' lang='lat' dir='ltr'><strong>et</strong></span> <span class='ocrx_word' id='word_1_547' title='bbox 2562 2000 2866 2056; x_wconf 90' lang='lat' dir='ltr'><strong>commissis</strong></span> <span class='ocrx_word' id='word_1_548' title='bbox 2895 2002 3264 2071; x_wconf 67' lang='lat' dir='ltr'><strong>sibi\qualiter</strong></span> <span class='ocrx_word' id='word_1_549' title='bbox 3292 2006 3420 2061; x_wconf 87' lang='lat' dir='ltr'><strong>sub-</strong></span> 
     </span>
    </p>
   </div>
   <div class='ocr_carea' id='block_1_71' title="bbox 1839 2084 3418 2159">
    <p class='ocr_par' dir='ltr' id='par_1_71' title="bbox 1839 2084 3418 2159">
     <span class='ocr_line' id='line_1_71' title="bbox 1839 2084 3418 2159; baseline 0.009 -22"><span class='ocrx_word' id='word_1_550' title='bbox 1839 2084 2034 2140; x_wconf 87' lang='lat' dir='ltr'><strong>sistere</strong></span> <span class='ocrx_word' id='word_1_551' title='bbox 2067 2090 2308 2152; x_wconf 89' lang='lat' dir='ltr'><strong>valeant,</strong></span> <span class='ocrx_word' id='word_1_552' title='bbox 2342 2088 2574 2144; x_wconf 90' lang='lat' dir='ltr'><strong>sollicite</strong></span> <span class='ocrx_word' id='word_1_553' title='bbox 2595 2090 2864 2159; x_wconf 89' lang='lat' dir='ltr'><strong>providet.</strong></span> <span class='ocrx_word' id='word_1_554' title='bbox 2901 2092 3034 2159; x_wconf 85' lang='lat' dir='ltr'><strong>Quae</strong></span> <span class='ocrx_word' id='word_1_555' title='bbox 3062 2104 3268 2148; x_wconf 89' lang='lat' dir='ltr'><strong>etcum</strong></span> <span class='ocrx_word' id='word_1_556' title='bbox 3295 2111 3418 2150; x_wconf 86' lang='lat' dir='ltr'><strong>cor—</strong></span> 
     </span>
    </p>
   </div>
   <div class='ocr_carea' id='block_1_72' title="bbox 1839 2176 3418 2251">
    <p class='ocr_par' dir='ltr' id='par_1_72' title="bbox 1839 2176 3418 2251">
     <span class='ocr_line' id='line_1_72' title="bbox 1839 2176 3418 2251; baseline 0.007 -23"><span class='ocrx_word' id='word_1_557' title='bbox 1839 2189 1972 2244; x_wconf 82' lang='lat' dir='ltr'><strong>pore</strong></span> <span class='ocrx_word' id='word_1_558' title='bbox 1996 2182 2051 2230; x_wconf 91' lang='lat' dir='ltr'><strong>et</strong></span> <span class='ocrx_word' id='word_1_559' title='bbox 2079 2176 2133 2229; x_wconf 92' lang='lat' dir='ltr'><strong>in</strong></span> <span class='ocrx_word' id='word_1_560' title='bbox 2160 2178 2413 2246; x_wconf 71' lang='lat' dir='ltr'><strong>praasenti</strong></span> <span class='ocrx_word' id='word_1_561' title='bbox 2439 2177 2598 2240; x_wconf 86' lang='lat' dir='ltr'><strong>ﬁunt,</strong></span> <span class='ocrx_word' id='word_1_562' title='bbox 2636 2187 2693 2234; x_wconf 92' lang='lat' dir='ltr'><strong>et</strong></span> <span class='ocrx_word' id='word_1_563' title='bbox 2717 2194 2840 2235; x_wconf 92' lang='lat' dir='ltr'><strong>cum</strong></span> <span class='ocrx_word' id='word_1_564' title='bbox 2874 2197 3103 2251; x_wconf 89' lang='lat' dir='ltr'><strong>corpore</strong></span> <span class='ocrx_word' id='word_1_565' title='bbox 3131 2183 3418 2250; x_wconf 91' lang='lat' dir='ltr'><strong>deﬁciunt,</strong></span> 
     </span>
    </p>
   </div>
   <div class='ocr_carea' id='block_1_73' title="bbox 1841 2266 3421 2340">
    <p class='ocr_par' dir='ltr' id='par_1_73' title="bbox 1841 2266 3421 2340">
     <span class='ocr_line' id='line_1_73' title="bbox 1841 2266 3421 2340; baseline 0.009 -24"><span class='ocrx_word' id='word_1_566' title='bbox 1841 2271 1896 2316; x_wconf 89' lang='lat' dir='ltr'><strong>et</strong></span> <span class='ocrx_word' id='word_1_567' title='bbox 1921 2272 2102 2320; x_wconf 83' lang='lat' dir='ltr'><strong>tamen</strong></span> <span class='ocrx_word' id='word_1_568' title='bbox 2134 2281 2344 2321; x_wconf 89' lang='lat' dir='ltr'><strong>merces</strong></span> <span class='ocrx_word' id='word_1_569' title='bbox 2383 2266 2544 2336; x_wconf 87' lang='lat' dir='ltr'><strong>hujus</strong></span> <span class='ocrx_word' id='word_1_570' title='bbox 2567 2270 2693 2326; x_wconf 62' lang='lat' dir='ltr'><strong>vita:</strong></span> <span class='ocrx_word' id='word_1_571' title='bbox 2717 2281 3001 2340; x_wconf 88' lang='lat' dir='ltr'><strong>permanet</strong></span> <span class='ocrx_word' id='word_1_572' title='bbox 3037 2274 3094 2328; x_wconf 91' lang='lat' dir='ltr'><strong>in</strong></span> <span class='ocrx_word' id='word_1_573' title='bbox 3136 2284 3421 2331; x_wconf 84' lang='lat' dir='ltr'><strong>aeternum.</strong></span> 
     </span>
    </p>
   </div>
   <div class='ocr_carea' id='block_1_74' title="bbox 1840 2356 3422 2430">
    <p class='ocr_par' dir='ltr' id='par_1_74' title="bbox 1840 2356 3422 2430">
     <span class='ocr_line' id='line_1_74' title="bbox 1840 2356 3422 2430; baseline 0.008 -19"><span class='ocrx_word' id='word_1_574' title='bbox 1840 2356 2271 2428; x_wconf 89' lang='lat' dir='ltr'><strong>Contemplativa</strong></span> <span class='ocrx_word' id='word_1_575' title='bbox 2298 2376 2514 2430; x_wconf 89' lang='lat' dir='ltr'><strong>quoque</strong></span> <span class='ocrx_word' id='word_1_576' title='bbox 2559 2363 2670 2416; x_wconf 87' lang='lat' dir='ltr'><strong>vita</strong></span> <span class='ocrx_word' id='word_1_577' title='bbox 2717 2372 2802 2419; x_wconf 90' lang='lat' dir='ltr'><strong>est</strong></span> <span class='ocrx_word' id='word_1_578' title='bbox 2846 2365 3193 2422; x_wconf 88' lang='lat' dir='ltr'><strong>dilectionem</strong></span> <span class='ocrx_word' id='word_1_579' title='bbox 3241 2369 3337 2424; x_wconf 90' lang='lat' dir='ltr'><strong>Dei</strong></span> <span class='ocrx_word' id='word_1_580' title='bbox 3365 2377 3422 2424; x_wconf 90' lang='lat' dir='ltr'><strong>et</strong></span> 
     </span>
    </p>
   </div>
   <div class='ocr_carea' id='block_1_75' title="bbox 1838 2448 3425 2519">
    <p class='ocr_par' dir='ltr' id='par_1_75' title="bbox 1838 2448 3425 2519">
     <span class='ocr_line' id='line_1_75' title="bbox 1838 2448 3425 2519; baseline 0.009 -19"><span class='ocrx_word' id='word_1_581' title='bbox 1838 2448 2075 2517; x_wconf 79' lang='lat' dir='ltr'><strong>proximi</strong></span> <span class='ocrx_word' id='word_1_582' title='bbox 2105 2458 2217 2504; x_wconf 87' lang='lat' dir='ltr'><strong>tota</strong></span> <span class='ocrx_word' id='word_1_583' title='bbox 2243 2459 2425 2506; x_wconf 91' lang='lat' dir='ltr'><strong>mente</strong></span> <span class='ocrx_word' id='word_1_584' title='bbox 2459 2453 2714 2519; x_wconf 90' lang='lat' dir='ltr'><strong>retinere,</strong></span> <span class='ocrx_word' id='word_1_585' title='bbox 2746 2457 3062 2511; x_wconf 84' lang='lat' dir='ltr'><strong>transitoria</strong></span> <span class='ocrx_word' id='word_1_586' title='bbox 3093 2467 3289 2514; x_wconf 90' lang='lat' dir='ltr'><strong>cuncta</strong></span> <span class='ocrx_word' id='word_1_587' title='bbox 3332 2461 3425 2516; x_wconf 83' lang='lat' dir='ltr'><strong>de-</strong></span> 
     </span>
    </p>
   </div>
   <div class='ocr_carea' id='block_1_76' title="bbox 1841 2539 3423 2620">
    <p class='ocr_par' dir='ltr' id='par_1_76' title="bbox 1841 2539 3423 2620">
     <span class='ocr_line' id='line_1_76' title="bbox 1841 2539 3423 2620; baseline 0.009 -27"><span class='ocrx_word' id='word_1_588' title='bbox 1841 2539 2074 2608; x_wconf 89' lang='lat' dir='ltr'><strong>spicere,</strong></span> <span class='ocrx_word' id='word_1_589' title='bbox 2102 2541 2336 2596; x_wconf 91' lang='lat' dir='ltr'><strong>visibilia</strong></span> <span class='ocrx_word' id='word_1_590' title='bbox 2364 2551 2710 2613; x_wconf 89' lang='lat' dir='ltr'><strong>postponere,</strong></span> <span class='ocrx_word' id='word_1_591' title='bbox 2741 2548 3116 2603; x_wconf 88' lang='lat' dir='ltr'><strong>tantummodo</strong></span> <span class='ocrx_word' id='word_1_592' title='bbox 3158 2565 3281 2620; x_wconf 67' lang='lat' dir='ltr'><strong>quae</strong></span> <span class='ocrx_word' id='word_1_593' title='bbox 3307 2564 3423 2606; x_wconf 69' lang='lat' dir='ltr'><strong>caa-</strong></span> 
     </span>
    </p>
   </div>
   <div class='ocr_carea' id='block_1_77' title="bbox 1840 2629 3425 2714">
    <p class='ocr_par' dir='ltr' id='par_1_77' title="bbox 1840 2629 3425 2714">
     <span class='ocr_line' id='line_1_77' title="bbox 1840 2629 3425 2714; baseline 0.011 -30"><span class='ocrx_word' id='word_1_594' title='bbox 1840 2629 2002 2687; x_wconf 90' lang='lat' dir='ltr'><strong>lestia</strong></span> <span class='ocrx_word' id='word_1_595' title='bbox 2045 2641 2173 2688; x_wconf 90' lang='lat' dir='ltr'><strong>sunt</strong></span> <span class='ocrx_word' id='word_1_596' title='bbox 2215 2635 2543 2692; x_wconf 90' lang='lat' dir='ltr'><strong>desiderare.</strong></span> <span class='ocrx_word' id='word_1_597' title='bbox 2603 2636 2739 2692; x_wconf 87' lang='lat' dir='ltr'><strong>Nam</strong></span> <span class='ocrx_word' id='word_1_598' title='bbox 2785 2641 3204 2714; x_wconf 88' lang='lat' dir='ltr'><strong>contemplativa</strong></span> <span class='ocrx_word' id='word_1_599' title='bbox 3241 2645 3354 2700; x_wconf 88' lang='lat' dir='ltr'><strong>vita</strong></span> <span class='ocrx_word' id='word_1_600' title='bbox 3392 2661 3425 2700; x_wconf 84' lang='lat' dir='ltr'><strong>a</strong></span> 
     </span>
    </p>
   </div>
   <div class='ocr_carea' id='block_1_78' title="bbox 1843 2725 3428 2808">
    <p class='ocr_par' dir='ltr' id='par_1_78' title="bbox 1843 2725 3428 2808">
     <span class='ocr_line' id='line_1_78' title="bbox 1843 2725 3428 2808; baseline 0.009 -28"><span class='ocrx_word' id='word_1_601' title='bbox 1843 2725 2282 2798; x_wconf 77' lang='lat' dir='ltr'><strong>contemplando,</strong></span> <span class='ocrx_word' id='word_1_602' title='bbox 2329 2729 2432 2784; x_wconf 92' lang='lat' dir='ltr'><strong>hoc</strong></span> <span class='ocrx_word' id='word_1_603' title='bbox 2460 2737 2545 2785; x_wconf 91' lang='lat' dir='ltr'><strong>est</strong></span> <span class='ocrx_word' id='word_1_604' title='bbox 2568 2731 2822 2798; x_wconf 87' lang='lat' dir='ltr'><strong>videndo,</strong></span> <span class='ocrx_word' id='word_1_605' title='bbox 2853 2748 3053 2789; x_wconf 88' lang='lat' dir='ltr'><strong>nomen</strong></span> <span class='ocrx_word' id='word_1_606' title='bbox 3080 2738 3324 2808; x_wconf 86' lang='lat' dir='ltr'><strong>accepit;</strong></span> <span class='ocrx_word' id='word_1_607' title='bbox 3371 2739 3428 2793; x_wconf 92' lang='lat' dir='ltr'><strong>in</strong></span> 
     </span>
    </p>
   </div>
   <div class='ocr_carea' id='block_1_79' title="bbox 1843 2826 3426 2888">
    <p class='ocr_par' dir='ltr' id='par_1_79' title="bbox 1843 2826 3426 2888">
     <span class='ocr_line' id='line_1_79' title="bbox 1843 2826 3426 2888; baseline 0.009 -15"><span class='ocrx_word' id='word_1_608' title='bbox 1843 2833 1948 2888; x_wconf 90' lang='lat' dir='ltr'><strong>qua</strong></span> <span class='ocrx_word' id='word_1_609' title='bbox 1979 2831 2281 2876; x_wconf 87' lang='lat' dir='ltr'><strong>creatorem</strong></span> <span class='ocrx_word' id='word_1_610' title='bbox 2309 2838 2467 2877; x_wconf 91' lang='lat' dir='ltr'><strong>suum</strong></span> <span class='ocrx_word' id='word_1_611' title='bbox 2492 2832 2738 2879; x_wconf 86' lang='lat' dir='ltr'><strong>creatura</strong></span> <span class='ocrx_word' id='word_1_612' title='bbox 2772 2826 3156 2885; x_wconf 88' lang='lat' dir='ltr'><strong>intellectualis</strong></span> <span class='ocrx_word' id='word_1_613' title='bbox 3185 2830 3254 2886; x_wconf 89' lang='lat' dir='ltr'><strong>ab</strong></span> <span class='ocrx_word' id='word_1_614' title='bbox 3276 2833 3426 2888; x_wconf 90' lang='lat' dir='ltr'><strong>omni</strong></span> 
     </span>
    </p>
   </div>
   <div class='ocr_carea' id='block_1_80' title="bbox 1840 2915 3426 2996">
    <p class='ocr_par' dir='ltr' id='par_1_80' title="bbox 1840 2915 3426 2996">
     <span class='ocr_line' id='line_1_80' title="bbox 1840 2915 3426 2996; baseline 0.009 -30"><span class='ocrx_word' id='word_1_615' title='bbox 1840 2921 2065 2982; x_wconf 89' lang='lat' dir='ltr'><strong>peccato</strong></span> <span class='ocrx_word' id='word_1_616' title='bbox 2087 2923 2316 2984; x_wconf 89' lang='lat' dir='ltr'><strong>purgata</strong></span> <span class='ocrx_word' id='word_1_617' title='bbox 2345 2916 2527 2970; x_wconf 90' lang='lat' dir='ltr'><strong>visura</strong></span> <span class='ocrx_word' id='word_1_618' title='bbox 2555 2924 2660 2971; x_wconf 88' lang='lat' dir='ltr'><strong>est.</strong></span> <span class='ocrx_word' id='word_1_619' title='bbox 2694 2915 2801 2973; x_wconf 90' lang='lat' dir='ltr'><strong>Sed</strong></span> <span class='ocrx_word' id='word_1_620' title='bbox 2838 2927 2894 2974; x_wconf 89' lang='lat' dir='ltr'><strong>et</strong></span> <span class='ocrx_word' id='word_1_621' title='bbox 2941 2921 2988 2976; x_wconf 91' lang='lat' dir='ltr'><strong>si</strong></span> <span class='ocrx_word' id='word_1_622' title='bbox 3041 2937 3162 2976; x_wconf 90' lang='lat' dir='ltr'><strong>eam</strong></span> <span class='ocrx_word' id='word_1_623' title='bbox 3205 2924 3426 2996; x_wconf 88' lang='lat' dir='ltr'><strong>diligen-</strong></span> 
     </span>
    </p>
   </div>
   <div class='ocr_carea' id='block_1_81' title="bbox 1843 3005 3425 3083">
    <p class='ocr_par' dir='ltr' id='par_1_81' title="bbox 1843 3005 3425 3083">
     <span class='ocr_line' id='line_1_81' title="bbox 1843 3005 3425 3083; baseline 0.009 -25"><span class='ocrx_word' id='word_1_624' title='bbox 1843 3013 1927 3058; x_wconf 88' lang='lat' dir='ltr'><strong>ter</strong></span> <span class='ocrx_word' id='word_1_625' title='bbox 1946 3005 2292 3060; x_wconf 85' lang='lat' dir='ltr'><strong>considerare</strong></span> <span class='ocrx_word' id='word_1_626' title='bbox 2317 3006 2576 3073; x_wconf 88' lang='lat' dir='ltr'><strong>velimus,</strong></span> <span class='ocrx_word' id='word_1_627' title='bbox 2606 3016 2663 3064; x_wconf 88' lang='lat' dir='ltr'><strong>et</strong></span> <span class='ocrx_word' id='word_1_628' title='bbox 2678 3007 2792 3077; x_wconf 89' lang='lat' dir='ltr'><strong>jam</strong></span> <span class='ocrx_word' id='word_1_629' title='bbox 2816 3010 2870 3063; x_wconf 91' lang='lat' dir='ltr'><strong>in</strong></span> <span class='ocrx_word' id='word_1_630' title='bbox 2915 3011 3018 3066; x_wconf 92' lang='lat' dir='ltr'><strong>hoc</strong></span> <span class='ocrx_word' id='word_1_631' title='bbox 3043 3010 3218 3083; x_wconf 87' lang='lat' dir='ltr'><strong>fragili</strong></span> <span class='ocrx_word' id='word_1_632' title='bbox 3245 3013 3425 3072; x_wconf 86' lang='lat' dir='ltr'><strong>taber-</strong></span> 
     </span>
    </p>
   </div>
   <div class='ocr_carea' id='block_1_82' title="bbox 1842 3095 3428 3173">
    <p class='ocr_par' dir='ltr' id='par_1_82' title="bbox 1842 3095 3428 3173">
     <span class='ocr_line' id='line_1_82' title="bbox 1842 3095 3428 3173; baseline 0.007 -25"><span class='ocrx_word' id='word_1_633' title='bbox 1842 3095 2034 3150; x_wconf 89' lang='lat' dir='ltr'><strong>naculo</strong></span> <span class='ocrx_word' id='word_1_634' title='bbox 2060 3136 2075 3160; x_wconf 97' lang='lat'><strong>,</strong></span> <span class='ocrx_word' id='word_1_635' title='bbox 2104 3096 2196 3150; x_wconf 91' lang='lat' dir='ltr'><strong>ubi</strong></span> <span class='ocrx_word' id='word_1_636' title='bbox 2223 3097 2462 3166; x_wconf 83' lang='lat' dir='ltr'><strong>quotidie</strong></span> <span class='ocrx_word' id='word_1_637' title='bbox 2502 3099 2910 3170; x_wconf 85' lang='lat' dir='ltr'><strong>ingemiscimus</strong></span> <span class='ocrx_word' id='word_1_638' title='bbox 2932 3143 2947 3167; x_wconf 92' lang='lat'><strong>,</strong></span> <span class='ocrx_word' id='word_1_639' title='bbox 2995 3103 3428 3173; x_wconf 54' lang='lat' dir='ltr'><strong>contemplativa».</strong></span> 
     </span>
    </p>
   </div>
   <div class='ocr_carea' id='block_1_83' title="bbox 1841 3189 3424 3265">
    <p class='ocr_par' dir='ltr' id='par_1_83' title="bbox 1841 3189 3424 3265">
     <span class='ocr_line' id='line_1_83' title="bbox 1841 3189 3424 3265; baseline 0.007 -24"><span class='ocrx_word' id='word_1_640' title='bbox 1841 3189 1965 3243; x_wconf 65' lang='lat' dir='ltr'><strong>vita:</strong></span> <span class='ocrx_word' id='word_1_641' title='bbox 1989 3190 2382 3259; x_wconf 90' lang='lat' dir='ltr'><strong>quodammodo</strong></span> <span class='ocrx_word' id='word_1_642' title='bbox 2409 3191 2700 3263; x_wconf 89' lang='lat' dir='ltr'><strong>participes</strong></span> <span class='ocrx_word' id='word_1_643' title='bbox 2746 3191 2870 3248; x_wconf 84' lang='lat' dir='ltr'><strong>ﬁeri</strong></span> <span class='ocrx_word' id='word_1_644' title='bbox 2892 3210 3198 3264; x_wconf 90' lang='lat' dir='ltr'><strong>possumus.</strong></span> <span class='ocrx_word' id='word_1_645' title='bbox 3246 3195 3385 3265; x_wconf 88' lang='lat' dir='ltr'><strong>Quia</strong></span> <span class='ocrx_word' id='word_1_646' title='bbox 3406 3237 3424 3262; x_wconf 92' lang='lat'><strong>,</strong></span> 
     </span>
    </p>
   </div>
   <div class='ocr_carea' id='block_1_84' title="bbox 1841 3281 3428 3354">
    <p class='ocr_par' dir='ltr' id='par_1_84' title="bbox 1841 3281 3428 3354">
     <span class='ocr_line' id='line_1_84' title="bbox 1841 3281 3428 3354; baseline 0.004 -18"><span class='ocrx_word' id='word_1_647' title='bbox 1841 3281 2140 3336; x_wconf 88' lang='lat' dir='ltr'><strong>secundum</strong></span> <span class='ocrx_word' id='word_1_648' title='bbox 2192 3286 2553 3353; x_wconf 87' lang='lat' dir='ltr'><strong>quorumdam</strong></span> <span class='ocrx_word' id='word_1_649' title='bbox 2599 3284 2926 3354; x_wconf 84' lang='lat' dir='ltr'><strong>Opinionem,</strong></span> <span class='ocrx_word' id='word_1_650' title='bbox 2970 3286 3105 3341; x_wconf 89' lang='lat' dir='ltr'><strong>nihil</strong></span> <span class='ocrx_word' id='word_1_651' title='bbox 3148 3287 3295 3342; x_wconf 88' lang='lat' dir='ltr'><strong>aliud</strong></span> <span class='ocrx_word' id='word_1_652' title='bbox 3340 3298 3428 3344; x_wconf 89' lang='lat' dir='ltr'><strong>est</strong></span> 
     </span>
    </p>
   </div>
   <div class='ocr_carea' id='block_1_85' title="bbox 1840 3374 3428 3448">
    <p class='ocr_par' dir='ltr' id='par_1_85' title="bbox 1840 3374 3428 3448">
     <span class='ocr_line' id='line_1_85' title="bbox 1840 3374 3428 3448; baseline 0.004 -19"><span class='ocrx_word' id='word_1_653' title='bbox 1840 3374 2257 3444; x_wconf 87' lang='lat' dir='ltr'><strong>contemplativa</strong></span> <span class='ocrx_word' id='word_1_654' title='bbox 2307 3376 2417 3430; x_wconf 89' lang='lat' dir='ltr'><strong>vita</strong></span> <span class='ocrx_word' id='word_1_655' title='bbox 2458 3394 2620 3448; x_wconf 87' lang='lat' dir='ltr'><strong>quam</strong></span> <span class='ocrx_word' id='word_1_656' title='bbox 2668 3393 2848 3432; x_wconf 90' lang='lat' dir='ltr'><strong>rerum</strong></span> <span class='ocrx_word' id='word_1_657' title='bbox 2896 3379 3179 3434; x_wconf 91' lang='lat' dir='ltr'><strong>latentium</strong></span> <span class='ocrx_word' id='word_1_658' title='bbox 3220 3379 3428 3436; x_wconf 81' lang='lat' dir='ltr'><strong>futura-</strong></span> 
     </span>
    </p>
   </div>
   <div class='ocr_carea' id='block_1_86' title="bbox 1841 3467 3427 3541">
    <p class='ocr_par' dir='ltr' id='par_1_86' title="bbox 1841 3467 3427 3541">
     <span class='ocr_line' id='line_1_86' title="bbox 1841 3467 3427 3541; baseline 0.004 -21"><span class='ocrx_word' id='word_1_659' title='bbox 1841 3482 2067 3536; x_wconf 86' lang='lat' dir='ltr'><strong>rumque</strong></span> <span class='ocrx_word' id='word_1_660' title='bbox 2094 3467 2308 3532; x_wconf 89' lang='lat' dir='ltr'><strong>notitia,</strong></span> <span class='ocrx_word' id='word_1_661' title='bbox 2339 3468 2454 3522; x_wconf 86' lang='lat' dir='ltr'><strong>sive</strong></span> <span class='ocrx_word' id='word_1_662' title='bbox 2482 3469 2697 3522; x_wconf 89' lang='lat' dir='ltr'><strong>vacatio</strong></span> <span class='ocrx_word' id='word_1_663' title='bbox 2734 3470 2803 3524; x_wconf 90' lang='lat' dir='ltr'><strong>ab</strong></span> <span class='ocrx_word' id='word_1_664' title='bbox 2832 3471 3087 3526; x_wconf 91' lang='lat' dir='ltr'><strong>omnibus</strong></span> <span class='ocrx_word' id='word_1_665' title='bbox 3114 3472 3427 3541; x_wconf 80' lang='lat' dir='ltr'><strong>occupatio-</strong></span> 
     </span>
    </p>
   </div>
   <div class='ocr_carea' id='block_1_87' title="bbox 1839 3557 3414 3621">
    <p class='ocr_par' dir='ltr' id='par_1_87' title="bbox 1839 3557 3414 3621">
     <span class='ocr_line' id='line_1_87' title="bbox 1839 3557 3414 3621; baseline 0.006 -10"><span class='ocrx_word' id='word_1_666' title='bbox 1839 3557 1999 3612; x_wconf 88' lang='lat' dir='ltr'><strong>nibus</strong></span> <span class='ocrx_word' id='word_1_667' title='bbox 2034 3557 2241 3621; x_wconf 91' lang='lat' dir='ltr'><strong>mundi,</strong></span> <span class='ocrx_word' id='word_1_668' title='bbox 2295 3557 2408 3611; x_wconf 89' lang='lat' dir='ltr'><strong>sive</strong></span> <span class='ocrx_word' id='word_1_669' title='bbox 2453 3559 2761 3612; x_wconf 88' lang='lat' dir='ltr'><strong>divinarum</strong></span> <span class='ocrx_word' id='word_1_670' title='bbox 2804 3561 3044 3615; x_wconf 89' lang='lat' dir='ltr'><strong>studium</strong></span> <span class='ocrx_word' id='word_1_671' title='bbox 3085 3561 3414 3620; x_wconf 88' lang='lat' dir='ltr'><strong>litterarum.</strong></span> 
     </span>
    </p>
   </div>
   <div class='ocr_carea' id='block_1_88' title="bbox 1841 3647 3428 3716">
    <p class='ocr_par' dir='ltr' id='par_1_88' title="bbox 1841 3647 3428 3716">
     <span class='ocr_line' id='line_1_88' title="bbox 1841 3647 3428 3716; baseline 0.007 -16"><span class='ocrx_word' id='word_1_672' title='bbox 1841 3647 2066 3714; x_wconf 90' lang='lat' dir='ltr'><strong>Quando</strong></span> <span class='ocrx_word' id='word_1_673' title='bbox 2120 3655 2301 3701; x_wconf 89' lang='lat' dir='ltr'><strong>autem</strong></span> <span class='ocrx_word' id='word_1_674' title='bbox 2342 3648 2615 3702; x_wconf 90' lang='lat' dir='ltr'><strong>inﬁrmum</strong></span> <span class='ocrx_word' id='word_1_675' title='bbox 2657 3650 2940 3705; x_wconf 87' lang='lat' dir='ltr'><strong>visitamus</strong></span> <span class='ocrx_word' id='word_1_676' title='bbox 2965 3693 2978 3716; x_wconf 91' lang='lat'><strong>,</strong></span> <span class='ocrx_word' id='word_1_677' title='bbox 3026 3662 3303 3709; x_wconf 88' lang='lat' dir='ltr'><strong>mortuum</strong></span> <span class='ocrx_word' id='word_1_678' title='bbox 3348 3672 3428 3716; x_wconf 84' lang='lat' dir='ltr'><strong>se-</strong></span> 
     </span>
    </p>
   </div>
   <div class='ocr_carea' id='block_1_89' title="bbox 1839 3738 3422 3809">
    <p class='ocr_par' dir='ltr' id='par_1_89' title="bbox 1839 3738 3422 3809">
     <span class='ocr_line' id='line_1_89' title="bbox 1839 3738 3422 3809; baseline 0.007 -17"><span class='ocrx_word' id='word_1_679' title='bbox 1839 3738 2091 3809; x_wconf 87' lang='lat' dir='ltr'><strong>pelimus,</strong></span> <span class='ocrx_word' id='word_1_680' title='bbox 2115 3747 2391 3793; x_wconf 88' lang='lat' dir='ltr'><strong>errantem</strong></span> <span class='ocrx_word' id='word_1_681' title='bbox 2405 3738 2753 3809; x_wconf 85' lang='lat' dir='ltr'><strong>corrigimus,</strong></span> <span class='ocrx_word' id='word_1_682' title='bbox 2773 3749 2902 3798; x_wconf 91' lang='lat' dir='ltr'><strong>tunc</strong></span> <span class='ocrx_word' id='word_1_683' title='bbox 2933 3743 2987 3797; x_wconf 90' lang='lat' dir='ltr'><strong>in</strong></span> <span class='ocrx_word' id='word_1_684' title='bbox 3014 3745 3188 3799; x_wconf 89' lang='lat' dir='ltr'><strong>activa</strong></span> <span class='ocrx_word' id='word_1_685' title='bbox 3212 3762 3422 3803; x_wconf 85' lang='lat' dir='ltr'><strong>smnus.</strong></span> 
     </span>
    </p>
   </div>
   <div class='ocr_carea' id='block_1_90' title="bbox 1841 3827 3420 3902">
    <p class='ocr_par' dir='ltr' id='par_1_90' title="bbox 1841 3827 3420 3902">
     <span class='ocr_line' id='line_1_90' title="bbox 1841 3827 3420 3902; baseline 0.006 -20"><span class='ocrx_word' id='word_1_686' title='bbox 1841 3827 2069 3893; x_wconf 86' lang='lat' dir='ltr'><strong>Quando</strong></span> <span class='ocrx_word' id='word_1_687' title='bbox 2105 3841 2236 3883; x_wconf 91' lang='lat' dir='ltr'><strong>vero</strong></span> <span class='ocrx_word' id='word_1_688' title='bbox 2264 3827 2318 3881; x_wconf 91' lang='lat' dir='ltr'><strong>in</strong></span> <span class='ocrx_word' id='word_1_689' title='bbox 2359 3837 2652 3899; x_wconf 92' lang='lat' dir='ltr'><strong>conspectu</strong></span> <span class='ocrx_word' id='word_1_690' title='bbox 2697 3830 2794 3884; x_wconf 91' lang='lat' dir='ltr'><strong>Dei</strong></span> <span class='ocrx_word' id='word_1_691' title='bbox 2829 3830 3094 3902; x_wconf 88' lang='lat' dir='ltr'><strong>lacrymas</strong></span> <span class='ocrx_word' id='word_1_692' title='bbox 3124 3833 3420 3902; x_wconf 90' lang='lat' dir='ltr'><strong>fundimus,</strong></span> 
     </span>
    </p>
   </div>
   <div class='ocr_carea' id='block_1_91' title="bbox 1840 3918 3424 3995">
    <p class='ocr_par' dir='ltr' id='par_1_91' title="bbox 1840 3918 3424 3995">
     <span class='ocr_line' id='line_1_91' title="bbox 1840 3918 3424 3995; baseline 0.006 -22"><span class='ocrx_word' id='word_1_693' title='bbox 1840 3927 1897 3973; x_wconf 89' lang='lat' dir='ltr'><strong>et</strong></span> <span class='ocrx_word' id='word_1_694' title='bbox 1922 3918 2097 3989; x_wconf 87' lang='lat' dir='ltr'><strong>qualis</strong></span> <span class='ocrx_word' id='word_1_695' title='bbox 2132 3919 2432 3986; x_wconf 82' lang='lat' dir='ltr'><strong>beatitudo,</strong></span> <span class='ocrx_word' id='word_1_696' title='bbox 2465 3921 2641 3990; x_wconf 86' lang='lat' dir='ltr'><strong>qualis</strong></span> <span class='ocrx_word' id='word_1_697' title='bbox 2669 3921 2779 3988; x_wconf 85' lang='lat' dir='ltr'><strong>lux,</strong></span> <span class='ocrx_word' id='word_1_698' title='bbox 2813 3923 2989 3993; x_wconf 84' lang='lat' dir='ltr'><strong>qualis</strong></span> <span class='ocrx_word' id='word_1_699' title='bbox 3009 3925 3179 3995; x_wconf 87' lang='lat' dir='ltr'><strong>gloria</strong></span> <span class='ocrx_word' id='word_1_700' title='bbox 3206 3928 3277 3980; x_wconf 91' lang='lat' dir='ltr'><strong>sit</strong></span> <span class='ocrx_word' id='word_1_701' title='bbox 3301 3944 3424 3983; x_wconf 85' lang='lat' dir='ltr'><strong>san-</strong></span> 
     </span>
    </p>
   </div>
   <div class='ocr_carea' id='block_1_92' title="bbox 1841 4008 3420 4090">
    <p class='ocr_par' dir='ltr' id='par_1_92' title="bbox 1841 4008 3420 4090">
     <span class='ocr_line' id='line_1_92' title="bbox 1841 4008 3420 4090; baseline 0.006 -26"><span class='ocrx_word' id='word_1_702' title='bbox 1841 4009 1944 4064; x_wconf 87' lang='lat' dir='ltr'><strong>ctis</strong></span> <span class='ocrx_word' id='word_1_703' title='bbox 1972 4008 2029 4063; x_wconf 89' lang='lat' dir='ltr'><strong>in</strong></span> <span class='ocrx_word' id='word_1_704' title='bbox 2053 4008 2211 4075; x_wconf 85' lang='lat' dir='ltr'><strong>coelo,</strong></span> <span class='ocrx_word' id='word_1_705' title='bbox 2243 4010 2485 4081; x_wconf 89' lang='lat' dir='ltr'><strong>cogitare</strong></span> <span class='ocrx_word' id='word_1_706' title='bbox 2510 4011 2780 4078; x_wconf 90' lang='lat' dir='ltr'><strong>volumus,</strong></span> <span class='ocrx_word' id='word_1_707' title='bbox 2817 4021 2944 4069; x_wconf 93' lang='lat' dir='ltr'><strong>tunc</strong></span> <span class='ocrx_word' id='word_1_708' title='bbox 2986 4014 3040 4069; x_wconf 93' lang='lat' dir='ltr'><strong>in</strong></span> <span class='ocrx_word' id='word_1_709' title='bbox 3081 4019 3420 4090; x_wconf 90' lang='lat' dir='ltr'><strong>contempla-</strong></span> 
     </span>
    </p>
   </div>
   <div class='ocr_carea' id='block_1_93' title="bbox 1842 4101 3428 4181">
    <p class='ocr_par' dir='ltr' id='par_1_93' title="bbox 1842 4101 3428 4181">
     <span class='ocr_line' id='line_1_93' title="bbox 1842 4101 3428 4181; baseline 0.008 -26"><span class='ocrx_word' id='word_1_710' title='bbox 1842 4101 1954 4156; x_wconf 87' lang='lat' dir='ltr'><strong>tiva</strong></span> <span class='ocrx_word' id='word_1_711' title='bbox 1981 4117 2188 4157; x_wconf 91' lang='lat' dir='ltr'><strong>sumus.</strong></span> <span class='ocrx_word' id='word_1_712' title='bbox 2221 4101 2327 4157; x_wconf 88' lang='lat' dir='ltr'><strong>Sed</strong></span> <span class='ocrx_word' id='word_1_713' title='bbox 2355 4112 2528 4159; x_wconf 80' lang='lat' dir='ltr'><strong>activa</strong></span> <span class='ocrx_word' id='word_1_714' title='bbox 2558 4104 2669 4158; x_wconf 87' lang='lat' dir='ltr'><strong>vita</strong></span> <span class='ocrx_word' id='word_1_715' title='bbox 2694 4122 2816 4160; x_wconf 87' lang='lat' dir='ltr'><strong>cum</strong></span> <span class='ocrx_word' id='word_1_716' title='bbox 2853 4122 3077 4178; x_wconf 90' lang='lat' dir='ltr'><strong>corpore</strong></span> <span class='ocrx_word' id='word_1_717' title='bbox 3104 4110 3335 4181; x_wconf 90' lang='lat' dir='ltr'><strong>incipit,</strong></span> <span class='ocrx_word' id='word_1_718' title='bbox 3372 4123 3428 4168; x_wconf 88' lang='lat' dir='ltr'><strong>et</strong></span> 
     </span>
    </p>
   </div>
   <div class='ocr_carea' id='block_1_94' title="bbox 1845 4193 3424 4267">
    <p class='ocr_par' dir='ltr' id='par_1_94' title="bbox 1845 4193 3424 4267">
     <span class='ocr_line' id='line_1_94' title="bbox 1845 4193 3424 4267; baseline 0.006 -19"><span class='ocrx_word' id='word_1_719' title='bbox 1845 4193 1935 4248; x_wconf 78' lang='lat' dir='ltr'><strong>hic</strong></span> <span class='ocrx_word' id='word_1_720' title='bbox 1979 4210 2104 4250; x_wconf 90' lang='lat' dir='ltr'><strong>cum</strong></span> <span class='ocrx_word' id='word_1_721' title='bbox 2150 4195 2268 4265; x_wconf 91' lang='lat' dir='ltr'><strong>ipso</strong></span> <span class='ocrx_word' id='word_1_722' title='bbox 2296 4194 2518 4261; x_wconf 91' lang='lat' dir='ltr'><strong>ﬁnitur;</strong></span> <span class='ocrx_word' id='word_1_723' title='bbox 2570 4197 2987 4267; x_wconf 86' lang='lat' dir='ltr'><strong>contemplativa</strong></span> <span class='ocrx_word' id='word_1_724' title='bbox 3025 4213 3154 4255; x_wconf 85' lang='lat' dir='ltr'><strong>vero</strong></span> <span class='ocrx_word' id='word_1_725' title='bbox 3180 4202 3293 4256; x_wconf 83' lang='lat' dir='ltr'><strong>vita</strong></span> <span class='ocrx_word' id='word_1_726' title='bbox 3336 4204 3424 4258; x_wconf 92' lang='lat' dir='ltr'><strong>hic</strong></span> 
     </span>
    </p>
   </div>
   <div class='ocr_carea' id='block_1_95' title="bbox 1842 4286 3420 4358">
    <p class='ocr_par' dir='ltr' id='par_1_95' title="bbox 1842 4286 3420 4358">
     <span class='ocr_line' id='line_1_95' title="bbox 1842 4286 3420 4358; baseline 0.004 -18"><span class='ocrx_word' id='word_1_727' title='bbox 1842 4286 2150 4352; x_wconf 76' lang='lat' dir='ltr'><strong>inchoatur,</strong></span> <span class='ocrx_word' id='word_1_728' title='bbox 2203 4292 2260 4340; x_wconf 88' lang='lat' dir='ltr'><strong>et</strong></span> <span class='ocrx_word' id='word_1_729' title='bbox 2305 4287 2360 4342; x_wconf 90' lang='lat' dir='ltr'><strong>in</strong></span> <span class='ocrx_word' id='word_1_730' title='bbox 2390 4287 2572 4341; x_wconf 88' lang='lat' dir='ltr'><strong>futuro</strong></span> <span class='ocrx_word' id='word_1_731' title='bbox 2625 4288 2823 4343; x_wconf 67' lang='lat' dir='ltr'><strong>sxeculo</strong></span> <span class='ocrx_word' id='word_1_732' title='bbox 2853 4289 3151 4358; x_wconf 89' lang='lat' dir='ltr'><strong>perﬁcitur.</strong></span> <span class='ocrx_word' id='word_1_733' title='bbox 3202 4291 3283 4344; x_wconf 84' lang='lat' dir='ltr'><strong>Ex</strong></span> <span class='ocrx_word' id='word_1_734' title='bbox 3335 4293 3420 4346; x_wconf 90' lang='lat' dir='ltr'><strong>his</strong></span> 
     </span>
    </p>
   </div>
   <div class='ocr_carea' id='block_1_96' title="bbox 1842 4379 3428 4448">
    <p class='ocr_par' dir='ltr' id='par_1_96' title="bbox 1842 4379 3428 4448">
     <span class='ocr_line' id='line_1_96' title="bbox 1842 4379 3428 4448; baseline 0.003 -16"><span class='ocrx_word' id='word_1_735' title='bbox 1842 4379 1986 4432; x_wconf 88' lang='lat' dir='ltr'><strong>enim</strong></span> <span class='ocrx_word' id='word_1_736' title='bbox 2029 4379 2280 4447; x_wconf 87' lang='lat' dir='ltr'><strong>signatur</strong></span> <span class='ocrx_word' id='word_1_737' title='bbox 2321 4394 2451 4444; x_wconf 90' lang='lat' dir='ltr'><strong>una,</strong></span> <span class='ocrx_word' id='word_1_738' title='bbox 2499 4379 2553 4432; x_wconf 93' lang='lat' dir='ltr'><strong>id</strong></span> <span class='ocrx_word' id='word_1_739' title='bbox 2580 4388 2664 4434; x_wconf 91' lang='lat' dir='ltr'><strong>est</strong></span> <span class='ocrx_word' id='word_1_740' title='bbox 2705 4380 2881 4433; x_wconf 87' lang='lat' dir='ltr'><strong>activa</strong></span> <span class='ocrx_word' id='word_1_741' title='bbox 2913 4396 3009 4448; x_wconf 90' lang='lat' dir='ltr'><strong>per</strong></span> <span class='ocrx_word' id='word_1_742' title='bbox 3047 4379 3347 4445; x_wconf 81' lang='lat' dir='ltr'><strong>Martham;</strong></span> <span class='ocrx_word' id='word_1_743' title='bbox 3372 4392 3428 4436; x_wconf 91' lang='lat' dir='ltr'><strong>et</strong></span> 
     </span>
    </p>
   </div>
   <div class='ocr_carea' id='block_1_97' title="bbox 1843 4471 3426 4540">
    <p class='ocr_par' dir='ltr' id='par_1_97' title="bbox 1843 4471 3426 4540">
     <span class='ocr_line' id='line_1_97' title="bbox 1843 4471 3426 4540; baseline 0.003 -14"><span class='ocrx_word' id='word_1_744' title='bbox 1843 4473 2040 4536; x_wconf 88' lang='lat' dir='ltr'><strong>altera,</strong></span> <span class='ocrx_word' id='word_1_745' title='bbox 2071 4471 2126 4525; x_wconf 91' lang='lat' dir='ltr'><strong>id</strong></span> <span class='ocrx_word' id='word_1_746' title='bbox 2170 4478 2257 4525; x_wconf 90' lang='lat' dir='ltr'><strong>est</strong></span> <span class='ocrx_word' id='word_1_747' title='bbox 2285 4471 2728 4540; x_wconf 89' lang='lat' dir='ltr'><strong>contemplativa,</strong></span> <span class='ocrx_word' id='word_1_748' title='bbox 2760 4486 2857 4540; x_wconf 91' lang='lat' dir='ltr'><strong>per</strong></span> <span class='ocrx_word' id='word_1_749' title='bbox 2884 4471 3110 4527; x_wconf 81' lang='lat' dir='ltr'><strong>Mariam</strong></span> <span class='ocrx_word' id='word_1_750' title='bbox 3141 4491 3154 4528; x_wconf 89' lang='lat'><strong>:</strong></span> <span class='ocrx_word' id='word_1_751' title='bbox 3188 4475 3280 4530; x_wconf 89' lang='lat' dir='ltr'><strong>sed</strong></span> <span class='ocrx_word' id='word_1_752' title='bbox 3330 4491 3426 4530; x_wconf 85' lang='lat' dir='ltr'><strong>ne-</strong></span> 
     </span>
    </p>
   </div>
   <div class='ocr_carea' id='block_1_98' title="bbox 1845 4562 2902 4620">
    <p class='ocr_par' dir='ltr' id='par_1_98' title="bbox 1845 4562 2902 4620">
     <span class='ocr_line' id='line_1_98' title="bbox 1845 4562 2902 4620; baseline -0.002 0"><span class='ocrx_word' id='word_1_753' title='bbox 1845 4563 2082 4620; x_wconf 88' lang='lat' dir='ltr'><strong>cessaria</strong></span> <span class='ocrx_word' id='word_1_754' title='bbox 2106 4571 2192 4620; x_wconf 89' lang='lat' dir='ltr'><strong>est</strong></span> <span class='ocrx_word' id='word_1_755' title='bbox 2213 4562 2434 4617; x_wconf 88' lang='lat' dir='ltr'><strong>omnino</strong></span> <span class='ocrx_word' id='word_1_756' title='bbox 2464 4562 2672 4616; x_wconf 80' lang='lat' dir='ltr'><strong>Martha</strong></span> <span class='ocrx_word' id='word_1_757' title='bbox 2701 4563 2902 4620; x_wconf 65' lang='lat' dir='ltr'><strong>Mariae.</strong></span> 
     </span>
    </p>
   </div>
   <div class='ocr_carea' id='block_1_99' title="bbox 2456 4673 2813 4731">
    <p class='ocr_par' dir='ltr' id='par_1_99' title="bbox 2456 4673 2813 4731">
     <span class='ocr_line' id='line_1_99' title="bbox 2456 4673 2813 4731; baseline 0 0"><span class='ocrx_word' id='word_1_758' title='bbox 2456 4673 2683 4731; x_wconf 83' lang='lat' dir='ltr'><strong>CAPUT</strong></span> <span class='ocrx_word' id='word_1_759' title='bbox 2722 4677 2813 4731; x_wconf 69' lang='lat' dir='ltr'><strong>lx.</strong></span> 
     </span>
    </p>
   </div>
   <div class='ocr_carea' id='block_1_100' title="bbox 1846 4767 3422 4844">
    <p class='ocr_par' dir='ltr' id='par_1_100' title="bbox 1846 4767 3422 4844">
     <span class='ocr_line' id='line_1_100' title="bbox 1846 4767 3422 4844; baseline 0.002 -20"><span class='ocrx_word' id='word_1_760' title='bbox 1846 4769 2031 4836; x_wconf 79' lang='lat' dir='ltr'><strong>Qualis</strong></span> <span class='ocrx_word' id='word_1_761' title='bbox 2055 4769 2204 4824; x_wconf 74' lang='lat' dir='ltr'><strong>debet</strong></span> <span class='ocrx_word' id='word_1_762' title='bbox 2247 4783 2357 4824; x_wconf 84' lang='lat' dir='ltr'><strong>esse</strong></span> <span class='ocrx_word' id='word_1_763' title='bbox 2397 4769 2453 4822; x_wconf 86' lang='lat' dir='ltr'><strong>in</strong></span> <span class='ocrx_word' id='word_1_764' title='bbox 2498 4767 2665 4844; x_wconf 78' lang='lat' dir='ltr'><strong>activa.</strong></span> <span class='ocrx_word' id='word_1_765' title='bbox 2692 4769 2812 4832; x_wconf 81' lang='lat' dir='ltr'><strong>vita,</strong></span> <span class='ocrx_word' id='word_1_766' title='bbox 2847 4771 2935 4842; x_wconf 84' lang='lat' dir='ltr'><strong>qui</strong></span> <span class='ocrx_word' id='word_1_767' title='bbox 2965 4771 3034 4824; x_wconf 86' lang='lat' dir='ltr'><strong>ad</strong></span> <span class='ocrx_word' id='word_1_768' title='bbox 3060 4773 3422 4844; x_wconf 81' lang='lat' dir='ltr'><strong>contemplati-</strong></span> 
     </span>
    </p>
   </div>
   <div class='ocr_carea' id='block_1_101' title="bbox 2261 4839 3016 4901">
    <p class='ocr_par' dir='ltr' id='par_1_101' title="bbox 2261 4839 3016 4901">
     <span class='ocr_line' id='line_1_101' title="bbox 2261 4839 3016 4901; baseline 0.004 -8"><span class='ocrx_word' id='word_1_769' title='bbox 2261 4855 2378 4893; x_wconf 85' lang='lat' dir='ltr'><strong>vam</strong></span> <span class='ocrx_word' id='word_1_770' title='bbox 2404 4839 2748 4894; x_wconf 75' lang='lat' dir='ltr'><strong>conscendere</strong></span> <span class='ocrx_word' id='word_1_771' title='bbox 2773 4839 3016 4901; x_wconf 44' lang='lat' dir='ltr'><strong>conatur:</strong></span> 
     </span>
    </p>
   </div>
   <div class='ocr_carea' id='block_1_102' title="bbox 1913 4931 3424 5004">
    <p class='ocr_par' dir='ltr' id='par_1_102' title="bbox 1913 4931 3424 5004">
     <span class='ocr_line' id='line_1_102' title="bbox 1913 4931 3424 5004; baseline 0.001 -18"><span class='ocrx_word' id='word_1_772' title='bbox 1913 4933 1995 4987; x_wconf 84' lang='lat' dir='ltr'><strong>Ad</strong></span> <span class='ocrx_word' id='word_1_773' title='bbox 2038 4932 2312 5002; x_wconf 87' lang='lat' dir='ltr'><strong>fastigium</strong></span> <span class='ocrx_word' id='word_1_774' title='bbox 2356 4945 2483 5002; x_wconf 90' lang='lat' dir='ltr'><strong>ergo</strong></span> <span class='ocrx_word' id='word_1_775' title='bbox 2533 4931 2658 4985; x_wconf 70' lang='lat' dir='ltr'><strong>vita:</strong></span> <span class='ocrx_word' id='word_1_776' title='bbox 2698 4932 3133 5003; x_wconf 68' lang='lat' dir='ltr'><strong>contemplativa:</strong></span> <span class='ocrx_word' id='word_1_777' title='bbox 3176 4934 3424 5004; x_wconf 85' lang='lat' dir='ltr'><strong>quisquis</strong></span> 
     </span>
    </p>
   </div>
   <div class='ocr_carea' id='block_1_103' title="bbox 1845 5022 3424 5094">
    <p class='ocr_par' dir='ltr' id='par_1_103' title="bbox 1845 5022 3424 5094">
     <span class='ocr_line' id='line_1_103' title="bbox 1845 5022 3424 5094; baseline 0.001 -16"><span class='ocrx_word' id='word_1_778' title='bbox 1845 5032 2073 5078; x_wconf 92' lang='lat' dir='ltr'><strong>conatur</strong></span> <span class='ocrx_word' id='word_1_779' title='bbox 2106 5022 2502 5085; x_wconf 86' lang='lat' dir='ltr'><strong>conscendere,</strong></span> <span class='ocrx_word' id='word_1_780' title='bbox 2553 5023 2905 5093; x_wconf 89' lang='lat' dir='ltr'><strong>semetipsum</strong></span> <span class='ocrx_word' id='word_1_781' title='bbox 2945 5024 3103 5078; x_wconf 88' lang='lat' dir='ltr'><strong>debet</strong></span> <span class='ocrx_word' id='word_1_782' title='bbox 3130 5023 3283 5094; x_wconf 87' lang='lat' dir='ltr'><strong>prius</strong></span> <span class='ocrx_word' id='word_1_783' title='bbox 3325 5039 3424 5093; x_wconf 91' lang='lat' dir='ltr'><strong>per</strong></span> 
     </span>
    </p>
   </div>
   <div class='ocr_carea' id='block_1_104' title="bbox 1846 5113 3424 5184">
    <p class='ocr_par' dir='ltr' id='par_1_104' title="bbox 1846 5113 3424 5184">
     <span class='ocr_line' id='line_1_104' title="bbox 1846 5113 3424 5184; baseline -0.001 -15"><span class='ocrx_word' id='word_1_784' title='bbox 1846 5115 2017 5169; x_wconf 84' lang='lat' dir='ltr'><strong>multa</strong></span> <span class='ocrx_word' id='word_1_785' title='bbox 2041 5113 2415 5184; x_wconf 79' lang='lat' dir='ltr'><strong>experimenta</strong></span> <span class='ocrx_word' id='word_1_786' title='bbox 2465 5113 2520 5166; x_wconf 92' lang='lat' dir='ltr'><strong>in</strong></span> <span class='ocrx_word' id='word_1_787' title='bbox 2547 5115 2722 5168; x_wconf 87' lang='lat' dir='ltr'><strong>activa</strong></span> <span class='ocrx_word' id='word_1_788' title='bbox 2749 5115 2856 5167; x_wconf 88' lang='lat' dir='ltr'><strong>vita</strong></span> <span class='ocrx_word' id='word_1_789' title='bbox 2887 5114 3119 5183; x_wconf 90' lang='lat' dir='ltr'><strong>probare</strong></span> <span class='ocrx_word' id='word_1_790' title='bbox 3149 5131 3162 5167; x_wconf 88' lang='lat'><strong>:</strong></span> <span class='ocrx_word' id='word_1_791' title='bbox 3194 5115 3240 5168; x_wconf 91' lang='lat' dir='ltr'><strong>si</strong></span> <span class='ocrx_word' id='word_1_792' title='bbox 3280 5113 3424 5184; x_wconf 87' lang='lat' dir='ltr'><strong>inju-</strong></span> 
     </span>
    </p>
   </div>
   <div class='ocr_carea' id='block_1_105' title="bbox 1761 4618 1816 4678">
    <p class='ocr_par' dir='ltr' id='par_1_105' title="bbox 1761 4618 1816 4678">
     <span class='ocr_line' id='line_1_105' title="bbox 1761 4618 1816 4678; baseline 0 0"><span class='ocrx_word' id='word_1_793' title='bbox 1761 4618 1816 4678; x_wconf 91' lang='lat' dir='ltr'><strong>D</strong></span> 
     </span>
    </p>
   </div>
   <div class='ocr_carea' id='block_1_106' title="bbox 1846 5203 3421 5274">
    <p class='ocr_par' dir='ltr' id='par_1_106' title="bbox 1846 5203 3421 5274">
     <span class='ocr_line' id='line_1_106' title="bbox 1846 5203 3421 5274; baseline 0.001 -15"><span class='ocrx_word' id='word_1_794' title='bbox 1846 5206 1957 5260; x_wconf 90' lang='lat' dir='ltr'><strong>rias</strong></span> <span class='ocrx_word' id='word_1_795' title='bbox 1987 5205 2186 5274; x_wconf 87' lang='lat' dir='ltr'><strong>poterit</strong></span> <span class='ocrx_word' id='word_1_796' title='bbox 2229 5203 2403 5268; x_wconf 89' lang='lat' dir='ltr'><strong>ferre,</strong></span> <span class='ocrx_word' id='word_1_797' title='bbox 2461 5203 2504 5258; x_wconf 91' lang='lat' dir='ltr'><strong>si</strong></span> <span class='ocrx_word' id='word_1_798' title='bbox 2555 5204 2867 5273; x_wconf 90' lang='lat' dir='ltr'><strong>opprobria,</strong></span> <span class='ocrx_word' id='word_1_799' title='bbox 2907 5204 2951 5258; x_wconf 91' lang='lat' dir='ltr'><strong>si</strong></span> <span class='ocrx_word' id='word_1_800' title='bbox 3001 5203 3323 5271; x_wconf 91' lang='lat' dir='ltr'><strong>derisiones,</strong></span> <span class='ocrx_word' id='word_1_801' title='bbox 3375 5204 3421 5261; x_wconf 93' lang='lat' dir='ltr'><strong>si</strong></span> 
     </span>
    </p>
   </div>
   <div class='ocr_carea' id='block_1_107' title="bbox 1847 5294 3422 5365">
    <p class='ocr_par' dir='ltr' id='par_1_107' title="bbox 1847 5294 3422 5365">
     <span class='ocr_line' id='line_1_107' title="bbox 1847 5294 3422 5365; baseline -0.001 -12"><span class='ocrx_word' id='word_1_802' title='bbox 1847 5296 2236 5359; x_wconf 87' lang='lat' dir='ltr'><strong>contumelias,</strong></span> <span class='ocrx_word' id='word_1_803' title='bbox 2273 5296 2319 5350; x_wconf 87' lang='lat' dir='ltr'><strong>si</strong></span> <span class='ocrx_word' id='word_1_804' title='bbox 2345 5295 2742 5361; x_wconf 87' lang='lat' dir='ltr'><strong>detractiones,</strong></span> <span class='ocrx_word' id='word_1_805' title='bbox 2777 5296 2822 5349; x_wconf 93' lang='lat' dir='ltr'><strong>si</strong></span> <span class='ocrx_word' id='word_1_806' title='bbox 2849 5294 3056 5365; x_wconf 88' lang='lat' dir='ltr'><strong>ﬂagella</strong></span> <span class='ocrx_word' id='word_1_807' title='bbox 3082 5296 3284 5364; x_wconf 85' lang='lat' dir='ltr'><strong>poterit</strong></span> <span class='ocrx_word' id='word_1_808' title='bbox 3310 5313 3422 5351; x_wconf 88' lang='lat' dir='ltr'><strong>sus-</strong></span> 
     </span>
    </p>
   </div>
   <div class='ocr_carea' id='block_1_108' title="bbox 1845 5385 3421 5455">
    <p class='ocr_par' dir='ltr' id='par_1_108' title="bbox 1845 5385 3421 5455">
     <span class='ocr_line' id='line_1_108' title="bbox 1845 5385 3421 5455; baseline 0.001 -13"><span class='ocrx_word' id='word_1_809' title='bbox 1845 5389 2037 5442; x_wconf 90' lang='lat' dir='ltr'><strong>tinere.</strong></span> <span class='ocrx_word' id='word_1_810' title='bbox 2084 5387 2142 5440; x_wconf 91' lang='lat' dir='ltr'><strong>Si</strong></span> <span class='ocrx_word' id='word_1_811' title='bbox 2182 5387 2297 5440; x_wconf 61' lang='lat' dir='ltr'><strong>hinc</strong></span> <span class='ocrx_word' id='word_1_812' title='bbox 2336 5393 2391 5440; x_wconf 92' lang='lat' dir='ltr'><strong>et</strong></span> <span class='ocrx_word' id='word_1_813' title='bbox 2428 5386 2531 5440; x_wconf 87' lang='lat' dir='ltr'><strong>alia</strong></span> <span class='ocrx_word' id='word_1_814' title='bbox 2575 5385 2916 5455; x_wconf 88' lang='lat' dir='ltr'><strong>hujusmodi,</strong></span> <span class='ocrx_word' id='word_1_815' title='bbox 2969 5386 3082 5440; x_wconf 89' lang='lat' dir='ltr'><strong>sive</strong></span> <span class='ocrx_word' id='word_1_816' title='bbox 3111 5402 3142 5439; x_wconf 91' lang='lat' dir='ltr'><strong>a</strong></span> <span class='ocrx_word' id='word_1_817' title='bbox 3181 5387 3421 5453; x_wconf 89' lang='lat' dir='ltr'><strong>diabolo,</strong></span> 
     </span>
    </p>
   </div>
   <div class='ocr_carea' id='block_1_109' title="bbox 1845 5478 3425 5549">
    <p class='ocr_par' dir='ltr' id='par_1_109' title="bbox 1845 5478 3425 5549">
     <span class='ocr_line' id='line_1_109' title="bbox 1845 5478 3425 5549; baseline 0.001 -16"><span class='ocrx_word' id='word_1_818' title='bbox 1845 5480 1958 5534; x_wconf 91' lang='lat' dir='ltr'><strong>sive</strong></span> <span class='ocrx_word' id='word_1_819' title='bbox 1987 5479 2054 5532; x_wconf 94' lang='lat' dir='ltr'><strong>ab</strong></span> <span class='ocrx_word' id='word_1_820' title='bbox 2080 5479 2261 5549; x_wconf 90' lang='lat' dir='ltr'><strong>aliquo</strong></span> <span class='ocrx_word' id='word_1_821' title='bbox 2287 5479 2432 5531; x_wconf 90' lang='lat' dir='ltr'><strong>illata</strong></span> <span class='ocrx_word' id='word_1_822' title='bbox 2462 5479 2732 5547; x_wconf 90' lang='lat' dir='ltr'><strong>patienter</strong></span> <span class='ocrx_word' id='word_1_823' title='bbox 2776 5478 2978 5546; x_wconf 89' lang='lat' dir='ltr'><strong>poterit</strong></span> <span class='ocrx_word' id='word_1_824' title='bbox 3003 5479 3292 5543; x_wconf 88' lang='lat' dir='ltr'><strong>sustinere,</strong></span> <span class='ocrx_word' id='word_1_825' title='bbox 3334 5480 3425 5535; x_wconf 90' lang='lat' dir='ltr'><strong>hic</strong></span> 
     </span>
    </p>
   </div>
   <div class='ocr_carea' id='block_1_110' title="bbox 1843 5569 3426 5640">
    <p class='ocr_par' dir='ltr' id='par_1_110' title="bbox 1843 5569 3426 5640">
     <span class='ocr_line' id='line_1_110' title="bbox 1843 5569 3426 5640; baseline 0 -15"><span class='ocrx_word' id='word_1_826' title='bbox 1843 5572 2038 5626; x_wconf 88' lang='lat' dir='ltr'><strong>merito</strong></span> <span class='ocrx_word' id='word_1_827' title='bbox 2082 5570 2150 5624; x_wconf 92' lang='lat' dir='ltr'><strong>ad</strong></span> <span class='ocrx_word' id='word_1_828' title='bbox 2195 5570 2672 5638; x_wconf 86' lang='lat' dir='ltr'><strong>contemplativam</strong></span> <span class='ocrx_word' id='word_1_829' title='bbox 2697 5569 3020 5639; x_wconf 89' lang='lat' dir='ltr'><strong>quandoque</strong></span> <span class='ocrx_word' id='word_1_830' title='bbox 3058 5571 3258 5640; x_wconf 87' lang='lat' dir='ltr'><strong>poterit</strong></span> <span class='ocrx_word' id='word_1_831' title='bbox 3295 5585 3426 5626; x_wconf 89' lang='lat' dir='ltr'><strong>con-</strong></span> 
     </span>
    </p>
   </div>
   <div class='ocr_carea' id='block_1_111' title="bbox 1842 5659 3426 5729">
    <p class='ocr_par' dir='ltr' id='par_1_111' title="bbox 1842 5659 3426 5729">
     <span class='ocr_line' id='line_1_111' title="bbox 1842 5659 3426 5729; baseline -0.001 -13"><span class='ocrx_word' id='word_1_832' title='bbox 1842 5660 2046 5717; x_wconf 90' lang='lat' dir='ltr'><strong>volare.</strong></span> <span class='ocrx_word' id='word_1_833' title='bbox 2074 5660 2131 5714; x_wconf 88' lang='lat' dir='ltr'><strong>In</strong></span> <span class='ocrx_word' id='word_1_834' title='bbox 2159 5660 2262 5715; x_wconf 89' lang='lat' dir='ltr'><strong>ista</strong></span> <span class='ocrx_word' id='word_1_835' title='bbox 2291 5661 2435 5714; x_wconf 91' lang='lat' dir='ltr'><strong>enim</strong></span> <span class='ocrx_word' id='word_1_836' title='bbox 2464 5659 2615 5729; x_wconf 89' lang='lat' dir='ltr'><strong>prius</strong></span> <span class='ocrx_word' id='word_1_837' title='bbox 2651 5673 2752 5728; x_wconf 88' lang='lat' dir='ltr'><strong>per</strong></span> <span class='ocrx_word' id='word_1_838' title='bbox 2780 5659 3102 5714; x_wconf 83' lang='lat' dir='ltr'><strong>exercitium</strong></span> <span class='ocrx_word' id='word_1_839' title='bbox 3142 5659 3268 5715; x_wconf 84' lang='lat' dir='ltr'><strong>boni</strong></span> <span class='ocrx_word' id='word_1_840' title='bbox 3297 5674 3426 5729; x_wconf 86' lang='lat' dir='ltr'><strong>ope-</strong></span> 
     </span>
    </p>
   </div>
   <div class='ocr_carea' id='block_1_112' title="bbox 1845 5749 3421 5820">
    <p class='ocr_par' dir='ltr' id='par_1_112' title="bbox 1845 5749 3421 5820">
     <span class='ocr_line' id='line_1_112' title="bbox 1845 5749 3421 5820; baseline -0.004 -12"><span class='ocrx_word' id='word_1_841' title='bbox 1845 5755 1921 5809; x_wconf 90' lang='lat' dir='ltr'><strong>ris</strong></span> <span class='ocrx_word' id='word_1_842' title='bbox 1969 5762 2163 5810; x_wconf 91' lang='lat' dir='ltr'><strong>cuncta</strong></span> <span class='ocrx_word' id='word_1_843' title='bbox 2211 5750 2578 5806; x_wconf 83' lang='lat' dir='ltr'><strong>exhaurienda</strong></span> <span class='ocrx_word' id='word_1_844' title='bbox 2635 5758 2760 5804; x_wconf 90' lang='lat' dir='ltr'><strong>sunt</strong></span> <span class='ocrx_word' id='word_1_845' title='bbox 2788 5750 2954 5817; x_wconf 87' lang='lat' dir='ltr'><strong>vitia,</strong></span> <span class='ocrx_word' id='word_1_846' title='bbox 2995 5750 3137 5804; x_wconf 92' lang='lat' dir='ltr'><strong>utin</strong></span> <span class='ocrx_word' id='word_1_847' title='bbox 3183 5749 3275 5804; x_wconf 90' lang='lat' dir='ltr'><strong>illa</strong></span> <span class='ocrx_word' id='word_1_848' title='bbox 3309 5750 3421 5820; x_wconf 89' lang='lat' dir='ltr'><strong>jam</strong></span> 
     </span>
    </p>
   </div>
   <div class='ocr_carea' id='block_1_113' title="bbox 1846 5841 3427 5919">
    <p class='ocr_par' dir='ltr' id='par_1_113' title="bbox 1846 5841 3427 5919">
     <span class='ocr_line' id='line_1_113' title="bbox 1846 5841 3427 5919; baseline -0.006 -17"><span class='ocrx_word' id='word_1_849' title='bbox 1846 5863 1982 5919; x_wconf 85' lang='lat' dir='ltr'><strong>pura</strong></span> <span class='ocrx_word' id='word_1_850' title='bbox 2008 5844 2209 5902; x_wconf 89' lang='lat' dir='ltr'><strong>mentis</strong></span> <span class='ocrx_word' id='word_1_851' title='bbox 2235 5841 2353 5899; x_wconf 86' lang='lat' dir='ltr'><strong>acie</strong></span> <span class='ocrx_word' id='word_1_852' title='bbox 2380 5841 2449 5896; x_wconf 87' lang='lat' dir='ltr'><strong>ad</strong></span> <span class='ocrx_word' id='word_1_853' title='bbox 2477 5842 2946 5913; x_wconf 88' lang='lat' dir='ltr'><strong>contemplandum</strong></span> <span class='ocrx_word' id='word_1_854' title='bbox 2993 5843 3163 5898; x_wconf 86' lang='lat' dir='ltr'><strong>Deum</strong></span> <span class='ocrx_word' id='word_1_855' title='bbox 3196 5841 3427 5912; x_wconf 85' lang='lat' dir='ltr'><strong>quisque</strong></span> 
     </span>
    </p>
   </div>
   <div class='ocr_carea' id='block_1_114' title="bbox 2998 5937 3067 6002">
    <p class='ocr_par' dir='ltr' id='par_1_114' title="bbox 2998 5937 3067 6002">
     <span class='ocr_line' id='line_1_114' title="bbox 2998 5937 3067 6002; baseline 0 -2"><span class='ocrx_word' id='word_1_856' title='bbox 2998 5937 3067 6002; x_wconf 76' lang='grc'><strong>19</strong></span> 
     </span>
    </p>
   </div>
   <div class='ocr_carea' id='block_1_115' title="bbox 122 5205 1744 5277">
    <p class='ocr_par' dir='ltr' id='par_1_115' title="bbox 122 5205 1744 5277">
     <span class='ocr_line' id='line_1_115' title="bbox 122 5205 1744 5277; baseline 0.001 -15"><span class='ocrx_word' id='word_1_857' title='bbox 122 5205 399 5262; x_wconf 82' lang='lat' dir='ltr'><strong>bonum?</strong></span> <span class='ocrx_word' id='word_1_858' title='bbox 455 5205 606 5262; x_wconf 88' lang='lat' dir='ltr'><strong>Unde</strong></span> <span class='ocrx_word' id='word_1_859' title='bbox 655 5207 918 5277; x_wconf 91' lang='lat' dir='ltr'><strong>scriptum</strong></span> <span class='ocrx_word' id='word_1_860' title='bbox 967 5214 1096 5261; x_wconf 91' lang='lat' dir='ltr'><strong>est:</strong></span> <span class='ocrx_word' id='word_1_861' title='bbox 1144 5206 1220 5260; x_wconf 92' lang='lat' dir='ltr'><strong>De</strong></span> <span class='ocrx_word' id='word_1_862' title='bbox 1265 5206 1421 5260; x_wconf 90' lang='lat' dir='ltr'><strong>bonis</strong></span> <span class='ocrx_word' id='word_1_863' title='bbox 1467 5223 1744 5264; x_wconf 90' lang='lat' dir='ltr'><strong>sumamus</strong></span> 
     </span>
    </p>
   </div>
   <div class='ocr_carea' id='block_1_116' title="bbox 122 5296 1746 5369">
    <p class='ocr_par' dir='ltr' id='par_1_116' title="bbox 122 5296 1746 5369">
     <span class='ocr_line' id='line_1_116' title="bbox 122 5296 1746 5369; baseline -0.001 -17"><span class='ocrx_word' id='word_1_864' title='bbox 122 5296 429 5366; x_wconf 78' lang='lat' dir='ltr'><strong>exempla.</strong></span> <span class='ocrx_word' id='word_1_865' title='bbox 463 5297 543 5352; x_wconf 73' lang='grc' dir='ltr'><strong>οι)</strong></span> <span class='ocrx_word' id='word_1_866' title='bbox 571 5298 712 5352; x_wconf 90' lang='lat' dir='ltr'><strong>hanc</strong></span> <span class='ocrx_word' id='word_1_867' title='bbox 747 5313 876 5369; x_wconf 86' lang='lat' dir='ltr'><strong>ergo</strong></span> <span class='ocrx_word' id='word_1_868' title='bbox 902 5311 1120 5352; x_wconf 89' lang='lat' dir='ltr'><strong>causam</strong></span> <span class='ocrx_word' id='word_1_869' title='bbox 1158 5296 1386 5352; x_wconf 87' lang='lat' dir='ltr'><strong>aliorum</strong></span> <span class='ocrx_word' id='word_1_870' title='bbox 1433 5297 1746 5352; x_wconf 90' lang='lat' dir='ltr'><strong>scribuntur</strong></span> 
     </span>
    </p>
   </div>
   <div class='ocr_carea' id='block_1_117' title="bbox 121 5388 1745 5457">
    <p class='ocr_par' dir='ltr' id='par_1_117' title="bbox 121 5388 1745 5457">
     <span class='ocr_line' id='line_1_117' title="bbox 121 5388 1745 5457; baseline 0 -13"><span class='ocrx_word' id='word_1_871' title='bbox 121 5388 331 5444; x_wconf 72' lang='lat' dir='ltr'><strong>ruina:</strong></span> <span class='ocrx_word' id='word_1_872' title='bbox 362 5397 419 5443; x_wconf 91' lang='lat' dir='ltr'><strong>et</strong></span> <span class='ocrx_word' id='word_1_873' title='bbox 449 5390 803 5457; x_wconf 89' lang='lat' dir='ltr'><strong>perditiones,</strong></span> <span class='ocrx_word' id='word_1_874' title='bbox 848 5397 908 5443; x_wconf 92' lang='lat' dir='ltr'><strong>ut</strong></span> <span class='ocrx_word' id='word_1_875' title='bbox 955 5404 1053 5444; x_wconf 91' lang='lat' dir='ltr'><strong>nos</strong></span> <span class='ocrx_word' id='word_1_876' title='bbox 1109 5389 1174 5443; x_wconf 93' lang='lat' dir='ltr'><strong>de</strong></span> <span class='ocrx_word' id='word_1_877' title='bbox 1206 5399 1392 5443; x_wconf 87' lang='lat' dir='ltr'><strong>nostra</strong></span> <span class='ocrx_word' id='word_1_878' title='bbox 1435 5389 1547 5442; x_wconf 88' lang='lat' dir='ltr'><strong>vita</strong></span> <span class='ocrx_word' id='word_1_879' title='bbox 1576 5388 1745 5444; x_wconf 88' lang='lat' dir='ltr'><strong>simus</strong></span> 
     </span>
    </p>
   </div>
   <div class='ocr_carea' id='block_1_118' title="bbox 116 5479 1736 5537">
    <p class='ocr_par' dir='ltr' id='par_1_118' title="bbox 116 5479 1736 5537">
     <span class='ocr_line' id='line_1_118' title="bbox 116 5479 1736 5537; baseline -0.002 -2"><span class='ocrx_word' id='word_1_880' title='bbox 116 5479 528 5535; x_wconf 86' lang='lat' dir='ltr'><strong>sollicitiores.</strong></span> <span class='ocrx_word' id='word_1_881' title='bbox 565 5480 836 5537; x_wconf 87' lang='lat' dir='ltr'><strong>Hactenus</strong></span> <span class='ocrx_word' id='word_1_882' title='bbox 867 5487 1048 5534; x_wconf 88' lang='lat' dir='ltr'><strong>autem</strong></span> <span class='ocrx_word' id='word_1_883' title='bbox 1078 5479 1144 5535; x_wconf 90' lang='lat' dir='ltr'><strong>de</strong></span> <span class='ocrx_word' id='word_1_884' title='bbox 1171 5479 1352 5534; x_wconf 66' lang='lat' dir='ltr'><strong>saeculi</strong></span> <span class='ocrx_word' id='word_1_885' title='bbox 1382 5479 1736 5534; x_wconf 88' lang='lat' dir='ltr'><strong>abrenuntia-</strong></span> 
     </span>
    </p>
   </div>
   <div class='ocr_carea' id='block_1_119' title="bbox 117 5571 1746 5643">
    <p class='ocr_par' dir='ltr' id='par_1_119' title="bbox 117 5571 1746 5643">
     <span class='ocr_line' id='line_1_119' title="bbox 117 5571 1746 5643; baseline -0.002 -15"><span class='ocrx_word' id='word_1_886' title='bbox 117 5574 329 5637; x_wconf 78' lang='lat' dir='ltr'><strong>tione,</strong></span> <span class='ocrx_word' id='word_1_887' title='bbox 360 5581 419 5628; x_wconf 91' lang='lat' dir='ltr'><strong>et</strong></span> <span class='ocrx_word' id='word_1_888' title='bbox 459 5573 525 5628; x_wconf 89' lang='lat' dir='ltr'><strong>de</strong></span> <span class='ocrx_word' id='word_1_889' title='bbox 570 5590 678 5628; x_wconf 89' lang='lat' dir='ltr'><strong>non</strong></span> <span class='ocrx_word' id='word_1_890' title='bbox 724 5571 1038 5643; x_wconf 90' lang='lat' dir='ltr'><strong>colligendis</strong></span> <span class='ocrx_word' id='word_1_891' title='bbox 1093 5571 1296 5626; x_wconf 88' lang='lat' dir='ltr'><strong>divitiis</strong></span> <span class='ocrx_word' id='word_1_892' title='bbox 1330 5571 1462 5627; x_wconf 88' lang='lat' dir='ltr'><strong>satis</strong></span> <span class='ocrx_word' id='word_1_893' title='bbox 1508 5571 1746 5626; x_wconf 86' lang='lat' dir='ltr'><strong>abunde-</strong></span> 
     </span>
    </p>
   </div>
   <div class='ocr_carea' id='block_1_120' title="bbox 110 5663 1746 5737">
    <p class='ocr_par' dir='ltr' id='par_1_120' title="bbox 110 5663 1746 5737">
     <span class='ocr_line' id='line_1_120' title="bbox 110 5663 1746 5737; baseline -0.001 -17"><span class='ocrx_word' id='word_1_894' title='bbox 110 5679 276 5737; x_wconf 81' lang='lat' dir='ltr'><strong>que,</strong></span> <span class='ocrx_word' id='word_1_895' title='bbox 328 5672 393 5718; x_wconf 89' lang='lat' dir='ltr'><strong>ut</strong></span> <span class='ocrx_word' id='word_1_896' title='bbox 431 5665 646 5735; x_wconf 82' lang='lat' dir='ltr'><strong>Opinor,</strong></span> <span class='ocrx_word' id='word_1_897' title='bbox 679 5665 882 5720; x_wconf 89' lang='lat' dir='ltr'><strong>dictum</strong></span> <span class='ocrx_word' id='word_1_898' title='bbox 908 5674 1010 5718; x_wconf 90' lang='lat' dir='ltr'><strong>est.</strong></span> <span class='ocrx_word' id='word_1_899' title='bbox 1037 5663 1193 5718; x_wconf 85' lang='lat' dir='ltr'><strong>Modo</strong></span> <span class='ocrx_word' id='word_1_900' title='bbox 1223 5663 1368 5718; x_wconf 88' lang='lat' dir='ltr'><strong>enim</strong></span> <span class='ocrx_word' id='word_1_901' title='bbox 1399 5664 1464 5719; x_wconf 93' lang='lat' dir='ltr'><strong>de</strong></span> <span class='ocrx_word' id='word_1_902' title='bbox 1503 5671 1746 5719; x_wconf 89' lang='lat' dir='ltr'><strong>contem-</strong></span> 
     </span>
    </p>
   </div>
   <div class='ocr_carea' id='block_1_121' title="bbox 106 5754 1744 5830">
    <p class='ocr_par' dir='ltr' id='par_1_121' title="bbox 106 5754 1744 5830">
     <span class='ocr_line' id='line_1_121' title="bbox 106 5754 1744 5830; baseline -0.001 -18"><span class='ocrx_word' id='word_1_903' title='bbox 106 5758 362 5830; x_wconf 83' lang='lat' dir='ltr'><strong>plativa</strong></span> <span class='ocrx_word' id='word_1_904' title='bbox 407 5757 557 5823; x_wconf 90' lang='lat' dir='ltr'><strong>vita,</strong></span> <span class='ocrx_word' id='word_1_905' title='bbox 610 5758 721 5812; x_wconf 90' lang='lat' dir='ltr'><strong>Deo</strong></span> <span class='ocrx_word' id='word_1_906' title='bbox 771 5757 1100 5821; x_wconf 82' lang='lat' dir='ltr'><strong>auxiliante,</strong></span> <span class='ocrx_word' id='word_1_907' title='bbox 1167 5764 1223 5810; x_wconf 88' lang='lat' dir='ltr'><strong>et</strong></span> <span class='ocrx_word' id='word_1_908' title='bbox 1274 5756 1434 5811; x_wconf 87' lang='lat' dir='ltr'><strong>beato</strong></span> <span class='ocrx_word' id='word_1_909' title='bbox 1476 5754 1744 5826; x_wconf 88' lang='lat' dir='ltr'><strong>Prospero</strong></span> 
     </span>
    </p>
   </div>
   <div class='ocr_carea' id='block_1_122' title="bbox 106 5849 1436 5929">
    <p class='ocr_par' dir='ltr' id='par_1_122' title="bbox 106 5849 1436 5929">
     <span class='ocr_line' id='line_1_122' title="bbox 106 5849 1436 5929; baseline -0.008 -16"><span class='ocrx_word' id='word_1_910' title='bbox 106 5850 522 5929; x_wconf 65' lang='lat' dir='ltr'><strong>cuﬂ&#39;ragante,</strong></span> <span class='ocrx_word' id='word_1_911' title='bbox 553 5851 734 5921; x_wconf 90' lang='lat' dir='ltr'><strong>aliqua</strong></span> <span class='ocrx_word' id='word_1_912' title='bbox 761 5850 993 5918; x_wconf 86' lang='lat' dir='ltr'><strong>dicenda</strong></span> <span class='ocrx_word' id='word_1_913' title='bbox 1030 5858 1156 5905; x_wconf 90' lang='lat' dir='ltr'><strong>sunt</strong></span> <span class='ocrx_word' id='word_1_914' title='bbox 1179 5849 1436 5919; x_wconf 85' lang='lat' dir='ltr'><strong>capitula.</strong></span> 
     </span>
    </p>
   </div>
   <div class='ocr_carea' id='block_1_123' title="bbox 529 5944 1002 6010">
    <p class='ocr_par' dir='ltr' id='par_1_123' title="bbox 529 5944 1002 6010">
     <span class='ocr_line' id='line_1_123' title="bbox 529 5944 1002 6010; baseline -0.008 0"><span class='ocrx_word' id='word_1_915' title='bbox 529 5949 804 6010; x_wconf 74' lang='lat' dir='ltr'><strong>PATnOL.</strong></span> <span class='ocrx_word' id='word_1_916' title='bbox 844 5944 1002 6008; x_wconf 83' lang='lat' dir='ltr'><strong>Clll.</strong></span> 
     </span>
    </p>
   </div>
  </div>
