3972 6328
485 455 580 516 591

1468 446 1525 500 S.
1561 440 1921 498 BENEDICTI
1959 435 2250 494 ABBA’I‘IS
2286 427 2696 489 ANIANENSIS

3626 413 3732 470 599.

486 572 752 648 perfectio
779 569 1106 640 perﬁcienda
1135 575 1239 633 est,
1291 564 1554 626 nuntiavi,
1598 569 1661 616 ut
1708 562 1764 615 in
1800 557 2054 629 praesenti
2082 557 2136 616 Α
2157 560 2307 624 ptum
2349 559 2431 605 est
2457 567 2469 602 :
2498 547 2651 602 Beati
2678 541 2908 615 paciﬁci,
2954 546 3058 594 etc.
3086 534 3304 607 (Matth.
3330 548 3389 598 v,
3415 530 3496 602 9).
3529 529 3739 586 Secum

2176 641 2191 648 -
2491 639 2503 648 .
2539 638 2572 648 ,Α
2728 635 2740 646 ο
2790 633 2816 648 η
2924 647 2961 648 η
3040 626 3322 648 Α,μ-,,ίι--...
3365 623 3500 648 :ll...l
3530 640 3545 648 -
3584 620 3720 648 l_‘.

488 683 610 723 eam
652 677 906 734 negarem
936 675 1095 732 posse
1132 661 1199 714 ab
1243 657 1551 713 hominibus
1580 653 1767 708 mundi
1809 661 2056 707 contem-

2161 620 2260 696 dus
2299 656 2429 695 vero
2453 638 2677 693 visitare
2725 633 2992 697 inﬁrmos,
3034 626 3327 685 secundum
3365 623 3545 679 illud:
3574 620 3743 692 ιιιρτ-

443 741 456 748 ’
487 711 752 828 ptoribu:
764 711 1112 824 apprehendi,
1137 750 1182 804 si
1210 747 1368 803 modo
1396 761 1454 801 se
1494 743 1562 798 ad
1591 758 1712 798 eam
1740 750 1853 798 tota
1898 742 2059 797 devo-
2160 749 2276 786 mus
2308 731 2406 799 fui,
2434 737 2538 784 etc.
2571 725 2786 798 (Matth.
2807 737 2947 808 xxv,
2973 720 3087 791 36).
3122 718 3336 773 Tertius
3377 722 3565 769 autem
3608 711 3748 768 abiit

2240 823 2251 828 -
2477 821 2489 828 .
2908 813 2951 828 τι
2987 812 3045 828 .,
3105 826 3119 828 _
3182 824 3298 828 ,μμ
3330 805 3588 828 ,ΛΑ-η,
3621 817 3720 828 __

489 851 639 905 tione
665 854 982 904 convertant
1005 861 1018 910 ;
1046 844 1091 898 si
1113 839 1382 896 desiderio
1403 836 1518 906 ejus
1539 834 1752 890 accensi
1775 832 2060 902 praesentia

491 941 858 997 blandimenta
905 933 1203 997 fastidiant,
1254 939 1309 985 et
1358 929 1519 996 longe
1565 925 1816 981 fortiores
1862 921 2059 985 effecti,

491 1048 656 1103 quam
691 1039 752 1084 ut
775 1044 868 1084 eos
897 1035 1122 1080 terrenae
1162 1021 1546 1091 occupationes
1573 1017 1887 1084 illaqueant,
1929 1014 2066 1068 divi-

493 1123 580 1177 nis
608 1121 772 1176 rebus
816 1134 879 1172 ac
906 1114 1102 1169 futuris
1135 1107 1590 1182 promissionibus
1619 1105 1940 1158 inhaereant.
1973 1097 2067 1152 Isti

493 1213 631 1268 tales
649 1211 813 1266 etiam
846 1209 900 1261 in
935 1206 1037 1259 hac
1063 1203 1174 1257 vita
1213 1196 1645 1269 contemplativa:
1690 1194 1815 1248 vita:
1843 1195 2071 1261 possunt

496 1303 613 1359 ﬁeri
659 1298 967 1372 participes.
1008 1296 1195 1365 Itaque
1233 1292 1488 1362 quoniam
1539 1289 1604 1342 de
1652 1280 2071 1352 contemplativa

495 1394 608 1447 vita
636 1393 690 1446 in
721 1386 1088 1458 superioribus
1115 1384 1381 1454 capitibus
1418 1379 1586 1434 multa
1606 1375 1720 1444 jam
1755 1375 1898 1428 dicta
1923 1377 2072 1434 sunt,

497 1483 768 1540 sufﬁciunt
793 1481 898 1536 ista
927 1493 1049 1548 quae
1073 1475 1333 1538 diximus,
1361 1479 1421 1526 ut
1443 1477 1498 1526 et
1528 1468 1734 1536 reliqua
1758 1462 2073 1520 considere-

495 1591 619 1632 mus
642 1588 764 1644 quze
783 1572 852 1626 de
878 1569 992 1625 vita
1014 1565 1383 1623 solitariorum
1421 1557 1654 1616 dicenda
1681 1563 1828 1612 sunt.

1085 1678 1313 1738 CAPUT
1361 1676 1503 1732 XIV.

502 1784 656 1854 Quod
680 1797 775 1856 pro
792 1776 1107 1856 perfectione
1130 1773 1246 1854 vita:
1268 1764 1681 1856 captemplgtipte
1708 1759 1957 1856 a‘sartctis
1979 1755 2083 1809 Pa-

667 1833 835 1909 t'i'iliurs
863 1833 1103 1903 solitaria
1123 1843 1227 1897 vita
1260 1833 1501 1911 primitus
1528 1834 1625 1904 fuit
1647 1833 1915 1887 inchoata.

2163 823 2442 892 quiescere
2476 821 2532 874 in
2571 805 2880 872 solitudine.
2908 812 3125 866 Primus
3173 824 3306 878 ergo
3330 805 3593 860 laborans
3621 817 3750 874 pro-

2163 927 2287 990 pter
2301 919 2425 973 lites
2453 915 2756 979 hominum,
2785 927 2895 966 non
2925 909 3101 981 potuit
3129 906 3183 960 in
3211 901 3555 974 paciﬁcando
3584 899 3752 970 proﬁ-

2167 988 2291 1063 cere
2315 1025 2330 1073 ;
2375 1013 2429 1061 et
2454 1004 2576 1060 ideo
2604 1002 2785 1057 victus
2804 999 2956 1055 venit
2993 997 3060 1051 ad
3085 1009 3210 1051 cum
3234 993 3327 1063 qui
3351 989 3634 1046 serviebat
3671 988 3750 1042 in-

2169 1097 2363 1161 ﬁrmis,
2394 1104 2451 1149 et
2493 1093 2697 1148 invenit
2731 1091 2898 1146 etiam
2947 1089 3127 1158 ipsum
3167 1084 3349 1139 animo
3376 1079 3754 1140 deﬁcientem,

2168 1201 2227 1246 et
2273 1208 2384 1246 non
2417 1189 2800 1261 prtevalentem
2837 1185 3151 1240 mandatum
3184 1179 3469 1252 perﬁcere.
3523 1176 3594 1230 Et
3634 1189 3758 1229 con-

2173 1282 2463 1338 cordantes
2486 1280 2544 1334 hi
2568 1280 2675 1334 duo
2698 1278 2952 1332 abierunt
2978 1274 3163 1329 videre
3185 1271 3333 1326 illum
3353 1269 3448 1340 qui
3482 1268 3541 1321 in
3572 1280 3763 1322 eremo

2174 1375 2524 1436 discesserat,
2553 1379 2609 1425 et
2648 1375 3010 1424 narraverunt
3041 1365 3092 1419 ei
3113 1361 3494 1417 tribulationes
3524 1375 3685 1422 suas,
3712 1363 3765 1414 et

2174 1474 2504 1538 rogaverunt
2541 1471 2602 1517 ut
2621 1462 2826 1517 diceret
2847 1459 2928 1514 eis
2953 1457 3084 1527 quid
3113 1455 3228 1525 ipse
3244 1453 3559 1524 proﬁceret.
3586 1450 3664 1504 Et
3686 1465 3766 1505 re-

2176 1559 2352 1614 ticens
2377 1553 2654 1626 paululum
2696 1550 2848 1606 misit
2887 1563 3084 1619 aquam
3118 1548 3175 1600 in
3226 1545 3516 1617 scyphum,
3549 1551 3609 1597 et
3635 1541 3768 1596 dixit

2179 1649 2260 1704 eis
2285 1644 2596 1701 :Attendite
2623 1642 2678 1696 in
2705 1655 2922 1710 aquam.
2954 1639 3024 1693 Et
3049 1644 3172 1692 erat
3191 1634 3529 1691 turbulenta.
3556 1633 3632 1686 Et
3652 1640 3769 1703 post

2181 1738 2456 1796 modicum
2484 1750 2673 1790 rursus
2695 1733 2833 1788 dixit
2855 1732 2935 1786 eis
2965 1749 2977 1784 :
3005 1728 3282 1785 Attendite
3306 1728 3469 1783 modo
3493 1728 3770 1796 quomodo

2182 1829 2405 1898 limpida
2426 1826 2570 1881 facta
2589 1833 2672 1880 est
2691 1838 2852 1893 aqua.
2878 1823 3088 1876 Etcum
3111 1819 3527 1874 intenderentin
3552 1833 3770 1888 aquam,

573 1945 798 2018 Antiqui
843 1942 1038 1997 Patres
1074 1910 1564 2003 nostrisupernam
1604 1928 1839 1997 patriam
1869 1923 2081 1979 deside—
2109 1918 2158 1978 B
2184 1919 2438 1974 viderunt
2483 1926 2741 1986 tanquam
2786 1915 2841 1968 in
2891 1911 3110 1982 speculo
3147 1910 3498 1966 vultussuos.
3543 1910 3617 1964 Et
3654 1919 3774 1965 tunc

506 2016 790 2104 rantes,—et
811 2029 1228 2101 contemplativa
1249 2025 1361 2079 vita
1381 2020 1620 2093 perfecte
1643 2017 1752 2072 frui
1781 2016 2081 2083 cupientes,

505 2152 616 2193 non
645 2133 818 2189 solum
847 2140 1028 2184 mores
1049 2125 1331 2180 hominum
1359 2116 1722 2176 saecularium,
1743 2112 1837 2167 sed
1867 2117 1922 2165 et
1954 2125 2085 2164 con-

510 2227 679 2285 sortia
703 2223 998 2295 fugiebant,
1035 2225 1198 2287 atque
1230 2216 1286 2269 in
1317 2211 1544 2267 saltibus
1567 2206 1943 2276 specubusque
1966 2200 2089 2254 lati-

507 2319 722 2381 tabant;
751 2291 985 2369 scientes
1020 2308 1148 2379 quia
1194 2313 1399 2375 quanto
1427 2315 1485 2355 se
1524 2296 1855 2367 separabant
1883 2309 1914 2346 a
1943 2291 2093 2345 volu-

507 2407 750 2480 ptatibus
787 2402 994 2467 mundi,
1037 2406 1188 2454 tanto
1217 2391 1705 2464 frequentabantur
1746 2387 1813 2441 ab
1854 2384 2088 2454 angelis;

512 2476 570 2559 et
597 2506 800 2570 quanto
832 2493 1153 2550 remotiores
1180 2504 1211 2542 a
1252 2485 1472 2549 saeculo,
1502 2489 1654 2536 tanto
1680 2476 2093 2549 pmpinquiores

517 2567 720 2647 ﬁebant
764 2588 895 2642 Deo.
933 2580 1301 2652 Corporaliter
1340 2584 1522 2631 autem
1551 2570 1792 2642 separari
1822 2567 2095 2623 desidera-

514 2685 647 2738 bant
669 2696 702 2735 a
731 2676 1102 2739 szecularibus,
1129 2686 1199 2727 ne
1227 2668 1368 2724 forte
1388 2668 1444 2722 in
1465 2679 1655 2720 eorum
1678 2657 1963 2732 aliquando
1984 2655 2097 2711 vol-

515 2780 774 2830 verentur
829 2767 1058 2823 actibus.
1108 2761 1218 2816 Nos
1269 2773 1399 2814 vero
1447 2768 1638 2811 eorum
1681 2748 1926 2820 exempla
1952 2787 1967 2814 ,
2043 2745 2099 2799 in

517 2871 781 2937 quantum
799 2854 1054 2930 possibile
1073 2859 1179 2918 est,
1202 2849 1358 2919 sequi
1377 2846 1680 2915 cupientes,
1705 2840 1750 2895 si
1776 2840 1831 2893 in
1861 2842 2101 2892 contem-

517 2927 723 3028 plativa
748 2927 860 3008 vita
906 2948 1154 3018 cupimus
1201 2940 1406 3011 aliquid
1432 2938 1717 3008 proﬁcere,
1751 2949 1783 2986 a
1830 2927 2102 2986 consortio

522 3016 704 3105 saeculi
752 3016 993 3099 nitamur
1033 3038 1143 3092 cito
1171 3030 1434 3104 separari.
1477 3027 1614 3094 Quia
1662 3023 1792 3079 licet
1820 3020 1876 3074 in
1924 3016 2104 3074 medio

525 3136 825 3194 carnalium
869 3145 1010 3201 saepe
1039 3129 1184 3183 Deus
1210 3126 1377 3179 vitam
1403 3124 1653 3190 protegat
1678 3114 1998 3174 electorum,
2023 3116 2106 3162 ta-

526 3247 652 3286 men
693 3226 826 3285 satis
855 3237 1037 3278 rarum
1067 3229 1152 3276 est
1195 3225 1258 3273 ut
1287 3214 1517 3285 quisque
1557 3211 1700 3264 inter
1743 3203 1924 3260 saeculi
1951 3201 2104 3256 volu-

2188 2009 2422 2065 dixiteis
2452 2026 2464 2060 :
2494 2006 2586 2062 Sic
2618 2013 2704 2061 est
2731 2004 2824 2074 qui
2856 2003 2912 2056 in
2959 2002 3138 2058 medio
3162 2001 3442 2056 hominum
3471 2000 3732 2054 consistit
3757 2015 3774 2064 ;

2189 2119 2303 2176 prae
2335 2103 2493 2157 turba
2518 2101 2665 2155 enim
2711 2113 2820 2154 non
2845 2096 2993 2178 videt
3020 2103 3246 2166 peccata
3273 2109 3405 2159 sua;
3435 2108 3564 2147 cum
3595 2102 3777 2146 autem

2199 2195 2494 2266 quieverit,
2525 2201 2580 2247 et
2605 2190 2845 2247 maxime
2882 2188 2938 2242 in
2963 2187 3274 2252 solitudine,
3298 2192 3427 2240 tunc
3455 2184 3666 2240 delicta
3689 2200 3778 2239 sua

2193 2286 2476 2356 conspicit.
2508 2283 2609 2338 llic
2636 2282 2917 2337 evidenter
2944 2279 3252 2335 ostenditur
3281 2285 3553 2347 quantum
3574 2278 3780 2332 emolu-

2191 2386 2436 2433 mentum
2482 2382 2706 2446 przestat
2741 2373 2853 2428 vita
2895 2371 3155 2427 solitaria.
3197 2371 3294 2425 Est
3341 2370 3494 2424 enim
3549 2371 3780 2425 stadium

2196 2472 2468 2542 quoddam
2494 2470 2562 2524 ad
2584 2466 3020 2525 emendationem
3049 2479 3260 2519 morum
3286 2461 3661 2518 formandam.
3688 2461 3778 2529 Qui

2197 2565 2344 2621 enim
2372 2564 2427 2618 in
2471 2561 2782 2628 solitudine,
2824 2562 2929 2617 hoc
2953 2568 3037 2616 est
3084 2560 3140 2614 in
3170 2559 3503 2624 retrusione,
3551 2560 3780 2621 sedet,a

2201 2655 2376 2710 tribus
2409 2652 2566 2710 bellis
2596 2653 2850 2723 eripitur,
2874 2652 2928 2707 id
2951 2659 3053 2717 cst,
3103 2650 3338 2716 auditus,
3385 2649 3708 2714 locutionis,
3737 2656 3786 2704 et

2201 2747 2388 2812 visus;
2451 2754 2507 2800 et
2543 2753 2738 2800 contra
2790 2759 2958 2798 unum
3011 2742 3388 2798 tantummodo
3433 2741 3670 2795 habebit
3696 2756 3787 2810 pu-

2203 2854 2386 2910 gnam,
2421 2837 2476 2893 id
2517 2846 2623 2903 est,
2657 2835 3043 2907 cogitationem
3079 2833 3281 2890 cordis.
3335 2832 3637 2887 Sciendum
3669 2847 3790 2886 vero

2205 2939 2288 2985 est
2335 2929 2462 2998 quia
2493 2927 2662 2983 multo
2688 2927 2885 2982 melius
2916 2934 3004 2980 est
3047 2924 3208 2980 alicui
3257 2932 3318 2978 ut
3346 2939 3471 2978 cum
3512 2922 3705 2978 multis
3730 2923 3790 2977 sit

2206 3029 2262 3076 et
2286 3019 2585 3074 solitariam
2611 3026 2736 3089 agat
2773 3020 2960 3082 vitam,
2983 3031 3148 3086 quam
3183 3015 3255 3071 sit
3298 3015 3351 3068 in
3382 3029 3574 3070 eremo
3590 3023 3650 3068 et
3679 3027 3792 3084 puo-

2207 3113 2384 3182 posito
2407 3111 2606 3167 mentis
2632 3109 2904 3165 desideret
2930 3124 3053 3164 esse
3074 3123 3197 3163 cum
3224 3107 3428 3162 multis.
3453 3106 3596 3161 Nam
3630 3117 3688 3161 et
3707 3107 3793 3160 ho-

2212 3203 2387 3257 mines
2419 3201 2732 3266 saeculares,
2767 3201 2813 3256 si
2840 3200 2896 3254 in
2923 3199 3028 3254 isto
3053 3198 3252 3254 saeculo
3291 3199 3471 3268 aliqua
3509 3199 3794 3252 commise-

527 3330 706 3396 ptates
731 3318 962 3392 positus,
1018 3330 1050 3369 a
1077 3311 1226 3366 vitiis
1256 3313 1476 3362 maneat
1514 3300 1770 3357 illibatus.
1822 3296 1881 3350 In
1912 3293 2108 3364 quibus
2133 3274 2179 3337 Ο
2219 3301 2346 3349 sunt
2390 3292 2640 3358 crimina,
2689 3292 2854 3346 etiam
2898 3290 3144 3346 nolentes
3176 3290 3466 3344 ulmum“,
3509 3289 3566 3343 in
3607 3302 3794 3343 careo.

529 3388 761 3484 denique
808 3410 911 3466 etsi
946 3422 1056 3461 non
1100 3403 1211 3458 cito
1254 3397 1579 3468 implicetur,
1599 3388 1900 3462 'aliquando
1926 3397 2110 3440 tamen

529 3479 884 3561 abstrahitur.
934 3496 1124 3566 Neque
1155 3491 1301 3548 enim
1343 3490 1436 3545 diu
1474 3499 1699 3542 securus
1727 3496 1847 3537 esse
1889 3479 2110 3549 poterit,

531 3598 623 3668 qui
652 3591 892 3666 periculo
925 3587 1207 3662 proximus
1246 3582 1427 3638 fuerit.
1456 3578 1611 3635 Unde
1639 3576 1692 3630 in
1724 3571 2114 3630 Collationibus

533 3665 758 3744 Patrum
788 3685 865 3739 ita
907 3680 1146 3752 loquitur
1178 3675 1425 3732 :Bonum
1455 3678 1540 3726 est
1565 3669 1712 3724 enim
1739 3665 1924 3736 fugere
1949 3677 2117 3717 saecu-

536 3781 667 3835 lum.
696 3775 923 3844 Quando
947 3751 1130 3828 autem
1157 3776 1242 3825 est
1271 3768 1434 3823 homo
1469 3761 1625 3831 juxta
1666 3757 1948 3820 saeculum,
1981 3751 2119 3807 assi-

538 3867 819 3928 milabitur
850 3865 972 3919 viro
1010 3861 1176 3918 stanti
1218 3873 1380 3928 super
1409 3856 1586 3909 lacum
1611 3847 2116 3921 profundissimum,

543 3970 607 4017 ut
631 3974 740 4029 qua
769 3961 908 4014 hora
933 3955 1113 4010 visum
1162 3951 1324 4005 fuerit
1370 3947 1592 4002 inimico
1629 3942 1765 4012 ejus,
1799 3940 1960 3996 facile
1996 3953 2122 3994 eum

544 4051 808 4121 impingat
837 4047 1110 4103 deorsum.
1145 4042 1205 4098 Si
1243 4049 1424 4094 autem
1452 4053 1482 4091 a
1517 4034 1713 4091 saeculo
1742 4041 1981 4087 remotus
2004 4029 2124 4085 fue-

546 4119 641 4204 rit,
667 4119 1053 4193 assimilabitur
1071 4132 1191 4186 viro
1216 4129 1375 4199 longe
1402 4126 1580 4197 posito
1605 4141 1636 4179 a
1674 4129 1858 4193 puteo,
1883 4129 1943 4175 ut
1966 4119 2051 4174 vel
2079 4119 2124 4174 si

549 4237 760 4291 nitatur
802 4245 928 4287 eum
965 4226 1217 4284 inimicus
1248 4223 1514 4295 projicere
1541 4220 1817 4284 deorsum,
1845 4217 1970 4272 dum
1999 4231 2124 4270 eum

547 4325 814 4383 violenter
837 4319 1025 4385 trahit,
1060 4317 1204 4372 Deus
1234 4315 1285 4370 ci
1311 4312 1574 4368 auxilium
1601 4309 1804 4379 dirigit.
1838 4308 1968 4362 Item
2008 4306 2120 4362 ibi:

551 4419 725 4476 Homo
747 4415 957 4487 fugiens
982 4409 1228 4467 homines
1253 4405 1446 4462 similis
1471 4411 1556 4459 est
1591 4417 1710 4456 uvae
1748 4409 2006 4465 matura;
2035 4399 2127 4468 qui

552 4517 736 4566 autem
755 4521 878 4564 cum
902 4500 1210 4558 hominibus
1233 4500 1606 4557 conversatur,
1637 4492 1777 4547 sicut
1805 4506 1911 4546 uva
1933 4488 2129 4545 acerba

553 4602 678 4657 erit.
729 4597 800 4653 Et
831 4609 1086 4651 rursum:
1114 4586 1534 4660 Imperforabilis
1563 4584 1710 4640 enim
1759 4589 1944 4637 manet
1986 4597 2018 4635 a
2044 4595 2132 4636 sa-

555 4691 707 4764 gittis
738 4688 962 4752 inimici,
995 4684 1087 4754 qui
1115 4689 1260 4737 amat
1299 4681 1568 4748 quietem;
1605 4677 1700 4747 qui
1722 4684 1904 4730 autem
1930 4674 2128 4729 misce-

560 4794 652 4839 tur
679 4778 1028 4843 multitudini,
1061 4775 1251 4832 crebra
1277 4772 1501 4842 suscipit
1524 4770 1768 4825 vulnera.
1799 4768 1911 4822 Hoc
1933 4767 2130 4836 quippe

560 4873 839 4932 metuebat
860 4871 1051 4926 beatus
1075 4866 1355 4929 Arsenius,
1399 4879 1523 4918 cum
1557 4861 1734 4916 adhuc
1762 4868 1908 4915 esset
1935 4859 1988 4913 in
2031 4874 2130 4928 pa-

560 4970 728 5024 latio:
761 4974 818 5022 et
845 4965 966 5021 ideo
991 4961 1168 5018 oravit
1192 4957 1479 5014 Dominum
1511 4954 1735 5008 dicens:
1762 4952 2006 5017 Domine,
2046 4950 2131 5005 di-

564 5061 680 5132 rige
705 5074 794 5114 me
823 5057 892 5112 ad
941 5053 1186 5110 salutem.
1226 5049 1294 5103 Et
1332 5044 1619 5103 confestim
1648 5044 1796 5100 venit
1835 5043 1886 5098 ei
1927 5057 2028 5097 vox
2059 5042 2136 5096 di-

566 5168 694 5209 cens
718 5191 732 5205 .
757 5147 990 5204 Arseni:
1027 5144 1153 5214 fuge
1176 5141 1441 5203 homines,
1473 5147 1529 5193 et
1553 5138 1734 5193 salvus
1775 5136 1904 5190 eris.
1943 5135 2140 5191 Postea

567 5256 697 5295 vero
722 5237 950 5294 accessit
986 5234 1056 5288 ad
1083 5229 1441 5287 monasticam
1472 5227 1659 5291 vitam,
1692 5234 1747 5279 et
1781 5239 2146 5280 rursum-ora-

569 5331 649 5384 vit
691 5330 758 5383 ad
810 5326 1094 5382 Dominum
1138 5321 1390 5378 eumdem
1429 5331 1736 5372 sermonem
1781 5316 2008 5371 dicens:
2043 5315 2147 5370 Do-

570 5421 740 5485 mine,
777 5419 945 5490 dirige
974 5431 1061 5470 me
1087 5415 1153 5468 ad
1197 5411 1444 5468 salutem.
1476 5407 1546 5463 Et
1575 5409 1771 5462 iterum
1812 5407 2018 5463 audivit
2050 5422 2147 5463 vo-

573 5527 695 5570 cem
718 5509 983 5566 dicentem
1007 5507 1110 5563 sibi
1143 5524 1156 5559 :
1189 5501 1410 5567 Arseni,
1439 5499 1583 5571 fuge,
1609 5510 1748 5565 tace,
1782 5500 2032 5568 quiesce;
2063 5500 2146 5553 hae

491 5643 493 5646 ‹
574 5603 722 5663 enim
762 5602 970 5658 radices
1010 5611 1136 5655 sunt
1181 5613 1288 5653 non
1323 5593 1600 5664 peccandi.
1631 5591 1899 5647 Praeterea
1935 5607 2146 5662 quoque

575 5694 824 5752 narravit
848 5693 1065 5762 quidam
1103 5691 1325 5745 Patrum
1369 5686 1494 5757 quia
1538 5693 1651 5739 tres
1694 5683 1894 5737 fratres
1919 5682 2148 5737 studiosi

579 5786 712 5843 facti
735 5793 864 5842 sunt
885 5783 1166 5849 monachi;
1196 5790 1251 5837 et
1276 5795 1415 5835 unus
1436 5778 1656 5849 quidem
1690 5790 1756 5829 ex
1784 5774 1864 5828 eis
1893 5773 2054 5842 elegit
2080 5773 2145 5828 li-

581 5880 817 5947 tigantes
869 5879 922 5934 in
960 5893 1094 5948 pace
1141 5888 1415 5937 revocare,
1441 5869 1595 5938 juxta
1649 5867 1775 5922 illud
1816 5866 1958 5934 quod
2009 5867 2145 5921 scri-

2219 3399 2354 3440 rem.
2376 3383 2456 3437 Ita
2483 3397 2615 3454 ergo
2634 3392 2692 3437 et
2717 3397 2818 3438 nos
2857 3389 3079 3452 propter
3103 3389 3326 3451 peccata
3369 3389 3559 3435 nostra
3588 3381 3796 3449 rediga-

2220 3493 2342 3533 mus
2374 3477 2734 3546 nosmetipsos
2774 3475 2830 3530 in
2879 3489 3154 3529 carcerem
3211 3472 3546 3537 reirusionis,
3587 3480 3647 3524 ut
3693 3484 3801 3542 per

2220 3568 2581 3625 voluntariam
2606 3568 2804 3624 mentis
2827 3577 3027 3622 nostrm
3041 3567 3334 3622 vindictam
3357 3565 3570 3621 futuras
3590 3580 3623 3619 ι
3645 3566 3802 3622 nobis

2197 3655 2412 3735 'pmnas
2431 3662 2723 3718 excludere
2751 3676 3080 3716 mereamur.
3095 3660 3234 3728 Quia
3263 3650 3450 3730 igitur,
3475 3670 3539 3714 ut
3563 3661 3642 3716 ait
3665 3660 3801 3732 Apo-

2223 3757 2394 3812 stolus
2439 3777 2450 3809 :
2507 3754 2567 3810 Si
2626 3754 2965 3824 nosmetipsos
3019 3753 3368 3824 dijudicemus
3426 3754 3481 3806 in
3545 3754 3650 3807 hoc
3706 3769 3798 3806 sc-

2224 3847 2362 3911 culo,
2413 3862 2518 3900 non
2562 3845 2739 3915 utique
2785 3863 2818 3898 a
2863 3843 3092 3898 Domino
3116 3843 3478 3914 judicabimur
3529 3845 3589 3898 in
3627 3844 3801 3914 futuro

2226 3937 2278 4008 (Ι
2301 3935 2424 3991 Cor.
2449 3953 2510 4001 ιι,
2537 3934 2651 4008 51).

2826 4029 3055 4086 CAPUT
3096 4031 3210 4087 XV.

2225 4125 2306 4180 De
2367 4123 2648 4194 disciplina
2699 4125 3150 4206 suscipiendorum
3216 4126 3440 4195 fratrum
3502 4128 3580 4181 ad
3649 4139 3804 4182 retru-

2907 4212 3127 4250 sionem.

2297 4289 2561 4346 Dominus
2601 4296 2788 4342 noster
2823 4285 2980 4342 Jesus
3027 4287 3274 4343 Christus
3304 4305 3495 4344 omnes
3541 4291 3612 4344 ad
3661 4305 3806 4344 suam

2229 4394 2391 4438 vocat
2413 4382 2714 4447 servitium,
2757 4395 3054 4452 omnesque
3081 4383 3148 4437 ad
3195 4396 3254 4436 se
3283 4382 3572 4437 venientes
3593 4385 3684 4453 pie
3711 4384 3806 4436 mi-

2231 4474 2686 4544 sericorditerque
2733 4474 2944 4544 recipit.
2994 4474 3200 4529 Idcirco
3235 4475 3380 4530 enim
3427 4491 3624 4531 omnes
3663 4486 3807 4531 vocat

2237 4575 2294 4622 et
2325 4568 2537 4638 recipit,
2567 4569 2690 4638 quia
2721 4569 2836 4638 ipse
2879 4569 3031 4624 novit
3056 4569 3149 4639 qui
3197 4577 3323 4624 sunt
3347 4567 3483 4637 ejus,
3513 4580 3572 4623 et
3598 4586 3710 4624 non
3736 4577 3810 4623 est

2158 4633 2213 4694 D
2238 4679 2372 4734 opus
2398 4664 2449 4719 ei
2476 4672 2536 4717 ut
2571 4657 2692 4732 quis
2713 4633 3088 4717 testimonium
3127 4633 3408 4732 perhibeat
3438 4633 3507 4716 de
3554 4663 3773 4716 homine
3797 4676 3810 4710 :

2238 4756 2359 4826 ipse
2383 4756 2528 4809 enim
2553 4756 2656 4810 scit
2685 4755 2813 4823 quid
2836 4764 2920 4808 est
2945 4754 2997 4807 in
3032 4753 3271 4808 homine.
3303 4751 3412 4807 Nos
3446 4768 3584 4808 vero
3615 4743 3713 4825 qui
3735 4765 3818 4805 no-

2242 4851 2421 4904 titiam
2447 4850 2713 4904 bonorum
2759 4847 3094 4903 malorumve
3126 4845 3405 4901 hominum
3447 4845 3680 4902 minime
3729 4847 3818 4901 ha-

2242 4947 2455 5011 bemus,
2482 4944 2585 4998 nisi
2611 4959 2704 4999 eos
2737 4943 3170 5013 probaverimus,
3197 4941 3454 4996 debemus
3481 4949 3678 4996 tenere
3699 4957 3823 4996 cm-

2245 5040 2423 5096 silium
2454 5037 2681 5109 apostoli
2728 5037 2998 5092 dicentis:
3031 5033 3260 5090 Probate
3293 5035 3508 5105 spiritus
3535 5037 3582 5090 si
3608 5053 3676 5090 ex
3715 5033 3821 5087 Dee

2242 5141 2364 5187 sunt
2387 5129 2440 5202 (Ι
2477 5127 2638 5182 Joan.
2681 5144 2752 5192 IV,
2784 5129 2858 5200 1).
2905 5126 2996 5182 Sic
3022 5142 3238 5196 quoque
3274 5127 3487 5182 noviter
3509 5128 3821 5181 venient

2245 5234 2512 5292 quemque
2536 5220 2604 5274 ad
2635 5219 2730 5274 Dei
2762 5219 3061 5282 servitium,
3090 5225 3297 5288 Oportet
3331 5233 3433 5288 per
3473 5218 3645 5272 multa
3683 5219 3826 5289 prius

2246 5313 2619 5383 experimenta
2660 5313 2908 5380 probare,
2955 5319 3011 5366 et
3059 5322 3247 5383 postea
3296 5312 3564 5382 recipere,
3600 5329 3666 5366 ne
3697 5312 3830 5364 fate

2247 5405 2371 5475 quis
2396 5404 2649 5458 simulata
2678 5413 2856 5459 mente
2879 5419 2943 5459 ac
2966 5403 3145 5459 fallaci
3175 5404 3356 5458 animo
3380 5405 3448 5457 ad
3479 5404 3626 5459 hanc
3651 5404 3834 5458 solita-

2251 5496 2389 5550 riam
2427 5496 2596 5551 vitam
2645 5503 2937 5566 praesumat
2987 5497 3266 5551 accedere.
3324 5497 3466 5567 Ergo
3510 5505 3730 5566 oportet
3765 5495 3834 5549 de

2250 5587 2524 5656 praeterita
2553 5585 2671 5654 ejus
2690 5587 2800 5641 vita
2826 5596 2882 5642 et
2909 5589 3322 5644 conversatione
3342 5588 3646 5659 inquirere,
3683 5590 3731 5642 si
3752 5596 3835 5640 e51

2253 5679 2494 5734 moribus
2523 5686 2874 5748 temperatus,
2923 5679 2968 5734 si
3010 5680 3123 5733 vita
3171 5689 3372 5743 castus,
3423 5680 3470 5733 si
3498 5680 3741 5734 sobrius.
3789 5677 3834 5730 si

2255 5773 2489 5844 sapiens,
2518 5771 2563 5826 si
2589 5771 2885 5836 humilis,si
2914 5771 3194 5837 obediens,
3219 5772 3264 5826 si
3287 5770 3542 5835 affabilis,
3568 5772 3615 5826 si
3641 5772 3697 5825 in
3723 5771 3846 5838 lego

2256 5865 2466 5920 Domini
2519 5863 2837 5929 instructus,
2873 5864 2918 5919 si
2963 5863 3018 5920 in
3047 5864 3165 5934 ipsa
3213 5863 3578 5919 instructions
3627 5872 3842 5919 cantu
