3972 6328
216 355 324 418 593

218 563 494 638 probatus,
535 565 582 619 si
624 567 1051 635 perseveraverit
1091 567 1348 637 pulsans;
1387 575 1440 620 et
1465 565 1642 620 illatas
1677 565 1780 621 sibi

218 657 458 727 iniurias,
487 666 541 712 et
566 655 934 714 difﬁcultatem
960 660 1256 730 ingressus,
1280 667 1402 731 post
1430 669 1662 729 quatuor
1688 667 1782 713 aut

217 749 450 819 quinque
474 747 594 802 'dies
621 747 770 804 visus
809 747 974 805 fuerit
999 750 1266 820 patienter
1314 757 1532 820 portare
1567 758 1622 804 et
1655 764 1782 820 per-

215 842 406 897 sistere
455 841 649 897 affectu
676 843 958 913 petitionis
995 859 1125 908 suae,
1157 852 1428 898 annuatur
1472 844 1522 898 ei
1569 845 1682 899 sive
1711 844 1780 898 ab

214 936 483 1005 episcopo,
511 935 624 989 sive
653 936 722 990 ab
764 935 958 990 abbate
985 951 1104 1001 suo,
1127 936 1420 1006 ingressus.
1456 936 1584 991 Sine
1611 936 1781 990 licen-

213 1027 284 1082 tia
317 1036 496 1081 autem
521 1035 578 1082 et
605 1043 870 1082 consensu
897 1029 1154 1099 episcopi,
1184 1039 1277 1083 aut
1307 1030 1520 1084 abbatis
1549 1029 1780 1100 proprii,

212 1126 370 1186 atque
395 1118 635 1172 omnium
669 1117 895 1173 fratrum
923 1120 1160 1190 ejusdem
1209 1122 1542 1186 monasterii,
1585 1121 1639 1176 in
1674 1135 1783 1190 quo

211 1209 349 1264 idem
375 1209 544 1264 frater
572 1210 829 1265 educatus
854 1209 1038 1276 fuerit,
1066 1211 1198 1264 nihil
1223 1211 1444 1266 omnino
1489 1213 1554 1267 de
1580 1211 1684 1266 hac
1721 1226 1782 1266 re

213 1302 322 1358 fiat.
353 1303 754 1359 Probibendum
790 1313 874 1360 est
913 1305 1077 1359 etiam
1129 1312 1188 1359 ut
1227 1306 1281 1360 in
1329 1304 1475 1361 nullo
1515 1305 1620 1360 alio
1661 1305 1782 1362 loco

214 1396 315 1451 hoc
361 1397 638 1468 religionis
682 1398 1015 1468 propositum
1060 1414 1091 1452 a
1131 1414 1404 1469 quoquam
1449 1405 1800 1468 assumatur,‘

209 1487 312 1545 nisi
336 1487 390 1542 in
412 1489 778 1544 coenobiorum
803 1490 1310 1561 congregationibus
1336 1498 1566 1545 tantum.
1592 1490 1652 1544 In
1681 1491 1780 1545 vil-

211 1577 280 1636 lis
308 1589 488 1642 autem
523 1588 617 1635 aut
642 1580 698 1636 in
723 1581 1115 1651 campestribus
1136 1581 1408 1647 ecclesiis,
1435 1583 1550 1636 sive
1578 1583 1634 1636 in
1661 1582 1782 1637 aliis

212 1670 537 1742 quibuslibet
574 1670 707 1726 locis
745 1671 1052 1727 nullatenus
1090 1680 1451 1742 praesumetur
1478 1687 1782 1739 assumere,

209 1763 312 1818 nisi
355 1762 495 1818 forte
536 1764 660 1833 quis
702 1778 855 1819 more
903 1764 1252 1833 antiquorum
1281 1764 1506 1820 Patrum
1552 1766 1620 1820 ad
1664 1781 1783 1821 ere-

851 359 1079 417 CODEX
1117 358 1575 418 REGULARUM.
1610 390 1681 402 —
1716 358 1898 416 PARS
1935 360 1999 416 ll.
2038 357 2343 416 REGULE
2382 357 2485 413 PP.
2527 357 2801 416 ORIENT.

218 471 347 533 Cum
374 487 506 544 ergo
552 474 638 529 bis
672 473 899 543 singulis
929 474 1157 545 aliisque
1197 475 1581 546 experimentis
1616 475 1780 530 fuerit
1805 478 1860 538 Α
1883 477 1967 530 nis
1988 475 2194 531 cellulae
2218 474 2662 546 aposphragismo
2686 491 2784 530 suo
2815 474 3074 546 sigillare,
3106 491 3177 534 ne
3201 477 3451 534 fortassis
3519 487 3549 518 (ί

3347 355 3449 416 594

1882 567 2060 637 aliqua
2083 567 2138 622 in
2163 566 2343 638 aliquo
2370 578 2649 623 remaneat
2673 568 2874 638 opinio.

2467 684 2691 740 CAPUT
2728 685 2867 742 XVI.

2133 753 2322 821 Qualis
2347 757 2492 810 debet
2522 772 2630 810 esse
2651 755 2842 811 cellula
2866 757 3188 817 retrusiont’t.

1951 846 2154 902 Cellula
2183 848 2346 919 igitur
2375 849 2694 903 retrusionis
2720 850 2879 904 debet
2902 865 3022 905 esse
3041 849 3254 920 exigua,
3279 856 3336 905 et
3359 847 3449 904 ﬂr-

1882 939 2141 996 missimis
2175 940 2412 1010 undique
2437 940 2826 995 munitionibus
2859 940 3237 1010 circumsepta,
3266 947 3455 1010 quate-

1883 1047 1986 1087 nus
2024 1046 2126 1086 nec
2162 1031 2407 1087 solitario
2452 1031 2602 1087 foras
2640 1033 2901 1103 evagandi
2942 1031 3168 1088 facultas
3212 1042 3451 1100 maneat,

1883 1137 1986 1177 nec
2013 1123 2268 1193 cuiquam
2313 1124 2382 1177 ad
2409 1137 2555 1188 eum,
2601 1125 2746 1194 quod
2775 1139 2884 1178 non
2927 1125 3100 1189 decet,
3147 1124 3453 1180 introeundi

1885 1214 2066 1268 aditus
2102 1222 2302 1283 pateat.
2337 1213 2407 1270 Ut
2443 1221 2622 1268 autem
2674 1215 2851 1271 omnis
2876 1217 3189 1271 obstruatur
3218 1215 3454 1270 necessi-

1884 1307 2012 1362 tatis
2039 1307 2275 1373 occasio,
2321 1307 2518 1361 habeat
2554 1308 2781 1363 interius
2801 1316 3128 1379 praeparatas
3166 1308 3455 1363 habitatio—

1880 1413 1979 1452 nes
2016 1398 2129 1452 suis
2173 1398 2362 1453 usibus
2392 1400 2747 1465 neccssarias,
2786 1400 2890 1456 hoc
2918 1410 3021 1467 est,
3053 1401 3349 1454 oratorium
3389 1400 3456 1453 ab

1880 1490 2139 1560 episcopo
2179 1498 2579 1557 consecratum,
2622 1491 2668 1544 si
2705 1499 2884 1545 tamen
2918 1491 3032 1562 ipse
3068 1490 3337 1546 solitarius
3377 1497 3458 1544 est

1882 1580 2156 1636 sacerdos.
2192 1580 2426 1650 ldipsum
2468 1595 2680 1650 quoque
2710 1580 3009 1634 oratorium
3039 1580 3114 1634 ita
3162 1580 3235 1634 sit
3278 1578 3456 1633 domui

1881 1672 2126 1727 ecclesiae
2183 1674 2513 1744 contiguum,
2548 1680 2815 1743 quatenus
2849 1672 2992 1726 idem
3041 1671 3316 1726 solitarius
3361 1685 3459 1741 per

1884 1763 2176 1818 fenestram
2196 1763 2438 1832 ejusdem
2457 1764 2682 1819 oratorii
2714 1763 2887 1835 possit
2912 1763 2980 1818 ad
3003 1762 3199 1816 missas
3227 1777 3325 1832 per
3345 1776 3460 1815 ma-

209 1872 354 1910 mum
383 1857 516 1911 velit
543 1857 818 1911 secedere.
847 1857 1141 1926 Postquam
1174 1865 1352 1911 autem
1381 1859 1665 1928 episcopus
1687 1866 1781 1912 aut
1807 1841 1855 1902 B
1885 1875 1988 1913 nus
2018 1860 2361 1915 sacerdotum
2403 1859 2706 1912 oblationes
2729 1856 2946 1922 offerre,
2997 1872 3062 1910 ac
3086 1864 3367 1911 cantantes
3405 1865 3461 1910 et

210 1947 467 2016 praelatus
512 1947 828 2001 monasterii
868 1946 1143 2002 licentiam
1186 1947 1237 2001 ei
1285 1949 1600 2002 retrudendi
1651 1963 1782 2002 con-

205 2041 450 2105 cesserit,
499 2054 665 2093 unum
697 2054 899 2092 annum
916 2038 1155 2094 .habitet
1182 2039 1329 2093 inter
1363 2038 1584 2106 fratres,
1607 2041 1681 2094 ita
1721 2047 1782 2095 ut

202 2141 356 2186 extra
387 2131 644 2196 claustra,
671 2131 773 2185 nisi
801 2138 1007 2184 tantum
1030 2131 1085 2184 in
1113 2130 1421 2197 ecclesiam,
1450 2147 1556 2186 non
1584 2141 1776 2200 exeat;

202 2231 472 2292 quatenus
497 2222 553 2275 in
590 2223 708 2291 ipso
733 2220 850 2289 ejus
893 2221 1149 2292 probetur
1173 2221 1421 2276 voluntas
1451 2223 1535 2278 vel
1575 2224 1780 2278 stabili-

203 2322 309 2368 tas.
339 2312 397 2368 Si
423 2323 601 2370 autem
634 2315 686 2369 in
716 2317 903 2372 eodem
943 2315 1291 2380 monasterio,
1328 2323 1422 2370 aut
1462 2317 1517 2369 in
1556 2318 1782 2372 circum-

199 2404 396 2460 vicinis
425 2407 737 2460 monasterii
782 2406 1058 2460 solitarius
1078 2414 1182 2471 est,
1213 2407 1474 2475 probatus
1508 2407 1704 2476 aliquis
1729 2409 1778 2462 ei

199 2493 488 2563 deputetur
509 2496 576 2549 ad
609 2497 964 2565 probandum.
997 2496 1055 2550 Si
1094 2511 1225 2550 vero
1268 2497 1542 2552 solitarius
1578 2497 1778 2554 ibidem

200 2585 424 2638 minime
444 2586 730 2655 reperitur,
761 2588 1048 2657 deputetur
1070 2589 1120 2642 ei
1145 2589 1328 2645 senior
1358 2589 1482 2644 talis
1502 2589 1593 2659 qui
1619 2599 1778 2660 aptus

200 2675 272 2729 sit
320 2675 385 2728 ad
433 2675 721 2731 lucrandas
764 2679 1010 2744 animas,
1043 2678 1136 2749 qui
1180 2694 1343 2750 super
1382 2694 1508 2735 eum
1555 2680 1779 2736 omnino

197 2766 412 2821 curiose
454 2767 722 2834 intendat,
754 2779 810 2823 et
843 2769 1106 2825 sollicitus
1157 2771 1226 2825 sit
1274 2772 1320 2827 si
1374 2787 1562 2845 revera
1607 2771 1778 2826 Deum

197 2858 413 2928 quznrit,
434 2859 480 2914 si
507 2859 772 2915 sollicitus
789 2869 874 2916 est
897 2861 965 2915 ad
993 2877 1128 2932 opus
1149 2862 1266 2927 Dei,
1298 2863 1366 2918 ad
1386 2864 1776 2930 obedientiam,

199 2952 269 3005 ad
307 2952 634 3017 orationem,
664 2953 732 3007 ad
762 2952 1071 3020 lectionem,
1115 2962 1170 3009 et
1209 2963 1404 3009 caetera
1444 2955 1774 3025 hujusmodi.

198 3043 568 3099 Przedicentur
595 3045 643 3099 ei
673 3046 856 3100 omnia
881 3047 1011 3100 dura
1053 3054 1110 3102 et
1152 3063 1365 3116 aspera,
1395 3060 1494 3116 per
1523 3063 1643 3117 quae
1672 3048 1779 3101 itur

197 3133 266 3189 ad
288 3132 477 3188 Deum.
511 3133 579 3187 Et
609 3133 656 3188 si
683 3135 995 3204 promiserit
1039 3137 1348 3191 stabilitatis
1383 3152 1493 3192 sua:
1519 3151 1771 3207 perseve-

196 3227 448 3290 rantiam,
482 3226 693 3296 legatur
715 3229 764 3282 ei
790 3229 904 3283 haec
939 3229 1162 3300 Regula,
1202 3238 1258 3285 et
1287 3231 1502 3286 dicatur
1522 3233 1570 3287 ei
1597 3231 1772 3288 :Ecce

194 3315 283 3372 lex
321 3318 421 3372 sub
463 3321 569 3386 qua
621 3318 855 3373 militare
904 3320 1006 3386 vis,
1047 3320 1093 3374 si
1124 3329 1276 3391 potes
1311 3337 1545 3387 servare,
1589 3323 1771 3394 ingre-

194 3408 364 3476 dere;
422 3411 468 3464 si
510 3425 640 3465 vero
667 3427 774 3466 non
817 3421 994 3481 potes,
1041 3412 1180 3469 liber
1205 3415 1440 3470 discede.
1490 3414 1548 3470 Si
1598 3417 1772 3472 adhuc

195 3499 437 3566 steterit,
467 3499 677 3571 legatur
701 3502 753 3556 ei
800 3503 916 3558 haec
949 3503 1151 3574 Regula
1183 3504 1386 3570 sedule,
1417 3513 1477 3558 ut
1526 3506 1664 3560 sciat
1702 3506 1772 3561 ad

197 3591 346 3660 quod
387 3591 698 3661 ingreditur,
734 3602 789 3648 et
834 3595 1092 3664 probetur
1131 3595 1186 3648 in
1215 3595 1362 3649 omni
1391 3597 1672 3664 patientia.
1707 3595 1774 3650 Et

199 3681 248 3736 si
295 3681 474 3737 habita
518 3698 701 3739 secum
738 3685 1123 3740 deliberatione
1154 3685 1462 3755 promiserit
1494 3701 1552 3740 se
1591 3687 1774 3741 omnia

197 3775 498 3842 custodire,
527 3784 654 3832 tunc
681 3777 878 3832 blande
905 3777 1206 3848 leniterque
1232 3779 1561 3847 suscipiatur
1587 3777 1654 3832 ad
1685 3779 1775 3833 de-

195 3859 461 3921 stin'atum
489 3870 847 3938 propositum,
881 3869 1057 3924 sciens
1083 3884 1141 3924 se
1177 3869 1294 3939 lege
1325 3869 1542 3939 Regulae
1565 3870 1774 3924 consti-

196 3966 399 4026 tutum,
423 3961 567 4029 quod
588 3961 638 4015 ei
665 3977 733 4016 ex
761 3961 852 4016 illa
885 3961 971 4016 die
1009 3977 1116 4016 non
1143 3962 1308 4017 liceat
1333 3961 1513 4031 egredi
1555 3977 1622 4016 ex
1656 3964 1775 4032 ipsa

197 4052 540 4118 retrusione;
581 4068 681 4108 nec
706 4053 904 4109 collum
935 4065 1187 4110 excutere
1215 4053 1281 4109 de
1307 4055 1406 4109 sub
1425 4055 1557 4125 jngo
1597 4055 1776 4126 Regu-

195 4143 288 4209 lae,
319 4159 482 4214 quam
509 4146 607 4201 sub
647 4154 756 4202 tam
783 4161 998 4202 morosa
1021 4146 1405 4202 deliberatione
1431 4147 1584 4202 licuit
1609 4148 1657 4202 ei
1681 4163 1776 4203 ex-

194 4250 392 4290 cusare
423 4244 518 4291 aut
562 4239 856 4307 suscipere.
889 4238 1278 4310 Suscipiendus
1308 4246 1488 4293 autem
1514 4240 1568 4294 in
1591 4251 1776 4295 orato-

195 4344 281 4383 rto
321 4345 506 4384 coram
553 4331 806 4400 episcopo
835 4339 890 4386 et
912 4332 1061 4386 omni
1106 4331 1254 4387 clero
1279 4331 1560 4402 promittat
1598 4334 1777 4389 verbis

195 4429 414 4476 tantum
442 4422 526 4488 _de
572 4422 867 4478 stabilitate
916 4439 1031 4487 sua,
1064 4431 1120 4478 et
1164 4424 1516 4479 conversione
1566 4440 1776 4480 morum

1881 1948 2120 2016 legentes
2163 1949 2362 2004 fratres
2399 1963 2635 2020 congrue
2682 1947 2893 2012 audire,
2935 1954 3096 2018 atque
3140 1947 3299 2001 simul
3332 1961 3459 2002 cum

1881 2039 1962 2094 eis
1993 2040 2167 2109 possit
2202 2039 2472 2109 psallere;
2521 2047 2578 2092 et
2611 2038 2776 2093 etiam
2806 2038 2872 2091 ad
2912 2037 3190 2093 venientes
3217 2051 3462 2106 quosque

1881 2129 2082 2184 ibidem
2112 2129 2290 2184 valeat
2317 2144 2578 2199 responsa
2608 2129 2757 2183 dare.
2787 2127 2908 2182 Sint
2933 2130 3097 2183 etiam
3138 2137 3264 2185 ante
3290 2129 3461 2198 ipsam

1881 2220 2173 2277 fenestram
2221 2222 2438 2278 deintus
2458 2231 2514 2276 et
2541 2221 2744 2277 deforis
2768 2221 2887 2275 vela
2914 2235 3172 2292 appensa,
3202 2235 3269 2275 ne
3303 2221 3462 2276 facile

1881 2325 1910 2364 a
1944 2309 2076 2364 foris
2108 2311 2278 2365 videri
2313 2311 2401 2366 vel
2441 2310 2623 2366 videre
2647 2318 2827 2380 queat,
2867 2325 2936 2366 ne
2977 2309 3118 2366 forte
3150 2325 3248 2380 per
3282 2310 3464 2366 oculo-

1880 2415 2001 2454 rum
2048 2409 2259 2470 portam
2315 2410 2564 2456 mortuus
2597 2401 2945 2467 extrahatur;
2999 2401 3144 2457 unde
3196 2402 3460 2471 scriptum

1879 2498 1963 2545 est
1993 2509 2006 2544 :
2049 2490 2185 2546 Cave
2223 2509 2285 2546 ne
2309 2493 2468 2546 intret
2503 2509 2643 2546 mors
2684 2493 2739 2546 in
2765 2493 2997 2546 animam
3043 2503 3190 2547 tuam
3210 2510 3303 2564 per
3324 2494 3462 2562 {ene-

1878 2593 2016 2638 stras
2047 2594 2166 2638 tuas
2193 2584 2326 2657 (Jer.
2359 2602 2438 2652 ιι,
2474 2585 2592 2656 21).
2633 2585 2700 2639 Et
2727 2584 3019 2654 Apostolus
3047 2587 3311 2657 praecipit,
3341 2603 3464 2658 spe-

1880 2676 2107 2733 ctaculis
2139 2686 2196 2732 et
2237 2679 2450 2748 pompis
2475 2669 2816 2747 'prcccaveri.
2852 2677 3060 2732 Habeat
3097 2687 3280 2733 autem
3320 2677 3457 2734 infra

1879 2778 2033 2840 septa
2071 2770 2394 2824 retrusionis
2432 2769 2708 2824 hortulum
2735 2769 3008 2840 exiguum,
3041 2768 3087 2823 si
3119 2768 3238 2823 ﬁeri
3261 2777 3460 2839 potest,

1880 2862 1935 2916 in
1965 2877 2073 2931 quo
2096 2876 2196 2932 per
2225 2870 2438 2932 tempus
2471 2861 2620 2915 exire
2646 2869 2702 2916 et
2724 2861 2904 2930 aliqua
2927 2861 3075 2915 olera
3109 2860 3358 2931 plantare
3380 2862 3463 2916 vel

1879 2955 2155 3023 colligere,
2192 2962 2356 3024 atque
2398 2954 2468 3008 ab
2499 2968 2626 3008 aere
2669 2954 2816 3025 tangi
2852 2953 3040 3024 possit,
3067 2953 3197 3022 quia
3233 2955 3462 3010 multum

1878 3047 1927 3102 ei
1949 3046 2192 3117 proderit
2220 3055 2396 3101 tactus
2442 3046 2605 3100 aeris.
2654 3045 2740 3100 Sit
2787 3045 2952 3099 etiam
2993 3053 3150 3100 extra
3179 3052 3330 3114 septa
3379 3061 3464 3100 re-

1879 3135 2138 3190 trusionis
2165 3142 2222 3188 et
2250 3134 2355 3187 alia
2392 3133 2606 3199 cellula,
2636 3133 2692 3188 in
2723 3148 2829 3203 qua
2857 3133 3104 3202 discipuli
3142 3131 3285 3189 illius
3309 3135 3463 3190 habi-

1873 3233 2014 3292 tent,
2052 3241 2172 3296 quae
2200 3225 2277 3279 ita
2328 3226 2398 3280 sit
2427 3225 2632 3280 cellula:
2662 3225 2833 3295 ipsius
2869 3226 3145 3298 contigua,
3187 3232 3249 3280 ut
3291 3226 3460 3296 aptis-

1875 3318 2010 3373 sime
2033 3318 2244 3386 possint
2275 3317 2522 3386 discipuli
2550 3317 2696 3373 illius
2721 3333 2961 3388 congruo
2997 3327 3238 3389 tempore
3259 3334 3360 3389 per
3384 3318 3464 3374 fe-

1873 3417 2119 3464 nestram
2153 3409 2205 3462 ei
2249 3408 2561 3462 ministrare
2590 3423 2656 3462 ea
2687 3424 2806 3477 qua:
2831 3411 2881 3464 ei
2901 3409 3102 3465 fuerint
3129 3412 3460 3467 necessaria.

1876 3498 1934 3554 Si
1963 3508 2143 3553 autem
2170 3500 2277 3553 duo
2313 3499 2369 3552 in
2400 3515 2566 3553 unum
2597 3499 2828 3555 solitarii
2855 3499 3077 3565 fuerint,
3101 3501 3243 3556 sicut
3275 3501 3463 3556 multis

1876 3591 1932 3644 in
1959 3589 2093 3644 locis
2123 3589 2366 3643 noscitur
2380 3603 2521 3654 esse,
2553 3589 2625 3643 sit
2647 3589 2792 3643 inter
2818 3605 2913 3644 eos
2938 3589 3215 3645 silentium
3246 3590 3460 3662 ingens,

1873 3683 2028 3752 quies
2058 3697 2274 3752 magna,
2302 3683 2651 3752 charitasque
2672 3681 2936 3752 perfecta.
2983 3681 3104 3738 Sint
3129 3691 3313 3738 autem
3345 3685 3456 3739 sin-

1876 3773 1984 3846 guli
2015 3774 2070 3828 in
2105 3773 2332 3843 singulis
2364 3773 2574 3829 cellulis
2597 3776 2854 3844 separati,
2890 3775 2985 3830 sed
3009 3775 3211 3840 animo,
3244 3783 3300 3829 et
3330 3775 3457 3843 fide,

1874 3881 1942 3920 ac
1975 3865 2242 3920 cbaritate
2279 3865 2713 3937 inseparabiliter
2741 3867 3036 3937 conjuncti.
3076 3867 3295 3924 Cellulze
3317 3884 3457 3939 quo-

1877 3974 1981 4028 que
2013 3958 2229 4012 illorum
2253 3957 2398 4012 nulla
2434 3957 2836 4027 intercapedine
2860 3961 3003 4014 inter
3037 3975 3097 4015 se
3121 3959 3452 4027 dividantur,

1878 4051 1971 4107 sed
2002 4051 2076 4104 ita
2107 4050 2214 4104 sint
2235 4051 2304 4104 ad
2339 4051 2570 4106 invicem
2605 4066 2864 4107 connexa:
2898 4060 3166 4122 quatenus
3186 4052 3257 4108 ad
3292 4068 3458 4108 unam

1878 4143 2172 4198 fenestram
2211 4143 2507 4210 venientes,
2555 4143 2880 4198 alterutrum
2921 4159 2980 4199 se
3011 4144 3228 4200 valeant
3255 4146 3323 4201 ad
3361 4145 3460 4200 Dei
3545 4130 3564 4140 ’

1877 4235 2160 4290 servitium
2185 4236 2448 4302 excitare,
2477 4236 2646 4290 sacris
2686 4237 3022 4291 orationibus
3053 4237 3213 4292 simul
3239 4251 3458 4304 vacare,

1879 4325 2088 4380 divinas
2124 4326 2436 4396 Scripturas
2462 4327 2624 4382 simul
2655 4328 2907 4392 recitare,
2938 4335 2993 4382 et
3022 4327 3089 4380 ad
3124 4327 3459 4396 corporalem

1880 4416 2048 4471 etiam
2104 4416 2456 4472 refectionem
2494 4417 2657 4472 simul
2688 4426 2930 4486 tempore
2969 4431 3208 4483 congruo
3251 4416 3462 4485 possint

193 4529 445 4580 suorum,
475 4530 658 4570 coram
683 4515 794 4571 Deo
822 4524 876 4570 et
906 4516 1108 4570 sanctis
1127 4516 1274 4586 ejus;
1307 4525 1366 4570 ut
1393 4517 1440 4571 si
1465 4517 1771 4586 aliquando,
1799 4543 1855 4604 Β
1881 4510 2193 4565 convenire.
2223 4510 2346 4564 Sint
2372 4511 2540 4564 etiam
2561 4508 3122 4576 eorumdem‘cellulaa,
3147 4509 3222 4564 ita
3248 4517 3309 4564 ut
3323 4524 3462 4580 prae-

193 4608 344 4678 quod
393 4607 554 4675 absit,
613 4610 769 4664 aliter
818 4609 1027 4675 fecerit,
1077 4625 1109 4664 a
1157 4610 1266 4664 Deo
1313 4626 1372 4665 se
1408 4611 1771 4667 damnandum

192 4696 355 4760 sciat,
394 4712 556 4766 quem
591 4699 803 4755 irridet.
859 4699 1012 4755 Tunc
1053 4699 1224 4755 frater
1253 4701 1366 4770 ipse
1395 4710 1775 4771 prosternatur

192 4786 269 4840 ad
330 4789 494 4858 pedes
559 4790 798 4858 episcopi
872 4797 927 4844 et
982 4791 1224 4844 omnium
1284 4789 1514 4845 fratrum
1569 4792 1772 4847 ibidem

191 4879 519 4947 astantium,
558 4888 618 4934 ut
645 4888 806 4936 orent
831 4896 930 4950 pro
955 4895 1039 4935 eo.
1071 4881 1177 4950 lpsi
1218 4897 1406 4937 omnes
1444 4883 1588 4938 illico
1618 4893 1777 4940 orent

188 4985 298 5041 pro
330 4986 419 5036 eo,
443 4981 703 5043 quantum
739 4974 820 5028 eis
847 4973 1023 5027 visum
1066 4972 1249 5028 fuerit.
1291 4973 1456 5045 Signa
1495 4986 1674 5031 autem
1705 4978 1773 5031 ad

188 5058 316 5127 ejus
346 5060 671 5132 ingressum,
699 5063 743 5117 si
773 5062 1057 5132 episcopus
1099 5070 1194 5116 aut
1221 5062 1385 5118 abbas
1409 5064 1649 5133 jusserit,
1681 5080 1771 5120 so-

186 5161 354 5218 nent,
378 5162 436 5207 ut
458 5168 648 5208 omnes
664 5153 796 5208 illud
822 5153 1033 5223 signum
1059 5154 1358 5219 audientes,
1377 5170 1475 5224 pro
1500 5171 1565 5210 eo
1594 5164 1770 5211 orent.

187 5243 310 5299 Res
338 5259 467 5300 vero
491 5247 536 5312 si
575 5261 708 5315 quas
746 5246 930 5311 habet,
978 5246 1118 5300 sicut
1148 5247 1201 5300 in
1229 5247 1598 5316 superioribus
1625 5249 1774 5318 capi-

187 5335 329 5392 tulis
375 5337 704 5403 continetur,
748 5345 843 5392 aut
882 5345 1067 5408 eroget
1107 5337 1259 5407 prius
1299 5338 1644 5407 pauperibus,
1683 5346 1778 5392 aut

186 5427 344 5485 facta
383 5429 697 5486 solemniter
722 5431 1013 5486 donatione
1050 5429 1295 5485 conferat
1318 5431 1665 5494 monasterio,
1690 5431 1774 5484 ni-

186 5521 279 5578 hil
318 5521 422 5578 sibi
459 5537 743 5578 reservans
770 5539 838 5577 ex
883 5522 1155 5577 omnibus.
1187 5520 1321 5576 Cum
1353 5522 1549 5576 talibus
1596 5528 1778 5576 autem

185 5615 542 5672 vestimentis
576 5615 742 5670 intret
769 5630 892 5670 cum
933 5613 1181 5684 qualibus
1209 5629 1428 5669 manere
1457 5614 1692 5680 debebit,
1724 5622 1779 5669 et

183 5707 283 5764 sic
301 5707 556 5779 deinceps
579 5709 630 5763 in
659 5707 898 5764 solitaria
921 5709 1030 5765 vita
1053 5717 1386 5780 permaneat.
1417 5708 1546 5764 Post
1572 5709 1779 5781 ingres-

190 5801 419 5856 sionem
450 5809 630 5856 autem
658 5801 935 5872 praecipiat
962 5801 1245 5870 episcopus
1283 5801 1483 5856 ostium
1515 5801 1776 5858 retrusio-

1881 4603 2051 4657 fatum
2081 4609 2181 4667 est,
2223 4601 2466 4656 ecclesiae
2499 4600 2653 4655 valde
2695 4600 2984 4672 contiguae.
3025 4600 3265 4658 Feminis
3306 4596 3470 4656 nam?

1879 4707 1988 4762 que
2021 4707 2128 4746 non
2177 4690 2351 4746 solum
2406 4690 2464 4744 in
2506 4688 2714 4744 cellulis
2757 4688 3126 4746 solitariorum
3166 4703 3464 4760 eorumtu

1883 4783 2270 4853 discipulorum
2313 4781 2687 4851 prandendum
2731 4789 2828 4836 aut
2873 4782 3322 4852 requiescendum
3349 4795 3460 4837 non

1882 4886 1989 4943 est,
2025 4876 2154 4946 quin
2180 4876 2360 4945 potius
2380 4891 2481 4930 nec
2512 4877 2567 4930 in
2595 4889 2690 4931 eas
2734 4876 2968 4932 intrandi
2991 4876 3101 4930 ulla
3140 4875 3220 4931 eis
3254 4874 3464 4928 tribua-

1885 4976 1974 5022 tur
1999 4966 2249 5034 facultas,
2273 4967 2401 5036 quia
2424 4967 2527 5022 hoc
2553 4983 2584 5022 a
2620 4969 2824 5024 sanctis
2853 4968 3106 5024 Patribus
3141 4965 3297 5021 valde
3326 4965 3460 5036 legi-

1885 5066 1973 5112 tur
2006 5057 2315 5111 inbibitum.
2356 5055 2416 5110 Si
2445 5057 2662 5128 quando
2695 5066 2877 5112 autem
2904 5057 2984 5111 eis
3023 5056 3097 5131 de
3118 5053 3461 5110 confessione

1882 5157 1975 5204 aut
2014 5149 2082 5204 de
2110 5148 2339 5204 consilio
2376 5150 2680 5204 animarum
2711 5147 3108 5204 sermocinandi
3158 5147 3458 5204 necessitas

1883 5240 2206 5306 incubuerit,
2238 5242 2293 5294 in
2334 5241 2622 5296 ecclesiam
2654 5241 2896 5306 veniant;
2924 5248 2980 5293 et
3007 5246 3133 5292 ante
3158 5237 3458 5294 fenestram

1881 5312 2105 5390 oratorii
2151 5349 2336 5390 coram
2377 5335 2626 5389 omnibus
2661 5333 2820 5387 simul
2867 5332 3174 5400 loquantur,
3212 5338 3268 5384 et
3312 5330 3458 5399 quod

1882 5419 2284 5484 deliberandum
2317 5434 2420 5491 est,
2467 5425 2760 5496 prudenter
2794 5422 3109 5490 utiliterque
3159 5420 3460 5477 deliberent

1881 5529 2043 5590 atque
2071 5518 2380 5590 disponant.
2407 5519 2574 5573 Decet
2607 5517 2754 5572 enim
2805 5516 3096 5581 solitarios,
3127 5525 3187 5571 ut
3231 5516 3373 5570 sicut
3401 5515 3459 5572 in

1879 5612 2090 5667 caeteris
2118 5611 2302 5676 rebus,
2326 5611 2398 5665 ita
2423 5610 2585 5665 etiam
2610 5608 2664 5662 in
2690 5607 2976 5662 mulierum
3003 5605 3462 5669 confabulationgs

1877 5706 1979 5761 bus
2020 5705 2223 5760 bonum
2247 5701 2556 5772 exemplum
2595 5699 2845 5755 omnibus
2867 5700 3174 5772 prtebeant;
3213 5709 3272 5756 ut
3303 5701 3460 5763 sem-

1878 5805 1967 5856 cet
1990 5793 2299 5866 hujusmodi
2323 5790 2687 5848 confabulatio
2700 5792 2902 5848 nullam
2929 5794 3108 5871 possit
3127 5809 3158 5848 a
3180 5807 3464 5873 quoquam
