3972 6328
205 366 294 423 597

809 365 1040 424 consx
1079 360 1534 426 REGULARUM.
1568 398 1641 409 —
1678 352 1861 425 ratis
1898 368 1961 425 ιι.
2007 364 2314 428 nucum
2352 356 2459 426 rp.
2500 371 2777 427 ORIENT.

3338 375 3445 433 598

202 478 549 545 contunditur,
566 489 626 535 et
646 480 914 537 medelam
936 482 1141 550 delicti,
1163 494 1288 555 quia
1307 485 1359 541 ei
1382 476 1625 540 adhibita
1643 481 1760 539 fue-
1786 488 1839 547 Α
1863 480 1987 539 dem
2015 482 2175 541 modo
2201 500 2309 557 quo
2338 494 2522 557 supra.
2547 456 2818 542 Praeterea
2843 457 3057 559 quoque
3086 491 3130 545 si
3163 491 3357 561 aliquis
3379 510 3449 553 ex
3476 504 3481 507 '

201 572 282 640 rit,
308 571 604 644 gaudenter
655 582 935 640 aaut;
972 576 1086 630 etsi
1116 576 1189 629 ad
1225 586 1445 633 omnem
1489 574 1761 632 humilita-

207 672 304 721 tem
340 664 544 735 absque
579 667 907 723 vemmdia
951 667 1267 736 inclinatur,
1306 685 1370 727 ac
1402 669 1684 728 vilioribus
1705 680 1762 728 et

197 757 565 828 abiectior-ibus
590 759 861 828 artiﬁciis,
887 761 938 818 si
974 761 1051 817 ita
1093 765 1235 819 ratio
1256 764 1588 836 poposcerit,
1616 762 1759 821 tradi

195 866 250 910 se
272 867 374 908 non
398 851 699 907 erubuerit.
727 851 862 908 Cum
891 861 1073 910 autem
1090 856 1180 911 bis
1196 862 1359 926 atque
1395 856 1519 913 aliis
1544 852 1759 913 exerci-

196 943 276 999 tiis
316 942 578 1011 probatus
611 940 793 1009 ﬁniit,
844 944 895 999 ai
923 944 1137 1000 stabilis
1188 950 1245 1001 et
1285 954 1537 1017 prompto
1579 944 1762 1005 animo

195 1035 505 1105 perstiterit,
540 1043 669 1091 tunc
694 1049 818 1091 eum
845 1038 1046 1108 suscipi
1069 1039 1243 1094 decet.
1278 1039 1363 1095 Sit
1388 1049 1591 1108 autem,
1620 1043 1762 1098 sicut

192 1142 346 1197 supra
370 1127 579 1183 dictum
608 1137 714 1195 est,
743 1130 880 1186 duos
921 1145 1092 1187 annos
1135 1133 1278 1188 inter
1305 1132 1502 1189 hatres
1547 1134 1599 1189 in
1633 1144 1762 1191 con-

188 1218 506 1290 gregatione,
540 1226 600 1274 et
620 1230 830 1290 postea,
858 1222 905 1277 si
932 1222 1051 1293 ejus
1076 1222 1325 1280 voluntas
1350 1222 1507 1281 lirma
1541 1236 1759 1283 manse—

187 1313 273 1376 rit,
299 1314 365 1368 ad
390 1312 687 1370 solitariam
717 1317 884 1373 vitam
920 1316 1265 1391 suscipiatur.

253 1402 509 1461 Similiter
531 1418 747 1478 quoque
768 1417 824 1464 et
865 1409 908 1464 si
938 1413 1239 1467 monachus
1266 1411 1463 1484 aliquis
1514 1415 1758 1487 peregri-

186 1510 288 1551 nus
310 1496 398 1550 vel
426 1497 659 1554 clericus
685 1500 754 1555 de
784 1501 1091 1572 longinquis
1113 1498 1413 1574 provinciis
1443 1516 1763 1577 supervene-

189 1590 277 1656 rit,
299 1598 355 1645 et
374 1605 474 1661 pro
496 1592 686 1647 eadem
708 1607 875 1649 causa
898 1612 958 1652 se
979 1596 1182 1667 suscipi
1205 1598 1498 1667 rogaverit,
1524 1608 1623 1669 pro
1636 1597 1762 1654 hos-

185 1682 291 1752 pite
318 1682 668 1753 suscipiatur,
688 1691 745 1740 et
770 1688 1034 1756 probetur
1054 1688 1130 1743 ita
1158 1692 1220 1742 ut
1248 1688 1400 1758 prius
1425 1688 1629 1743 dictum
1654 1694 1757 1743 est.

181 1775 246 1832 Et
271 1777 316 1832 ai
343 1786 633 1833 contentus
656 1778 821 1834 fuerit
846 1779 1234 1836 consuetudine
1258 1780 1358 1836 loci
1397 1788 1560 1851 quam
1598 1780 1752 1836 inve-

182 1868 343 1934 nerit,
376 1869 809 1925 «stabilitatem
868 1873 1021 1924 suam
1078 1870 1297 1925 firmare
1331 1870 1585 1937 voluerit,
1647 1884 1753 1926 non

182 1968 440 2016 renitatur
462 1960 581 2030 ejus
605 1961 873 2017 voluntas.
918 1962 1070 2029 Quod
1100 1962 1147 2017 si
1194 1958 1500 2032 superfluus
1535 1968 1629 2017 aut
1676 1962 1756 2017 vi-

178 2051 347 2108 tiosus
369 2053 624 2107 iuventus
643 2052 807 2106 tuerit
820 2060 1069 2123 tempore
1092 2050 1500 2123 hospitalitatis,
1521 2052 1646 2123 quia
1667 2052 1756 2109 liis

179 2142 510 2214 temporibus
534 2145 773 2200 maxime
798 2144 1045 2215 dignosci
1068 2144 1290 2215 poterit,
1320 2158 1430 2199 non
1460 2144 1635 2199 solum
1648 2142 1757 2199 noli

176 2235 339 2292 debet
382 2237 574 2307 rccipi,
607 2248 794 2293 terum
850 2239 1015 2293 etiam
1067 2237 1281 2292 dicatur
1331 2239 1382 2292 ei
1426 2236 1657 2294 honeste
1699 2240 1761 2293 tit

175 2326 417 2391 recedat,
447 2338 515 2382 ne
543 2328 708 2383 etiam
733 2326 852 2395 ejus
879 2327 1098 2383 miseria
1122 2326 1213 2381 alii
1240 2327 1524 2382 vitientur.
1551 2327 1610 2384 Si
1630 2343 1758 2384 vero

175 2415 305 2470 talia
334 2429 440 2472 non
476 2417 639 2471 fuerit
692 2418 784 2487 qui
843 2424 1117 2471 mereatur
1169 2413 1358 2488 projici
1386 2460 1400 2484 ,
1447 2417 1758 2473 nullatenus

171 2506 511 2579 proﬁciatur,
548 2507 644 2564 sed
689 2509 985 2564 medeatur
1026 2517 1088 2563 ut
1128 2517 1281 2575 stet,
1331 2516 1602 2579 quatenus
1639 2508 1758 2580 ejus

173 2594 420 2670 exemplo
446 2599 539 2654 atii
560 2600 897 2655 erudiuntur.
920 2600 1229 2655 Cavendum
1254 2602 1339 2655 est
1360 2607 1538 2655 autem
1562 2612 1631 2655 ne
1660 2598 1761 2655 ali-

174 2692 391 2762 quando
414 2693 482 2748 de
502 2692 608 2747 alio
625 2698 756 2748 noto
778 2691 1111 2749 monasterio
1151 2682 1454 2749 monachus
1483 2692 1549 2748 ad
1605 2684 1759 2749 habi-

176 2784 399 2839 tandum
424 2783 755 2855 suscipiatur
784 2784 903 2839 sine
939 2798 1207 2841 consensu
1246 2782 1460 2842 abbatis
1501 2785 1620 2857 ejus
1665 2790 1760 2841 aut

173 2874 375 2931 litteris
419 2875 896 2930 commendantiis.
952 2876 1028 2931 De
1051 2875 1310 2945 iuvenum
1368 2880 1552 2932 autem
1598 2883 1760 2933 aetate

177 2966 327 3021 nulla
339 2967 666 3039 ambiguitas
694 2975 778 3023 est
796 2982 864 3022 an
889 2970 1060 3039 recipi
1081 2966 1337 3037 debeant,
1360 2984 1483 3027 cum
1498 2966 1760 3027 Dominus

166 3049 250 3116 'de
275 3061 359 3116 eis
387 3061 534 3116 dicat
566 3077 580 3115 :
606 3060 774 3116 Sinite
816 3062 1066 3133 parvulos
1092 3062 1265 3119 venire
1286 3060 1355 3118 ad
1399 3074 1520 3120 me:
1570 3064 1757 3118 talium

171 3159 250 3207 est
272 3153 411 3207 enim
439 3166 657 3224 regnum
684 3153 934 3209 calorum
962 3154 1178 3227 (Matth.
1211 3170 1270 3221 ι,
1304 3153 1414 3228 li).
1458 3156 1576 3211 Non
1609 3156 1756 3212 enim
1782 3194 1834 3268 α

174 3244 337 3268 ,κως
391 3245 543 3268 ,ιω
591 3251 720 3268 ῃ..-
754 3246 975 3268 “ut..-
1141 3245 1301 3268 ...ημμ
1580 3248 1726 3268 -_-_..-

172 3244 341 3301 alicui
388 3245 546 3300 obest
590 3251 723 3300 aetas
754 3246 999 3316 puerilis,
1045 3248 1089 3302 si
1140 3245 1303 3304 fuerit
1346 3255 1528 3304 mente
1580 3248 1760 3319 perfe-

171 3346 316 3395 ctus.
351 3336 463 3394 Nec
488 3338 678 3394 senilis
707 3339 958 3408 cuiquam
1002 3338 1249 3410 proderit
1282 3348 1435 3409 tetas,
1498 3342 1544 3398 si
1594 3342 1759 3399 fuerit
1807 3408 1811 3412 ,

173 3439 345 3486 sensu
380 3428 662 3499 parvulus.
714 3428 998 3485 Perfectus
1042 3433 1187 3487 enim
1238 3430 1459 3498 dicitur,
1508 3448 1617 3488 non
1666 3434 1758 3504 qui

171 3526 360 3583 aetate,
394 3519 493 3574 sed
518 3520 613 3590 qui
656 3532 819 3575 sensu
858 3520 1134 3590 perfectus
1172 3528 1273 3577 est.
1306 3514 1459 3578 Unde
1510 3523 1563 3578 in
1620 3520 1761 3580 libro

177 3609 484 3681 Sapientia:
504 3611 702 3667 dicitur
729 3628 744 3667 :
770 3610 907 3667 Cani
949 3620 1069 3667 sunt
1100 3622 1274 3667 autem
1298 3626 1483 3670 sensus
1511 3613 1756 3680 hominis,

176 3711 233 3760 et
261 3711 396 3758 tetas
413 3703 685 3758 senectutis
708 3708 813 3758 vita
836 3702 1178 3758 immaculata
1213 3702 1367 3778 (Sap.
1392 3718 1467 3771 tv,
1506 3705 1584 3775 8).
1623 3703 1761 3759 Nam

170 3804 233 3852 et
256 3795 432 3851 Datid
454 3809 575 3851 cum
592 3806 732 3867 puer
769 3799 940 3862 esset,
968 3804 1021 3852 et
1043 3795 1345 3867 perfectam
1364 3802 1577 3853 sensum
1600 3796 1763 3852 habe-

170 3891 285 3950 ret,
314 3901 348 3940 a
370 3885 598 3943 Domino
633 3888 690 3942 in
716 3900 900 3960 regem
948 3882 1153 3943 electus
1187 3896 1291 3956 est,
1346 3896 1401 3944 et
1465 3889 1761 3960 prophetiae

172 3977 406 4048 spiritus
426 3978 478 4033 ei
508 3976 749 4034 creditus
770 3986 872 4035 est.
899 3973 1029 4034 Sani
1052 3994 1180 4035 vero
1206 3995 1328 4035 cum
1378 3979 1565 4035 senilis
1611 3987 1759 4035 esset

171 4076 366 4135 aetate,
397 4084 501 4141 pro
523 4082 621 4126 sua
669 4070 915 4142 nequitia
945 4071 1010 4127 de
1041 4071 1276 4127 culmine
1314 4072 1480 4143 regali
1504 4072 1762 4143 expulsus

171 4169 284 4227 est,
315 4169 374 4217 et
395 4163 629 4234 maligno
660 4163 877 4235 spiritui
902 4160 1135 4221 traditus
1155 4173 1258 4220 est.
1283 4164 1567 4221 Senissimi
1598 4163 1761 4220 etiam

171 4261 340 4307 erant
381 4255 694 4311 sacerdotes
734 4252 813 4311 illi
843 4254 936 4326 qui
987 4255 1293 4311 Susannam
1324 4254 1529 4311 violare
1580 4256 1762 4311 conati

172 4356 345 4415 sunt;
374 4355 431 4404 et
462 4347 654 4405 Daniel
703 4350 882 4405 adhuc
929 4350 1189 4420 puerulus
1225 4358 1347 4405 erat
1394 4350 1483 4420 qui
1528 4365 1621 4405 eos
1668 4366 1763 4405 ore

172 4457 281 4500 suo
310 4443 711 4500 condemnavit.
744 4442 814 4499 Et
840 4443 1102 4499 Dominus
1122 4454 1307 4500 noster
1331 4440 1490 4499 Jesus
1511 4443 1763 4499 Christus

1863 572 2145 631 catholicis
2170 576 2319 631 venit
2349 572 2414 632 ad
2437 586 2536 633 nos
2566 578 2783 634 dieens:
2827 576 2962 634 Volo
2992 581 3135 650 apud
3178 598 3277 639 vos
3332 602 3451 641 ma-

1858 678 1994 722 nere
2016 664 2235 737 aliquod
2266 668 2501 738 spatium
2525 666 2785 740 temporis
2800 662 2859 725 ut
2880 668 3165 742 proﬁciam
3191 689 3257 728 ex
3270 666 3447 744 vobis,

1857 758 2009 817 illum
2038 762 2200 817 etiam
2248 756 2449 833 suscipi
2492 763 2720 835 oportet,
2760 758 2992 822 Domino
3039 766 3446 837 pronuntiante,

1861 850 1955 926 qui
1978 850 2057 908 ait
2091 873 2103 909 :
2140 854 2358 910 Ontnem
2381 857 2450 910 ad
2470 870 2552 912 me
2590 856 2873 913 venientem
2904 877 3009 914 non
3054 858 3266 931 ejiciam
3298 854 3448 933 foras

1862 946 2046 1021 (Joan.
2074 962 2151 1015 vi,
2185 946 2300 1021 57).
2354 946 2632 1007 interdum
2678 953 2825 1009 enim
2868 962 3047 1025 potest
3104 954 3223 1013 ﬁeri
3262 964 3324 1012 ut
3352 936 3450 1028 per

1862 1046 2073 1109 tempus
2105 1041 2374 1110 proiiciat,
2403 1046 2459 1098 et
2484 1042 2784 1123 delectetur
2806 1040 2855 1102 ei
2886 1061 3212 1116 permanere
3238 1048 3295 1102 in
3325 1063 3452 1105 san-

1860 1132 2047 1189 ctitate
2068 1134 2212 1188 vilic.
2246 1132 2471 1204 Oportet
2498 1134 2678 1192 autem
2703 1154 2803 1193 nos
2833 1134 2888 1192 in
2910 1140 3325 1197 conversatione
3346 1153 3449 1196 no—

1860 1234 1973 1296 stra
2012 1233 2068 1281 ct
2097 1224 2398 1303 religione,
2451 1230 2518 1284 de
2564 1246 2668 1300 qua
2722 1224 2971 1286 fortassis
2998 1222 3246 1288 homines
3289 1231 3454 1287 aliter

1860 1320 2175 1390 opinantur,
2217 1330 2375 1376 caute
2402 1330 2457 1376 et
2480 1322 2708 1379 sollicite
2767 1340 2949 1395 agere,
3009 1333 3066 1380 et
3116 1333 3451 1396 praeceptum

1862 1410 2006 1467 illius
2037 1408 2264 1481 implere
2281 1412 2373 1483 qui
2398 1412 2534 1468 dixit
2559 1432 2572 1468 :
2599 1410 2691 1470 Sic
2717 1414 2889 1470 luceat
2919 1415 3014 1470 lux
3062 1426 3237 1471 vestra
3269 1432 3449 1470 coram

1861 1498 2181 1567 hominibus,
2214 1511 2270 1556 at
2296 1502 2501 1558 videant
2519 1514 2685 1559 vestra
2712 1506 2845 1559 bona
2874 1502 3116 1577 opera,et
3142 1496 3441 1578 gloriﬁcent

1863 1588 2076 1645 Patrem
2100 1594 2458 1666 vestrum,qui
2490 1595 2545 1649 in
2572 1595 2713 1649 aclis
2739 1602 2813 1650 est
2851 1588 3068 1667 (Matth.
3102 1592 3329 1669 vu,16).
3368 1596 3445 1652 Ita

1863 1682 2096 1753 denique
2120 1683 2216 1739 fiat
2240 1685 2365 1740 utsi
2390 1686 2480 1741 ille
2508 1684 2683 1741 bonus
2723 1690 2777 1741 et
2814 1694 2981 1742 verax
3035 1697 3137 1755 est,
3186 1688 3252 1743 de
3296 1680 3455 1745 nobis

1861 1774 2152 1845 proﬁciat;
2202 1785 2257 1833 et
2306 1777 2352 1833 si
2394 1776 2706 1849 explorator
2727 1788 2784 1834 et
2808 1768 2973 1834 l'allax
2998 1782 3102 1848 est,
3129 1779 3441 1838 erubescat.

2453 1887 2684 1945 CAPUT
2711 1878 2853 1944 XIX.

1860 1954 2086 2021 Qualem
2124 1956 2201 2010 vel
2245 1972 2403 2027 quam
2447 1969 2688 2013 sanctum
2716 1964 2917 2032 Oportet
2969 1978 3080 2016 esse
3125 1956 3450 2020 solitarium.

1933 2041 2121 2100 Talem
2150 2056 2281 2117 ergo
2319 2054 2534 2118 oportet
2558 2062 2681 2104 esse
2711 2048 3012 2105 solitarium
3045 2044 3262 2122 qualem
3288 2050 3456 2125 Apos-

1861 2135 2005 2195 toius
2032 2135 2183 2212 inhiat
2204 2137 2323 2196 fore
2350 2142 2686 2212 episcopdm,
2714 2142 2807 2198 tibi
2831 2141 2909 2198 ait
2937 2162 2949 2197 :
2985 2140 3200 2215 Oportet
3249 2146 3455 2217 episco-

1857 2238 1986 2302 pum
2028 2224 2140 2286 sine
2185 2230 2408 2287 crimine
2443 2246 2556 2288 esse
2581 2230 2724 2306 .(Tll.
2764 2242 2805 2301 i,
2834 2233 2912 2307 7).
2959 2228 3226 2292 Similiter
3275 2234 3456 2294 autem

1861 2331 1919 2379 et
1943 2320 2248 2379 solitarium
2285 2330 2505 2395 Oportet
2546 2338 2671 2382 esse
2699 2327 2816 2383 sine
2859 2324 3122 2394 crimine;
3160 2344 3270 2385 non
3320 2346 3453 2403 pro-

1859 2416 2096 2480 tervum,
2121 2428 2230 2469 non
2262 2414 2584 2471 iracundum
2605 2416 2661 2472 et
2689 2414 3049 2485 vinolentum,
3078 2435 3188 2475 non
3217 2417 3449 2476 multum

1861 2502 2107 2575 edacem,
2139 2518 2247 2565 non
2275 2514 2675 2580 percussorem,
2702 2494 2812 2567 non
2840 2506 3157 2584 bilinguem’,
3183 2524 3290 2589 non
3319 2529 3450 2570 nco-

1858 2600 2122 2671 phytum,
2178 2606 2286 2655 non
2338 2600 2514 2671 turpis
2561 2600 2699 2657 lucri
2758 2600 3139 2674 appetiturem.
3207 2595 3453 2660 Primum

1860 2694 2049 2765 itaque
2074 2692 2220 2765 quod
2244 2688 2487 2750 dicimus
2521 2694 2638 2752 sine
2678 2692 2907 2751 crimine
2948 2712 3070 2753 esse
3124 2686 3452 2765 solitarium,

1861 2796 1970 2839 non
2011 2781 2090 2839 ita
2128 2778 2538 2854 intelligendum
2590 2794 2674 2842 est
2702 2786 2761 2841 iit
2800 2784 2846 2843 si
2875 2792 3000 2843 ante
3041 2784 3453 2845 conversionem

1863 2873 2084 2946 aliquod
2110 2868 2319 2931 crimen
2358 2874 2647 2943 habuerat,
2694 2874 2762 2934 ad
2795 2876 3097 2935 solitariam
3143 2876 3311 2936 vitam
3348 2898 3456 2937 non

1863 2965 2186 3036 recipiatur,
2209 2978 2334 3022 cum
2357 2966 2475 3038 ipso
2498 2968 2780 3040 propbsito
2806 2976 2906 3041 pro
2932 2975 3057 3026 ante
3089 2964 3328 3028 admisso
3342 2988 3459 3028 sce-

1866 3056 1979 3113 lere
2003 3058 2383 3128 pmnitentiam
2410 3074 2573 3133 agere
2596 3060 2772 3132 possit
2795 3076 2809 3127 ;
2876 3056 2970 3117 sed
2998 3058 3078 3117 sic
3118 3060 3323 3117 dictum
3351 3066 3456 3130 est,

1868 3158 1928 3204 ut
1983 3164 2051 3205 ex
2086 3163 2152 3205 eo
2212 3154 2454 3224 tempore
2498 3164 2607 3224 quo
2654 3150 2710 3209 in
2773 3148 3018 3210 soiitaria
3068 3153 3178 3208 vita
3234 3170 3459 3211 manere

1864 3240 2062 3310 coepit,
2112 3238 2259 3295 nulla
2313 3241 2524 3312 peccati
2576 3242 2910 3298 conscientia
2967 3240 3284 3298 mordeatur
3319 3248 3333 3297 :
3363 3244 3457 3314 qui

1863 3334 2008 3389 enim
2041 3334 2174 3389 vitia
2206 3348 2315 3390 non
2351 3335 2536 3403 liabet,
2568 3338 2686 3392 sine
2715 3335 2947 3393 crimine
2968 3332 3071 3391 est.
3103 3330 3276 3391 Omne
3307 3332 3453 3391 enim

1863 3430 2069 3482 crimen
2102 3437 2387 3498 peccatum
2421 3436 2530 3491 est,
2568 3430 2663 3483 scd
2705 3438 2868 3483 omne
2912 3435 3195 3497 peccatum
3244 3428 3455 3484 'crimen

1862 3531 1972 3574 non
2003 3520 2107 3572 est.
2146 3516 2211 3571 Et
2243 3516 2366 3573 ideo
2397 3519 2512 3574 sive
2553 3519 2852 3583 sciitarius,
2875 3518 2991 3573 sive
3026 3516 3254 3589 quilibet
3296 3514 3458 3585 alius,

1864 3612 1983 3666 sine
2010 3610 2239 3666 crimine
2269 3624 2389 3666 esse
2415 3618 2611 3682 potest,
2641 3612 2759 3667 sine
2788 3621 3013 3683 peccato
3037 3614 3315 3681 utinquam
3333 3627 3456 3667 esse

1862 3710 2061 3774 potest.
2103 3703 2399 3774 Sequitur;
2429 3698 2553 3757 Non
2592 3708 2914 3775 protervum,
2965 3700 3020 3757 id
3074 3711 3178 3770 est,
3208 3718 3317 3760 non
3366 3719 3458 3759 su-

1864 3798 2092 3870 perbum
2122 3806 2245 3853 eum
2277 3810 2399 3853 esse
2433 3803 2668 3868 oportet,
2722 3810 2791 3852 ne
2837 3794 3012 3853 elatus
3058 3790 3264 3852 incidat
3298 3793 3355 3852 in
3377 3792 3460 3854 la-

1866 3901 2065 3959 queum
2120 3884 2339 3943 diaboli.
2400 3886 2521 3943 Non
2565 3886 2927 3944 iracundum:
2958 3882 3253 3944 iracundus
3308 3880 3458 3945 enim

1866 3988 1968 4047 est,
2003 3982 2096 4052 qui
2122 3994 2338 4052 semper
2363 3978 2638 4046 irascitur,
2668 3984 2723 4034 et
2750 3978 2817 4035 ad
2861 3980 3036 4036 levem
3086 3978 3458 4051 respOnsiOnis

1867 4088 2076 4146 auram,
2101 4073 2259 4145 quasi
2291 4088 2322 4128 a
2375 4082 2539 4128 vento
2590 4068 2779 4128 folium
2827 4082 3221 4130 commovetur.
3265 4066 3454 4145 Neque

1866 4178 1996 4220 vero
2030 4165 2122 4235 qui
2152 4162 2443 4235 aliquando
2471 4160 2748 4229 irascitur,
2775 4164 3069 4221 iracundus
3091 4164 3195 4232 est,
3226 4158 3320 4221 sed
3362 4160 3455 4220 ille

1868 4256 2068 4314 dicitur
2092 4256 2405 4324 iracundus,
2434 4257 2527 4329 qui
2563 4257 2754 4312 crebro
2782 4258 2886 4313 hac
2929 4259 3185 4327 passione
3230 4272 3457 4328 supera-

1868 4356 1975 4403 tur.
2011 4346 2132 4403 Nan
2157 4349 2498 4416 vinolentum,
2527 4356 2582 4405 et
2616 4364 2723 4404 non
2757 4350 2987 4405 multum
3043 4346 3269 4404 edacem
3327 4365 3452 4403 eum

1869 4458 1990 4497 esse
2019 4441 2279 4508 dicimus;
2321 4444 2448 4512 quia
2480 4441 2570 4497 ubi
2623 4441 2863 4496 ebrietas
2908 4448 2966 4496 et
2995 4438 3161 4494 nimia
3213 4435 3457 4497 edacitas

172 4535 460 4606 ingressus
487 4528 919 4607 Hierosolymam
944 4546 972 4589 a
1006 4535 1249 4606 parvulis
1288 4530 1629 4590 collaudatur
1650 4541 1704 4589 et
1733 4550 1762 4588 a
1789 4566 1845 4627 Β
1871 4531 2058 4627 fuerit,
2086 4531 2161 4586 ibi
2186 4526 2354 4586 libido
2377 4532 2688 4627 dominatur
2733 4536 2787 4585 et
2814 4529 2985 4585 furor.
3010 4529 3163 4585 Solet
3196 4530 3342 4586 enim
3367 4528 3456 4586 ille

171 4626 491 4682 senioribus
518 4634 709 4698 postea
736 4624 1099 4698 cruciﬁgitur.
1132 4625 1267 4681 Nam
1298 4634 1355 4681 et
1388 4626 1575 4692 arbor,
1628 4624 1767 4681 mul-

173 4725 365 4773 torum
398 4718 525 4773 licet
571 4728 841 4774 annorum
871 4716 962 4783 sit,
998 4718 1103 4773 nisi
1126 4717 1402 4773 fructuosa
1434 4716 1619 4784 fuerit,
1643 4720 1766 4774 abs—

173 4808 466 4877 cindetur;
492 4809 540 4865 si
558 4816 741 4865 tamen
754 4809 965 4864 novella
983 4804 1167 4872 fuerit,
1188 4808 1381 4865 fertilis
1396 4816 1451 4864 et
1469 4810 1765 4875 fructuosa,

172 4901 362 4971 magis
382 4900 599 4968 colitur,
623 4906 684 4956 ut
710 4901 1019 4957 uberiorem
1043 4900 1286 4970 proferat
1318 4900 1575 4955 fructum.
1598 4899 1769 4955 Omne

174 5003 371 5051 autem
401 5002 611 5066 tempus
641 5009 673 5049 a
700 4990 874 5065 prima
896 5000 1056 5048 astate
1097 5001 1458 5063 opportunum
1486 5008 1606 5048 esse
1636 4992 1771 5048 dici—

172 5098 309 5141 mus
361 5084 431 5139 ad
486 5084 891 5155 suscipiendum
947 5080 1182 5153 aliquem
1234 5084 1288 5137 in
1349 5083 1653 5139 eruditione
1714 5086 1767 5139 et

174 5179 385 5233 timore
423 5172 540 5234 Dei.
580 5176 661 5234 Ex
689 5188 756 5235 eo
779 5184 963 5233 tamen
1007 5174 1159 5232 iirma
1203 5177 1308 5232 erit
1359 5174 1629 5250 professio
1659 5178 1768 5233 vir-

173 5270 435 5344 ginitatis
463 5312 478 5337 ,
517 5282 583 5327 ex
627 5276 735 5343 quo
772 5271 886 5343 jam
924 5271 1151 5341 quisque
1189 5269 1405 5324 adultus
1445 5268 1611 5324 fuerit
1635 5311 1650 5335 ,
1698 5286 1766 5324 ex

172 5370 300 5431 quo
335 5361 513 5417 solent
550 5362 837 5419 saeculares
863 5362 1066 5431 nuptiis
1104 5368 1224 5430 apte
1269 5359 1539 5431 deputari.
1591 5356 1764 5415 Adhi-

170 5454 307 5514 beri
331 5466 513 5513 autem
539 5460 619 5514 eis
666 5465 879 5529 oportet
930 5464 1199 5513 summam
1248 5452 1605 5527 diligentiam,
1657 5472 1765 5527 quo

165 5549 406 5625 possint
447 5552 514 5606 ad
560 5566 719 5607 omne
777 5551 995 5606 virtutis
1038 5548 1359 5606 exercitium
1416 5547 1772 5620 probabiliter

167 5638 429 5701 institui.
462 5642 584 5700 Sint
610 5652 791 5700 autem
814 5640 869 5700 in
902 5645 1015 5715 ipsa
1057 5644 1385 5716 pulsatione,
1432 5659 1541 5715 quo
1584 5660 1767 5714 supra,

166 5746 370 5809 mue
394 5738 463 5794 ad
489 5739 812 5810 przeiinitum
862 5746 1071 5811 tempus
1102 5738 1330 5795 duorum
1381 5754 1667 5805 annorum,
1720 5746 1775 5794 et

176 5830 504 5890 siviriliter
528 5839 593 5889 ac
612 5828 887 5890 forventer
908 5833 1279 5905 perstiterint,
1307 5830 1642 5903 recipiantur
1676 5838 1799 5888 eo-‘

1871 4624 1963 4695 qui
1994 4618 2081 4679 his
2110 4623 2318 4678 duobus
2360 4620 2508 4676 vitiis
2532 4619 2697 4675 fuerit
2723 4628 3041 4691 occUpatus,
3091 4628 3285 4677 contra
3332 4638 3460 4694 gra-

1871 4716 2055 4774 vitatis
2085 4717 2337 4772 decorcm
2363 4715 2416 4769 in
2439 4714 2554 4769 risu
2575 4728 2764 4769 vocent
2787 4716 3048 4779 exaltare,
3082 4721 3137 4768 et
3162 4713 3320 4770 labiis
3349 4714 3457 4770 dis-

1872 4812 2063 4869 solutis
2106 4793 2352 4880 turpiter
2407 4808 2756 4864 cachinnare.
2794 4792 2922 4863 Non
2969 4817 3345 4879 percussorem,
3402 4805 3456 4861 id

1873 4916 1955 4962 est
2018 4920 2126 4960 non
2157 4903 2315 4958 facile
2341 4916 2563 4957 manum
2595 4900 2841 4974 porrigat
2866 4900 2933 4957 ad
2958 4900 3293 4956 caedendum.
3345 4896 3463 4954 Sed

1875 5014 1983 5052 non
2008 4997 2083 5051 ita
2107 4996 2313 5050 dictum
2346 5001 2449 5059 est,
2484 5002 2542 5048 ut
2564 4994 2609 5047 si
2636 4994 2958 5064 discipulum
2991 4991 3262 5057 habuerit,
3289 4998 3345 5045 et
3374 4988 3456 5044 fa—

1873 5089 2047 5146 cultas
2071 5086 2407 5159 permiscrit,
2428 5101 2535 5139 non
2557 5086 2646 5155 pie
2670 5086 3009 5149 verberetur,
3046 5098 3170 5137 cum
3200 5081 3459 5138 Salomon

1874 5174 2017 5235 dicat
2058 5197 2069 5232 :
2107 5177 2304 5232 Latera
2356 5190 2649 5247 puerorum
2690 5176 2860 5244 virgis
2919 5173 3135 5228 assidue
3182 5174 3454 5229 tundenda

1874 5281 2021 5337 sunt,
2067 5286 2135 5326 ne
2185 5271 2538 5325 indurescant
2582 5267 2767 5339 (Prov.
2810 5282 2972 5332 mu,
3020 5265 3131 5337 15).
3179 5265 3286 5321 Sed
3334 5266 3457 5323 ideo

1874 5364 2075 5420 dictum
2090 5370 2174 5417 est
2199 5369 2258 5416 ut
2279 5361 2324 5417 is
2346 5358 2437 5431 qui
2459 5366 2777 5414 mansuetus
2804 5364 2860 5412 et
2879 5355 3091 5429 patiens
3116 5372 3243 5413 esse
3269 5359 3453 5426 debet,

1873 5472 1943 5512 ne
1977 5455 2036 5511 in
2057 5471 2119 5510 os
2166 5454 2388 5510 alterius
2444 5454 2531 5509 vel
2578 5461 2738 5522 caput
2787 5450 3183 5506 verberandum
3233 5452 3458 5509 insanus

1875 5542 2143 5621 erumpat.
2170 5549 2293 5603 Non
2322 5548 2605 5616 bilinguem
2633 5559 2754 5598 eum
2777 5557 2898 5597 esse
2933 5552 3165 5614 oportet,
3210 5560 3280 5600 ne
3327 5559 3458 5601 con-

1877 5644 2060 5699 turbet
2080 5640 2345 5699 habentes
2378 5654 2588 5712 pacem.
2620 5637 2745 5690 Non
2778 5636 3112 5708 neopltytum,
3143 5653 3215 5694 ne
3253 5638 3459 5695 incidat

1877 5736 1934 5791 in
1957 5735 2208 5806 laqueum
2236 5732 2455 5796 diaboli,
2504 5730 2632 5784 dum
2679 5728 2889 5783 nesciat
2931 5744 3235 5800 praecavere
3282 5738 3458 5786 tenta-

1878 5837 2060 5888 menta
2086 5827 2312 5884 inimici.
2336 5825 2555 5895 ignorat
2573 5820 2720 5876 enim
2746 5812 3157 5879 momentaneus
3180 5821 3455 5877 solitarius
