3972 6328
617 309 724 367 599

1604 311 1664 368 S.
1704 311 2072 369 BENEDICTI
2107 312 2398 372 ABBATIS
2434 316 2845 376 ANIANENSIS
3646 347 3711 405 im

612 427 974 485 humilitatem
997 437 1053 484 et
1090 432 1579 487 mansuetudinem.
1610 430 1828 502 Ignorat
1853 433 2019 487 etiam
2042 433 2180 488 divi-
2210 432 2263 492 Λ
2287 432 2651 504 insipientium
2681 452 2824 508 saepe
2841 439 3166 512 demergere.
3196 444 3377 502 Deinde
3407 459 3459 504 ut
3507 455 3710 516 advenien.

608 519 714 574 tias
742 519 921 573 saeculi
949 528 1332 584 contemnere;
1362 523 1573 591 ignorat
1605 522 1954 592 semetipsum
2003 524 2182 594 despi-

609 626 752 667 cere.
779 611 896 666 Non
916 610 1203 680 jejunavit,
1235 629 1342 669 non
1368 613 1534 678 flevit,
1562 630 1668 670 non
1692 629 1869 670 mores
1896 631 2024 672 suos
2039 632 2182 686 saepe

606 703 975 770 reprehendit,
1000 719 1105 758 non
1138 705 1352 759 assidua
1395 706 1748 761 meditatione
1804 708 2057 762 correxit.
2105 708 2182 763 De

608 793 863 848 cathedra
888 794 1032 848 cnim
1062 795 1385 849 transfertur
1409 797 1474 850 ad
1487 797 1820 861 cathedram,
1847 798 1912 851 de
1928 800 2180 868 superbia

607 885 673 937 ad
705 885 1033 946 superbiam.
1067 885 1190 940 Non
1221 888 1385 957 turpis
1425 887 1559 942 lucri
1595 895 1956 959 appetitorem,
2005 907 2076 946 ne
2114 893 2181 946 de

606 976 828 1030 servitio
853 975 947 1030 Dei
977 975 1125 1030 lucra
1157 983 1368 1030 terrena
1391 987 1618 1046 quaerat.
1643 979 1838 1048 Turpis
1861 981 1998 1035 lucri
2022 996 2183 1051 appe-

603 1066 726 1120 titio
752 1075 834 1122 est
871 1068 992 1136 plus
1019 1067 1083 1122 de
1106 1068 1467 1137 praesentibus
1502 1085 1663 1140 quam
1706 1071 1774 1127 dc
1791 1071 1986 1126 futuris
2035 1075 2183 1144 cogi-

604 1168 764 1212 tare:
797 1159 1067 1215 solitarius
1104 1160 1250 1215 enim
1300 1161 1506 1216 habens
1562 1163 1763 1218 victum
1804 1172 1860 1218 et
1903 1165 2178 1231 vestitum,

601 1250 688 1304 his
713 1258 919 1305 tantum
950 1259 1234 1307 contentus
1256 1268 1376 1308 esse
1399 1254 1579 1309 debet.
1600 1254 1754 1310 Unde
1769 1255 2177 1325 aitApostolus:

602 1345 709 1412 Qui
736 1347 894 1401 altari
927 1349 1181 1412 serviunt,
1212 1349 1276 1401 de
1306 1347 1467 1401 altari
1497 1349 1666 1402 vivant
1698 1348 1745 1418 (Ι
1777 1349 1902 1403 Cor.
1957 1367 2037 1416 rx,
2067 1351 2176 1420 15).

511 1428 520 1452 ⁸
598 1439 816 1506 Vivant,
848 1442 1046 1511 inquit,
1081 1448 1135 1496 et
1159 1457 1286 1508 non,
1321 1441 1514 1496 divites
1556 1439 1707 1494 fiant.
1741 1439 1964 1508 Oportet
1991 1451 2050 1496 ut
2073 1459 2180 1498 non

595 1535 670 1590 sit
701 1534 1040 1589 turbulentus
1066 1543 1121 1590 et
1143 1537 1357 1600 anxius,
1389 1551 1496 1590 non
1525 1535 1595 1589 sit
1622 1536 1822 1590 nimius
1860 1544 1916 1590 et
1941 1535 2182 1592 obstina-

596 1636 688 1681 tus
718 1641 864 1680 :non
894 1626 966 1680 sit
1010 1627 1289 1697 zelotypus
1332 1635 1387 1681 et
1435 1627 1596 1682 nimis
1653 1627 2008 1698 suspiciosus,
2055 1629 2180 1698 quia

595 1717 906 1788 hujusmodi
951 1716 1228 1773 solitarius
1263 1733 1543 1787 nunquam
1592 1719 1900 1788 requiescit.
1941 1717 2058 1774 Non
2111 1721 2183 1776 sit
2213 1791 2242 1793 ξ
2283 1717 2486 1786 tiaque,
2509 1725 2565 1772 et
2587 1717 2828 1774 lenitate.
2852 1720 3026 1791 Ipsius
3061 1737 3290 1793 namque
3339 1723 3542 1793 speciale
3571 1721 3718 1778 oﬂicium

539 1871 550 1879 ⁸
594 1811 761 1866 etiam
812 1826 1222 1878 murmurosus,
1283 1813 1541 1880 quoniam
1597 1812 1858 1883 scriptum
1909 1821 1994 1868 est
2037 1813 2181 1882 quod
2212 1791 2259 1851 B
2287 1815 2371 1860 est
2398 1815 2635 1862 tractare
2658 1809 2724 1862 de
2759 1812 3020 1882 mysterio
3044 1791 3292 1883 legisfde
3335 1791 3547 1868 doctrina
3564 1813 3718 1878 fidei,tlc

597 1909 1002 1956 murmurantes
1028 1917 1062 1956 a
1091 1904 1432 1973 serpentibus
1466 1904 1764 1973 perierunt.
1824 1901 1941 1957 Non
1973 1903 2047 1958 sit
2089 1903 2181 1957 de-

600 2001 829 2059 tractor,
858 2002 1080 2066 pr0pter
1106 1996 1210 2050 hoc
1231 1995 1373 2065 quod
1407 1997 1668 2064 scriptum
1689 2004 1801 2050 est:
1823 1993 1930 2060 Qui
1953 1995 2180 2050 detrahit

602 2089 821 2158 fratrem
844 2105 998 2143 suum
1022 2090 1380 2144 eradicabitur
1403 2089 1452 2161 (I
1477 2088 1599 2144 Cor.
1626 2088 1705 2160 ι).
1733 2088 1849 2144 Non
1873 2090 2055 2144 odium
2083 2091 2182 2144 ha-

596 2182 724 2236 beat
751 2183 804 2235 in
835 2183 1020 2247 corde,
1047 2183 1175 2254 quia
1204 2185 1469 2253 scriptum
1511 2191 1594 2238 est
1624 2203 1636 2237 :
1668 2182 1773 2249 Qui
1803 2183 1915 2236 odit
1962 2182 2183 2252 fratrem

596 2289 770 2340 suum,
799 2274 1064 2329 homicida
1087 2285 1160 2330 est
1186 2275 1237 2342 (Ι
1263 2275 1426 2329 Joan.
1453 2291 1534 2340 nr,
1568 2275 1678 2345 15).
1708 2273 1823 2329 Non
1854 2275 1929 2330 sit
1973 2275 2181 2329 vanilo-

597 2376 759 2433 quus,
781 2366 907 2434 quia
933 2367 1194 2434 scriptum
1220 2373 1306 2420 est
1331 2383 1344 2420 :
1378 2365 1545 2420 Omne
1561 2367 1768 2419 verbum
1793 2365 2019 2418 otiosum
2041 2365 2179 2435 quod

596 2455 757 2508 locuti
784 2456 978 2523 fuerint
1019 2456 1272 2517 homines,
1315 2455 1530 2509 reddent
1559 2456 1624 2509 de
1645 2472 1704 2508 eo
1735 2455 1991 2508 rationem
2015 2456 2068 2508 in
2095 2456 2180 2510 die

587 2545 782 2615 judicii
805 2543 1139 2616 (Matt/1.3m,
1179 2546 1291 2617 36).
1321 2546 1437 2600 Non
1480 2545 1551 2599 sit
1582 2545 1755 2616 piger,
1801 2553 2024 2615 propter
2078 2547 2180 2603 hoc

595 2637 740 2707 quod
765 2639 1027 2708 scriptum
1053 2649 1167 2694 est:
1187 2639 1344 2695 Serve
1382 2639 1518 2695 male
1551 2650 1600 2694 et
1635 2641 1800 2711 piger,
1827 2649 1934 2695 etc.
1958 2640 2175 2712 (Matth.

594 2744 723 2794 xxv,
745 2728 859 2800 26).
889 2729 1004 2785 Non
1029 2729 1104 2785 sit
1128 2731 1525 2799 somnolentus,
1547 2746 1650 2788 nec
1686 2731 1807 2788 aliis
1847 2732 2178 2801 quibuslibet

592 2822 742 2878 vitiis
769 2825 1096 2890 substratus,
1113 2833 1381 2894 quatenus
1409 2825 1734 2881 ﬁducialiter
1757 2825 1958 2881 audeat
1994 2827 2177 2884 dicere

593 2929 716 2972 cum
731 2915 1032 2986 Propheta:
1050 2917 1158 2972 Ero
1181 2917 1551 2972 immaculatus
1578 2936 1758 2974 coram
1777 2920 1912 2986 Deo,
1931 2930 1978 2974 et
2002 2921 2178 2974 obser-

593 3007 725 3062 vabo
765 3024 848 3062 me
883 3008 948 3061 ab
992 3009 1267 3080 iniquitate
1287 3027 1403 3064 mea
1434 3008 1607 3082 (Psal.
1641 3027 1775 3078 xvrr,
1804 3012 1919 3083 24).
1965 3012 2175 3068 Hueus-

592 3116 703 3172 que
727 3101 901 3171 qualis
930 3117 1036 3157 non
1071 3102 1235 3157 debet
1280 3117 1402 3158 esse
1443 3103 1540 3158 Dei
1593 3119 1782 3160 servus
1815 3106 2170 3170 ostendimus,

592 3209 738 3248 nunc
758 3192 933 3264 qualis
959 3209 1080 3250 esse
1115 3195 1310 3249 debeat
1337 3195 1602 3250 dicamus.
1633 3195 1728 3250 Dei
1753 3204 1932 3251 autem
1956 3212 2171 3251 servum

591 3292 804 3354 oportet
825 3298 946 3339 esse
973 3284 1245 3354 pudicum,
1271 3285 1325 3340 id
1353 3293 1456 3352 est,
1481 3302 1511 3340 a
1539 3287 1761 3342 libidine
1783 3290 2170 3354 continentem,

590 3385 741 3442 et,ut
761 3376 834 3431 ita
857 3376 1108 3442 dixerim,
1135 3377 1189 3431 in
1215 3384 1425 3432 tantum
1460 3395 1583 3434 eum
1606 3379 1750 3434 inter
1781 3389 2006 3435 cunctos
2020 3396 2175 3451 opor-

590 3479 671 3524 tet
697 3484 820 3526 esse
841 3471 1191 3536 eminentem,
1217 3478 1278 3525 ut
1304 3486 1411 3526 non
1434 3471 1607 3527 solum
1635 3473 1701 3526 ab
1728 3487 1893 3542 opere
1937 3473 2173 3528 immun-

589 3563 660 3618 do
687 3577 748 3618 se
774 3563 1065 3629 abstineat,
1097 3579 1285 3619 verum
1311 3563 1474 3618 etiam
1491 3571 1547 3618 et
1569 3577 1599 3617 a
1615 3564 1962 3634 cogitationis
1983 3579 2172 3620 errore

587 3669 743 3710 mens
771 3655 890 3725 ejus
913 3657 983 3710 sit
1012 3657 1203 3711 libera.
1221 3655 1629 3726 Oportctetiam
1659 3673 1780 3711 eum
1795 3671 1916 3712 esse
1941 3658 2169 3728 justum,

589 3756 861 3814 sanctum,
883 3750 1274 3812 continentem,
1306 3751 1687 3813 abstinentem,
1716 3750 2172 3820 hospitalem,bo—

589 3856 786 3897 norum
807 3856 1032 3910 operum
1055 3849 1374 3906 amatorem,
1405 3843 1740 3908 modestum,
1771 3843 2009 3898 sobrium
2029 3885 2043 3910 ,
2077 3859 2173 3914 pa-

591 3932 835 3997 tientem,
859 3933 1172 4002 benignum,
1195 3932 1476 3998 humilem,
1493 3933 1898 3998 charitativum,
1922 3934 2174 3990 obedien-

590 4033 736 4089 tem;
774 4031 829 4078 ct
855 4039 964 4078 non
988 4023 1159 4079 solum
1181 4040 1212 4078 a
1233 4025 1416 4094 pravis
1445 4025 1656 4079 actibus
1688 4039 1746 4078 se
1769 4025 2057 4088 abstineat,
2081 4040 2173 4079 ve-

589 4129 712 4169 rum
733 4113 897 4168 etiam
923 4115 990 4169 ab
1021 4114 1180 4180 oculi,
1209 4125 1266 4169 et
1291 4115 1468 4180 verbi,
1517 4124 1572 4169 et
1591 4116 1935 4186 cogitationis
1975 4117 2174 4171 instin-

589 4213 680 4260 ctu
705 4218 764 4258 se
799 4205 1091 4269 contineat,
1124 4213 1178 4260 et
1203 4206 1281 4260 sic
1320 4205 1410 4260 ﬁat
1438 4214 1496 4261 ut
1525 4208 1648 4260 dum
1678 4208 1882 4262 nullum
1911 4209 1964 4262 in
1998 4225 2056 4264 se
2087 4211 2169 4264 vi-

591 4297 724 4350 tium
749 4313 975 4368 regnare
999 4299 1285 4369 permittit,
1305 4298 1597 4370 impetrare
1617 4300 1756 4369 apud
1777 4300 1941 4354 Deum
1958 4303 2168 4356 veniam

518 4389 524 4444 ἒ
588 4406 688 4461 pro
714 4390 826 4444 suis
855 4391 1283 4460 populorumque
1318 4390 1651 4447 facinoribus
1680 4392 1871 4448 valeat.
1913 4394 2057 4448 Talis
2085 4395 2169 4448 iu-

587 4499 751 4553 super
771 4483 844 4538 sit
869 4483 1008 4538 idem
1037 4484 1334 4549 solitarius,
1361 4492 1422 4538 ut
1448 4485 1540 4553 qui
1580 4485 1822 4556 religioni
1853 4486 2165 4553 detrahunt,
2195 4518 2250 4579 Β

583 4574 710 4627 vitae
732 4573 848 4642 ejus
870 4574 1155 4628 detrahere
1181 4591 1288 4630 non
1318 4577 1570 4631 audeant.
1606 4576 1661 4632 Si
1684 4580 1827 4633 enim
1857 4580 1976 4634 talis
2003 4579 2166 4636 fuerit

587 4677 642 4722 et
672 4667 776 4719 ista
805 4666 1114 4734 supradicta
1149 4676 1386 4722 sectatus
1418 4670 1600 4732 fuerit,
1634 4678 1762 4724 tunc
1790 4671 1883 4723 Dei
1917 4672 2166 4728 minister

588 4758 734 4813 utilis
765 4757 890 4821 erit,
943 4767 997 4812 et
1043 4760 1377 4828 propositum
1417 4777 1598 4825 suum,
1644 4762 1940 4830 opitulante
1981 4765 2162 4822 divina

587 4850 894 4915 clementia,
918 4849 1156 4921 perfecte
1183 4853 1598 4907 consummabit.

1184 4984 1411 5041 CAPUT
1447 4987 1565 5042 XX.

592 5099 864 5176 Quomodo
892 5100 1118 5154 solitarii
1145 5099 1362 5176 debeant
1389 5119 1497 5176 esse
1521 5105 1682 5169 docti,
1708 5117 1754 5159 et
1782 5110 2006 5176 qualiter
2030 5111 2165 5166 alios

763 5171 984 5226 doceant
1004 5187 1066 5223 ac
1091 5171 1390 5242 semetipsos
1418 5173 1638 5228 discrete
1659 5171 1983 5246 provideant.

658 5277 943 5336 Solitarius
965 5281 1144 5352 itaque
1166 5281 1325 5335 debet
1347 5298 1468 5337 esse
1493 5285 1699 5351 doctor,
1728 5303 1834 5342 non
1860 5291 1952 5359 qui
1981 5292 2163 5348 doceri

585 5369 854 5441 indigeat;
881 5373 1046 5426 etiam
1069 5375 1226 5428 debet
1253 5389 1374 5429 esse
1401 5376 1615 5444 sapiens
1643 5386 1699 5432 et
1726 5380 1917 5436 doctus
1947 5382 2001 5436 in
2044 5361 2162 5455 lege

589 5460 789 5527 divina,
819 5473 879 5516 ut
904 5465 1039 5517 sciat
1070 5467 1212 5520 unde
1234 5467 1475 5536 proferat
1511 5484 1648 5524 nova
1677 5479 1732 5526 et
1757 5481 1961 5529 vetera.
1985 5475 2164 5534 Multis

590 5555 770 5609 modis
797 5556 960 5608 etiam
991 5559 1356 5613 necessarium
1383 5570 1463 5614 est
1487 5561 1766 5631 solitariis,
1810 5575 1867 5619 ut
1911 5567 2162 5626 instructi

591 5645 702 5698 sint
729 5644 783 5696 in
805 5645 1002 5698 divinis
1028 5647 1273 5716 eloquiis.
1298 5650 1538 5706 Primum
1580 5665 1804 5724 propter
1824 5659 2054 5712 astutias
2109 5668 2163 5715 et

591 5734 810 5789 fraudes
849 5735 1041 5787 diaboli
1073 5753 1166 5806 per
1199 5756 1331 5809 quas
1371 5744 1609 5814 seipsum
1636 5746 1771 5803 solet
1800 5748 1854 5803 in
1905 5750 2161 5807 cordibus

2283 524 2416 580 tium
2439 529 2794 596 quorumdam
2828 531 2989 586 corda
3010 535 3210 589 arentia
3223 539 3713 611 proximomm,llueutis

2283 617 2412 672 rivis
2435 619 2695 675 doctrinae
2715 621 2890 678 valeat
2933 625 3172 696 irrigare.
3208 626 3329 683 Nam
3353 641 3401 686 et
3417 636 3455 689 si
3479 652 3587 706 quos
3610 642 3714 700 habet

2282 710 2590 780 discipulos,
2642 712 2845 769 affatim
2870 717 3041 784 possit
3061 718 3311 776 instruere
3345 738 3443 778 eos.
3470 725 3519 780 ln
3541 729 3711 788 hisdeni-

2282 815 2406 868 que,
2439 809 2495 854 et
2523 802 2574 854 in
2599 801 2720 856 aliis
2746 805 3074 872 quibuslibet
3114 809 3286 874 rebus,
3314 813 3509 869 scientia
3554 816 3715 890 Scriptu-

2281 905 2464 944 rarum
2495 891 2649 948 valde
2673 893 2917 950 solitario
2945 899 3240 954 necessaria
3275 910 3376 967 est;
3402 905 3508 973 quia
3539 909 3572 961 si
3594 911 3629 963 ei
3645 921 3716 967 tan.

2282 989 2396 1034 tum
2421 982 2491 1036 sit
2521 991 2706 1036 sancta
2737 985 2867 1048 vita,
2903 986 3004 1040 sibi
3033 988 3129 1042 soli
3177 991 3412 1057 prodesse
3452 1005 3593 1064 potest
3631 1004 3717 1069 quod

2281 1079 2468 1126 sancte
2490 1073 2643 1126 vivit.
2682 1072 2851 1128 Porro
2879 1084 2935 1130 et
2977 1077 3023 1131 si
3071 1078 3308 1134 doctrina
3360 1081 3501 1138 fuerit
3539 1089 3716 1153 eruditus,

2281 1168 2461 1230 potest
2480 1170 2706 1216 caeteros
2730 1178 2972 1234 quosque
3007 1167 3263 1233 imbuere,
3293 1181 3347 1227 ct
3372 1173 3624 1242 lmretieos,
3652 1181 3718 1233 sire

2281 1249 2512 1317 Judaeos,
2547 1266 2642 1308 seu
2665 1255 2802 1310 alios
2829 1257 3100 1325 quoslibet
3120 1261 3437 1319 adversarios
3473 1279 3715 1336 repercutere

2281 1347 2365 1401 vel
2393 1345 2660 1414 refutare;
2681 1349 2773 1418 qui
2799 1349 2904 1404 nisi
2931 1351 3148 1408 refutati
3175 1352 3365 1408 fuerint
3389 1363 3526 1424 atque
3547 1360 3712 1420 convicti,

2281 1437 2438 1493 facile
2458 1450 2682 1510 possunt
2704 1441 3029 1512 simplicium
3082 1445 3241 1500 corda
3285 1455 3571 1514 pervertere.
3617 1446 3717 1515 Hujus

2282 1540 2461 1586 autem
2487 1547 2666 1588 sermo
2693 1534 2853 1589 debet
2873 1549 2993 1590 esse
3018 1551 3206 1606 purus,
3247 1538 3458 1608 simplex
3478 1548 3525 1594 et
3559 1553 3714 1609 apertus.

2280 1623 2470 1694 plenus
2503 1626 2764 1696 gravitate
2783 1635 2838 1682 et
2863 1629 3174 1694 honestate;
3198 1629 3378 1698 plenus
3403 1632 3628 1696 suavitate,
3645 1647 3715 1701 gra-

2283 1900 2483 1955 virtute
2499 1903 2873 1969 continentiae,
2903 1905 2967 1959 de
2981 1904 3261 1974 disciplina
3277 1906 3495 1976 justitiae.
3515 1904 3718 1976 Scriptum

2285 1992 2494 2049 divinas
2539 1994 2740 2065 legere,
2769 2011 3091 2065 percurrere
3141 2013 3386 2062 canones,
3423 1996 3620 2066 exempla
3648 2011 3717 2050 san-

2283 2095 2493 2141 ctorum
2536 2087 2756 2154 imitari,
2812 2097 2871 2144 ut
2923 2090 3177 2146 videlicet
3199 2097 3481 2160 praznoscat
3514 2089 3624 2158 quid,
3658 2085 3718 2148 cui.

2282 2179 2517 2248 quando,
2550 2179 2633 2235 vel
2669 2183 2936 2250 quomodo
2965 2183 3233 2252 proferat;
3285 2183 3406 2252 quia
3434 2197 3524 2236 non
3561 2178 3718 2234 omnibus

2283 2284 2388 2322 una
2442 2269 2735 2340 eademque
2778 2287 2989 2342 semper
3039 2273 3342 2328 exhortatio
3390 2279 3467 2327 est
3505 2266 3719 2327 adhilunda,

2283 2360 2376 2414 sed
2398 2377 2833 2432 unumquemque
2869 2365 3086 2418 diversa
3125 2365 3482 2420 exhortatione
3521 2362 3719 2415 admoneat.

2274 2448 2428 2518 juxta
2455 2450 2807 2520 professionis
2828 2469 3151 2524 morumque
3189 2454 3502 2525 qualitatem.
3525 2449 3722 2515 Namque-

2282 2544 2404 2596 dam
2441 2543 2740 2613 increpatio
2771 2543 2924 2609 dura,
2953 2548 3225 2616 quosdam
3255 2563 3378 2602 vero
3411 2541 3720 2617 increpatiocur-

2281 2633 2407 2703 rigit
2435 2633 2654 2688 blanda.
2671 2633 2980 2690 Sicutenim
3009 2639 3175 2706 periti
3202 2629 3722 2704 medicijuxtavulnerum

2279 2731 2572 2786 varietates
2600 2731 2811 2787 diversa
2835 2731 3101 2787 adhibent
3144 2732 3500 2794 medicamina,
3542 2731 3649 2783 itaet
3680 2735 3725 2774 so-

2280 2821 2494 2877 litarius
2523 2822 2750 2893 singulis
2781 2824 3094 2894 quibusque
3129 2840 3414 2896 congruum
3454 2813 3725 2879 exhortationis

2279 2913 2540 2968 adhibere
2569 2914 2730 2970 debet
2759 2917 3057 2973 remedium
3091 2936 3105 2984 ;
3135 2927 3190 2974 et
3211 2919 3339 2989 quid
3379 2917 3548 2988 cuique
3576 2915 3729 2980 oportet!

2277 3021 2376 3077 pro
2404 3016 2582 3072 aetate,
2611 3024 2712 3078 pro
2733 3025 2888 3076 sexu,
2919 3026 2983 3067 ac
3009 3012 3350 3081 professione
3393 3008 3633 3066 annuntiet.
3661 3000 3727 3054 Non

2279 3099 2530 3153 omnibus
2579 3116 2699 3168 qua:
2747 3111 2874 3156 sunt
2920 3103 3114 3160 clausa
3161 3104 3440 3175 aperienda
3471 3109 3572 3158 sunt
3601 3114 3611 3150 :
3641 3090 3730 3149 mulli

2280 3199 2405 3243 sunt
2427 3191 2570 3244 enim
2596 3192 2689 3260 qui
2711 3207 2907 3263 capere
2926 3209 3033 3248 non
3053 3203 3310 3265 possunt.
3332 3195 3543 3249 Rudibus
3558 3184 3728 3259 νηοίρυε

2276 3279 2586 3334 hominibus
2626 3290 2788 3351 atque
2829 3283 3149 3342 carnalibus
3189 3286 3348 3358 plana
3403 3300 3488 3340 seu
3534 3271 3731 3336 communia

2274 3368 2616 3438 praedicanda
2639 3377 2788 3437 sunt,
2811 3387 2920 3425 non
2943 3387 3164 3429 summa
3195 3383 3357 3443 atque
3385 3372 3549 3427 ardua.
3585 3362 3729 3420 Unde?!

2273 3461 2561 3531 Apostolus
2583 3462 2662 3516 ait
2692 3477 2706 3516 :
2756 3462 2878 3517 Non
2899 3466 3044 3534 potui
3083 3465 3232 3520 vobis
3256 3465 3394 3536 loqui
3423 3460 3550 3534 quasi
3569 3453 3729 3526 φίτίιιιιν

2274 3553 2430 3617 libus,
2456 3553 2547 3606 sed
2573 3554 2724 3624 quasi
2746 3555 3047 3609 carnalibus
3061 3569 3081 3608 .‘
3103 3567 3355 3629 tanquam
3373 3552 3571 3628 parvulis
3590 3549 3627 3600 in
3643 3538 3733 3596 Chri-

2274 3653 2354 3696 sto
2379 3643 2462 3696 lac
2488 3643 2626 3698 vobis
2649 3655 2831 3714 potum
2857 3645 3003 3712 dedi,
3035 3664 3148 3702 non
3175 3664 3346 3703 escam
3371 3645 3418 3719 (ι
3444 3632 3735 3708 Cor.ut).Cu-

2274 3734 2484 3790 nalibus
2507 3737 2707 3806 quippe
2721 3737 2938 3802 animis,
2987 3746 3047 3792 ut
3071 3741 3337 3805 diximus,
3390 3751 3483 3793 nec
3525 3731 3608 3786 alla
3639 3720 3736 3779 υίωίέ

2273 3827 2340 3881 de
2388 3826 2720 3893 cmlestibus,
2789 3844 2890 3883 nec
2932 3837 3155 3886 terrena
3201 3831 3448 3890 convenit
3498 3826 3661 3883 dicere,
3685 3810 3738 3868 Sed

2271 3917 2622 3974 mediocriter
2641 3928 2696 3972 et
2721 3919 2975 3976 discrcte.
3001 3920 3220 3978 Corvus
3243 3925 3384 3978 enim
3405 3922 3518 3976 dum
3533 3905 3740 3980 summu“
3841 3907 3843 3912 ’

2272 4008 2468 4061 viderit
2489 4008 2596 4062 albi
2624 4009 2842 4073 coloris,
2880 4011 3043 4067 nullis
3062 4027 3168 4070 eos
3189 4015 3328 4070 cibis
3354 4013 3463 4078 alit,
3484 4007 3566 4066 sed
3591 4009 3740 4060 tantum-

2273 4104 2392 4156 dem
2423 4102 2652 4156 attendit
2671 4103 2844 4158 donec
2870 4111 3102 4173 paterno
3127 4108 3313 4163 colore
3339 4107 3625 4176 nigrescant.
3641 4103 3677 4149 et
3700 4090 3741 4144 sic
3841 4153 3843 4176 Ι

2273 4194 2391 4248 illos
2421 4194 2691 4264 frequenti
2715 4195 2836 4249 cibo
2877 4195 3070 4251 reficit.
3105 4197 3186 4253 Ita
3209 4207 3266 4253 et
3285 4173 3524 4254 strenuus
3562 4182 3743 4245 solitarius
3841 4173 3843 4194 '

2271 4287 2374 4340 nisi
2401 4301 2494 4340 eos
2514 4300 2650 4354 quos
2679 4296 2864 4341 monet
2895 4289 3095 4344 viderit
3140 4291 3212 4345 ad
3239 4305 3392 4346 suam
3445 4277 3744 4341 similitudinem

2270 4379 2604 4448 poenitentiae
2627 4378 2966 4435 confessione
3009 4382 3348 4452 nigrescere,
3372 4391 3426 4436 et
3451 4380 3604 4434 nitore
3643 4378 3745 4424 ἑται-

2275 4468 2375 4523 lari
2408 4469 2679 4540 deposito,
2703 4470 3110 4528 lamentationis
3153 4475 3400 4529 habitum
3423 4467 3605 4542 peccati
3640 4469 3748 4515 r800"

2276 4559 2493 4615 datione
2524 4561 2768 4626 induere,
2803 4579 2912 4617 non
2939 4565 3163 4634 expedit
3193 4566 3276 4620 eis
3305 4564 3510 4636 aperire
3545 4551 3749 4619 innuit”

2275 4651 2362 4706 tia:
2388 4651 2686 4722 spiritualis
2706 4653 3060 4724 profundiora
3086 4657 3384 4728 mysteria;
3410 4670 3475 4710 ne
3501 4653 3608 4708 dum
3640 4638 3752 4698 audi“

2273 4761 2381 4799 non
2410 4746 2650 4816 capiunt,
2674 4747 2827 4816 prius
2860 4747 3123 4818 incipiant
3165 4760 3510 4804 contemnere
3553 4751 3678 4812 quam
3701 4739 3753 4781 “5'

2271 4838 2454 4891 nerari
2476 4837 2717 4893 coelestia
2745 4848 3034 4909 praacepta.
3065 4839 3305 4912 Propter
3330 4841 3470 4912 quod
3491 4846 3542 4893 et
3578 4826 3756 4888 Domitiiis

2273 4929 2414 4984 inter
2439 4939 2634 4985 caetera
2661 4931 2738 4985 ait
2765 4950 2776 4984 :
2805 4931 2983 4985 Nolite
3006 4933 3214 4988 mittere
3251 4932 3553 5002 margaritas
3574 4929 3667 4979 aut!

2269 5036 2375 5083 cos,
2401 5037 2462 5074 ne
2488 5021 2621 5088 forte
2643 5021 2946 5077 conculccnt
2971 5040 3058 5077 eas
3070 5024 3294 5093 pedibus
3309 5003 3755 5094 suis(Matth.\’Il.5l-

2339 5111 2610 5167 Hactenus
2639 5122 2819 5169 autem
2850 5115 3084 5170 diximus
3127 5132 3297 5185 quam
3339 5115 3522 5170 doctus
3555 5105 3624 5160 vel
3657 5107 3756 5168 quam

2269 5203 2532 5258 discretus
2577 5205 2628 5258 in
2671 5205 2914 5261 doctrina
2968 5208 3126 5263 debet
3177 5216 3328 5262 esset
3367 5200 3635 5261 solitarius.
3665 5187 3760 5244 Νυικ

2266 5305 2446 5351 autem
2477 5298 2543 5350 ad
2569 5299 2891 5353 sententiam
2909 5299 3052 5353 beati
3073 5297 3328 5369 Gregorii
3352 5297 3624 5352 venientes,
3643 5279 3762 5369 ῖίάεῗ·

2266 5403 2387 5442 mus
2441 5405 2605 5458 quam
2667 5387 2901 5443 discreta
2963 5389 3454 5460 circumspectione
3497 5385 3547 5440 in
3595 5363 3763 5472 όοοειξδθ

2266 5484 2624 5552 nosmetipsos
2651 5491 2864 5553 oportet
2888 5484 3194 5553 providere.
3239 5483 3372 5546 Nos,
3400 5480 3578 5551 inquit,
3603 5468 3698 5542 quia

2265 5573 2404 5628 firmi
2432 5576 2676 5630 homines
2707 5591 2910 5639 sumus,
2939 5590 3061 5629 cum
3095 5574 3165 5628 de
3199 5575 3315 5630 Deo
3342 5571 3627 5630 hominibus
3651 5561 3767 5626 loqm’

2264 5679 2405 5729 mur,
2431 5665 2688 5720 debemus
2716 5667 2948 5735 primum
2971 5666 3291 5722 meminisse
3313 5667 3442 5736 quid
3467 5672 3649 5719 sumus.
3671 5654 3768 5704 υιθί

2261 5756 2476 5826 prepria
2506 5756 2818 5813 infirmitate
2846 5772 3140 5828 pensemus
3165 5773 3279 5828 quo
3297 5755 3520 5814 docendi
3536 5736 3771 5808 ordinet!“
