3972 6328
174 360 264 414 601

795 355 1027 416 CODEX
1066 346 1525 414 REGULARUM.
1564 381 1636 396 —-
1671 352 1854 410 PARS
1891 351 1956 408 ll.
1996 347 2300 408 REGULE
2338 347 2442 405 PP.
2480 347 2755 406 ORIENT.

3292 352 3399 410 602

172 482 332 538 tribus
377 477 738 536 consulamus.
796 473 1208 530 Consideremus
1249 473 1414 544 igitur
1457 471 1585 541 quia
1631 476 1726 524 aut
1751 471 1805 531 Α
1826 441 1984 524 bonis
2004 467 2310 538 exemplum
2334 480 2454 521 esse
2475 465 2795 520 debuerunt.
2832 463 2900 520 Hi
2924 475 3105 522 autem
3129 483 3399 539 quoscuno

172 572 295 630 tales
333 584 518 627 sumus
555 566 740 638 quales
773 565 1058 620 nonnullos
1100 556 1456 632 corrigimus,
1490 567 1584 614 aut
1623 558 1724 612 ali-

168 665 371 737 quando
394 661 528 717 tales
557 659 783 724 fuimus;
813 667 867 712 et
890 658 1057 727 sijam
1081 655 1259 709 divina
1280 653 1451 726 gratia
1473 656 1727 720 operante

167 757 294 812 tales
323 769 428 808 non
458 765 664 815 sumus,
703 755 912 819 oportet
945 756 1004 800 ut
1039 753 1184 800 tanto
1214 760 1308 799 eos
1342 741 1727 812 temperantius

164 848 318 905 corde
344 844 532 900 humili
563 842 917 912 corrigamus,
943 846 1143 909 quanto
1169 837 1524 905 nosmetipsos
1546 834 1728 887 verius

163 942 213 994 in
255 939 339 994 his
374 934 590 1006 ﬂagitiis
624 932 908 1003 aliquando
937 929 1102 984 fuisse
1139 927 1498 998 agnoscimus.
1537 923 1595 978 Si
1631 938 1728 977 nos

160 1043 368 1099 quoque
399 1026 534 1080 tales
567 1039 666 1079 nec
699 1037 902 1087 sumus,
942 1035 1044 1075 nec
1077 1017 1297 1082 fuimus,
1336 1016 1522 1085 quales
1554 1014 1730 1068 adhuc

160 1122 230 1176 illi
264 1127 386 1175 sunt
421 1131 556 1188 quos
587 1114 878 1170 emendare
915 1125 1012 1182 per
1044 1107 1420 1180 ptenitentiam
1462 1104 1725 1174 cupimus,

157 1213 433 1268 videamus
464 1224 535 1263 ne
570 1206 710 1262 forte
742 1221 837 1260 cor
877 1211 1122 1258 nostrum
1165 1200 1232 1254 de
1267 1199 1382 1269 ipsa
1421 1193 1728 1250 innocentia

157 1301 428 1370 superbiat
445 1339 462 1363 ,
488 1307 543 1352 et
565 1297 617 1350 in
642 1294 795 1367 pejus
817 1309 979 1364 quam
1007 1292 1061 1346 hi
1087 1305 1312 1361 quorum
1344 1287 1482 1341 mala
1505 1285 1730 1354 corrigi-

156 1409 274 1448 mus
301 1399 442 1446 ruat.
483 1387 616 1442 Nam
641 1396 695 1443 et
717 1385 821 1439 alia
847 1398 1034 1440 eorum
1067 1381 1207 1436 bona
1232 1393 1398 1449 opera
1421 1376 1576 1432 nobis
1602 1382 1729 1428 ante

153 1484 336 1540 oculos
362 1494 696 1543 revocemus,
725 1491 846 1546 qua:
868 1475 912 1530 si
941 1473 1161 1528 omnino
1185 1471 1329 1525 nulla
1360 1479 1503 1532 sunt,
1534 1467 1602 1521 ad
1630 1481 1726 1520 oc-

154 1575 298 1632 culta
329 1574 425 1628 Dei
459 1571 655 1641 judicia
697 1579 1072 1628 recurramus;
1111 1562 1237 1632 quia
1264 1561 1406 1616 sicut
1435 1572 1536 1612 nos
1567 1555 1729 1610 nullis

153 1666 360 1720 meritis
389 1665 490 1719 hoc
518 1664 690 1734 ipsum
714 1660 916 1714 bonum
942 1656 1084 1726 quod
1110 1655 1370 1709 habemus
1399 1649 1726 1718 accepimus,

151 1759 226 1814 ita
251 1758 370 1814 illos
402 1769 615 1826 quoque
639 1760 818 1824 potest
842 1750 1016 1822 gratia
1038 1760 1285 1816 supernae
1307 1741 1525 1798 virtutis
1549 1738 1728 1794 infun-

153 1853 300 1917 dere,
327 1859 388 1905 ut
406 1825 648 1912 excitati,
674 1843 944 1916 posterius
971 1841 1136 1896 etiam
1172 1840 1288 1908 ipsa
1319 1835 1529 1905 possint
1561 1833 1725 1896 bona,
1755 1825 1802 1885 B

151 1956 271 2012 quae
299 1955 399 1995 nos
427 1947 554 1993 ante
591 1934 920 2004 accepimus,
960 1928 1275 1999 praevenire.
1316 1924 1412 1978 llis
1448 1935 1578 1993 ergo
1618 1922 1726 1990 pri-

149 2048 296 2088 mum
325 2029 739 2102 cogitationibus
757 2023 1030 2081 humiliari
1058 2036 1154 2076 eor
1177 2019 1364 2083 debet,
1393 2025 1448 2072 et
1475 2024 1601 2070 tunc
1630 2015 1725 2071 de-

146 2141 297 2180 mum
332 2121 758 2194 delinquentium
794 2115 1108 2186 iniquitates
1143 2111 1442 2178 increpare.

219 2215 514 2271 Sciendum
545 2227 676 2268 vero
702 2217 786 2265 est
819 2208 946 2278 quia
977 2206 1128 2260 aliter
1155 2201 1407 2256 convenit
1431 2197 1726 2268 prmdicare

145 2306 422 2378 episcopis
451 2311 506 2359 et
533 2301 882 2375 presbyteris,
913 2306 1073 2366 atque
1102 2293 1260 2347 aliter
1298 2288 1574 2345 solitariis.
1615 2286 1725 2341 lllis

142 2402 338 2470 utique
372 2409 623 2469 tanquam
654 2396 757 2452 sibi
784 2391 1087 2448 commissis
1114 2388 1356 2460 plebibus
1393 2391 1608 2458 oportet
1639 2399 1725 2436 ar-

143 2495 380 2566 guendo,
411 2490 758 2560 increpando,
788 2495 844 2541 et
871 2481 1206 2540 obsecrando
1235 2478 1564 2550 praedicare;
1603 2475 1725 2529 istis

142 2565 274 2640 vero
304 2599 412 2638 non
436 2592 688 2651 tanquam
715 2575 1041 2640 commissis,
1073 2573 1167 2628 sed
1191 2587 1290 2642 pro
1319 2569 1431 2624 sola
1459 2565 1725 2621 charitate

141 2677 396 2734 convenit
445 2673 792 2730 advenientes
837 2683 1080 2740 quosque
1126 2663 1490 2736 spiritualium
1533 2659 1726 2714 verbo-

139 2784 263 2824 rum
293 2765 519 2836 dapibus
548 2763 791 2827 reficere,
819 2768 876 2816 ct
896 2760 964 2815 ad
988 2758 1082 2813 Dei
1108 2755 1389 2812 servitium
1418 2759 1479 2806 ut
1505 2764 1726 2806 conver-

142 2867 332 2914 tantur
372 2856 648 2912 humiliter
688 2861 742 2909 et
780 2861 990 2908 secrete
1037 2861 1364 2919 suggerere:
1391 2858 1498 2898 non
1542 2850 1724 2895 tamen

139 2969 238 3008 eos
268 2958 483 3020 Oportet
520 2949 676 3019 quasi
722 2960 822 3016 pro
861 2943 1036 3016 gratia
1083 2939 1360 2995 hominum
1399 2931 1724 3004 acquirenda

139 3039 539 3099 exhortationis
582 3038 818 3108 rigorem
876 3033 1124 3088 reticere.
1184 3028 1456 3083 Prteterea
1509 3037 1724 3094 quoque

138 3141 402 3196 debemus
422 3144 477 3190 et
503 3148 604 3190 nos
633 3130 874 3204 quotidie
908 3129 1072 3183 etiam
1113 3125 1340 3181 tacendo
1380 3120 1716 3192 praedicare;

1829 573 1933 628 que
1956 557 2203 627 exemplo
2237 556 2392 611 malae
2423 555 2845 611 conversationis
2888 572 2998 612 sum
3037 559 3289 628 perdunt,
3321 561 3397 615 si-

1828 653 1937 707 mul
1963 669 2086 708 cum
2106 653 2184 706 eis
2202 651 2386 722 procul
2411 649 2570 705 dubio
2591 651 2645 703 in
2661 659 2920 705 atternum
2942 652 3225 720 peribunt,
3248 652 3293 706 si
3320 661 3400 706 ta-

1829 759 1950 798 men
1983 743 2036 796 in
2073 742 2212 796 malo
2239 742 2725 811 perseveraverint.
2772 741 2936 797 Multo
2977 743 3121 797 enim
3163 743 3398 797 deterio-

1831 850 1918 889 res
1952 843 2078 888 sunt
2105 834 2160 888 hi
2190 835 2280 903 qui
2322 834 2434 889 sive
2461 834 2744 904 exemplis,
2775 835 2887 890 sive
2915 835 3193 899 doctrinis,
3233 835 3402 892 vitam

1831 941 2117 996 moresque
2151 925 2414 981 bonorum
2454 935 2822 996 corrumpunt,
2851 944 3010 998 quam
3047 927 3122 982 illi
3155 928 3246 998 qui
3274 927 3404 985 sub-

1830 1018 2054 1074 stantias
2079 1018 2304 1071 aliorum
2335 1017 2640 1088 prtediaque
2674 1019 2948 1087 diripiunt.
2996 1019 3062 1074 Hi
3100 1021 3242 1074 enim
3281 1035 3400 1089 quae

1829 1118 1982 1163 extra
2020 1123 2140 1172 nos,
2186 1107 2280 1162 sed
2326 1115 2505 1162 tamen
2544 1124 2662 1178 quae
2706 1117 2889 1163 nostra
2934 1118 3076 1176 sunt,
3117 1108 3397 1176 auferunt;

1830 1208 2175 1268 corruptores
2194 1212 2326 1252 vero
2346 1214 2554 1252 morum
2575 1201 2791 1269 proprie
2815 1215 2912 1255 nos
2936 1201 3081 1271 ipsos
3101 1201 3398 1271 decipiunt,

1830 1289 2082 1358 quoniam
2111 1287 2311 1343 divitiae
2339 1290 2617 1344 hominum
2642 1305 2820 1346 mores
2850 1307 3036 1346 eorum
3072 1302 3216 1347 sunt.

1900 1382 2239 1453 Quapropter
2280 1399 2380 1438 nos
2413 1383 2506 1453 qui
2548 1385 2845 1438 solitariam
2876 1385 3040 1440 vitam
3079 1387 3400 1455 expetimus,

1831 1489 2043 1545 semper
2081 1489 2146 1529 ea
2184 1489 2304 1544 quae
2343 1475 2411 1529 ad
2446 1461 2857 1530 aedificationem
2896 1477 3193 1546 pertinent,
3245 1492 3404 1548 agere

1831 1568 2162 1624 Studeamus.
2218 1564 2511 1621 Videamus
2555 1575 2736 1620 autem
2773 1581 2841 1620 ne
2876 1566 3005 1620 vilia
3045 1578 3229 1622 nostra
3275 1567 3407 1622 alio-

1831 1673 1952 1713 rum
1979 1657 2266 1712 virtutibus
2291 1664 2554 1723 noceant,
2588 1672 2657 1712 ne
2693 1655 2918 1710 aliorum
2948 1655 3217 1711 fervorem
3253 1665 3408 1728 tepor

1831 1759 2017 1805 noster
2055 1749 2320 1813 debilitet,
2361 1763 2429 1802 ne
2475 1747 2702 1802 aliorum
2743 1746 3060 1816 patientiam
3093 1755 3278 1802 nostra
3324 1748 3406 1802 ira

1829 1841 2204 1906 commaculet,
2233 1841 2513 1896 iracundia
2547 1840 2725 1906 violet,
2761 1856 2830 1895 ne
2865 1841 3096 1895 aliorum
3132 1839 3405 1895 humilita-

1831 1942 1937 1988 tem
1961 1934 2212 2003 superbia
2240 1942 2426 1987 nostra
2455 1932 2734 2002 depravet,
2759 1949 2828 1988 ne
2856 1932 3083 1986 aliorum
3117 1932 3405 1986 sanitatem

1827 2024 2115 2079 infirmitas
2141 2034 2326 2079 nostra
2346 2032 2678 2093 corrumpat,
2705 2039 2773 2078 ne
2799 2023 3026 2078 aliorum
3051 2022 3407 2093 pulchritudi-

1828 2130 1948 2170 nem
1980 2116 2197 2171 fmditas
2219 2122 2402 2168 nostra
2422 2115 2784 2177 contaminet,
2808 2128 2875 2168 ne
2898 2113 3126 2168 aliorum
3153 2113 3408 2168 ardentes

1826 2207 2233 2278 exstingttamus
2260 2205 2565 2274 lampades;
2597 2220 2687 2269 ne,
2715 2204 2860 2274 quod
2887 2205 3051 2268 absit,
3087 2203 3247 2258 simul
3281 2217 3406 2258 cum

1824 2300 1989 2357 fatuis
2015 2299 2315 2368 virginibus
2344 2315 2374 2352 a
2405 2314 2571 2368 regno
2596 2297 2692 2351 Dei
2726 2297 3096 2352 excludamur.
3138 2294 3246 2351 Sed
3273 2294 3409 2349 tales

1823 2409 1923 2448 nos
1963 2399 2185 2447 econtra
2225 2391 2602 2455 exhibeamus,
2646 2397 2708 2443 ut
2743 2397 2928 2444 nostra
2962 2388 3237 2443 humilitas
3275 2388 3411 2443 alio-

1825 2501 1946 2541 rum
1993 2482 2287 2539 confundat
2333 2483 2666 2552 superbiam,
2706 2490 2894 2536 nostra
2933 2482 3190 2551 patientia
3227 2481 3413 2550 proxi-

1824 2591 2036 2631 morum
2085 2574 2398 2642 exstinguat
2442 2572 2780 2626 iracundiam
2807 2611 2824 2637 ,
2873 2582 3060 2626 nostra
3102 2571 3410 2629 obedientia

1821 2667 2093 2738 pigritiam
2121 2665 2351 2720 aliorum
2376 2665 2540 2719 tacite
2568 2665 2828 2733 increpet,
2854 2673 3042 2719 noster
3069 2663 3252 2720 fervor
3277 2665 3411 2720 alio-

1823 2775 1941 2813 rum
1963 2767 2202 2827 teporem
2224 2756 2443 2811 excitet.
2487 2754 2646 2811 Tales
2671 2755 2893 2825 insuper
2911 2770 3009 2809 nos
3032 2756 3408 2822 exhibeamus,

1821 2858 1882 2904 ut
1907 2849 2116 2904 cunctis
2143 2847 2197 2901 in
2218 2846 2465 2916 exemplo
2488 2845 2707 2899 luminis
2733 2844 2923 2898 simus.
2965 2843 3121 2900 Unde
3148 2845 3412 2900 Dominus

1821 2940 2064 3016 praecipit
2092 2939 2277 2993 dicens
2306 2955 2319 2990 :
2351 2936 2442 2991 Sic
2479 2934 2649 2990 luceat
2687 2933 2781 2988 lux
2819 2944 2986 2989 vestra
3022 2952 3202 2988 coram
3237 2936 3410 2989 homi-

1822 3030 1994 3096 nibus,
2018 3038 2073 3083 ut
2102 3029 2311 3083 videant
2339 3043 2496 3099 opera
2529 3035 2697 3080 vestra
2727 3025 2884 3090 bona,
2907 3035 2954 3079 et
2976 3025 3270 3096 gloriﬁcent
3303 3023 3411 3078 Pa-

1822 3131 1952 3176 trem
1987 3129 2233 3184 vestrum,
2259 3118 2347 3189 qui
2381 3119 2438 3171 in
2475 3117 2614 3171 cwlis
2653 3125 2726 3170 est
2769 3115 2985 3188 (Matth.
3022 3131 3076 3181 v,
3124 3113 3234 3186 l6).
3274 3113 3411 3170 Hinc

138 3241 270 3284 tunc
306 3228 510 3282 etenim
544 3197 772 3280 tacendo
810 3218 1220 3291 pmdicabimus
1245 3230 1368 3270 cum
1399 3212 1518 3267 aliis
1546 3211 1720 3266 homi-
1746 3197 1790 3262 (ἶ
1821 3214 2020 3270 Paulus
2045 3212 2318 3282 apostolus
2340 3211 2416 3264 ait
2443 3228 2455 3264 :
2484 3209 2552 3264 In
2580 3209 2820 3262 omnibus
2843 3224 2964 3279 ergo
2994 3209 3216 3279 teipsum
3237 3207 3411 3276 prwbe

138 3321 303 3376 nibus
349 3319 576 3374 formam
621 3317 758 3371 bene
798 3312 1012 3368 vivendi
1059 3307 1436 3381 praebebimus,
1485 3313 1540 3361 ct
1583 3303 1720 3358 lucis

139 3410 390 3482 exempla
423 3406 864 3465 monstrabimus.

659 3553 663 3560 ο
723 3515 951 3574 CAPUT
985 3514 1126 3570 XXI.

143 3617 216 3672 Ut
247 3613 469 3670 solitarii
484 3612 610 3667 lucis
635 3608 870 3680 exempla
895 3607 1132 3680 omnibus
1169 3606 1323 3668 dent;
1355 3611 1403 3658 et
1437 3611 1492 3656 ut
1527 3601 1720 3656 lauda-

355 3683 520 3738 biliter
545 3685 743 3745 vivant,
771 3678 860 3735 sed
882 3678 1093 3732 laudari
1116 3693 1220 3730 non
1243 3683 1508 3745 appetant.

222 3778 340 3834 Vita
377 3791 505 3848 ergo
533 3783 587 3831 et
613 3771 955 3830 conversatio
988 3768 1353 3824 solitariorum
1388 3779 1635 3820 normam
1667 3770 1723 3820 et
1774 3779 1782 3788 '

136 3868 448 3939 exemplum
492 3869 559 3922 ab
603 3863 861 3935 Apostolo
911 3875 1125 3917 sumere
1178 3858 1356 3923 debet,
1410 3857 1502 3927 qui
1545 3857 1716 3912 dixit:

139 3959 399 4016 Omnibus
428 3959 605 4012 omnia
632 3956 804 4026 factus
835 3970 972 4019 sum,
1002 3961 1057 4006 ut
1082 3967 1258 4005 omnes
1283 3948 1643 4018 lucrifacerem
1666 3947 1719 4020 (Ι

136 4050 266 4106 Cur.
291 4064 368 4116 tx,
392 4049 505 4120 εἳ).
546 4047 606 4103 In
634 4055 841 4102 tantum
867 4045 1010 4100 enim
1038 4043 1180 4099 idem
1207 4040 1494 4112 Apostolus
1513 4055 1571 4095 se
1596 4039 1721 4094 imi-

138 4141 363 4199 tabilem
388 4141 598 4196 cunctis
624 4138 918 4210 praebebat,
959 4143 1019 4190 ut
1049 4150 1171 4191 cum
1206 4133 1399 4188 ﬁducia
1437 4133 1718 4196 clamaret,

137 4234 330 4288 dicens
359 4249 372 4284 :
402 4230 703 4286 Imitatores
731 4229 832 4282 mei
858 4236 1016 4282 estote
1036 4266 1051 4292 ,
1086 4226 1221 4280 sicut
1243 4233 1293 4279 et
1322 4240 1414 4294 ego
1448 4221 1642 4277 Christi
1667 4222 1720 4292 (1

137 4328 266 4382 Cor.
295 4344 375 4394 ιι,
406 4325 479 4398 1).
521 4325 565 4382 Ο
592 4340 753 4396 quam
781 4323 930 4387 felix,
963 4338 996 4378 ο
1024 4337 1188 4391 quam
1213 4334 1403 4374 secura
1432 4331 1721 4372 conversa-

136 4421 217 4475 tio
249 4416 420 4483 Pauli,
457 4416 548 4487 qui
574 4414 998 4486 praetermittens
1019 4411 1312 4482 prophetas
1341 4417 1397 4464 et
1425 4406 1715 4478 apostolos,

135 4519 474 4578 cmterosque
523 4514 768 4569 sanctos,
806 4504 960 4574 jubet
1006 4517 1064 4557 se
1114 4500 1316 4556 imitari
1357 4498 1717 4556 Christianos.

134 4600 480 4668 Quapropter
504 4604 559 4650 et
582 4594 840 4658 solitarii,
863 4593 988 4648 licet
1010 4590 1291 4646 inferiores
1315 4604 1479 4659 quam
1499 4587 1718 4652 Paulus,

134 4704 323 4747 tamen
352 4691 548 4745 debent
578 4704 636 4744 se
669 4685 957 4742 imitabiles
993 4685 1234 4756 praebere
1264 4681 1533 4736 omnibus.
1585 4680 1720 4736 Nam

129 4785 285 4837 sicut
309 4781 602 4852 pretiosum
636 4785 798 4848 atque
829 4774 1160 4846 praecipuum
1188 4779 1270 4827 est
1300 4772 1352 4826 in
1381 4771 1558 4825 medio
1588 4770 1723 4825 mul-

131 4886 319 4930 torum
344 4873 478 4927 bene
501 4885 684 4942 agere,
702 4877 758 4923 et
778 4867 1036 4938 plurimos
1055 4863 1122 4918 ad
1145 4861 1445 4932 profectum
1466 4870 1521 4916 et
1540 4875 1722 4916 exem-

127 4971 287 5042 plum
326 4967 453 5022 boni
489 4965 669 5038 aperis
711 4962 970 5026 incitare;
1005 4959 1078 5013 ita
1111 4957 1468 5026 periculosum
1501 4969 1564 5008 ac
1597 4968 1721 5024 per-

126 5062 408 5117 niciosum
453 5066 536 5114 est
584 5054 944 5128 negligentius
982 5050 1189 5122 agendo
1234 5048 1524 5103 multorum
1561 5047 1720 5100 ﬁdem

124 5159 394 5226 frangere
430 5154 831 5220 multorumque
868 5147 1078 5202 animas
1117 5146 1432 5214 depravare.
1480 5143 1592 5198 Hoc
1627 5157 1722 5196 au-

126 5261 245 5306 tem
271 5247 394 5302 ideo
414 5243 538 5301 dico
557 5244 702 5314 quia,
731 5242 873 5312 quod
895 5237 1046 5310 pejus
1067 5244 1172 5301 est,
1202 5235 1414 5290 facilius
1440 5234 1721 5288 inveniun-

125 5355 224 5400 tur
249 5342 345 5413 qui
373 5355 438 5396 ea
465 5356 584 5411 qum
614 5346 738 5393 sunt
771 5334 1040 5391 deteriora
1068 5345 1231 5401 quam
1259 5328 1351 5399 qui
1387 5327 1611 5381 meliora
1639 5341 1724 5380 se-

119 5443 374 5491 ctentur.
415 5431 777 5500 Quamobrem
807 5426 948 5481 sicut
979 5422 1066 5478 ille
1092 5421 1250 5476 valde
1270 5418 1617 5474 admirandus
1647 5424 1728 5470 at-

116 5541 241 5599 que
269 5525 571 5580 laudandus
601 5532 685 5578 est
713 5518 866 5589 cujus
892 5530 1085 5572 cursus
1111 5514 1284 5569 bonus
1311 5509 1602 5565 multorum
1641 5514 1728 5561 est

115 5598 446 5691 profectus,
495 5618 571 5671 ita
619 5614 707 5670 ille
753 5612 945 5666 merito
990 5605 1251 5676 lugendus
1297 5611 1381 5657 est
1418 5599 1570 5668 cujus
1614 5598 1724 5652 vita

114 5710 436 5767 multorum
471 5709 628 5764 ruina
651 5715 754 5762 est.
793 5703 1044 5772 Plerique
1083 5699 1248 5774 igitur
1289 5693 1517 5750 solitarii
1560 5707 1725 5762 prave

115 5806 390 5864 viventes
430 5803 605 5862 forma
649 5798 858 5857 caeteris
906 5795 964 5851 in
1009 5790 1211 5848 malum
1244 5787 1506 5852 existunt,
1540 5783 1634 5856 qui
1667 5784 1724 5840 in

1821 3305 2114 3376 exemplum
2151 3305 2403 3358 bonorum
2447 3318 2677 3372 operum,
2727 3303 2784 3355 in
2825 3300 2994 3364 verbo,
3042 3301 3100 3352 in
3136 3315 3412 3352 conversa-

1820 3397 1984 3462 tione,
2012 3396 2067 3449 in
2096 3395 2370 3460 charitate,
2402 3393 2459 3446 in
2490 3392 2616 3460 ﬁde,
2651 3392 2706 3446 in
2747 3393 3007 3454 castitate,
3047 3397 3154 3443 etc.
3187 3387 3314 3459 (Tit.
3346 3403 3408 3455 rt,

1823 3489 1884 3553 7;
1915 3487 1945 3540 Ι
1975 3486 2108 3540 Tim.
2141 3484 2239 3555 tv).
2268 3484 2406 3538 Hinc
2430 3485 2597 3537 etiam
2619 3480 2913 3550 Gregorius
2939 3481 3127 3534 doctor
3156 3479 3408 3548 egregius

1821 3579 1878 3634 in
1919 3578 2255 3648 expositione
2300 3574 2598 3630 Ezechielis
2647 3570 3096 3640 dicit:Quisquis
3140 3569 3304 3634 igitur
3353 3570 3411 3625 in

1778 3656 1786 3664 ’
1820 3670 2032 3727 occulto
2062 3670 2199 3723 bene
2221 3667 2389 3730 vivit,
2419 3665 2514 3720 sed
2539 3664 2717 3718 alieno
2737 3661 3018 3731 provectui
3039 3660 3261 3713 minime
3282 3673 3411 3729 pro-

1823 3761 1956 3826 ﬁcit,
1988 3759 2151 3816 carbo
2187 3769 2290 3814 est.
2334 3762 2440 3819 Uni
2473 3770 2604 3809 vero
2644 3755 2700 3808 in
2750 3752 3056 3808 imitatione
3101 3749 3412 3808 sanctitatis

1821 3851 2029 3922 positus
2053 3849 2236 3905 lumen
2265 3864 2334 3903 ex
2362 3847 2420 3903 se
2451 3845 2795 3902 rectitudinis
2833 3842 3019 3899 multis
3042 3842 3401 3910 demonstrat,

1821 3944 2030 4013 lampas
2078 3952 2180 4008 est,
2224 3941 2351 4012 quia
2389 3949 2446 3996 et
2479 3939 2580 3994 sibi
2617 3938 2772 3993 ardet
2804 3944 2861 3991 et
2903 3935 3023 3990 aliis
3070 3935 3233 3990 lucet.
3274 3934 3410 3990 Item

1821 4040 1936 4110 ipse
1965 4057 1978 4092 :
2012 4037 2116 4105 Qui
2139 4035 2305 4102 enim,
2337 4034 2528 4104 inquit,
2558 4033 2725 4088 vitam
2748 4046 2902 4088 suam
2931 4031 2998 4085 ab
3021 4029 3142 4084 aliis
3165 4028 3294 4083 sciri
3323 4043 3411 4083 re-

1822 4132 2055 4204 fugiunt,
2088 4128 2435 4199 sibimetipsis
2458 4127 2672 4183 accensi
2703 4132 2858 4190 sunt,
2884 4123 2978 4179 sed
3005 4123 3124 4178 aliis
3149 4123 3204 4177 in
3225 4139 3410 4179 exem-

1822 4225 1970 4295 plum
1998 4223 2219 4278 luminis
2250 4238 2358 4277 non
2387 4228 2532 4276 sunt.
2580 4218 2646 4272 Hi
2680 4226 2863 4273 autem
2891 4217 2983 4286 qui
3017 4215 3265 4284 exempla
3298 4215 3409 4270 vir-

1825 4324 2003 4370 tutum
2040 4321 2378 4384 pracrogant,
2409 4321 2464 4365 et
2493 4311 2676 4364 lumen
2713 4323 2811 4378 per
2845 4308 3010 4361 vitam
3040 4306 3169 4360 boni
3201 4305 3405 4374 operis,

1824 4414 1878 4461 et
1904 4403 2128 4459 verbum
2151 4401 2553 4472 praedicationis
2582 4399 2703 4452 aliis
2723 4399 3118 4459 demonstrant,
3134 4392 3257 4460 jure
3276 4393 3410 4447 lam-

1825 4499 1994 4568 pades
2027 4494 2384 4565 appellantur.
2441 4491 2580 4546 Hinc
2607 4489 2804 4544 etenim
2833 4489 3024 4543 beatus
3048 4486 3409 4557 Hieronymus

1826 4593 1938 4646 ait:
1961 4589 2228 4644 Innocens
2251 4594 2307 4639 et
2334 4585 2535 4653 absque
2571 4595 2822 4636 sermone
2863 4577 3205 4635 conversatio
3243 4591 3411 4648 quan-

1826 4692 1942 4736 tum
1990 4677 2238 4748 exemplo
2269 4675 2510 4745 prodest,
2552 4680 2764 4727 tantum
2795 4669 3012 4725 silentio
3049 4676 3226 4724 nocet.
3273 4665 3410 4723 Hinc

1824 4773 1970 4828 cnim
2011 4769 2144 4826 satis
2179 4767 2459 4822 evidenter
2501 4763 2804 4819 ostenditur
2845 4761 2988 4832 quod
3026 4771 3083 4816 et
3119 4773 3409 4814 conversa-

1827 4865 1970 4918 tione
1999 4871 2055 4916 et
2082 4861 2252 4915 verbo
2280 4856 2530 4914 omnibus
2555 4869 2676 4911 esse
2705 4855 2960 4909 debemus
2989 4854 3043 4907 in
3079 4851 3404 4921 exemplum.

1898 4952 2005 5008 Sed
2039 4949 2193 5005 valde
2231 4947 2530 5004 cavendum
2564 4953 2647 5000 est
2683 4945 2939 5000 solitariis
2967 4950 3030 4998 ut
3063 4939 3407 4996 laudabiliter

1823 5045 2028 5105 vivant,
2061 5043 2158 5098 sed
2178 5041 2384 5095 laudari
2413 5054 2519 5093 non
2549 5047 2822 5109 appetant,
2861 5052 2929 5090 ne
2965 5050 3063 5105 pro
3101 5036 3216 5104 ipsa
3248 5032 3408 5088 laudo

1825 5139 1880 5192 in
1904 5135 2188 5190 elationem
2220 5140 2312 5185 aut
2346 5146 2539 5184 vanam
2569 5130 2792 5201 gloriam
2822 5127 3082 5190 incidant,
3109 5140 3176 5179 ne
3204 5124 3256 5178 in
3288 5124 3408 5195 ipso

1827 5227 2041 5298 quidem
2065 5220 2323 5294 pestifero
2351 5221 2482 5274 vitio
2506 5234 2656 5272 vana:
2681 5218 2863 5288 gloriae
2889 5223 3045 5269 ruant
3071 5232 3082 5266 :
3107 5221 3320 5284 oportet
3345 5220 3408 5272 ut

1827 5333 2041 5388 semper
2076 5315 2204 5370 illud
2235 5311 2477 5382 Apostoli
2515 5309 2819 5380 exemplum
2851 5309 2905 5360 in
2940 5305 3100 5360 corde
3144 5312 3400 5360 teneant:

1831 5410 1931 5476 Qui
1961 5409 2238 5478 gloriatur,
2275 5406 2329 5458 in
2359 5403 2581 5456 Domino
2605 5401 2855 5471 glorietur
2880 5397 2929 5468 (ι
2963 5393 3085 5449 Cor.
3119 5414 3156 5462 t,
3186 5396 3298 5468 5i).
3337 5395 3406 5451 Et

1828 5503 2064 5555 iterum:
2093 5497 2149 5554 Si
2187 5496 2404 5568 gloriari
2441 5502 2661 5565 oportet,
2700 5507 2802 5546 non
2831 5489 3033 5560 expedit
3069 5488 3276 5560 quidem
3313 5485 3398 5557 (II

1827 5591 1949 5648 Cor.
1973 5608 2050 5657 χι,
2075 5590 2187 5662 50).
2221 5589 2428 5643 Idcirco
2451 5586 2593 5641 enim
2626 5587 2730 5640 hoc
2755 5583 2876 5639 dico
2904 5583 3031 5652 quia
3057 5583 3188 5636 satis
3217 5594 3402 5637 rarum

1825 5694 1988 5745 estut
2013 5683 2354 5740 laudabiliter
2377 5680 2650 5734 viventem
2677 5677 2795 5732 laus
2820 5677 3051 5731 humana
3076 5689 3184 5729 non
3205 5671 3406 5745 capiat,

1823 5789 1880 5838 et
1907 5793 2046 5835 vana
2072 5775 2248 5849 gloria
2273 5788 2382 5831 non
2409 5769 2691 5840 subripiat.
2722 5769 2815 5826 llle
2838 5769 2999 5841 igitur
3025 5765 3200 5823 modis
3223 5762 3405 5823 omni-
