3972 6328
642 306 745 369 603

1637 310 1697 366 s.
1737 308 2104 366 BENEDICTI
2140 307 2435 367 Αηλτιε
2467 307 2880 369 amamus
3675 342 3744 400 οη

640 432 743 484 bus
767 443 826 482 se
854 427 1005 483 dedit
1031 428 1107 482 ad
1135 426 1441 497 ademptum
1465 425 1733 497 pertrahi,
1759 424 1852 494 qui
1871 424 2081 480 eunetis
2106 402 2225 477 ean-
2246 424 2303 491 Α
2326 421 2527 526 trahit,
2537 437 2882 526 nequaquam
2900 424 3181 494 proﬁciant
3197 433 3286 500 qui
3305 448 3469 502 eorum
3491 444 3749 526 verbis“

642 520 730 575 nis
768 519 1109 590 passionibus
1156 519 1411 584 moriens,
1451 518 1565 588 jam
1607 516 1963 589 Spiritualiter
2000 515 2138 572 vivit
2162 522 2219 571 et

641 628 837 669 vanam
874 613 1101 684 gloriam
1132 611 1451 669 contemnit.

1214 769 1440 827 CAPUT
1476 768 1638 825 XXII.

640 905 720 963 De
757 906 840 963 his
868 907 959 979 qui
1003 908 1058 962 in
1095 907 1342 979 regimine
1384 905 1627 977 prodesse
1662 909 1899 979 possunt,
1934 911 1983 958 et
2010 913 2220 975 propter

945 979 1171 1049 quietam
1194 978 1353 1030 vitam
1380 976 1600 1046 prwesse
1627 976 1908 1046 refugiunt.

713 1087 850 1148 sum
891 1092 1134 1147 nonnulli
1159 1091 1251 1162 qui
1279 1091 1489 1162 magnis
1519 1090 1834 1145 muneribus
1861 1098 2137 1161 sapientiae
2160 1096 2218 1146 et

640 1184 881 1239 scientim
915 1182 1090 1249 ditati,
1138 1182 1267 1238 dum
1311 1182 1476 1239 solius
1527 1183 1995 1263 contemplationis
2037 1185 2216 1241 studio

639 1277 1003 1340 inardescunt,
1032 1290 1227 1346 parere
1247 1275 1467 1331 utilitati
1492 1275 1860 1346 proximorum
1881 1275 1937 1330 in
1964 1277 2218 1347 przedica-

637 1368 784 1424 tione
813 1367 1104 1440 refugiunt,
1133 1375 1402 1423 secretum
1429 1368 1631 1437 quietis
1661 1367 1906 1438 diligunt,
1942 1380 2216 1424 secessum

634 1461 1015 1533 speculationis
1055 1468 1333 1532 appetunt.
1376 1460 1477 1529 Qui
1518 1460 1774 1515 nimirum
1808 1460 1853 1516 si
1889 1463 2069 1517 vocati
2104 1461 2220 1517 cul-

631 1572 757 1612 men
788 1556 1110 1628 regiminum
1139 1557 1415 1628 suscipere
1437 1562 1691 1621 renuunt,
1713 1555 1829 1626 ipsa
1854 1554 1957 1611 sibi
1982 1555 2218 1627 plerum-

631 1644 734 1718 que
780 1650 918 1703 dona
968 1646 1237 1713 adimunt,
1275 1662 1394 1717 quae
1437 1660 1545 1701 non
1582 1658 1681 1718 pro
1722 1662 1781 1703 se
1822 1650 2214 1715 tantummodo,

630 1741 727 1796 sed
757 1740 920 1795 etiam
950 1756 1049 1810 pro
1090 1739 1211 1795 aliis
1242 1748 1589 1808 acceperunt.
1629 1738 1873 1808 Cumque
1902 1754 1997 1794 sua
2025 1748 2081 1795 et
2106 1754 2215 1795 non

2318 514 2581 585 exemplis
2603 516 2799 571 instrui
2822 524 3092 586 poterant.

2670 624 2676 629 ’
2877 624 3103 683 CAPUT
3129 630 3304 687 XXIII.

2324 728 2397 785 De
2435 732 2540 787 vita
2579 740 2640 824 et
2669 735 2913 824 meritus
2936 737 3309 824 solitariorttm,
3348 752 3398 824 et
3429 754 3615 823 qualiter
3646 762 3693 819 εἰς
3719 765 3753 824 ει

2616 804 2860 861 solitaria
2899 809 3008 863 ulla
3052 804 3551 879 conuenetsdum’itit.

2386 890 2588 949 Beatus
2623 896 2789 966 igitur
2825 899 3022 956 Paulus
3052 907 3317 972 apostolus
3346 908 3409 966 de
3442 924 3597 973 nostra
3622 923 3696 977 riu
3715 940 3752 981 tt

2314 987 2750 1053 conversatione,
2770 997 2835 1043 ut
2862 991 2937 1045 ita
2967 994 3163 1061 dicam,
3192 1000 3456 1070 sollicitus,
3478 1021 3601 1064 more
3615 1020 3754 1082 psum

2317 1090 2418 1131 nos
2439 1078 2692 1133 admonet
2718 1080 2941 1139 dicens:
2973 1084 3152 1142 Videte
3179 1095 3475 1151 vocationem
3492 1078 3751 1169 vestramne.

2317 1164 2373 1239 (Ι
2407 1168 2529 1223 Cor.
2555 1186 2594 1237 r,
2622 1172 2735 1245 26).
2775 1173 3113 1247 Quapropter
3141 1190 3197 1235 et
3220 1196 3319 1239 nos
3342 1186 3587 1246 videamus
3606 1164 3755 1252 voratis

2314 1276 2442 1318 nem
2483 1272 2760 1332 nostram,
2810 1269 2936 1337 quia
2981 1279 3075 1325 aut
3118 1274 3317 1345 aliquid
3358 1286 3445 1333 aut
3477 1281 3588 1337 nihil
3623 1288 3756 1355 prodest

2316 1355 2461 1422 quod
2491 1355 2791 1412 solitariam
2827 1360 2994 1415 vitam
3025 1366 3345 1434 expetimus,
3368 1369 3412 1423 si
3432 1371 3552 1427 tales
3575 1375 3618 1428 in
3647 1392 3688 1431 ea
3710 1394 3757 1432 sr-

2316 1460 2440 1500 mus
2480 1448 2671 1516 quales
2708 1450 2763 1503 in
2811 1453 3011 1507 saeculo
3046 1470 3168 1511 esse
3200 1461 3479 1527 potuimus.
3514 1463 3664 1523 Venire
3689 1473 3755 1538 qui-

2317 1534 2440 1589 dem
2482 1537 2550 1591 ad
2587 1538 2885 1597 solitariam
2925 1545 3091 1601 vitam
3128 1560 3341 1605 summa
3372 1553 3599 1621 perfectio
3622 1534 3757 1622 estsi

2318 1641 2425 1682 non
2459 1630 2698 1699 perfecte
2733 1633 2789 1687 in
2825 1635 3119 1695 solitudine
3148 1641 3347 1707 vivere,
3380 1658 3563 1702 summa
3586 1648 3757 1703 damnatio

2318 1726 2417 1773 est.
2460 1719 2599 1788 Quid
2626 1724 2773 1778 enim
2805 1726 3025 1795 prodest
3054 1729 3101 1785 si
3132 1731 3283 1788 locus
3307 1735 3507 1805 quietus
3525 1747 3678 1793 tantum
3693 1755 3757 1793 cor-

634 1831 861 1887 aliorum
902 1790 1049 1888 lurcra
1095 1834 1356 1903 cogitant,
1399 1847 1465 1887 cx
1510 1833 1675 1888 tantis
1707 1830 1893 1903 procul
1934 1828 2098 1888 dubio
2138 1834 2208 1887 rei

2322 1813 2579 1882 poraliter
2604 1790 2871 1884 teneatur,
2895 1829 2951 1875 et
2978 1822 3297 1893 inquietudo
3325 1790 3382 1882 in
3410 1831 3554 1886 corde
3579 1831 3758 1885 versetur?

629 1928 779 1986 sunt,
814 1923 1032 1991 quantis
1059 1923 1337 1979 venientes
1359 1922 1426 1978 ad
1445 1922 1719 1993 publicum
1739 1924 1999 1995 prodesse
2019 1932 2215 1996 potue—

627 2018 772 2066 runt.
815 2011 932 2080 Qua
971 2013 1116 2068 enim
1156 2022 1334 2069 mente
1372 2014 1419 2069 is
1465 2015 1557 2084 qui
1600 2015 1861 2085 proximis
1898 2015 2217 2086 profuturus

625 2102 970 2171 enitesceret,
1012 2114 1283 2161 secretum
1321 2108 1586 2177 prrcponit
1630 2123 1806 2175 suum,
1846 2109 2062 2179 quando
2101 2111 2216 2181 ipse

623 2195 820 2250 summi
860 2193 1043 2253 Patris
1093 2197 1436 2269 Unigenitus,
1473 2206 1535 2253 ut
1572 2200 1757 2255 multis
1803 2203 2106 2271 prodesset,
2136 2203 2217 2272 de

623 2288 744 2344 sinu
771 2289 944 2344 Patris
966 2305 1217 2362 egressus
1236 2296 1319 2346 est
1339 2291 1405 2346 ad
1427 2292 1699 2360 publicum
1729 2302 1972 2349 nostrum
1994 2295 2017 2349 ?
2054 2296 2216 2352 Deni-

621 2388 728 2449 que
757 2380 874 2450 ipsa
897 2378 1111 2436 Veritas
1139 2380 1420 2451 discipulis
1459 2381 1514 2436 in
1552 2382 1842 2452 Evangelia
1878 2384 2008 2440 dicit
2037 2402 2050 2440 :
2088 2385 2212 2442 Non

620 2477 786 2541 potest
821 2471 1005 2524 civitas
1046 2469 1295 2525 abscondi
1327 2486 1487 2542 supra
1518 2482 1745 2527 montem
1780 2475 1951 2543 posita
1991 2474 2208 2547 (Matth.

619 2572 677 2624 ν,
704 2557 814 2630 id).
864 2558 930 2613 Et
960 2560 1157 2614 iterum
1187 2575 1201 2613 :
1237 2559 1407 2614 Nemo
1434 2562 1668 2617 accendit
1695 2564 1963 2620 lucernam
1989 2577 2037 2621 et
2066 2570 2214 2638 ponit

619 2664 735 2703 eam
760 2649 854 2703 sub
879 2649 1077 2715 modio,
1102 2648 1191 2704 sed
1222 2666 1378 2721 super
1402 2650 1798 2721 candelabrum,
1824 2666 1882 2710 ut
1910 2657 2083 2713 luceat
2106 2676 2214 2714 am-

620 2741 773 2796 nibus
794 2742 885 2814 qui
910 2742 966 2795 in
987 2742 1142 2796 domo
1170 2751 1293 2797 sunt
1322 2740 1474 2815 (Luc.
1503 2761 1580 2813 χι,
1608 2744 1721 2819 55).
1760 2743 1897 2804 Hinc
1917 2743 2078 2806 Petro
2098 2752 2210 2807 ait:

621 2832 805 2888 Simon
843 2833 1092 2899 Joannis,
1123 2850 1272 2889 amas
1304 2851 1386 2889 me
1427 2835 1607 2908 (Joan.
1644 2854 1764 2905 χχι,
1794 2840 1927 2911 15)?
1954 2841 2057 2909 Qui
2085 2858 2210 2900 cum

619 2934 678 2979 se
725 2937 911 2978 amare
948 2922 1195 2994 protinus
1236 2924 1622 2994 respondisset,
1662 2930 1906 2986 audivit:
1932 2930 1989 2987 Si
2029 2933 2210 3006 diligis

617 3030 719 3082 nte,
749 3030 904 3086 pasce
931 3026 1045 3069 aries
1072 3030 1216 3069 meas
1246 3011 1432 3086 (Ibid.,
1466 3030 1516 3083 v,
1551 3017 1662 3092 16).
1719 3018 1775 3074 Si
1806 3036 1935 3090 ergo
1962 3024 2208 3078 testimo-

616 3106 766 3160 nium
794 3104 1098 3163 dilectionis
1126 3114 1211 3162 est
1237 3123 1367 3163 cura
1400 3110 1685 3179 pastionis,
1720 3114 1967 3185 quisquis
1988 3114 2206 3172 virtuti-

2318 1904 2479 1972 Quid,
2532 1907 2773 1978 inquam,
2810 1913 3033 1982 prodest
3070 1917 3119 1971 si
3160 1917 3218 1973 in
3259 1919 3566 1979 habitatione
3592 1922 3758 1977 silentiis

2318 1996 2411 2061 sit,
2439 2004 2495 2051 et
2518 1998 2574 2052 in
2597 1998 2997 2060 habitatoribus
3016 2008 3276 2064 vitiorum
3298 2013 3366 2067 sit
3386 2013 3624 2080 tumultus,
3641 2023 3759 2069 etsun-

2317 2084 2539 2142 luctatio
2564 2090 2900 2158 passionum,
2931 2095 2978 2149 si
3007 2099 3284 2154 exteriora
3309 2108 3480 2155 nostra
3505 2102 3698 2157 serenitas
3717 2109 3759 2156 tc-

2316 2184 2467 2243 neat,
2510 2185 2567 2232 et
2608 2180 2865 2237 interiora
2905 2189 3253 2256 tempestas?
3290 2190 3404 2247 Non
3439 2192 3547 2248 ideo
3577 2194 3627 2248 ad
3653 2193 3758 2247 soliu-

2319 2264 2456 2321 riam
2484 2268 2652 2323 vita’m
2676 2272 2945 2339 venimus,
2985 2283 3049 2349 ut
3089 2281 3257 2335 rebus
3283 2282 3518 2338 omnibus
3551 2283 3761 2337 auindanle

2313 2358 2466 2413 omni
2494 2361 2674 2429 quiete
2703 2361 3027 2423 frueremur.
3068 2368 3197 2426 Non
3226 2373 3411 2443 utique
3433 2376 3493 2429 ad
3522 2377 3759 2445 requieth

2314 2444 2393 2505 ια’
2430 2455 2797 2524 securitatem,
2842 2461 2939 2515 sed
2985 2463 3056 2518 ad
3109 2478 3349 2538 pugnam
3390 2470 3487 2524 huc
3520 2444 3760 2533 vestimenti

2314 2554 2539 2612 agonem
2565 2548 2964 2617 processimus,
2993 2552 3063 2609 ad
3095 2560 3402 2615 exercenda
3431 2574 3540 2616 cum
3560 2562 3668 2616 vitiis
3686 2559 3762 2614 belli

2313 2639 2745 2707 properavimus.
2790 2642 2932 2698 Vitia
2957 2646 3112 2702 enim
3139 2659 3327 2706 nostra
3351 2653 3518 2708 hostes
3538 2653 3666 2708 nostri
3681 2657 3760 2706 ant

2311 2723 2613 2783 Careamus
2642 2739 2824 2786 autem
2844 2747 2914 2789 ne
2943 2749 3193 2807 unquam
3219 2754 3342 2797 cum
3366 2744 3443 2799 eis
3475 2741 3761 2799 habeamuslc-

2312 2815 2434 2872 dus.
2475 2818 2793 2878 Necessaria
2826 2827 2972 2883 enim
3012 2829 3182 2888 nobis
3213 2843 3299 2890 est
3326 2835 3533 2907 pervigil
3557 2850 3654 2892 cura
3677 2832 3761 2887 inde

2310 2907 2562 2981 fessaque
2598 2916 2869 2984 custodia,
2912 2919 3042 2990 quia
3093 2923 3272 2981 hostis
3304 2927 3406 2984 iste
3438 2929 3541 2984 sine
3573 2940 3673 2999 pace
3693 2931 3761 2979 est:

2309 3006 2454 3061 vinci
2489 3016 2689 3078 potest,
2735 3019 2792 3066 et
2828 3013 2997 3083 recipi
3046 3015 3111 3071 in
3159 3020 3401 3076 amicitia
3442 3036 3536 3077 non
3576 3014 3763 3090 pulsati!

2311 3096 2436 3153 ideo
2473 3101 2719 3169 prmlium
2758 3103 2904 3161 istud
2941 3106 3091 3176 quod
3131 3114 3452 3184 suscipimus
3483 3113 3593 3169 satis
3615 3110 3763 3169 artium.

616 3194 717 3253 bus
757 3194 964 3267 pollens
1002 3212 1219 3271 gregem
1265 3199 1361 3257 Dei
1400 3165 1585 3257 renuit
1622 3165 1882 3274 βαδίσετεῖ
1930 3216 2206 3278 pastorem
2234 3165 2281 3230 Ο
2310 3194 2445 3249 “Iis
2475 3195 2690 3262 durum:
2724 3201 2859 3256 satis
2888 3203 3260 3271 Periculosum
3296 3219 3397 3276 θεῖν
3423 3209 3654 3280 «ιιιίειῖιιιη
3668 3202 3765 3258 Mi

617 3295 890 3343 Summum
914 3289 1259 3345 convincitur
1286 3304 1394 3347 non
1429 3306 1631 3350 amare.
1674 3293 1731 3352 Si
1757 3308 1944 3352 curam
1971 3300 2206 3368 proximi

616 3379 757 3434 sicut
782 3379 958 3436 nostri
986 3381 1244 3452 gerimus,
1270 3387 1425 3455 quasi
1452 3393 1741 3458 utrumque
1761 3390 1954 3459 pedem
1976 3406 2076 3461 per
2096 3394 2207 3449 cal—

614 3480 893 3528 ceamenta
931 3475 1225 3531 munimus.
1268 3475 1370 3544 Qui
1399 3482 1528 3533 vero
1556 3495 1707 3534 suam
1747 3482 1990 3554 cogitans
2012 3526 2026 3550 ,
2061 3486 2207 3557 utili-ﬂ

617 3564 785 3616 tatem
820 3560 1194 3632 proximorum
1236 3566 1482 3638 negligit,
1523 3570 1676 3639 quasi
1714 3572 1874 3627 unius
1914 3574 2065 3643 pedis
2098 3576 2208 3631 cal-

615 3660 957 3710 ceamenttim
992 3672 1116 3712 cum
1151 3656 1413 3715 dedecore
1446 3662 1668 3717 amittit.
1709 3662 1849 3719 Sunt
1877 3667 2041 3721 etiam
2070 3682 2206 3723 non-

614 3744 745 3801 nulli
772 3746 863 3817 qui
894 3762 960 3801 ex
988 3746 1101 3804 sola
1130 3748 1436 3806 humilitate
1472 3753 1593 3808 aliis
1623 3770 1859 3824 pneesse
1906 3758 2201 3830 refugiunt,

616 3851 686 3891 ne
715 3836 803 3892 his
838 3850 975 3908 quos
1010 3841 1319 3910 superiores
1354 3842 1456 3897 sibi
1498 3846 1772 3901 :estimant
1800 3849 2203 3917 prmferantur:

616 3942 845 3997 quorum
875 3930 1117 3998 profecto
1145 3933 1442 4001 humilitas,
1476 3937 1520 3992 si
1550 3942 1760 3995 castoris
1786 3956 2001 4015 quoque
2032 3944 2202 4000 virtu-

617 4019 763 4074 tibus
788 4018 1045 4090 cingitur,
1074 4031 1203 4078 tunc
1230 4032 1355 4079 ante
1375 4028 1559 4083 oculos
1586 4030 1679 4084 Dei
1711 4047 1837 4087 vera
1860 4044 1962 4100 est,
1986 4051 2110 4091 cum
2136 4034 2205 4092 ad

620 4110 980 4179 reSpuendum
1016 4112 1122 4167 hoc
1149 4117 1294 4184 quod
1316 4117 1525 4174 utiliter
1548 4122 1732 4177 subire
1753 4126 2065 4196 przccipitur
2082 4142 2206 4199 per-

617 4200 766 4255 tinax
799 4216 904 4256 non
933 4210 1035 4258 est.
1082 4203 1269 4276 Neque
1292 4209 1437 4264 enim
1464 4226 1591 4267 vere
1618 4222 1701 4268 est
1725 4215 1966 4281 humilis,
1995 4217 2086 4288 qui
2116 4234 2206 4274 su-

2309 3299 2436 3340 nem
2472 3288 2682 3355 geritur
2712 3297 2769 3344 et
2806 3292 2911 3349 nisi
2953 3308 3078 3351 cum
3122 3299 3246 3369 ipso
3292 3301 3501 3357 homine
3531 3315 3613 3356 non
3644 3294 3767 3351 ﬁnitur.

2309 3375 2434 3432 Ideo
2460 3394 2590 3449 ergo
2611 3383 2680 3437 ad
2711 3383 2853 3440 hanc
2878 3390 3260 3459 tranquillam,
3285 3402 3533 3450 secretam
3554 3399 3592 3446 et
3609 3387 3769 3458 spirit”

2306 3469 2414 3524 lem
2435 3471 2600 3526 vitam
2631 3476 2899 3545 venimus,
2916 3487 2985 3534 ut
3010 3484 3268 3550 quotidie
3288 3497 3472 3544 contra
3494 3485 3696 3559 passiones
3714 3492 3771 3532 ω’

2307 3569 2453 3618 stms
2488 3561 2812 3635 infatigabili
2852 3575 3252 3642 congressione
3289 3578 3611 3639 decedemus,
3639 3578 3681 3627 ut
3703 3583 3768 3624 wr-

2307 3652 2392 3706 dis
2425 3654 2697 3724 nequitias
2729 3659 3197 3722 circumcidamus
3225 3669 3313 3724 vel
3337 3662 3769 3741 iinguaigladiumrr

2306 3747 2617 3803 tundamus.
2644 3749 2859 3805 Turrim
2885 3768 3130 3826 namque
3148 3762 3425 3819 excelsam
3446 3751 3769 3818 exstnierevolu-

2306 3845 2445 3904 mus,
2483 3855 2852 3912 praeparemus
2882 3848 3039 3904 nobis
3067 3862 3334 3925 sumptus
3360 3856 3425 3913 ad
3458 3853 3770 3912 structuram,“

2306 3939 2546 4001 emptum
2574 3935 2861 3992 aedilicium
2893 3940 2962 3994 ad
2997 3944 3404 4013 perfectionem
3434 3949 3718 4007 deducamus;
3738 3952 3772 3994 ni

2305 4025 2522 4093 quando
2548 4031 2998 4096 praetereuntibus
3022 4038 3321 4103 veniamus
3346 4042 3399 4099 in
3424 4043 3644 4104 derisum,
3660 4045 3772 4106 clm

2304 4114 2545 4169 tutentur
2572 4117 2639 4171 de
2675 4120 2833 4175 nobis
2860 4122 3066 4181 inimici
3102 4133 3303 4199 nostri,
3341 4140 3397 4189 et
3421 4132 3585 4188 dicant
3608 4127 3775 4183 :lstice

2304 4212 2501 4274 Ρθνιιηῑ
2539 4207 2841 4277 aediﬁcare,
2899 4222 2951 4267 et
3002 4230 3115 4272 non
3163 4228 3458 4290 potuerunt
3498 4223 3774 4277 censimum.

616 4295 768 4365 perni
811 4305 999 4351 nutum
1034 4297 1241 4353 arbitrii
1281 4310 1342 4355 ut
1371 4300 1565 4358 debeat
1594 4320 1826 4375 praeesse
1861 4308 2113 4383 intelligit
2149 4319 2206 4367 et

2302 4293 2530 4351 Avertat
2575 4307 2757 4354 autem
2801 4301 3065 4363 Dominus
3102 4311 3213 4367 hoc
3249 4312 3615 4386 lmproperium
3642 4326 3665 4364 a
3694 4303 3778 4360 nobis

617 4391 796 4442 tamen
824 4390 1142 4444 contemnit.
1182 4389 1316 4447 Com
1348 4393 1495 4450 enim
1535 4396 1636 4452 sibi
1675 4400 1957 4471 regiminis
1990 4400 2203 4458 culmen

2304 4384 2457 4456 (Duc.
2491 4400 2603 4456 xrv,
2631 4389 2742 4463 30).
2785 4391 2913 4451 Hac
2954 4411 3100 4455 enim
3155 4384 3343 4463 turris,
3377 4384 3483 4463 non
3522 4416 3582 4460 ex
3614 4396 3778 4472 laillilibis

617 4482 933 4551 imperatur,
966 4483 1011 4537 si
1037 4482 1150 4553 jam
1181 4484 1339 4540 donis
1371 4498 1677 4556 praeventus
1706 4501 1809 4557 est,
1849 4494 2043 4562 quibus
2082 4494 2204 4551 aliis
2228 4527 2283 4590 Β
2307 4480 2661 4586 θοηδῖηξίίυνν
2829 4500 2899 4590 εξ
2934 4489 3238 4590 Virtutibus
3280 4499 3504 4562 animm;
3546 4510 3630 4590 90c

615 4586 848 4640 praeesse
875 4580 929 4626 et
954 4574 1211 4643 prodesse
1233 4578 1425 4645 possit,
1452 4586 1507 4634 et
1527 4592 1592 4635 ex
1616 4583 1777 4638 corde
1803 4583 1965 4639 debet
1994 4585 2198 4657 fugere,

615 4671 672 4715 et
718 4659 918 4717 invitus
965 4665 1204 4720 obedire.
1266 4665 1381 4725 Huc
1428 4685 1598 4741 usque
1643 4674 1835 4730 beatus
1887 4675 2197 4746 Gregorius.

617 4756 752 4812 Nam
784 4759 850 4814 de
884 4756 1074 4815 eadem
1109 4778 1166 4818 re
1194 4765 1270 4818 ait
1296 4774 1515 4821 sanctus
1550 4767 1789 4824 Isidorus
1818 4785 1831 4823 :
1858 4771 1970 4837 Vir,
2006 4770 2200 4843 inquit,

614 4849 1015 4907 cecleslasticus
1061 4860 1118 4908 et
1165 4855 1409 4925 cruciligi
1454 4857 1657 4912 mundo
1699 4874 1797 4929 per
1832 4861 2203 4919 mortiﬁcatio-

596 4948 737 5005 nem
769 4946 1002 5016 propria:
1038 4946 1219 5001 carnis
1246 4947 1428 5014 debet,
1456 4958 1511 5003 et
1538 4949 1995 5020 dispensationem
2030 4958 2206 5014 eccle-

616 5038 825 5094 siastici
860 5038 1086 5107 ordinis,
1116 5040 1162 5095 si
1194 5054 1261 5095 ex
1299 5039 1391 5095 Dei
1433 5043 1710 5101 voluntate
1742 5050 2073 5118 provenerit,
2108 5066 2205 5105 no-

614 5127 734 5186 lens
775 5131 992 5201 quidem
1018 5173 1032 5197 ,
1082 5131 1173 5186 sed
1216 5133 1436 5189 humilis
1480 5134 1882 5207 gubernandum
1922 5143 2199 5214 suscipiat.

615 5220 795 5275 Multis
816 5220 1094 5293 intercipit
1121 5220 1351 5280 Satanas
1382 5223 1660 5283 fraudibus
1691 5246 1786 5287 eos
1811 5232 1903 5302 qui
1929 5235 2054 5287 vitm
2088 5249 2204 5288 svn-

616 5328 708 5368 sus
730 5321 785 5367 et
804 5314 1037 5370 utilitate
1071 5321 1390 5387 praestantes
1428 5335 1663 5389 praeesse
1698 5328 1753 5377 et
1786 5324 2044 5391 prodesse
2082 5323 2202 5381 aliis

614 5402 833 5467 nolunt;
875 5415 929 5459 et
974 5406 1097 5460 dum
1141 5408 1221 5462 eis
1257 5409 1497 5479 regimen
1540 5412 1843 5466 animarum
1883 5411 2198 5483 imponitur,

616 5503 872 5561 renuunt,
918 5496 1217 5554 consultius
1262 5502 1591 5555 arbitrantes
1633 5501 1862 5558 otiosam
1897 5506 2063 5560 vitam
2108 5507 2199 5562 de-

619 5595 744 5654 gere
783 5600 944 5655 quam
985 5587 1150 5642 lucris
1183 5591 1484 5645 animarum
1521 5592 1792 5649 insistere.
1827 5595 1979 5661 Quod
2018 5603 2199 5651 tamen

618 5675 829 5747 decepti
857 5686 1021 5748 agunt
1056 5695 1153 5750 per
1182 5692 1560 5755 argumentum
1594 5684 1791 5741 diaboli
1834 5684 2067 5743 fallentis
2104 5702 2197 5745 eos

615 5782 714 5839 per
738 5771 975 5842 speciem
1003 5772 1152 5841 boni,
1182 5785 1242 5832 ut
1264 5777 1389 5832 dum
1414 5774 1535 5835 illos
1565 5794 1595 5833 a
1623 5772 1883 5853 pastorali
1907 5781 2081 5838 o‘liicio
2111 5797 2197 5838 re;

2310 4572 2520 4643 argenti
2552 4577 2856 4645 sumptibus
2884 4579 3112 4653 indiget,
3148 4587 3248 4643 sed
3277 4586 3656 4660 conversatione
3677 4576 3782 4636 Wl-

2311 4676 2438 4719 nam
2468 4673 2698 4723 terrena:
2727 4682 2860 4739 opes
2892 4672 3197 4741 plurimum
3226 4682 3298 4737 ad
3327 4680 3667 4739 aediﬁcandum
3693 4675 3787 4739 imi)“

2310 4755 2484 4810 diunt.
2523 4757 2747 4817 Diﬂicile
2772 4778 3010 4837 namque
3046 4778 3133 4825 est
3170 4770 3387 4831 duobus
3417 4772 3627 4831 dominis
3650 4766 3787 4825 servit?»

2310 4861 2412 4902 nec
2436 4860 2611 4918 potest
2645 4854 2932 4925 quisquam
2964 4862 3218 4921 serviens
3252 4883 3568 4924 mammona:
3591 4855 3788 4935 spirituiii

2313 4953 2463 4994 arma
2498 4949 2750 5011 portare,
2791 4948 2885 5003 sed
2917 4949 3109 5023 jugum
3150 4972 3326 5014 suave
3360 4960 3556 5017 Christi
3588 4951 3740 5029 repellil
3762 4951 3790 4998 ει

2308 5034 2524 5106 projiCit
2550 5054 2581 5093 a
2605 5054 2694 5107 se;
2726 5050 2779 5097 et
2799 5045 3057 5117 quidquid
3082 5062 3260 5119 grave
3283 5064 3341 5111 et
3361 5068 3631 5112 onerosum
3651 5054 3711 5106 es!
3728 5040 3792 5097 δηί-

2309 5149 2412 5188 mre
2441 5149 2569 5201 sum,
2601 5153 2768 5195 suave
2791 5139 2841 5195 ei
2865 5142 3080 5198 videtur
3105 5162 3176 5201 ac
3208 5147 3350 5204 leve.
3392 5140 3665 5202 Istiusmodi
3686 5133 3791 5228 εοίίιῗ

2306 5226 2422 5282 rius
2452 5242 2480 5281 a
2505 5231 2737 5300 propriis
2757 5234 2924 5288 armis
2949 5234 3307 5307 vulneratur,
3334 5249 3390 5296 et
3414 5252 3532 5296 cum
3560 5231 3698 5303 diligi!

2304 5319 2503 5380 culum.
2529 5322 2721 5377 incidit
2741 5323 2792 5378 in
2824 5334 3072 5382 mortem.
3118 5326 3235 5386 Nos
3265 5341 3449 5388 autem
3470 5330 3512 5386 si
3533 5325 3795 5400 capitulmnr

2301 5411 2459 5470 litare
2489 5414 2621 5483 Deo,
2650 5414 2725 5470 illi
2751 5418 2851 5473 soli
2881 5422 3211 5492 serviamus,
3246 5435 3304 5483 et
3337 5437 3574 5484 terrenas
3593 5414 3797 5491 opeslws"

2301 5518 2582 5576 ponamus.
2636 5506 2991 5567 Peculiariter
3024 5521 3215 5570 autem
3260 5519 3333 5574 ad
3375 5516 3717 5591 professionem
3746 5513 3796 5554 πθ

2300 5604 2469 5651 six-am
2499 5599 2754 5667 pertinet,
2786 5601 2922 5657 nihil
2953 5603 3180 5660 honoris
3220 5606 3280 5662 in
3318 5610 3423 5665 hac
3458 5606 3560 5663 vita
3856 5592 3857 5605 χ

2301 5687 2395 5742 sed
2445 5689 2677 5744 honores
2719 5688 2930 5763 fugere,
2980 5704 3035 5751 et
3075 5695 3147 5751 ad
3194 5709 3419 5755 :eternm
3451 5684 3799 5754 remuneratio”5
3856 5684 3857 5739 ἰ

2297 5780 2569 5853 promissa
2597 5781 2840 5840 animum
2871 5798 3207 5860 praeparare,
3240 5789 3572 5864 subiectione
3600 5792 3728 5855 alii“
3748 5768 3800 5826 ’b'
