3972 6328
175 383 269 445 605

835 383 1062 441 CODEX
1100 376 1554 443 REGULARUH.
1589 412 1659 427 -—
1693 382 1875 443 PARS
1906 382 1971 444 ιι.
2012 384 2317 446 κεσυιλι
2356 388 2460 445 PP.
2501 390 2773 449 ORIENT.

167 500 382 574 iectione
412 497 676 568 gaudere,
706 482 1065 551 voluntariam
1116 506 1486 568 paupertatem
1527 497 1729 567 ample—
1754 498 1811 560 Α
1830 508 1886 554 et
1911 501 2212 572 'solitarius,
2248 502 2476 560 devictis
2507 512 2563 560 et
2597 507 2866 575 superatis
2893 510 3080 565 mundi
3108 511 3269 581 huius
3297 516 3407 573 cri-

171 593 265 658 cti,
290 598 342 646 et
365 606 472 645 non
498 589 670 645 solum
694 588 997 655 facultates,
1041 591 1137 645 sed
1160 590 1327 645 etiam
1352 586 1498 660 ipsas
1523 589 1729 658 cupidi-

171 690 298 740 tates
319 681 386 737 de
410 676 661 737 cordibus
689 682 893 737 nostris
924 680 1230 746 eradicare;
1277 680 1403 750 quia
1441 679 1577 735 nihil
1610 692 1731 749 pro-

168 780 277 836 dest
303 790 408 833 non
438 772 641 831 habere
665 771 913 839 divitias,
950 773 1038 828 cui
1073 772 1321 827 voluntas
1361 770 1599 842 suppetit
1634 771 1731 824 ha-

164 870 310 926 bendi
332 880 443 923 eas.
494 865 611 921 Non
640 863 784 922 enim
811 870 1020 919 tanturn
1040 863 1242 919 habere
1263 864 1537 928 debemus,
1565 875 1732 932 quan-

163 969 269 1016 tum
305 952 573 1028 cupiditas
606 956 958 1025 concupiscit,
999 954 1094 1009 sed
1132 961 1392 1023 quantum
1433 954 1728 1009 necessitas

158 1050 338 1125 poscit.
380 1045 622 1103 Habendi
655 1042 797 1102 enim
828 1056 997 1111 amor,
1030 1045 1133 1099 nisi
1173 1045 1241 1100 ad
1278 1045 1546 1115 integrum
1576 1056 1725 1100 rese-

157 1153 319 1210 cetur,
360 1142 638 1198 ardentior
675 1148 759 1195 est
795 1142 851 1194 in
884 1140 1067 1209 parvis
1099 1146 1152 1194 et
1197 1138 1317 1208 plus
1359 1144 1641 1207 torquetur
1671 1139 1727 1192 in

155 1233 401 1292 minimis.
443 1235 540 1289 Est
567 1240 748 1287 autem
770 1240 824 1287 et
848 1231 951 1286 alia
972 1242 1130 1285 causa
1158 1230 1314 1286 valde
1338 1231 1472 1285 dura
1493 1238 1546 1284 et
1566 1230 1727 1286 nimis

154 1324 393 1392 dolenda,
441 1326 545 1382 hoc
587 1332 670 1381 est
703 1324 847 1380 omni
893 1322 1188 1377 intentione
1236 1321 1471 1377 studium
1526 1322 1727 1378 laboris

153 1419 484 1488 impendere,
515 1423 569 1471 et
597 1416 829 1471 fructum
870 1426 977 1469 non
1020 1415 1261 1483 recipere
1305 1421 1428 1484 pom
1460 1412 1721 1469 laborem.

151 1510 282 1578 Quid
308 1511 450 1563 enim
478 1505 693 1577 prodest
715 1505 967 1578 ieiunare
990 1513 1045 1561 et
1069 1506 1293 1576 vigilare
1311 1535 1327 1571 ,-
1345 1513 1399 1559 et
1420 1516 1598 1560 mores
1617 1520 1725 1559 non

149 1599 454 1670 corrigere?
492 1598 585 1653 Sic
620 1606 703 1653 est
731 1598 1002 1668 quomodo
1029 1598 1074 1651 si
1104 1596 1300 1666 aliquis
1321 1604 1476 1651 extra
1512 1597 1724 1651 vineam

149 1700 238 1745 aut
289 1691 430 1745 circa
480 1688 692 1745 vineam
742 1690 1005 1758 exstirpet
1047 1696 1103 1743 et
1138 1688 1369 1753 excolat,
1411 1694 1467 1743 et
1509 1684 1725 1744 vineam

144 1784 311 1853 ipsam
338 1782 603 1837 desertam
633 1794 698 1835 ac
726 1778 982 1835 incultam
1012 1780 1315 1849 relinquat,
1346 1781 1422 1833 ita
1455 1787 1515 1833 ut
1542 1780 1725 1848 spinas

1828 592 2084 658 minibus,
2115 596 2270 664 quasi
2302 596 2619 666 periculosis
2641 596 2909 665 ﬂuctibus,
2939 614 3065 657 cum
3093 602 3161 657 ad
3183 613 3406 674 portum

1827 686 2126 742 solitudinis
2148 689 2376 753 venerit,
2408 704 2455 744 ει
2482 690 2758 760 repentina
2782 698 2839 747 et
2858 692 3065 749 minuta
3088 704 3311 763 peccata
3336 698 3408 756 de

1827 776 2023 831 animae
2066 792 2177 832 suae
2213 780 2427 833 sentina
2464 781 2755 837 exhaurire
2799 783 3137 853 neglexerit,
3185 788 3243 843 in
3286 789 3406 859 ipso

1827 869 2024 939 quietis
2046 879 2206 939 portu
2235 871 2503 944 naufragii
2528 873 2818 929 discrimen
2844 875 3097 933 incurrit.

1898 961 2006 1017 Sed
2030 962 2161 1017 dicit
2187 963 2382 1033 aliquis
2407 983 2421 1019 :
2444 965 2725 1033 Quomodo
2750 977 2931 1040 potest
2956 969 3137 1025 anima
3170 972 3409 1027 essenti-

1825 1055 1986 1110 nsri?
2040 1056 2233 1126 Utique
2275 1059 2504 1124 orando,
2547 1060 2839 1131 vigilando,
2878 1062 3190 1131 ieiunando,
3244 1065 3411 1122 absti-

1826 1146 2024 1211 nendo,
2064 1148 2179 1216 ipsa
2217 1157 2439 1217 peccata
2479 1151 2806 1218 conﬁtendo,
2842 1169 3027 1209 veram
3062 1155 3409 1224 charitatetn,

1825 1250 2012 1293 veram
2061 1238 2418 1295 humilitatem
2443 1279 2458 1305 ,
2502 1257 2686 1296 veram
2724 1243 3043 1313 patientiam
3083 1245 3405 1302 exhibendo.

1825 1327 2142 1398 Quanquam
2169 1329 2315 1383 enim
2341 1330 2614 1387 solitarius
2638 1332 2707 1387 sit
2722 1330 2904 1401 justus
2932 1340 2986 1387 et
3009 1345 3246 1396 sanctus.
3272 1351 3411 1391 nun—

1824 1429 1985 1483 quam
2011 1429 2234 1470 necesse
2256 1424 2339 1470 est
2362 1423 2424 1470 ut
2442 1417 2496 1471 in
2520 1418 2622 1472 hac
2650 1418 2760 1474 vita
2791 1419 2861 1473 sit
2893 1434 3149 1485 securus,
3175 1421 3325 1492 quia,
3352 1430 3413 1476 ut

1825 1508 1901 1561 ait
1952 1506 2236 1577 Scriptura
2280 1527 2293 1561 :
2340 1507 2521 1563 Nescit
2568 1509 2718 1562 homo
2758 1521 2935 1564 utrum
2971 1528 3148 1566 amore
3183 1528 3253 1565 an
3290 1511 3410 1565 odio

1825 1598 2014 1668 dignus
2050 1598 2134 1661 sit,
2178 1598 2267 1653 sed
2308 1600 2485 1653 omnia
2520 1600 2574 1653 in
2615 1599 2793 1678 futuro
2833 1611 3159 1656 reservantur
3190 1602 3408 1656 incerta.

1826 1688 1978 1745 Multi
1997 1691 2139 1746 enim
2173 1692 2349 1748 adhuc
2368 1692 2545 1762 laquei
2567 1692 2705 1747 tensi
2730 1684 2858 1747 sunt
2882 1701 3008 1748 ante
3028 1695 3193 1763 pedes
3217 1694 3413 1749 anima:

1828 1789 2049 1837 ηοειηε.
2107 1782 2260 1838 Sicut
2304 1784 2450 1839 enim
2495 1785 2617 1853 quis
2666 1785 2941 1840 transiens
2980 1800 3142 1855 super
3190 1785 3409 1852 ﬁumen,

144 1883 197 1928 et
226 1873 449 1928 tribulos
474 1872 754 1944 germinet.
780 1874 885 1924 Aut
903 1872 1033 1940 quid
1058 1864 1279 1939 prodest
1298 1870 1512 1925 aﬁlictio
1534 1883 1724 1940 corpo-
1749 1859 1799 1919 Β
1823 1887 1920 1943 per
1960 1874 2240 1944 angustias
2276 1874 2569 1930 arctissimi
2606 1876 2786 1945 pontis
2805 1917 2821 1943 ,
2881 1876 3097 1932 etiamsi
3152 1875 3415 1946 majorem

142 1968 287 2034 ralis,
319 1969 366 2023 si
398 1966 592 2038 linguae
622 1963 878 2035 nequitiis
910 1971 964 2019 et
996 1963 1482 2019 obtrectationibus
1518 1961 1723 2033 pollua-

141 2078 281 2126 mur,
317 2076 438 2117 cum
469 2059 741 2131 apostolus
780 2057 959 2112 dicat:
987 2055 1046 2110 Si
1081 2056 1197 2127 quis
1232 2064 1382 2126 putat
1423 2070 1481 2109 ss
1520 2055 1729 2125 religio-

138 2174 254 2212 sum
280 2170 413 2221 esse,
441 2164 547 2208 non
589 2150 860 2222 refrenans
884 2148 1119 2220 linguam
1147 2164 1321 2216 suam,
1350 2149 1441 2203 sed
1477 2146 1728 2203 reducens

136 2265 230 2303 cor
255 2262 432 2313 suum,
459 2243 619 2315 hujus
658 2258 794 2296 vana
823 2244 898 2296 est
924 2240 1107 2312 religio
1138 2238 1279 2312 (Jac.
1307 2254 1346 2306 ι,
1375 2238 1488 2311 26).
1539 2237 1729 2294 Nonne

133 2346 297 2394 omne
318 2353 452 2409 opus
472 2343 714 2392 uestrum
737 2333 883 2389 velut
911 2331 1089 2387 fumus
1110 2336 1273 2402 atque
1305 2332 1495 2386 umbra
1524 2344 1722 2385 evane-

134 2431 259 2496 scit,
288 2441 343 2485 et
369 2429 513 2484 velut
534 2426 713 2482 favilla
737 2435 906 2496 stupa:
926 2424 980 2480 in
1003 2424 1230 2479 nihilum
1254 2423 1560 2494 redigitur?
1585 2422 1726 2490 Qua-

134 2527 357 2593 propter
388 2517 586 2573 frustra
623 2514 779 2572 nobis
815 2515 881 2571 de
915 2515 1159 2584 corporis
1193 2526 1355 2569 cruce
1394 2519 1449 2567 et
1487 2510 1726 2583 pectoris

136 2610 423 2667 aiﬁictione
465 2606 806 2673 blandimur,
837 2604 887 2662 si
906 2606 1148 2661 exterior
1186 2602 1351 2660 homo
1384 2611 1590 2671 noster,
1622 2602 1726 2659 hoc

135 2713 217 2763 est
245 2717 440 2775 corpus
479 2706 742 2767 nostrum,
779 2698 983 2754 sanctis
1020 2697 1297 2753 laboribus
1331 2704 1639 2762 exercetur,
1672 2704 1729 2751 et

135 2799 360 2858 interior
384 2816 415 2854 a
446 2796 808 2870 passionibus,
831 2795 934 2850 hoc
957 2799 1062 2858 est,
1090 2808 1121 2848 a
1142 2791 1477 2847 detractione
1495 2831 1508 2853 ,
1536 2790 1606 2845 ab
1622 2791 1721 2853 ira,

134 2894 202 2949 ah
240 2892 639 2964 indignatibne,
671 2888 739 2944 ab
773 2884 1048 2959 hypocrisi
1094 2894 1148 2940 et
1176 2885 1387 2940 caeteris
1414 2882 1725 2953 huiusmodi

132 2983 280 3039 vitiis
316 2996 422 3037 non
452 2989 692 3036 ‘curatur.
745 2974 1063 3046 Huiusmodi
1090 2976 1289 3045 quippe
1327 2972 1605 3030 solitarius
1639 2982 1724 3028 ta-

133 3078 201 3133 lis
226 3074 440 3133 videtur
469 3072 599 3129 mihi
629 3084 770 3138 esse,
800 3067 1068 3141 quomodo
1091 3068 1190 3124 sia
1213 3068 1345 3123 foris
1369 3072 1605 3123 statuam
1635 3082 1727 3122 an«

132 3185 283 3225 ream
312 3166 473 3224 faciat
496 3165 690 3236 aliquis
712 3176 832 3236 quae
861 3163 1004 3218 intro
1028 3161 1176 3217 lutea
1200 3162 1304 3222 sit:
1334 3160 1421 3216 vel
1452 3162 1723 3230 quomodo

132 3264 175 3319 si
203 3262 396 3319 domus
427 3258 710 3332 magniﬁca
737 3265 851 3313 arte
881 3262 1177 3321 exstructa,
1206 3271 1235 3308 a
1263 3253 1397 3309 foris
1424 3254 1725 3324 pulcherri-

132 3357 239 3411 mis
266 3354 476 3426 depicta
506 3354 751 3408 videatur
780 3348 1071 3415 coloribus,
1108 3350 1175 3403 ab
1208 3349 1354 3404 intus
1384 3349 1725 3418 serpentibus

133 3459 188 3505 et
211 3446 582 3518 scorpionibus
604 3443 762 3517 plena
784 3444 873 3499 sit.
910 3440 985 3498 De
1008 3438 1205 3497 talibus
1228 3442 1371 3497 enim
1395 3440 1645 3496 Christus
1667 3440 1722 3493 in

131 3538 436 3612 Evangelio
476 3536 604 3594 dicit
636 3555 650 3593 :
687 3534 779 3592 Va:
822 3534 995 3599 vobis,
1034 3532 1347 3605 hypocritm,
1391 3532 1481 3603 qui
1526 3531 1724 3586 similes

134 3634 267 3689 estis
307 3629 553 3702 sepulcris
589 3626 866 3695 dealbatis,
903 3642 1020 3699 quia
1055 3642 1088 3681 a
1132 3626 1263 3695 foris
1300 3624 1599 3678 hominibus
1630 3639 1726 3693 pa-

133 3738 256 3784 rent
284 3728 546 3797 speciosa;
567 3725 706 3779 intus
732 3738 850 3777 vero
870 3716 1009 3793 pleni
1030 3720 1150 3774 estis
1172 3716 1435 3788 hypocrisi
1455 3720 1502 3768 et
1524 3714 1721 3785 iniqui-

128 3831 243 3876 tate
285 3814 501 3892 (Matth.
538 3833 695 3882 χχιιι,
729 3812 842 3886 27).
892 3811 1009 3882 ipse
1038 3824 1251 3880 quoque
1289 3804 1544 3861 Dominus
1578 3805 1724 3859 velut

126 3916 259 3985 pius
287 3912 525 3969 medicus
545 3906 647 3966 bac
670 3909 735 3964 de
763 3923 923 3963 causa
947 3905 1103 3961 nobis
1130 3903 1358 3958 inﬁrmis
1378 3900 1541 3972 paulo
1563 3914 1723 3970 supc-

128 4007 252 4062 rius
279 4005 371 4060 dat
406 4002 708 4068 consilium,
746 4001 965 4058 dicens:
994 3994 1197 4052 Munda
1232 3996 1378 4062 prius
1408 3994 1548 4066 quod
1580 3994 1721 4049 intus

128 4110 208 4153 est
241 4094 418 4150 colicis
445 4104 492 4159 et
522 4092 837 4166 paropsidis,
863 4101 917 4145 ut
940 4090 1032 4160 ﬁat
1060 4097 1107 4143 et
1143 4088 1197 4142 id
1228 4087 1366 4159 quod
1395 4086 1591 4156 deforis
1622 4094 1715 4150 est,

128 4189 391 4247 mundum
418 4182 607 4262 (Ibid.,
645 4205 692 4241 υ.
737 4183 848 4255 26).
894 4182 1009 4237 Hoc
1050 4188 1153 4246 est,
1192 4180 1389 4234 munda
1434 4179 1582 4248 prius
1619 4192 1722 4233 'cor

128 4291 289 4337 tuum
317 4282 385 4335 ab
416 4279 562 4335 omni
583 4275 853 4349 hypocrisi
873 4280 929 4330 et
948 4271 1257 4343 iniquitate,
1293 4280 1348 4324 et
1373 4270 1439 4323 ab
1468 4268 1614 4324 omni
1640 4267 1721 4321 ira

125 4382 187 4429 et
222 4371 583 4436 detractione,
614 4378 668 4424 et
697 4377 822 4423 tunc
860 4367 965 4421 erit
1005 4379 1140 4435 opus
1180 4371 1327 4417 tuum
1369 4359 1606 4415 lucidam
1644 4367 1724 4414 to-

126 4474 278 4530 tum,
316 4474 369 4522 et
407 4480 515 4524 non
553 4463 757 4519 habens
795 4459 1030 4529 aliquam
1066 4462 1277 4527 partem
1312 4451 1681 4508 tenebrarum.

705 4573 930 4631 CAPUT
957 4572 1147 4627 XXIV.

491 4646 625 4701 Item
650 4644 714 4699 de
741 4645 920 4699 eadem
955 4661 1013 4697 re-
1043 4658 1158 4715 qua!
1191 4656 1371 4711 supra.

202 4739 352 4797 Certi
387 4739 529 4796 enim
562 4736 733 4793 simus
756 4778 771 4803 ,
812 4737 1106 4791 secundum
1144 4733 1356 4789 Domini
1390 4733 1564 4790 nostri
1606 4747 1726 4789 sen-

119 4829 365 4886 tentiam
397 4827 644 4900 superius
665 4826 886 4894 dictam,
910 4824 1055 4897 quod
1094 4826 1198 4881 nisi
1238 4832 1451 4882 nostras
1485 4824 1723 4896 quotidie

111 4936 424 4980 caveamus
440 4931 494 4977 et
516 4919 964 4976 circumcidamus
990 4919 1286 4988 passiones,
1314 4919 1611 4974 deteriores
1623 4934 1723 4973 nos

114 5016 365 5075 multum
386 5014 522 5073 eﬁici
542 5030 704 5087 quam
728 5011 926 5067 fuimus
947 5012 1073 5066 dum
1101 5011 1152 5065 in
1178 5011 1373 5067 saaculo
1392 5013 1715 5077 viveremus,

111 5113 200 5168 ita
243 5118 309 5165 ut
343 5108 473 5163 ﬁant
517 5114 759 5163 extrema
800 5110 983 5158 nostra
1021 5101 1206 5172 peiora
1240 5103 1529 5172 prioribus.
1570 5101 1715 5170 Qua-

107 5210 353 5275 propter
379 5213 483 5253 non
512 5196 686 5254 solum
713 5194 866 5250 nobis
891 5211 918 5248 a
948 5190 1265 5262 capitalibus
1288 5192 1604 5247 criminibus
1624 5208 1717 5247 ca-

104 5306 379 5356 venmus,
407 5280 498 5345 sed
528 5289 691 5344 etiam
724 5286 866 5356 ipsas
889 5298 1086 5355 parvas
1109 5283 1460 5355 negligentias
1481 5284 1719 5353 quotidie

100 5381 285 5455 quasi
326 5397 589 5436 venenum
635 5378 831 5434 diaboli
870 5386 1205 5446 respiramus.
1253 5373 1406 5429 Sicut
1445 5375 1590 5429 enim
1622 5390 1721 5444 per

98 5473 527 5532 minutissimas
554 5469 778 5527 rimulas
813 5468 866 5524 in
895 5466 1162 5522 sentinam
1201 5466 1355 5521 navis
1387 5473 1552 5537 guttas
1585 5482 1715 5521 con-

95 5570 381 5628 currunt,
425 5560 502 5617 sic
540 5566 595 5616 et
631 5559 833 5615 minuta
868 5565 1090 5628 peccata
1131 5555 1370 5625 quotidie
1409 5554 1461 5609 in
1509 5554 1717 5609 animas

89 5663 349 5713 nostras
380 5650 672 5707 conﬁuunt.
721 5650 785 5704 Et
814 5649 951 5704 sicut
974 5646 1129 5702 navis
1157 5655 1507 5717 posteaquam
1532 5645 1597 5700 de
1618 5644 1717 5700 fiu-

88 5747 309 5805 ctibns
335 5744 506 5818 pelagi
536 5743 726 5808 evasit,
756 5742 799 5797 si
832 5742 884 5797 in
911 5748 1067 5813 portu
1097 5739 1437 5795 exsentinata
1464 5753 1573 5794 non
1599 5738 1717 5795 fue-

87 5842 210 5909 rit,
246 5838 321 5895 de
348 5835 725 5893 minutissimis
756 5833 919 5908 guttis
952 5832 1205 5904 impletur
1231 5839 1286 5887 et
1308 5829 1607 5903 mergitur;
1638 5829 1714 5887 ita

1825 1972 2038 2035 partem
2077 1963 2339 2022 inoﬁ'enso
2371 1964 2506 2036 pede
2528 1964 2641 2033 iam
2668 1966 2894 2037 periculi
2924 1967 3164 2023 evasisse
3203 1982 3262 2021 se
3297 1981 3415 2022 cre-

1827 2058 1941 2122 dat,
1969 2072 2096 2113 eum
2124 2059 2180 2113 in
2205 2058 2395 2113 ultimo
2414 2058 2595 2127 pontis
2623 2059 2798 2128 spatio
2824 2061 3056 2125 venerit,
3082 2068 3138 2116 et
3161 2060 3205 2116 si
3230 2058 3418 2130 paulu-

1828 2148 1941 2203 lum
1968 2148 2304 2211 titubaverit,
2335 2164 2521 2204 casum
2556 2162 2717 2218 quem
2743 2151 2799 2204 in
2823 2150 3003 2205 medio
3035 2152 3215 2221 pontis
3254 2152 3413 2206 time-

1827 2240 1941 2305 bat,
1986 2240 2267 2296 incurrere
2300 2241 2519 2309 poterit.
2562 2241 2653 2296 Sic
2690 2258 2792 2296 nos
2820 2242 3036 2297 etiamsi
3061 2257 3258 2313 magna
3288 2257 3418 2313 pars

1827 2332 1955 2387 vita
1996 2332 2155 2387 istius
2188 2344 2449 2401 prospere
2483 2333 2731 2388 videatur
2765 2334 2877 2403 iam
2916 2332 3081 2390 fuisse
3122 2341 3416 2402 transacta,

1826 2440 1935 2480 non
1960 2424 2082 2478 ideo
2114 2424 2366 2479 ﬁduciam
2395 2441 2810 2494 praesumamus,
2833 2442 2959 2480 cum
2980 2427 3158 2481 adhuc
3189 2426 3417 2496 periculi

1824 2526 1954 2586 pars
1981 2523 2226 2570 extrema
2252 2516 2507 2570 minetur.
2556 2515 2726 2570 Nemo
2755 2530 2885 2586 ergo
2925 2531 3174 2572 securum
3206 2533 3264 2573 se
3292 2533 3417 2574 esse

1819 2605 2058 2675 iudicet,
2113 2614 2406 2676 antequam
2451 2607 2520 2662 ad
2568 2605 2730 2661 finem
2772 2605 2915 2662 felici
2942 2609 3416 2671 consummatione

1824 2697 2123 2768 pervadat.
2181 2696 2321 2765 Quid
2358 2712 2488 2768 ergo
2532 2699 2755 2767 prodest
2796 2699 2843 2754 si
2889 2699 3025 2754 mihi
3063 2699 3221 2754 vinea
3263 2716 3415 2771 spem

1824 2804 2039 2845 onmem
2078 2791 2133 2843 in
2170 2789 2302 2845 ﬁore
2330 2791 2604 2856 ostendat,
2647 2798 2703 2847 et
2744 2790 2829 2845 vel
2873 2790 3112 2852 ferarum
3153 2792 3413 2860 incursio,

1825 2882 1913 2936 vel
1939 2883 2167 2939 vastitas
2201 2883 2500 2952 grandinis,
2542 2897 2696 2952 spem
2731 2897 2950 2939 omnem
2984 2881 3041 2937 in
3075 2898 3416 2939 consumma-

1827 2974 1977 3030 tione
2012 2973 2320 3031 subducat?
2361 2973 2594 3043 ideoque
2629 2975 2809 3029 omnis
2846 2974 3197 3044 prosperitas,
3237 2975 3417 3031 omnis

1825 3066 1978 3123 labor
2012 3066 2285 3122 felicitatis
2311 3066 2367 3121 in
2394 3065 2503 3120 ﬁne
2524 3066 2791 3121 consistit.
2841 3065 2921 3121 Ne
2956 3081 3086 3135 ergo
3118 3065 3285 3123 nimia
3330 3081 3416 3123 se-

1825 3160 2058 3215 curitate
2098 3160 2391 3223 solvamur,
2434 3158 2729 3214 adducatur
2761 3158 2854 3213 illa
2892 3158 3109 3215 Domini
3146 3159 3412 3215 sententia

1827 3256 1884 3311 in
1929 3255 2189 3320 medium,
2236 3253 2303 3308 de
2346 3266 2454 3324 qua
2493 3253 2693 3310 dicitur
2716 3271 2730 3308 :
2757 3250 2971 3308 Utinam
3010 3251 3216 3309 calidus
3253 3270 3411 3320 esses,

1823 3359 1915 3404 aut
1942 3348 2212 3420 frigidus!
2239 3364 2377 3403 nunc
2398 3356 2574 3403 autem
2605 3348 2730 3417 quia
2757 3346 2964 3418 tepidus
2987 3363 3065 3413 es,
3095 3346 3341 3417 incipiant
3363 3357 3415 3404 ts

1822 3457 2052 3496 evomere
2080 3456 2146 3494 ea:
2177 3454 2266 3493 ore
2303 3453 2419 3492 meo
2453 3436 2636 3507 (Apoc.
2682 3454 2766 3503 ιιι,
2802 3436 2914 3509 i5).
2942 3436 3043 3503 ‘Ac
3083 3436 3131 3493 si
3159 3436 3411 3493 dicatur:

1823 3532 2014 3587 Melius
2059 3530 2156 3585 tibi
2198 3528 2375 3584 fuerat
2416 3528 2474 3584 in
2514 3528 2714 3585 saeculo
2760 3529 3089 3585 remansisse
3126 3527 3412 3597 frigidum,

1822 3638 1985 3693 quam
2033 3623 2087 3687 in
2127 3620 2370 3676 solitaria
2416 3619 2529 3675 vita
2568 3630 2689 3675 esse
2729 3619 2988 3689 tepidum.
3037 3618 3194 3675 Nune
3231 3628 3412 3677 autem

1821 3716 1946 3787 quia
1986 3716 2053 3770 de
2086 3713 2285 3769 saeculo
2332 3713 2627 3778 recessisti,
2673 3720 2729 3767 et
2771 3712 3039 3768 fervorem
3077 3712 3414 3783 spiritualem

1820 3822 1932 3880 prae
1956 3807 2279 3879 negligentia
2318 3806 2723 3877 apprehendere
2752 3805 2997 3870 noluisti,
3040 3806 3252 3875 tepidus
3280 3805 3412 3862 eﬁ‘e—

1821 3913 1942 3960 ctus
1976 3916 2060 3969 es,
2086 3903 2177 3959 vix
2204 3902 2399 3958 iterum
2430 3916 2496 3957 ex
2522 3915 2619 3957 ore
2643 3900 2857 3956 Domini
2888 3901 3262 3971 respiciendus
3286 3916 3414 3956 evo-

1819 3996 2007 4051 meris.
2046 3992 2114 4050 Et
2137 3995 2259 4051 ideo
2280 4008 2504 4050 necesse
2528 4002 2613 4049 est
2640 3992 2796 4049 nobis
2817 3992 3103 4066 diligenter
3130 3993 3413 4049 attendere

1820 4088 1966 4143 illam
2003 4088 2197 4143 divinae
2232 4086 2528 4157 Scriptura:
2571 4086 2897 4142 sententiam
2938 4086 3169 4141 dicentis
3199 4103 3212 4141 :
3254 4084 3412 4139 Omni

1820 4178 2060 4233 custodia
2096 4192 2244 4232 serua
2276 4193 2366 4230 cor
2402 4186 2549 4231 tuum
2583 4175 2767 4248 (Prov.
2794 4191 2870 4241 tv,
2899 4175 3012 4246 23).
3051 4175 3280 4246 Oportet
3310 4176 3412 4229 ita-

1820 4282 1928 4340 que
1966 4277 2027 4325 ut
2062 4270 2292 4325 invicem
2320 4282 2483 4338 opera
2517 4277 2703 4323 nostra
2729 4268 2971 4337 quotidie
3011 4267 3415 4323 consideremtts

1819 4368 1875 4418 et
1909 4362 2298 4430 perspicaciter
2322 4362 2667 4417 attendamus
2692 4378 2707 4414 :
2730 4362 2856 4429 quis
2889 4368 3134 4414 nostrum
3162 4359 3218 4413 in
3250 4374 3416 4428 apere

1820 4452 1917 4507 Dei
1945 4452 2019 4506 sit
2043 4452 2361 4521 promptior,
2391 4452 2517 4522 quis
2539 4452 2595 4506 in
2624 4451 2874 4506 oratione
2892 4449 3210 4513 ferventior,
3246 4449 3300 4502 in
3333 4448 3411 4503 le-

1824 4543 2002 4599 ctione
2026 4543 2326 4608 sollicitior,
2364 4544 2420 4597 in
2448 4543 2704 4598 castitate
2728 4541 2940 4610 purior,
2968 4540 3024 4595 in
3048 4539 3417 4611 laerymarum

1826 4636 2076 4692 ubertate
2106 4635 2398 4705 profusior,
2445 4635 2500 4688 in
2535 4648 2764 4703 corpore
2807 4631 3112 4699 honestior,
3147 4632 3201 4688 in
3250 4630 3415 4687 corde

1823 4729 2119 4794 sincerior;
2158 4728 2281 4798 quis
2314 4726 2371 4782 in
2412 4727 2490 4781 ira
2539 4726 2612 4781 sit
2649 4725 2854 4788 mitior,
2896 4726 2955 4780 in
3001 4725 3414 4781 mansuetudine

1821 4822 2137 4887 modestior,
2168 4821 2224 4876 in
2263 4821 2373 4877 risu
2412 4818 2611 4882 rarior,
2652 4818 2710 4873 in
2752 4819 3167 4888 eompunctione
3199 4815 3413 4871 ferven-

1822 4916 1952 4981 tior,
1977 4916 2029 4968 in
2050 4913 2318 4985 gravitate
2337 4908 2632 4978 fundatior,
2656 4912 2712 4966 in
2729 4911 2998 4967 charitate
3011 4907 3333 4978 jucundior;
3358 4914 3413 4961 et

1823 5010 1903 5064 sic
1945 5008 2309 5078 nosmetipsoe
2333 5004 2573 5076 quotidie
2600 5005 2700 5076 ipsi
2730 5005 3011 5059 nobiscum
3040 5002 3106 5056 de
3133 5011 3415 5055 conversa-

1817 5100 1966 5155 tione
2012 5107 2203 5154 nostra
2234 5098 2499 5153 rationem
2532 5098 2828 5155 habeamus
2866 5094 2933 5149 ad
2970 5093 3200 5148 invicem
3230 5089 3415 5145 dicen-

1822 5202 1904 5248 tes
1934 5204 1948 5245 :
1977 5190 2271 5247 Videamus
2299 5191 2347 5244 si
2371 5192 2516 5245 hunc
2540 5190 2684 5245 diem
2712 5189 2833 5243 sine
2853 5192 3106 5257 peccato,
3134 5182 3253 5237 sine
3283 5181 3415 5237 invi-

1821 5284 1909 5339 dia
1936 5322 1951 5348 ,
2006 5281 2123 5336 sine
2167 5281 2600 5337 murmuratione
2625 5320 2641 5346 ,
2687 5279 2805 5335 sine
2843 5278 2927 5332 ira
2969 5290 3033 5331 ac
3078 5274 3412 5330 detractione

1820 5374 2199 5444 transegimus.
2243 5374 2534 5431 Videamus
2557 5372 2604 5427 si
2626 5370 2787 5429 hodie
2815 5369 3016 5438 aliquid
3041 5368 3184 5438 quod
3202 5368 3270 5424 ad
3290 5382 3416 5438 pro-

1824 5462 2021 5519 fectum
2055 5471 2300 5519 nostrum
2329 5470 2386 5519 et
2417 5465 2484 5519 ad
2517 5460 2929 5519 :odiiicationem
2972 5459 3200 5516 aliorum
3235 5460 3411 5530 perti-

1823 5563 1948 5621 net,
1990 5556 2199 5624 operati
2242 5566 2449 5611 sumus.
2502 5553 2798 5611 Videamus
2833 5552 2879 5607 si
2909 5549 3029 5622 plus
3062 5551 3224 5606 hodie
3252 5550 3409 5617 risui,

1821 5648 1868 5702 si
1896 5647 2018 5718 plus
2042 5642 2165 5703 cibo
2192 5661 2258 5701 ao
2284 5644 2458 5717 potui,
2490 5645 2535 5701 si
2564 5644 2688 5715 plus
2702 5644 2817 5704 otio
2839 5658 2902 5698 ac
2921 5658 3112 5699 somno
3128 5657 3294 5712 quam
3313 5642 3413 5698 dea

1822 5740 1999 5806 eebat,
2027 5739 2363 5795 indulsimus.
2420 5736 2479 5792 Si
2519 5738 2698 5792 minus
2733 5730 2984 5807 legimus,
3014 5736 3063 5791 si
3088 5738 3268 5793 minus
3290 5750 3411 5793 ora-

1821 5832 1998 5887 vimus
2026 5846 2190 5903 quam
2217 5830 2502 5887 debuimus
2528 5847 2540 5883 :
2573 5845 2637 5886 ac
2664 5829 2744 5887 sic
2768 5830 2835 5886 de
2858 5830 3110 5889 omnibus
3135 5828 3383 5903 negligen
