3972 6328
684 346 784 403 6οτ

682 466 774 524 tiis
811 464 1011 519 nostris
1049 477 1472 534 compungamur
1509 463 1564 517 in
1599 460 1882 527 cubilibus,
1921 462 2022 516 hoc
2058 469 2159 526 est,
2200 460 2254 514 in
2279 460 2327 520 Α

681 558 936 616 cordibus
963 557 1196 623 nostris;
1226 566 1280 611 et
1307 558 1351 612 si
1381 555 1593 625 aliquod
1628 556 1825 610 bonum
1861 555 1917 610 in
1945 554 2120 620 nobis,
2153 554 2256 610 Do-

679 653 828 709 mino
847 651 1131 720 largiente,
1156 650 1537 719 conspicimus,
1565 648 1661 713 illi,
1690 665 1720 702 a
1749 665 1857 718 quo
1881 657 1964 703 est
1987 663 2145 703 omne
2164 649 2256 703 bo-

679 761 830 809 num,
857 746 1060 814 gratias
1087 743 1404 798 referamus.
1435 743 1496 796 Si
1523 757 1668 806 vero,
1695 743 1837 812 quod
1858 743 2016 806 absit,
2037 743 2251 812 aliquod

676 837 867 893 vitium
889 837 942 891 in
964 837 1119 891 nobis
1141 835 1671 906 deprehenderimus,
1697 835 1826 889 illud
1854 835 2252 906 nobismetipsis

676 937 985 996 reputemus
1009 969 1024 993 ,
1073 937 1127 982 et
1162 929 1228 982 ad
1270 927 1642 997 pmnitentiam
1677 927 1850 981 denuo
1888 944 2246 984 recurramus.

673 1016 800 1074 Haec
835 1029 1011 1074 autem
1041 1034 1160 1088 qua:
1185 1034 1346 1088 supra
1376 1019 1616 1073 breviter
1641 1019 2051 1089 praelibavimus,
2089 1034 2249 1090 gene-

673 1111 860 1164 raliter
895 1113 960 1166 ad
989 1127 1176 1167 omnes
1215 1112 1489 1180 pertinent
1533 1112 1832 1177 solitarios;
1855 1122 1910 1168 et
1937 1129 2042 1166 non
2075 1113 2245 1168 solum

671 1203 738 1258 ad
760 1217 870 1267 eos,
899 1219 1082 1258 verum
1107 1203 1272 1258 etiam
1295 1204 1363 1258 ad
1387 1219 1575 1259 omnes
1615 1204 1708 1257 Dei
1731 1221 1914 1260 servos
1939 1215 1993 1259 et
2019 1206 2246 1260 catholi-

671 1308 762 1348 cos
787 1293 1139 1349 Christianos.
1180 1293 1448 1349 Prteterea
1482 1311 1695 1364 quoque
1731 1297 1774 1350 si
1805 1297 1909 1350 duo
1935 1297 2135 1351 l'uerint
2167 1298 2244 1352 si-

667 1385 797 1448 mul,
839 1386 913 1440 ita
949 1396 1010 1440 ut
1043 1384 1322 1455 prmfatum
1364 1396 1468 1453 cst,
1510 1387 1760 1454 solitarii,
1797 1398 2008 1457 oportet
2045 1399 2102 1444 ut
2135 1405 2243 1446 non

663 1478 773 1534 otio
805 1487 1072 1548 torpeant,
1106 1495 1212 1534 non
1237 1480 1660 1534 detractionibus
1698 1490 1752 1534 et
1784 1481 2029 1535 obscenis
2060 1481 2244 1536 confa-

661 1565 1026 1623 bulationibus
1053 1568 1388 1634 incumbant,
1413 1571 1505 1624 sed
1531 1579 1623 1624 aut
1645 1570 1972 1641 psalmorum
1999 1570 2242 1625 modula-

663 1656 919 1722 tionibus,
951 1665 1042 1711 aut
1079 1657 1275 1714 divinis
1306 1659 1648 1726 lectionibus,
1680 1669 1771 1713 aut
1799 1668 1948 1714 certe
1983 1674 2239 1714 manuum

661 1749 1067 1818 operationibus
1101 1750 1376 1814 insistant,
1413 1751 1575 1806 horas
1608 1751 1895 1805 canonicas
1930 1765 2055 1804 cum
2091 1750 2236 1805 omni

1679 343 1737 399 S.
1777 341 2139 400 BENEDICTI
2176 341 2467 400 ABBATIS
2499 343 2904 401 ANIANENSIS
3723 367 3790 424 ωδ

2917 461 3138 519 CAPUT
3191 465 3345 522 XXV.

2636 553 2714 608 De
2737 554 3097 609 instrumentis
3119 556 3358 614 bonorum
3387 579 3588 632 operum.

2422 642 2556 697 Cum
2592 657 2721 715 ergo
2759 645 2999 699 omnium
3035 656 3332 702 sanctarum
3370 649 3700 724 Scripturarum
3729 680 3788 733 pa.

2352 732 2490 803 gina:
2518 733 2891 789 instrumentis
2914 737 3175 791 bonorum
3199 755 3408 809 operum
3437 732 3738 816 sintreferte,
3755 766 3789 809 et

2350 839 2447 894 per
2475 826 2785 880 earumdem
2817 836 3128 882 sanctarum
3155 827 3529 900 Scripturarum
3553 853 3718 908 campos
3736 844 3788 897 in-

2348 915 2521 968 veniri
2547 916 2757 984 possint
2800 931 2949 971 arma
2992 918 3188 987 quibus
3222 921 3346 975 vitia
3384 928 3726 994 comprimantur
3756 945 3787 988 et

2349 1005 2576 1060 virtutes
2620 1007 2950 1073 nutriantur,
2985 1025 3207 1066 necesse
3239 1021 3318 1066 est
3344 1021 3507 1069 tamen
3548 1017 3648 1073 huic
3667 1023 3787 1091 regule

2348 1099 2669 1152 sententiam
2715 1099 2994 1168 cujusdam
3023 1103 3200 1159 Patris
3230 1108 3453 1163 inserere
3477 1110 3535 1164 de
3559 1113 3783 1170 instrumen-

2348 1187 2416 1242 tis
2441 1188 2707 1244 bonorum
2733 1207 3000 1260 operum;
3048 1197 3103 1250 in
3141 1213 3245 1266 qua
3286 1199 3380 1253 sub
3410 1215 3581 1271 magna
3614 1205 3786 1261 brevitate

2347 1278 2472 1346 quid
2503 1281 2760 1338 solitariis
2783 1285 3050 1354 agendum
3089 1291 3282 1357 quidve
3317 1291 3566 1347 vitandum
3591 1295 3658 1359 sit,
3679 1301 3782 1350 conti-

2345 1380 2523 1426 netur.
2561 1373 2786 1443 Oportet
2813 1377 2956 1431 enim
3002 1394 3097 1434 eos
3121 1380 3172 1434 1.
3198 1379 3454 1452 Imprimis
3486 1385 3624 1440 Deum
3647 1387 3783 1457 diligere

2345 1476 2411 1516 ex
2447 1471 2562 1518 toto
2589 1466 2771 1532 corde,
2801 1475 2915 1522 tota
2944 1469 3125 1525 anima
3148 1512 3164 1536 ,
3218 1479 3326 1527 tota
3365 1474 3562 1529 virtute.
3598 1475 3640 1528 2.
3661 1476 3782 1532 Deinde

2342 1557 2645 1625 proximum
2698 1566 2957 1629 tanquam
3004 1562 3258 1632 seipsum.
3307 1564 3358 1619 5.
3407 1565 3584 1622 Deinde
3608 1585 3684 1623 non
3701 1585 3781 1623 occi-

2344 1649 2510 1705 dere:
2545 1652 2648 1705 hoc
2676 1660 2781 1718 est,
2815 1669 2922 1708 non
2950 1655 3277 1721 detrahere;
3315 1657 3452 1726 quia,
3493 1667 3544 1712 ut
3563 1661 3624 1713 ait
3655 1671 3780 1729 aposto-

2342 1738 2424 1794 lus
2451 1758 2464 1794 ;
2501 1739 2605 1806 Qui
2635 1743 2863 1798 detrahit
2890 1747 3047 1815 fratri
3069 1764 3192 1814 suo,
3218 1748 3468 1801 homicida
3492 1759 3556 1802 est
3577 1748 3777 1820 (10mm).

661 1839 944 1895 devotione
973 1841 1296 1905 custodiant,
1328 1850 1382 1895 et
1416 1843 1470 1896 in
1501 1842 1588 1898 his
1614 1841 1853 1897 divinum
1885 1840 2116 1896 cilicium
2145 1842 2240 1896 im-
2265 1835 2314 1896 B
2341 1833 2393 1886 4ο
2421 1833 2622 1890 Deinde
2647 1852 2753 1892 non
2784 1838 3113 1895 adulterare.
3159 1839 3214 1895 5.
3243 1840 3358 1896 Non
3383 1839 3562 1896 furtum
3599 1840 3731 1894 facere.
3749 1840 3776 1891 ϐ.

659 1930 860 2000 pleant,
889 1947 1120 2001 moxque
1149 1941 1210 1986 ttt
1237 1933 1418 1987 datum
1445 1933 1608 1988 fuerit
1638 1935 1874 2005 signum,
1903 1935 1968 1988 ad
1997 1934 2238 1987 oratoria

657 2023 874 2093 propria
899 2024 1239 2078 conveniant.
1291 2022 1538 2090 Quotidie
1566 2040 1780 2096 quoque
1803 2027 1870 2080 ad
1899 2024 2239 2080 collationem

655 2114 815 2169 simul
859 2115 1097 2180 veniant,
1128 2115 1220 2169 ubi
1260 2116 1325 2170 de
1371 2117 1466 2172 Dei
1503 2119 1723 2173 servitio
1770 2128 1826 2172 et
1863 2118 1928 2172 de
1965 2115 2236 2172 communi

653 2203 897 2274 profectu
935 2210 1203 2271 tractent,
1235 2213 1290 2260 et
1315 2223 1414 2277 pro
1453 2208 1702 2264 admissis
1741 2210 1840 2264 sibi
1879 2210 2110 2268 invicem
2145 2226 2238 2268 ve-

654 2293 799 2348 niam
851 2296 1139 2365 postulent.
1202 2296 1260 2352 Si
1298 2307 1478 2354 autem
1529 2317 1666 2355 unus
1703 2301 2036 2360 solummodo
2073 2305 2238 2363 fuerit

653 2389 944 2458 solitarius,
1001 2392 1114 2461 ipse
1156 2394 1321 2448 etiam
1367 2396 1605 2464 quotidie
1658 2396 1999 2452 collationem
2052 2415 2236 2456 secum

655 2480 872 2536 habeat.
932 2483 1129 2538 Sedeat
1157 2485 1375 2556 quidem
1403 2487 1640 2554 quotidie
1674 2489 1728 2542 in
1759 2490 2013 2544 tribunali
2042 2493 2238 2548 mentis

651 2588 784 2640 sum,
818 2583 875 2631 et
905 2585 1110 2632 statuat
1142 2595 1200 2635 se
1239 2586 1364 2634 ante
1396 2579 1591 2636 faciem
1627 2597 1801 2648 suam,
1849 2593 2008 2653 atque
2054 2587 2130 2642 ita
2180 2587 2236 2642 in

651 2665 812 2720 corde
841 2682 938 2722 suo
967 2671 1260 2730 constituto
1282 2670 1485 2739 judicio
1513 2671 1656 2728 adsit
1675 2676 1979 2730 accusatrix
1997 2674 2113 2744 ejus
2137 2693 2233 2732 co-

650 2754 870 2823 gitatio,
917 2759 1069 2812 testis
1108 2761 1470 2828 conscientia,
1518 2761 1759 2818 carnifex
1805 2765 2008 2818 timor:
2043 2766 2234 2822 deinde

651 2846 870 2914 sanguis
891 2847 1083 2902 anima:
1110 2849 1418 2907 confitentis
1444 2869 1540 2923 per
1565 2854 1830 2926 lacrymas
1850 2855 2114 2927 proﬂuat;
2140 2873 2234 2928 po-

647 2943 848 2990 stremo
888 2937 941 2991 in
977 2941 1304 2996 conscientia
1339 2960 1435 2998 sua
1477 2961 1534 2999 se
1573 2946 1850 3017 indignum
1889 2955 1945 3002 et
1979 2957 2232 3018 peceato-

650 3040 765 3080 rem
795 3025 908 3082 fore
929 3028 1153 3098 judicet.
1192 3031 1317 3088 Haec
1345 3036 1557 3103 quidem
1585 3036 1652 3090 de
1679 3055 1806 3093 uno.

721 3112 779 3168 Si
806 3125 1007 3183 autem,
1057 3128 1114 3173 ut
1139 3124 1454 3191 prmdictum
1491 3135 1596 3192 est,
1649 3129 1753 3184 duo
1793 3132 2016 3198 fuerint,
2059 3151 2232 3190 nono-

2339 1925 2454 1981 Non
2492 1930 2896 1998 concupiscere.
2950 1931 3002 1984 7.
3053 1930 3174 1985 Non
3220 1931 3407 1987 falsum
3436 1933 3718 1987 testimonium
3737 1930 3778 1981 di-

2336 2033 2479 2074 cere.
2511 2020 2566 2074 8.
2595 2019 2874 2076 Honorare
2899 2037 3090 2078 omnes
3129 2024 3394 2079 homines.
3442 2023 3490 2078 9.
3527 2023 3582 2078 Et
3603 2023 3702 2092 quod
3723 2022 3776 2074 sibi

2336 2112 2458 2179 quis
2486 2111 2604 2166 fieri
2631 2129 2738 2167 non
2767 2115 2902 2179 vult,
2954 2115 3044 2170 alii
3073 2131 3146 2170 ne
3172 2115 3351 2172 faciat.
3401 2115 3480 2170 10.
3507 2115 3713 2186 Abuegare
3733 2128 3775 2165 se

2335 2204 2622 2271 metipsum
2669 2205 2794 2269 sibi,
2847 2214 2907 2259 ut
2935 2216 3203 2276 sequatur
3251 2207 3524 2262 Christum.
3561 2208 3627 2260 Η.
3657 2205 3774 2271 Corpus

2337 2295 2624 2364 castigare.
2667 2295 2753 2349 12.
2795 2296 3028 2352 Delicias
3059 2314 3169 2354 non
3203 2298 3464 2368 amplecti.
3510 2298 3579 2351 15.
3612 2295 3771 2362 iejunium

2335 2398 2540 2438 amare.
2588 2385 2676 2439 14.
2708 2387 2980 2456 Paupercs
3012 2404 3285 2445 recreare.
3328 2389 3409 2443 15.
3452 2388 3626 2443 Nudum
3645 2384 3771 2438 testim

2338 2472 2423 2527 16.
2454 2473 2735 2529 lnfirmum
2759 2478 3004 2532 visitare.
3036 2479 3129 2533 17.
3165 2479 3426 2534 Mortuum
3452 2477 3651 2548 sepelire.

2407 2567 2766 2634 Quaerendum
2804 2579 2888 2625 est
2931 2572 3118 2641 itaque
3158 2573 3421 2642 quomodo
3447 2571 3590 2642 possit
3612 2567 3770 2622 solitarius

2334 2662 2611 2717 infirmum
2641 2663 2727 2718 vel
2770 2664 2824 2718 in
2853 2679 3075 2720 carcere
3106 2667 3338 2736 positum
3365 2666 3576 2726 visitare,
3613 2668 3676 2714 aut
3695 2670 3770 2709 mor-

2335 2763 2486 2807 tuum
2514 2753 2765 2823 sepelire,
2802 2756 2893 2824 qui
2937 2771 3045 2810 non
3075 2757 3247 2812 habet
3274 2758 3481 2828 quidem
3508 2747 3770 2808 facultatemde

2335 2846 2526 2901 cellula
2557 2848 2704 2903 foras
2734 2850 2905 2903 exire.
2938 2849 3225 2905 Infirmum
3266 2852 3424 2915 enim,
3470 2848 3544 2904 vel
3577 2847 3616 2899 in
3645 2852 3768 2938 carettt

2332 2941 2588 3009 positum,
2618 2939 2706 2994 ille
2735 2941 2922 3010 procul
2951 2943 3119 2998 dubio
3145 2944 3354 3009 visitat,
3381 2943 3465 3013 qui
3493 2942 3538 2995 in
3556 2939 3661 2994 lecto
3679 2930 3767 2985 veli“

2334 3033 2574 3086 tenebris
2621 3032 2878 3086 vitiorum
2905 3033 3053 3088 videt
3100 3036 3334 3105 aliquem
3382 3033 3556 3102 jacere,
3589 3038 3628 3083 et
3661 3021 3766 3078 morbo

2335 3140 2444 3179 suae
2475 3124 2774 3193 iniquitatis
2803 3123 3071 3192 laborare,
3127 3141 3359 3196 eumque
3388 3141 3478 3181 suo
3503 3116 3765 3186 exemplooi“

649 3220 763 3259 rem
808 3207 909 3262 sibi
954 3209 1182 3266 invicem
1229 3213 1505 3270 humiliter
1535 3217 1799 3276 deferant.
1850 3221 2044 3279 Junior
2089 3235 2220 3283 natu
2249 3207 2292 3268 Ο
2325 3218 2624 3272 rationibus
2650 3226 2812 3286 διαυθ
2842 3217 3085 3273 amulo“)
3136 3220 3368 3274 salllbl‘is
3401 3210 3763 3272 cmom‘lonlsw

648 3312 771 3352 eum
815 3300 905 3368 qui
935 3309 1097 3357 mtate
1121 3305 1303 3358 senior
1327 3313 1410 3360 est
1433 3309 1692 3380 obsequio
1720 3315 2021 3371 sanctitatis
2056 3332 2221 3372 vene-

648 3395 835 3443 retur:
886 3393 1068 3446 senior
1106 3408 1236 3448 vero
1255 3404 1424 3454 aetate
1444 3397 1718 3469 juniorem
1763 3403 1924 3459 dictis
1947 3415 2004 3460 et
2033 3423 2221 3462 exem-

647 3479 752 3548 plis
790 3482 859 3535 ad
883 3481 1024 3538 bene
1058 3485 1346 3542 vivendum
1372 3487 1644 3545 informet.
1676 3491 1881 3549 Nobilis
1905 3510 2100 3565 genere
2124 3514 2221 3553 ne-

644 3583 917 3640 quaquam
947 3573 1163 3643 ignobili
1197 3591 1256 3632 se
1279 3577 1552 3648 prmferat.
1585 3580 1732 3638 Sciat
1759 3595 1938 3642 autem
1960 3589 2084 3657 quia
2116 3605 2223 3645 non

642 3671 729 3716 est
757 3678 1114 3734 personarum
1165 3673 1408 3742 acceptio
1443 3675 1585 3744 apud
1616 3675 1806 3731 Deum.
1859 3677 2048 3749 Neque
2076 3681 2222 3736 enim

645 3752 712 3818 is,
758 3754 848 3822 qui
897 3758 1138 3813 scientiae
1183 3762 1464 3830 doctrinis,
1515 3773 1569 3820 et
1597 3777 1920 3824 cmterorum
1954 3772 2222 3826 bonorum

642 3857 868 3912 operum
915 3851 1286 3920 pmrogativis
1311 3855 1496 3923 pollet,
1545 3871 1603 3910 se
1647 3859 1800 3913 alteri
1827 3860 2098 3930 praeferat,
2129 3865 2224 3918 sed

644 3933 826 4002 potius
852 3936 918 3990 de
954 3941 1267 3997 muneribus
1291 3945 1394 3999 sibi
1424 3946 1685 4002 divinitus
1711 3950 1921 4006 collatis
1968 3953 2078 4009 Deo
2101 3970 2223 4025 gra-

644 4024 752 4115 tias
796 4035 938 4094 agat,
988 4044 1203 4100 semper
1235 4033 1362 4089 illud
1407 4036 1651 4107 Apostoli
1692 4044 2068 4111 perpendens,
2113 4024 2224 4115 quo

644 4112 844 4170 dicitur
868 4134 880 4169 :
914 4115 1017 4184 Qui
1036 4136 1090 4174 se
1111 4130 1250 4176 stare
1269 4134 1439 4193 putat,
1476 4128 1643 4182 videat
1672 4147 1734 4184 ne
1761 4133 1915 4186 cadat
1943 4132 1992 4204 (I
2015 4112 2218 4203 σοι-Χ,

644 4205 756 4278 12).
809 4206 877 4263 Et
905 4209 1032 4266 illud
1058 4211 1370 4284 Hieronymi
1397 4234 1410 4270 :
1459 4217 1777 4276 Timendum
1804 4232 1907 4289 est,
1940 4225 2132 4294 inquit,
2166 4235 2222 4282 et

642 4303 964 4369 cavendum,
1005 4322 1074 4361 ne
1112 4316 1349 4364 veterem
1382 4311 1608 4383 gloriam
1637 4325 1692 4370 et
1729 4318 1955 4374 solidam
1984 4319 2218 4377 ﬁrmita-

642 4403 750 4447 tem
777 4395 938 4449 unius
959 4395 1108 4452 hora:
1135 4401 1370 4470 procella
1399 4403 1695 4462 subvertat.
1725 4407 2018 4466 Charitatis
2039 4421 2220 4469 autem

639 4484 815 4540 cilicio
841 4502 899 4542 se
925 4489 1249 4546 alterutrum
1279 4494 1558 4552 humiliter
1581 4502 1931 4568 praeveniant.
1983 4503 2066 4559 Ad
2091 4505 2214 4561 illo-

641 4593 761 4630 rum
792 4588 973 4634 autem
1001 4582 1344 4641 infirmitates
1371 4592 1740 4656 procurandas
1769 4594 1996 4650 invicem
2025 4600 2219 4654 conde-

641 4668 925 4735 scendant,
949 4680 1004 4725 et
1024 4687 1210 4728 eorum
1233 4679 1588 4734 necessitates
1610 4683 1840 4738 invicem
1867 4687 2209 4754 provideant:

638 4768 692 4815 et
720 4762 982 4829 quotidie,
1022 4764 1069 4820 si
1099 4763 1248 4820 locus
1277 4769 1349 4823 ita
1378 4770 1540 4825 fuerit
1573 4788 1860 4842 congruus,
1911 4776 1985 4830 ita
2011 4781 2216 4846 pariter

639 4851 953 4908 reficiantur
1002 4856 1246 4927 utrisque
1291 4868 1347 4914 et
1395 4863 1766 4932 spiritualibus
1813 4874 1870 4922 et
1901 4871 2212 4929 carnalibus

637 4944 882 5016 dapibus.
935 4947 1052 5004 Una
1086 4954 1418 5022 prosperitas
1460 4955 1531 5010 sit
1559 4958 1840 5029 utriusque
1866 4961 2114 5019 similiter
2155 4974 2212 5021 et

639 5038 959 5106 adversitas,
1009 5041 1054 5095 si
1084 5041 1222 5098 forte
1247 5046 1556 5117 contigerit.
1588 5047 1759 5105 Unius
1797 5052 2048 5110 voluntas
2076 5056 2209 5114 alte-

639 5131 751 5184 rius
785 5133 1044 5187 voluntati
1077 5140 1415 5193 succumbat.
1473 5139 1832 5213 Utrorumque
1872 5146 2082 5203 illorum
2108 5166 2206 5206 vo-

638 5218 872 5278 luntates
899 5223 1106 5280 Domini
1154 5228 1437 5296 voluntati,
1478 5231 1588 5287 imo
1632 5236 1878 5291 servituti
1915 5240 2207 5309 subjiciau-

639 5318 764 5374 tur;
805 5321 860 5366 et
891 5330 997 5370 non
1023 5315 1167 5385 quod
1216 5318 1412 5389 singuli
1461 5321 1770 5394 singillatim
1819 5329 2064 5398 cupiunt,
2113 5331 2208 5386 sed

638 5403 781 5472 quod
812 5407 1024 5476 utrique
1072 5409 1395 5480 disponunt.
1436 5424 1636 5486 agant;
1690 5418 1836 5473 illam
1868 5420 2208 5476 Doniinicam

637 5507 852 5565 semper
881 5497 1288 5555 reminiscentes
1309 5504 1633 5560 sententiam
1659 5524 1672 5558 :
1704 5503 1828 5560 Non
1854 5508 1986 5574 veni,
2012 5509 2206 5578 inquit,

634 5587 951 5646 voluntatem
988 5609 1157 5650 meam
1199 5597 1394 5669 facere,
1415 5599 1507 5655 sed
1543 5601 1660 5672 ejus
1681 5601 1771 5672 qui
1800 5602 1940 5657 misit
1970 5620 2069 5669 me,
2098 5601 2208 5660 Pa-

632 5677 736 5737 tris
758 5677 942 5752 (Ioan,
968 5699 1046 5753 vi,
1074 5686 1188 5759 58).

2323 3310 2501 3373 borat,
2524 3323 2685 3377 quem
2711 3309 2763 3363 in
2803 3310 2944 3363 bona
2991 3312 3210 3366 actione
3255 3312 3476 3365 titubare
3511 3321 3561 3362 ac
3593 3298 3761 3357 debilitari
3845 3351 3847 3377 ἑ

2328 3402 2603 3456 cernebat.
2655 3401 2925 3456 Mortuum
2967 3416 3191 3472 quoque
3238 3402 3327 3456 ille
3356 3399 3528 3470 sepelit
3550 3395 3614 3464 qui
3642 3403 3707 3458 Pno
3732 3396 3767 3434 θθ

2325 3490 2521 3546 devote
2561 3490 2852 3562 seduloque
2898 3506 3094 3562 preces
3129 3494 3198 3548 ad
3226 3491 3502 3548 Dominum
3543 3481 3766 3540 fundit-.non

2323 3584 2498 3640 solum
2545 3593 2724 3639 autem
2763 3593 3038 3638 mortuum
3067 3585 3297 3656 sepelit,
3341 3585 3431 3639 sed
3467 3581 3596 3635 etiam
3627 3573 3764 3668 camilli
3840 3665 3841 3668 η

2323 3675 2398 3729 ita
2421 3675 2623 3740 dicam,
2664 3691 2693 3728 a
2727 3681 2900 3729 morte
2947 3676 3200 3742 suscitat,
3255 3675 3461 3745 quando
3486 3669 3602 3724 videt
3627 3661 3762 3727 nullm
3840 3665 3841 3683 ἦ

2323 3763 2539 3818 funibus
2562 3772 2908 3834 peccatorum
2939 3779 3165 3820 suorum
3197 3766 3520 3824 obstrictum,
3553 3767 3596 3812 et
3626 3755 3664 3806 in
3682 3758 3762 3799 ιειιέ·

2321 3855 2433 3909 bris
2455 3870 2565 3909 sum
2592 3854 2896 3923 iniquitatis
2929 3855 3338 3924 quodammodo
3361 3853 3609 3926 sepultum,
3627 3846 3760 3903 eumque

2322 3945 2390 4000 ad
2427 3943 2823 4000 confessionem
2851 3961 2917 4000 ac
2951 3949 3296 4016 poenitentiae
3330 3949 3544 4003 lamenta
3579 3938 3763 4030 perii?“

2322 4040 2704 4094 admonitionis
2734 4040 2972 4094 studium
3022 4052 3327 4110 provocat,
3376 4050 3522 4110 atque
3558 4041 3603 4087 ut
3626 4027 3672 4082 ad
3688 4027 3759 4120 vim

2321 4129 2514 4183 salutis
2549 4131 2734 4184 redeat
2783 4130 3073 4185 salubriter
3118 4133 3363 4200 instigat.
3424 4125 3641 4194 000cm“
3669 4122 3762 4213 ξφ
3828 4201 3829 4213 ξ

2321 4218 2446 4272 dum
2477 4227 2562 4272 est
2594 4218 2749 4274 nobis
2780 4220 2907 4287 quia
2956 4219 3136 4289 major
3179 4235 3388 4275 merces
3425 4225 3516 4278 est,
3548 4211 3760 4301 peccamen!
3826 4289 3827 4301 ἰ

2319 4309 2582 4364 suscitare
2613 4311 2677 4364 de
2720 4311 2866 4364 vitiis
2895 4326 3056 4380 quam
3095 4321 3375 4368 mortuum
3402 4313 3462 4367 de
3489 4303 3692 4377 sepulcro.

2317 4401 2520 4469 (Ιυίιιηο
2555 4401 2642 4455 18.
2671 4401 2728 4454 In
2770 4401 3124 4458 tribulatione
3153 4403 3458 4458 subvenire.
3500 4397 3574 4452 19.
3597 4389 3760 4446 Dolet!“n

2320 4490 2610 4545 consolari.
2653 4491 2742 4545 20.
2774 4492 2820 4545 Α
2849 4492 3032 4547 saeculi
3081 4495 3300 4550 actibus
3342 4508 3400 4548 se
3441 4489 3597 4545 facere
3617 4479 3762 4534 alienum-

2317 4583 2605 4687 21.nNihil
2633 4586 2806 4687 aﬁmori
2854 4585 3056 4687 Christi
3099 4601 3438 4658 pmponere'

2314 4673 2596 4743 perficere.
2647 4675 2738 4730 25.
2771 4675 3065 4731 Iracundia:
3098 4685 3318 4748 tempus
3344 4692 3446 4733 non
3474 4651 3764 4728 reservare-1"

2315 4763 2504 4818 Delum
2534 4766 2588 4819 in
2615 4769 2776 4821 corde
2819 4783 2922 4821 non
2954 4777 3162 4824 tenere.
3207 4769 3297 4823 25.
3348 4769 3530 4823 Pacem
3551 4759 3689 4852 falsas!
3714 4756 3762 4844 ll“

2315 4855 2465 4908 dare.
2498 4855 2585 4910 26.
2624 4856 2958 4912 Charitatcm
2989 4875 3096 4914 non
3131 4861 3524 4930 derelinquere.
3546 4852 3618 4907 27.
3642 4845 3764 4902 "$0Mit

2317 4965 2459 5014 rare,
2493 4967 2559 5006 ne
2593 4952 2731 5008 forte
2762 4955 3019 5025 perjuret.
3066 4958 3160 5014 28.
3213 4960 3506 5014 Veritatem
3532 4948 3658 5007 corde
3676 4941 3765 5025 ei?"

2313 5043 2577 5115 proferre.
2612 5048 2680 5102 29
2716 5023 2910 5104 Malum
2933 5065 3032 5120 pro
3073 5051 3222 5106 malo
3274 5068 3381 5107 non
3415 5047 3627 5105 reddere.
3647 5035 3702 5089 ὅυ-
3727 5023 3765 5076 [θ’

2307 5133 2505 5202 juriam
2543 5154 2649 5192 non
2678 5139 2878 5206 facere,
2925 5142 3094 5197 sedet
3134 5144 3340 5200 factam
3365 5144 3606 5213 patienter
3621 5125 3762 5185 ευΠεπί·
3803 5195 3805 5213 ί

2315 5226 2402 5280 51.
2439 5225 2691 5285 Inimicos
2739 5231 2980 5301 diligere.
3017 5233 3105 5288 52.
3160 5235 3534 5291 Maledicentes
3567 5241 3612 5282 SC
3634 5220 3765 5304 non?“
3801 5283 3803 5304 ᾗ

2315 5317 2657 5384 maledicere,
2708 5323 2801 5376 sed
2831 5325 3003 5395 magis
3042 5324 3396 5382 benedicere.
3443 5324 3523 5379 35.

2315 5426 2437 5466 "em
2463 5413 2784 5482 PPOjustitia
2819 5418 3106 5474 sustinere.
3142 5419 3234 5474 '54.
3293 5419 3409 5474 Non
3435 5428 3543 5472 esse
3568 5398 3762 5476 ευιιετδυίίῖ·
3797 5465 3799 5482 i

2313 5503 2402 5557 55.
2434 5503 2551 5559 Non
2581 5506 2933 5564 vinolentum.
2965 5510 3051 5566 56.
3084 5509 3208 5567 Non
3247 5513 3480 5567 edacem.
3502 5496 3674 5559 51M”

2312 5595 2608 5651 uolentum.
2639 5597 2727 5652 58.
2751 5598 2866 5654 Non
2893 5601 3126 5672 pigrum.
3177 5603 3270 5657 59.
3318 5601 3432 5656 Non
3471 5587 3761 5674 murmure“?

2310 5691 2401 5747 ιο.
2438 5692 2554 5748 Νοη
2585 5694 2967 5752 detractorem.
2997 5697 3084 5751 41.
3135 5697 3303 5766 Spem
3337 5709 3484 5751 suam
3507 5675 3762 5746 ῡεοοοωω¹²’
3793 5699 3795 5715 ‘

2311 5792 2443 5839 tere.
2477 5783 2568 5839 42.
2600 5783 2809 5840 Bonum
2833 5785 3050 5857 aliquod
3081 5785 3141 5840 in
3173 5802 3236 5843 se
3256 5802 3380 5843 cum
3404 5778 3592 5840 viderit.
3625 5768 3760 5823 ΜΨ
3791 5789 3793 5803 ⁵

3777 6185 3783 6245 i

3851 3069 3853 3153 l

3849 3169 3852 3242 Ι

3847 3247 3849 3329 l

3845 3367 3847 3417 |

3843 3439 3845 3505 Α
