3972 6328
177 407 270 463 609

829 399 1059 488 capax
1095 399 1552 458 REGULARUM.
1591 428 1664 441 —
1696 397 1876 455 rans
1912 399 1977 453 ιι.
2019 394 2325 454 unauna:
2365 397 2470 452 pp.
2515 395 2792 453 omam.

3307 404 3412 459 610

128 525 142 536 ’
173 519 344 592 plicet,
392 529 502 572 non
537 515 663 572 sibi.
711 514 799 571 45.
848 514 1048 572 Malum
1075 533 1208 574 vero
1245 533 1459 589 semper
1487 534 1520 572 a
1561 532 1620 572 se
1649 516 1732 572 fa-
1757 520 1811 582 Α
1834 517 2044 573 bulante
2087 518 2173 591 (II
2200 519 2377 574 Thess.
2428 534 2508 583 ιιι,
2539 517 2615 590 6).
2666 516 2806 573 Hinc
2854 517 3016 572 etiam
3051 517 3414 592 Hieronymus

173 618 306 666 ctum
328 608 466 664 sciat
505 615 561 662 et
585 607 688 662 sibi
718 616 952 678 reputet.
998 609 1090 663 44.
1137 607 1494 678 Diemjudicii
1518 609 1732 663 timere.

170 703 252 759 45.
297 701 609 758 Gebennam
671 716 1048 771 expavescere.
1107 701 1196 756 46.
1250 700 1431 756 Vitam
1475 709 1737 757 aeternam

169 795 303 850 omni
332 793 772 865 concupiscentia
817 793 1080 865 spirituaii
1114 794 1443 850 desiderare.
1475 793 1564 847 47.
1596 793 1737 848 Mor-

170 899 269 946 tem
317 887 560 958 quotidie
615 897 743 942 ante
785 888 972 943 oculos
1023 895 1332 956 suspectam
1369 879 1589 942 habere.
1644 886 1733 941 48.

166 983 322 1038 Actus
356 983 482 1037 vitae
526 996 637 1038 suae
682 981 829 1037 omni
875 983 1008 1037 hora
1037 982 1327 1037 custodire.
1367 981 1456 1036 49.
1506 979 1564 1034 ln
1590 981 1736 1036 omni

166 1074 276 1129 loco
296 1073 464 1128 Deum
509 1088 568 1129 se
597 1073 868 1142 respicere
891 1088 992 1142 pro
1020 1082 1173 1129 certo
1199 1072 1360 1127 scire.
1403 1070 1492 1125 50.
1524 1071 1738 1142 Cogita-

165 1167 332 1221 tiones
356 1165 527 1220 malas
575 1165 725 1221 cordi
754 1181 853 1221 suo
903 1166 1252 1220 advenientes
1303 1180 1431 1219 mox
1462 1163 1530 1218 ad
1578 1163 1736 1219 Chri-

164 1265 298 1311 stum
325 1255 688 1310 allidere.'5l.
731 1255 800 1310 Et
844 1255 1050 1310 seniori
1090 1255 1357 1325 spirituali
1403 1254 1731 1324 patefacere.

162 1349 245 1403 52.
297 1345 371 1404 Os
403 1363 559 1402 suum
603 1364 634 1402 a
676 1348 820 1404 malo
845 1348 931 1404 vcl
958 1363 1129 1417 pravo
1166 1348 1385 1418 eloquio
1434 1348 1731 1404 custodire.

161 1439 243 1494 55.
288 1438 511 1494 Multum
535 1439 681 1508 loqui
707 1455 814 1494 non
841 1455 1046 1494 amare.
1098 1439 1184 1493 54.
1230 1440 1406 1496 Verba
1435 1456 1596 1506 vana,
1643 1449 1738 1496 aut

161 1532 287 1586 risui
317 1541 460 1602 apta,
484 1549 591 1588 non
624 1531 790 1601 loqui.
837 1532 925 1587 55.
958 1531 1148 1587 Risum
1190 1533 1419 1586 multum
1457 1541 1513 1588 et
1536 1548 1734 1588 excus-

159 1637 273 1676 sum
303 1636 406 1676 non
439 1638 644 1678 amare.
680 1621 770 1677 56.
813 1621 1098 1678 Lectiones
1127 1631 1345 1678 sanctas
1372 1623 1602 1679 libenter
1639 1640 1738 1678 au-

158 1713 286 1766 dire.
319 1713 405 1766 57.
449 1711 692 1768 Orationi
720 1713 1036 1784 frequenter
1082 1716 1415 1772 incumbere.
1461 1717 1551 1771 58.
1595 1715 1734 1770 Mala

158 1817 250 1856 sua
278 1803 550 1871 praeterita
597 1820 719 1860 cum
761 1805 1018 1876 lacrymis
1041 1805 1128 1860 vel
1169 1808 1372 1877 gemitu
1403 1807 1646 1877 quotidie
1672 1807 1727 1862 in

157 1893 392 1948 oratione
425 1894 536 1950 Deo
565 1895 807 1950 contiteri
833 1913 849 1959 ;
888 1903 944 1950 et
973 1897 1040 1950 de
1071 1896 1203 1964 ipsis
1232 1897 1390 1951 malis
1432 1897 1486 1951 in
1527 1897 1736 1968 reliquo

159 1985 458 2039 emendare.
509 1983 597 2039 59.
631 1985 912 2040 Desideria
959 1986 1140 2041 carnis
1164 2002 1269 2041 non
1300 1988 1599 2056 perlicere:
1637 2005 1734 2045 vo-

157 2077 412 2132 luntatem
436 2078 710 2148 pr0priam
755 2078 954 2134 odisse.
990 2079 1076 2134 60.
1125 2080 1418 2150 Praeceptis
1461 2081 1736 2136 seniorum

157 2171 212 2224 in
240 2172 489 2226 omnibus
527 2171 772 2236 obedire,
815 2173 1026 2227 etiamsi
1058 2173 1156 2242 ipsi
1184 2173 1363 2239 aliter,
1393 2177 1537 2244 quod
1575 2176 1734 2240 absit,

153 2271 355 2331 agant;
394 2275 662 2316 memores
692 2261 836 2317 illius
857 2261 1123 2317 Dominici
1153 2265 1409 2334 praecepti
1439 2280 1454 2318 :
1491 2266 1622 2332 Qua:
1653 2267 1736 2320 di-

149 2363 276 2406 cunt
309 2354 468 2416 facile
489 2369 509 2419 ;
537 2369 657 2423 qua:
680 2363 854 2408 autem
901 2355 1101 2421 faciunt
1137 2355 1308 2422 facere
1330 2356 1490 2410 nolite
1517 2357 1731 2430 (Matth.

150 2445 330 2513 xxm).
381 2444 467 2497 61.
516 2443 632 2499 Νοιι
675 2445 810 2499 velle
849 2445 954 2499 dici
1005 2454 1252 2500 sanctum
1289 2456 1579 2517 antequam
1623 2450 1734 2514 sit;

151 2534 245 2590 sed
273 2534 421 2605 prius
453 2549 574 2588 esse
597 2575 611 2599 ,
650 2536 794 2604 quod
824 2536 1008 2591 verius
1035 2536 1268 2591 dicatur.
1316 2538 1402 2592 62.
1457 2540 1736 2611 Praecepta

151 2627 244 2682 Dei
275 2627 431 2682 lactis
455 2627 696 2696 quotidie
723 2628 1038 2699 adimplere.
1068 2630 1155 2684 65.
1182 2630 1502 2687 Castitatem
1529 2649 1734 2690 amare.

149 2719 239 2774 64.
275 2717 488 2773 Nullum
515 2717 714 2774 odisse.
757 2718 844 2774 65.
888 2719 1072 2774 Zelum
1115 2731 1170 2776 et
1208 2723 1470 2778 invidiam
1500 2741 1605 2780 non
1640 2727 1735 2780 ha-

146 2811 294 2866 bere.
326 2810 412 2865 66.
456 2809 870 2867 Contentionem
901 2829 1008 2867 non
1039 2829 1241 2869 amare.
1291 2815 1378 2868 67.
1430 2815 1736 2871 Elationem

145 2903 346 2975 fugere.
379 2903 466 2960 68.
500 2903 755 2961 Seniores
777 2907 1045 2962 venerari.
1080 2907 1168 2962 69.
1209 2905 1463 2963 Iuniores
1486 2909 1732 2982 diligere.

149 2997 239 3051 70.
284 2997 340 3051 ln
391 2997 593 3053 Christi
624 3013 809 3054 amore
837 3015 936 3069 pro
989 3000 1225 3055 inimicis
1254 3017 1432 3055 orare.
1469 3001 1558 3055 71.
1600 3001 1735 3056 Cum

146 3088 583 3145 discordantibus
625 3097 748 3144 ante
775 3089 906 3145 solis
943 3106 1196 3147 occasum
1227 3092 1282 3146 in
1319 3107 1505 3162 pacem
1535 3093 1733 3151 redire.

147 3180 241 3234 72.
270 3179 334 3233 Et
357 3179 423 3234 de
449 3179 544 3234 Dei
573 3181 945 3235 misericordia
973 3199 1248 3252 nunquam
1277 3183 1589 3252 desperare.

223 3273 360 3328 Ecce
387 3274 501 3328 hmc
528 3283 654 3328 sunt
687 3274 1044 3330 instrumenta
1066 3276 1200 3330 artis
1237 3277 1542 3345 spiritualis
1567 3294 1580 3343 ;
1615 3294 1735 3349 quae

141 3381 274 3420 cum
309 3363 509 3420 fuerint
528 3383 559 3419 a
585 3365 740 3420 nobis
768 3365 854 3420 die
880 3375 1149 3435 noctuque
1181 3366 1530 3423 inell‘abilitcr
1557 3369 1732 3423 adim-

140 3457 318 3527 pleta,
349 3465 405 3511 et
440 3457 492 3510 in
525 3458 614 3513 die
633 3457 822 3526 judicii
853 3458 1254 3529 reconsignata,
1287 3459 1376 3513 illa
1412 3461 1568 3515 nobis
1597 3477 1736 3516 mer-

142 3562 248 3602 ces
273 3563 301 3600 a
327 3546 548 3602 Domino
577 3549 1094 3618 recompensabitur,
1122 3565 1284 3619 quam
1311 3551 1426 3621 ipse
1449 3553 1735 3620 promisit:

147 3638 314 3704 Quod
351 3639 529 3694 oculus
568 3658 670 3696 non
707 3641 854 3706 vidit,
896 3658 988 3696 nec
1021 3642 1166 3696 auris
1197 3643 1416 3708 audivit,
1448 3661 1538 3698 nec
1564 3646 1616 3698 in
1649 3663 1741 3698 cor

139 3729 381 3784 hominis
428 3733 656 3786 ascendit
692 3749 810 3802 qua'
854 3733 1169 3802 prmparavit
1207 3732 1349 3787 Deus
1390 3734 1471 3787 his
1499 3735 1592 3799 qui
1621 3735 1740 3788 dili-

138 3829 280 3893 gunt
305 3838 421 3876 eum
453 3821 504 3894 (I
534 3821 656 3878 Cor.
689 3839 750 3890 ιι,
781 3823 856 3895 9).
909 3823 1134 3880 Oilicina
1185 3840 1316 3880 vero
1345 3826 1438 3882 ubi
1475 3827 1592 3882 hate
1617 3827 1738 3882 dili-

138 3922 346 3984 genter
367 3930 654 3984 operemur
675 3957 690 3981 ,
722 3916 960 3971 claustra
1014 3917 1095 3973 vel
1128 3917 1336 3975 cellulae
1364 3927 1493 3975 sunt
1542 3919 1735 3976 solita-

139 4006 381 4073 riorum,
411 4015 467 4062 et
489 4008 758 4064 stabilitas
785 4009 838 4062 in
865 4008 1185 4064 retrusione.

714 4121 943 4178 CAPUT
981 4121 1171 4178 XXVI.

437 4191 516 4246 De
543 4193 898 4248 observatione
933 4194 1302 4247 mandatorum
1333 4194 1454 4250 Dei.

223 4283 488 4340 Omnibus
517 4283 736 4352 quidem
762 4281 1088 4336 Christianis
1111 4282 1329 4351 expedit
1363 4283 1654 4338 observare
1683 4291 1740 4339 et

138 4380 375 4436 obedire
422 4378 693 4433 mandatis
742 4377 956 4432 Domini
1005 4378 1178 4433 nostri
1232 4377 1363 4434 Jesu
1406 4378 1633 4446 Christi,
1683 4388 1740 4434 et

137 4471 392 4527 maxime
429 4470 704 4524 solitariis.
747 4467 854 4524 Sed
878 4469 1158 4524 sciendum
1191 4469 1350 4525 nobis
1389 4479 1476 4525 est
1500 4471 1644 4540 quod
1670 4471 1740 4525 ad

136 4561 586 4618 conservandam
634 4560 948 4614 memoriam
988 4560 1118 4625 Dei,
1168 4569 1223 4614 et
1264 4560 1332 4614 ad
1379 4559 1737 4615 obediendum
1762 4600 1816 4660 Β

133 4651 443 4724 praeceptis
469 4649 585 4720 ejus
619 4650 910 4721 plurimum
949 4650 1173 4720 prodest
1198 4651 1362 4706 etiam
1393 4652 1655 4706 secretius
1683 4660 1738 4706 et

137 4741 420 4797 remotius
455 4741 718 4796 habitare.
765 4739 898 4794 Nam
941 4740 1252 4809 permixtim
1291 4741 1474 4795 vivere
1503 4756 1624 4795 cum
1654 4741 1739 4796 bis

135 4833 254 4906 qui
287 4833 643 4905 negligentius
689 4841 855 4904 agunt
889 4833 1033 4887 circa
1081 4835 1330 4888 timorem
1362 4833 1477 4897 Dei,
1510 4841 1564 4888 et
1611 4848 1742 4888 con-

135 4936 421 4995 temptura
449 4927 650 4982 habent
671 4928 1045 4982 mandatorum
1067 4927 1204 4997 ejus,
1232 4926 1522 4996 plurimum
1547 4937 1736 4994 uocet;

137 5017 307 5090 sicut
328 5025 385 5072 et
412 5016 717 5072 Salomonis
743 5032 923 5073 sermo
960 5025 1193 5072 testatur
1226 5019 1408 5072 dicens
1433 5036 1444 5070 :
1480 5016 1613 5072 Cum
1639 5020 1738 5073 ho-

135 5113 303 5168 mine
330 5111 621 5183 irreligioso
647 5128 710 5168 ne
737 5111 1074 5176 habitaveris,
1115 5128 1178 5164 ne
1201 5112 1336 5180 forte
1377 5113 1549 5167 discas
1587 5114 1742 5168 semi-

139 5216 242 5260 tas
277 5205 415 5274 ejus,
457 5215 503 5260 et
527 5206 694 5276 facias
720 5205 930 5277 laqueos
961 5205 1276 5259 animtetua:
1306 5205 1497 5274 (Eccli.
1532 5223 1739 5273 xxxvn,

141 5297 278 5368 12).
309 5297 377 5351 Ει
405 5299 638 5354 iterum:
682 5297 766 5353 Ne
791 5297 1052 5352 wmuleris
1076 5298 1335 5352 hominem
1366 5300 1646 5369 injustam,
1681 5318 1744 5355 ne

135 5389 386 5446 imiteris
411 5391 520 5445 vias
545 5392 658 5462 ejus
685 5389 866 5462 (Prov.
890 5407 974 5456 ιιι,
1001 5389 1112 5462 51).
1145 5391 1298 5447 Unde
1318 5400 1372 5446 et
1392 5391 1587 5448 Petrus
1611 5409 1742 5464 apo-

137 5480 342 5537 stolus
374 5482 486 5536 ait:
517 5481 730 5536 Iustum
754 5482 914 5552 igitur
937 5490 985 5535 et
1019 5481 1166 5536 valde
1189 5483 1395 5552 justum
1414 5492 1491 5536 est
1510 5485 1746 5552 separari

136 5588 288 5629 eum
308 5573 397 5642 qui
426 5571 622 5627 salvari
643 5572 772 5638 vult,
793 5572 856 5626 ab
882 5589 941 5627 eo
963 5574 1053 5643 qui
1078 5589 1182 5627 non
1213 5572 1338 5628 vult.
1392 5572 1527 5628 Hinc
1549 5573 1746 5630 Paulus

139 5663 273 5719 sub
303 5679 495 5735 magna
525 5664 928 5720 denuntiatione
952 5663 1081 5718 dicit
1105 5682 1117 5718 :
1166 5663 1549 5719 Denuntiamus
1576 5675 1746 5720 autem

139 5773 284 5819 vos,
315 5756 526 5826 fratres,
559 5774 651 5827 per
673 5756 949 5812 adventum
995 5756 1207 5811 Domini
1234 5756 1398 5811 nostri
1432 5755 1561 5812 Iesu
1597 5757 1748 5812 Chri-

140 5849 265 5913 ui,
299 5859 353 5902 ut
379 5850 694 5906 subtrahatis
726 5865 810 5906 vos
834 5851 898 5905 ab
925 5850 1065 5906 omni
1089 5851 1254 5920 fratre
1295 5851 1592 5906 inordinate
1629 5867 1746 5906 am-

1838 610 1949 664 ait:
1982 611 2385 682 Negotiatorem
2415 611 2690 674 clericum,
2718 618 2775 664 et
2802 626 2866 666 ex
2899 610 3059 681 inope
3084 611 3325 677 divitem,
3356 620 3412 668 et

1837 715 1904 756 ex
1942 701 2160 771 ignobili
2185 703 2503 772 gloriosum,
2539 702 2694 772 quasi
2720 703 3009 772 quamdam
3031 711 3234 773 pestem
3258 703 3412 772 fuge:

1837 802 2191 860 corrumpunt
2215 795 2361 849 enim
2398 795 2568 850 bonos
2597 809 2776 849 mores
2810 793 3274 851 confabulationes
3301 811 3419 866 pes-

1839 881 2010 938 simae.
2045 882 2125 936 Tu
2152 898 2345 939 aurum
2373 887 2696 951 contemnis,
2731 886 2871 941 alius
2899 885 3106 958 diligit;
3152 896 3208 941 tu
3237 887 3417 944 calcas

1837 989 1988 1044 opes,
2017 973 2107 1028 ille
2129 984 2402 1040 sectatur;
2446 977 2542 1032 tibi
2569 977 2830 1032 cordi‘est
2854 979 3224 1040 mansuetudo,
3255 979 3421 1034 silen-

1838 1066 1993 1130 tium,
2039 1074 2342 1132 secretum;
2374 1067 2451 1120 illi
2488 1068 2806 1138 loquacitas.
2859 1068 2958 1125 llic
2985 1070 3118 1125 satis
3143 1071 3419 1127 evidenter

1837 1159 2142 1214 ostenditur
2166 1159 2310 1229 quod
2353 1159 2645 1228 plurimum
2691 1162 2915 1232 impedit
2941 1163 3173 1218 societas
3204 1170 3260 1218 et
3287 1179 3415 1233 per-

1836 1252 2028 1307 mixtio
2051 1268 2238 1308 eorum
2264 1251 2355 1323 qui
2386 1252 2552 1306 vitam
2591 1253 2905 1309 dissimilem
2937 1253 3154 1309 ducunt.

1906 1345 2074 1417 Igitur
2101 1355 2164 1402 ut
2186 1362 2359 1417 neque
2385 1361 2483 1417 per
2503 1348 2712 1412 oculos,
2759 1363 2938 1417 neque
2965 1363 3064 1417 per
3091 1363 3252 1404 aures
3281 1350 3420 1405 reci-

1836 1442 2051 1512 piamus
2100 1442 2271 1497 malas
2317 1440 2706 1497 delectationes
2758 1442 2824 1496 ad
2859 1441 3226 1511 peccandum,
3275 1450 3418 1497 etut

1838 1534 2072 1588 orationi
2119 1534 2390 1604 possimus
2434 1548 2633 1588 vacare
2660 1533 2884 1589 liberius
2909 1575 2924 1599 ,
2963 1543 3175 1604 oportet
3201 1536 3421 1590 omnino

1837 1627 2086 1682 habitare
2118 1629 2381 1684 secretius
2409 1635 2574 1698 atque
2602 1629 2863 1684 remotius
2892 1647 2904 1682 :
2952 1629 3057 1684 hoc
3093 1630 3237 1685 enim
3262 1630 3422 1685 modo

1839 1722 1896 1769 et
1917 1717 2287 1784 praecedentes
2315 1717 2731 1773 consuetudines
2778 1733 2811 1770 a
2857 1718 3014 1772 nobis
3039 1719 3292 1776 excidere
3316 1735 3416 1789 po-

1839 1809 2086 1874 terimus,
2141 1810 2196 1864 in
2223 1811 2418 1881 quibus
2445 1819 2635 1867 contra
2662 1819 2932 1882 praecepta
2976 1811 3073 1868 Dei
3105 1813 3418 1883 agebamus.

1763 1879 1812 1940 Β
1841 1896 1960 1952 Non
1985 1900 2127 1954 enim
2153 1879 2354 1971 parvus
2383 1902 2533 1958 labor
2554 1913 2640 1958 est
2663 1879 2725 1958 ut
2755 1919 2813 1959 se
2839 1879 3034 1974 aliquis
3058 1922 3087 1960 a
3126 1879 3292 1976 priori
3314 1920 3420 1960 non

1837 1989 1981 2045 bona
2009 1993 2398 2046 consuetudine
2443 1994 2683 2048 reﬂectat
2727 2010 2791 2049 ac
2825 2003 3060 2051 revocet.
3113 1995 3266 2051 Unde
3294 1996 3421 2051 illud

1839 2078 2062 2150 vulgare
2093 2083 2441 2151 proverbium
2490 2083 2728 2138 dicitur:
2777 2085 2912 2139 Mala
2958 2088 3293 2142 consuetudo
3331 2097 3425 2142 aut

1838 2169 1930 2224 vix
1977 2180 2070 2226 aut
2099 2189 2374 2244 nunquam
2424 2174 2648 2229 tollitur.
2704 2175 3042 2246 Quapropter
3083 2179 3128 2232 si
3178 2180 3425 2235 volumus

1837 2261 2092 2316 mandata
2141 2262 2236 2318 Dei
2296 2264 2587 2319 observare
2639 2274 2692 2320 et
2741 2268 3050 2335 custodire,
3106 2270 3421 2326 Studeamus

1836 2345 2016 2418 primo
2044 2352 2286 2406 omnium
2315 2369 2414 2408 nos
2438 2355 2582 2423 ipsos
2603 2355 2893 2425 abnegare,
2935 2365 2990 2411 et
3019 2373 3236 2413 crucem
3266 2359 3421 2414 Chri-

1838 2440 1907 2494 sti
1938 2441 2128 2496 tollere
2149 2451 2205 2497 et
2244 2444 2323 2499 sic
2350 2460 2472 2499 cum
2510 2447 2682 2516 sequi.
2728 2447 3136 2516 lpse'Dominus
3179 2452 3246 2506 ad
3270 2469 3423 2506 amo-

1837 2546 1953 2586 rem
1982 2533 2067 2586 sui
2111 2540 2167 2587 et
2196 2534 2626 2591 observationem
2663 2538 3041 2592 mandatorum
3073 2555 3296 2594 suorum
3329 2557 3428 2597 nos

1835 2631 2113 2691 provocat,
2153 2625 2378 2680 dicens:
2412 2626 2473 2680 Si
2499 2626 2719 2697 diligitis
2741 2645 2843 2693 me,
2883 2630 3137 2684 mandata
3165 2648 3280 2686 mea
3312 2650 3424 2687 ser-

1835 2721 1953 2766 vate
1978 2712 2160 2784 (Joan.
2198 2730 2312 2781 xiv,
2340 2715 2450 2787 15).
2488 2716 2557 2772 Ει
2584 2717 2778 2773 iterum
2803 2719 2932 2775 dicit
2957 2735 2970 2774 :
3003 2720 3107 2786 Qui
3132 2723 3283 2777 habet
3311 2739 3427 2776 mea

1838 2808 2108 2868 mandata,
2141 2815 2190 2861 et
2235 2818 2406 2862 servat
2429 2826 2514 2874 ea,
2561 2809 2651 2865 ille
2677 2821 2753 2865 est
2792 2813 2882 2883 qui
2908 2813 3080 2884 diligit
3127 2830 3206 2868 me
3234 2798 3425 2887 (lbid.,

1838 2911 1886 2948 υ.
1917 2895 2030 2966 21).
2065 2896 2217 2953 Tunc
2249 2914 2484 2969 namque
2509 2900 2782 2970 diligimus
2811 2901 3001 2970 Deum,
3035 2904 3080 2958 si
3125 2903 3242 2973 ejus
3269 2921 3424 2961 man-

1839 2988 1965 3042 data
2013 3005 2314 3055 servamus,
2345 3000 2402 3045 et
2448 2993 2629 3046 omnia
2677 2994 2910 3048 visibilia
2957 3011 3053 3064 pro
3097 3011 3282 3051 amore
3306 2995 3423 3066 ejus

1839 3083 2256 3138 contemnimus.
2277 3082 2316 3137 Ε
2332 3085 2608 3140 contrario
2629 3095 2754 3142 tunc
2778 3103 3120 3159 nequaquam
3148 3105 3271 3145 eum
3294 3088 3418 3146 dili-

1840 3170 2046 3242 gimus,
2097 3187 2220 3226 cum
2265 3171 2381 3240 ejus
2419 3185 2689 3246 prmcepta
2722 3193 2828 3232 non
2879 3179 3235 3234 custodimus.
3272 3180 3426 3236 Unde

1839 3262 2072 3320 Joannes
2126 3268 2401 3337 apostolus
2450 3269 2566 3323 ait:
2623 3270 2727 3336 Qui
2783 3273 2910 3326 dicit
2955 3274 3204 3342 quoniam
3263 3275 3424 3346 diligo

1838 3355 2028 3422 Deum,
2080 3367 2127 3411 et
2155 3359 2406 3414 mandata
2432 3360 2548 3430 ejus
2590 3378 2693 3416 non
2719 3363 2968 3428 custodit,
3011 3365 3237 3419 mendax
3267 3376 3341 3419 est
3373 3364 3427 3438 (ι

1837 3449 1997 3504 Joan.
2037 3465 2112 3515 tv,
2146 3449 2259 3520 20).
2311 3451 2451 3505 Vere
2497 3452 2642 3507 enim
2674 3452 2950 3524 diligimus
2977 3456 3172 3520 Deum,
3225 3456 3272 3511 si
3311 3456 3428 3524 ejus

1839 3543 2092 3594 mandata
2121 3541 2490 3597 observamus.
2534 3543 2593 3597 In
2630 3546 2946 3613 operatione
2992 3557 3174 3602 autem
3206 3549 3428 3604 manda-

1840 3639 2020 3687 torum
2048 3631 2166 3702 ejus
2213 3648 2540 3700 cognoscere
2581 3650 2867 3704 possumus
2901 3645 3078 3692 utrum
3108 3639 3278 3694 Deum
3306 3639 3428 3695 dili-

1839 3738 2031 3794 gamus
2080 3740 2149 3778 an
2203 3740 2332 3778 non.
2396 3724 2512 3780 Non
2561 3727 2705 3780 enim
2747 3729 2995 3785 ordinem
3047 3731 3425 3788 mandatorum

1840 3813 2041 3868 Christi
2072 3815 2160 3869 hic
2198 3815 2441 3869 inserere
2466 3831 2564 3886 per
2587 3818 2768 3871 omnia
2798 3820 3166 3890 disposuimus
3187 3865 3201 3889 ,
3235 3823 3329 3879 sed
3356 3840 3423 3881 ex

1840 3912 2014 3975 parte,
2068 3914 2123 3960 ct
2152 3914 2414 3975 quantum
2451 3908 2518 3962 ad
2547 3909 2884 3979 propositum
2914 3921 3162 3968 nostrum
3207 3913 3423 3982 sullicit,

1840 4007 1896 4053 et
1917 4014 2156 4070 praesens
2181 4001 2320 4054 ratio
2343 4001 2600 4070 postulat.
2641 4001 2688 4056 A
2713 4012 2868 4073 parte
2893 4005 3036 4060 enim
3065 4015 3237 4062 totum
3269 4008 3428 4065 intel-

1838 4090 2045 4162 ligitur.
2098 4090 2338 4146 Primum
2389 4091 2572 4162 itaque
2620 4109 2684 4148 ea
2730 4111 3163 4156 commemorare
3211 4111 3428 4171 oportet

1839 4197 1960 4252 qua:
1994 4197 2094 4238 nos
2120 4183 2186 4236 ad
2218 4198 2460 4239 amorem
2505 4184 2602 4239 Dei
2633 4195 2688 4240 et
2730 4187 2961 4256 proximi
3003 4201 3334 4258 provocent,
3375 4193 3426 4248 id

1839 4283 1924 4330 est
1947 4292 1959 4328 :
1989 4273 2187 4344 Diliges
2221 4275 2505 4330 Dominum
2532 4275 2700 4331 Deum
2726 4287 2874 4331 tuum
2901 4297 2966 4334 ea:
2995 4290 3103 4334 toto
3128 4283 3285 4338 corde
3310 4294 3422 4351 tuo,

1840 4371 1889 4416 et
1909 4379 1973 4416 ea:
1999 4372 2106 4418 tota
2131 4374 2298 4418 mente
2330 4375 2443 4432 tua,
2470 4376 2520 4420 et
2561 4384 2625 4420 ex
2649 4368 2885 4422 omnibus
2912 4371 3105 4424 viribus
3135 4374 3240 4426 tuis
3265 4391 3283 4437 ;
3327 4375 3423 4430 hoc

1839 4463 1916 4509 est
1949 4455 2235 4507 maximum
2274 4465 2321 4509 et
2365 4457 2593 4526 primum
2621 4458 2948 4513 mandatum.
2995 4458 3291 4516 Secundum
3331 4482 3426 4520 au-

1841 4557 1941 4601 tem
1971 4545 2138 4600 simile
2156 4555 2232 4600 est
2276 4547 2398 4600 huic
2420 4565 2438 4602 :
2467 4549 2664 4619 Diliges
2688 4551 2983 4618 proximum
3011 4562 3160 4607 tuum
3197 4556 3331 4610 sicut
3358 4566 3410 4613 te

1841 4641 2030 4712 ipsum.
2068 4639 2138 4694 In
2163 4641 2244 4695 his
2266 4639 2470 4695 duobus
2498 4642 2762 4697 mandatis
2784 4653 2893 4698 tota
2913 4644 2999 4700 lea:
3025 4648 3212 4719 pendet
3231 4659 3279 4704 et
3300 4667 3426 4721 pro-

1842 4735 2010 4806 phetw
2035 4732 2252 4804 (Matth.
2281 4750 2420 4801 χχιι,
2448 4733 2559 4806 57).
2605 4734 2758 4790 Unde
2784 4737 2974 4793 beatus
2993 4737 3288 4811 Gregorius
3319 4743 3422 4798 ait:

1844 4826 2116 4895 Praecepta
2145 4825 2426 4882 Dominica
2451 4827 2619 4883 multa
2667 4837 2794 4884 sunt
2839 4838 2894 4885 et
2917 4847 3105 4886 unum.
3142 4833 3302 4888 Multa
3327 4851 3426 4903 per

1845 4903 2213 4975 diversitatem
2243 4921 2442 4991 operis,
2490 4937 2656 4978 unum
2691 4923 2744 4978 in
2782 4923 2964 4981 radice
2993 4926 3315 4980 dilectionis.
3363 4927 3422 4982 Si

1847 5012 1902 5068 in
1946 5014 2033 5068 his
2065 5015 2273 5070 duobus
2326 5017 2609 5087 praeceptis
2645 5025 2756 5072 tota
2813 5018 2898 5072 lex
2949 5020 3144 5088 pendet
3195 5027 3252 5074 et
3301 5035 3426 5088 pro-

1845 5105 2042 5174 phetae,
2083 5104 2205 5159 etsi
2240 5104 2447 5160 utilitas
2485 5108 2727 5162 omnium
2771 5107 3146 5163 mandatorum
3173 5125 3278 5163 una
3321 5119 3423 5177 est,

1847 5207 1903 5253 et
1926 5200 1972 5254 si
2004 5199 2186 5254 omnia
2223 5199 2478 5254 mandata
2513 5218 2676 5257 unum
2707 5217 2827 5257 esse
2851 5201 3123 5268 videntur,
3169 5212 3293 5260 tunc
3317 5221 3424 5262 non

1850 5300 1934 5347 est
1971 5291 2126 5346 nobis
2158 5307 2379 5347 necesse
2421 5302 2616 5348 cuncta
2654 5293 2903 5347 mandata
2939 5292 3033 5348 Dei
3065 5293 3116 5346 in
3153 5295 3255 5350 hoc
3279 5296 3426 5364 capi-

1853 5382 1963 5438 tulo
1989 5382 2264 5454 sigillatim
2291 5383 2552 5438 inserere.
2586 5381 2694 5437 Sed
2717 5383 2998 5438 videamus
3020 5385 3150 5454 quid
3185 5387 3256 5440 sit
3279 5387 3422 5456 quod

1853 5476 2008 5532 nobis
2038 5476 2382 5547 praecipitur:
2427 5475 2624 5547 Diliges
2667 5475 2950 5530 Dominum
2977 5477 3145 5533 Deum
3187 5490 3332 5533 tuum
3360 5495 3427 5535 ea:

1853 5577 1958 5622 toto
2001 5573 2156 5622 corde
2180 5578 2291 5622 tuo.
2346 5569 2484 5638 Quid
2533 5568 2675 5622 enim
2703 5574 2789 5622 est
2831 5565 2999 5623 Deum
3027 5584 3090 5624 ex
3120 5578 3234 5624 toto
3263 5571 3426 5628 corde

1851 5660 2094 5732 diligere,
2133 5663 2236 5716 nisi
2266 5671 2325 5715 ut
2360 5676 2454 5715 cor
2474 5668 2718 5714 nostrum
2747 5675 2855 5715 non
2891 5661 2962 5716 sit
2990 5662 3310 5718 inclinatum
3352 5663 3424 5720 ad

1852 5757 2011 5813 ullius
2036 5758 2379 5813 dilectionem
2416 5755 2646 5826 amplius
2668 5772 2830 5828 quam
2856 5755 2990 5813 Dei?
3039 5757 3199 5814 Verbi
3227 5759 3426 5832 gratia,

1806 5886 1815 5895 .
1852 5850 1895 5904 si
1923 5865 2132 5916 aurum,
2161 5851 2207 5906 si
2242 5859 2548 5920 argentum,
2577 5849 2622 5905 si
2645 5850 2825 5906 varias
2851 5851 3220 5923 possessiones
3244 5860 3298 5907 et
3329 5853 3426 5908 hoe
