4044 6338
534 385 631 448 0H
1550 384 1612 440 S.
1653 379 2016 440 BENEDICTI
2051 382 2110 437 Al

2216 381 2346 438 ηις,
2383 380 2793 439 ΑΜΔΝΕΠΘΒ
3689 383 3798 444 612

527 516 688 557 nores
721 500 1070 570 temporales,
1125 500 1170 555 si
1200 497 1492 568 mancipia,
1533 505 1590 552 et
1614 497 1899 562 animalia,
1942 505 2105 553 eaete-
2133 497 2188 562 Α
2210 496 2408 553 fratres
2433 497 2564 561 mei,
2585 503 2648 558 et
2682 494 2962 565 prosimus
2983 503 3202 554 nostros
3241 501 3301 547 ut
3328 507 3548 564 propm
3583 511 3798 556 Viscera

529 609 696 664 raque
723 592 1032 662 hujusmodi
1082 601 1196 649 toto
1236 591 1428 653 aifeetu
1467 591 1740 658 diligimus
1765 631 1780 656 ,
1833 591 2000 646 Deum
2037 605 2106 644 ex
2206 589 2448 660 diligere,
2478 600 2538 646 ut
2567 589 2728 652 simul
2752 603 2875 644 cum
2905 587 2987 644 eis
3020 587 3087 646 ad
3125 587 3320 658 gaudia
3347 590 3683 658 sempiterna
3719 589 3800 650 fe-

531 694 644 740 toto
664 685 828 740 corde
857 699 966 739 non
990 699 1252 740 amamus.
1305 682 1411 736 Pro
1454 689 1654 750 quanta
1681 682 1825 736 enim
1853 689 2005 750 parte
2050 680 2106 734 in

529 779 710 849 aliquo
740 781 935 833 horum
984 792 1138 832 amor
1171 775 1350 831 cordis
1396 775 1568 828 nostri
1601 774 1764 829 fuerit
1787 782 2102 843 occupatus,

527 891 628 945 pro
673 882 822 929 tanta
852 881 1006 944 parte
1035 874 1214 926 minus
1259 869 1437 925 estad
1479 870 1669 934 Deum,
1719 878 1774 923 et
1823 884 1922 937 pro
1957 877 2106 922 tanta

528 976 681 1038 parte
707 966 886 1021 minus
908 965 1175 1034 diligimus
1210 962 1399 1016 Deum.
1431 960 1584 1016 Sicut
1623 961 1769 1014 enim
1813 969 1960 1014 casta
1990 975 2108 1013 mu-

530 1057 648 1124 lier,
695 1073 816 1128 quae
840 1057 1013 1110 virum
1061 1070 1218 1109 suum
1248 1061 1429 1117 amat,
1475 1051 1679 1106 nullum
1715 1051 1877 1105 alium
1921 1058 2103 1114 amat,

529 1148 608 1204 ita
631 1158 687 1204 et
713 1149 892 1212 homo,
918 1148 962 1202 si
993 1146 1162 1200 Deum
1187 1153 1370 1208 amat,
1399 1145 1658 1198 mundum
1689 1158 1794 1200 non
1838 1153 1987 1198 amat
2013 1161 2025 1196 :
2057 1142 2106 1197 si

529 1250 710 1295 autem
734 1239 990 1294 mundum
1026 1235 1310 1301 amaverit,
1339 1235 1452 1306 jam
1498 1234 1668 1290 Deum
1695 1251 1762 1289 ex
1793 1242 1910 1289 toto
1940 1233 2105 1289 corde

526 1348 634 1389 non
686 1332 880 1403 diligit.
923 1331 992 1384 Et
1031 1331 1154 1388 ideo
1198 1328 1545 1384 reﬂectamns
1594 1344 1689 1382 cor
1736 1335 2002 1392 nostrum,
2050 1336 2106 1382 et

526 1436 760 1484 mentem
787 1434 1049 1493 nostram,
1079 1434 1135 1482 et
1167 1441 1358 1480 omnes
1400 1431 1556 1479 actus
1579 1430 1800 1478 nostros
1824 1423 1892 1478 ab
1919 1436 2106 1476 amore

523 1519 818 1575 visibilium
845 1533 1050 1584 rerum,
1079 1525 1135 1573 et
1158 1517 1328 1571 Deum
1359 1532 1425 1571 ex
1447 1524 1563 1571 toto
1591 1517 1778 1580 corde,
1807 1523 1861 1570 et
1887 1531 1954 1570 ex
1992 1521 2104 1568 tota

525 1613 728 1677 anitna,
779 1620 835 1666 et
887 1627 954 1666 ex
1002 1619 1116 1667 tota
1163 1611 1362 1665 virtute
1411 1611 1714 1680 diligamus.
1772 1609 1925 1664 Tunc
1959 1607 2104 1662 enim

523 1701 693 1757 Deum
724 1703 1016 1773 diligimus,
1057 1702 1103 1756 si
1128 1715 1318 1756 omnes
1359 1715 1554 1756 sensus
1589 1701 1782 1765 nostri,
1818 1700 1910 1769 qui
1937 1699 2106 1768 perti-

523 1798 741 1852 nentad
765 1803 1020 1861 mentem,
1074 1796 1184 1851 Deo
1219 1802 1455 1852 vacant:
1506 1795 1552 1848 si
1587 1795 1893 1848 intellectus
1921 1799 2106 1848 noster

2206 680 2382 736 liciter
2410 681 2694 752 pervenire
2717 689 2772 736 et
2799 681 3036 750 gaudere
3064 696 3394 744 mereamur.

2756 792 2985 848 CAPUT
3023 793 3236 848 XXVII.

2207 882 2583 937 Lamentabilis
2626 884 2906 953 descriptio
2949 885 3014 957 de
3060 883 3140 938 his
3180 886 3273 957 qui
3313 897 3574 957 pracepta
3601 888 3807 949 Christi

2785 971 2888 1012 non
2917 956 3208 1014 observant.

2276 1044 2351 1100 De
2399 1046 2683 1114 praeceptis
2733 1062 2864 1116 ergo
2908 1045 3126 1106 Domini
3187 1049 3364 1108 nostri
3411 1048 3542 1108 Jesu
3591 1050 3802 1110 Christi

2205 1153 2373 1194 unum
2405 1139 2580 1196 adhuc
2601 1139 2894 1209 capitulum
2922 1140 3174 1209 excipere
3202 1143 3346 1202 volui
3372 1160 3388 1207 ;
3435 1144 3528 1200 sed
3554 1160 3679 1202 cum
3713 1163 3801 1202 re-

2211 1227 2528 1288 miniscerer
2564 1231 2708 1297 quod
2733 1229 2852 1286 istis
2881 1231 3214 1300 temporibus
3238 1247 3374 1302 pene
3397 1232 3510 1301 jam
3541 1251 3706 1292 nemo
3729 1239 3804 1294 sit

2213 1319 2306 1388 qui
2334 1335 2397 1373 ea
2425 1319 2718 1382 observare
2747 1321 2927 1380 valeat
2953 1321 3038 1382 vel
3066 1331 3312 1393 sategat,
3346 1325 3520 1394 majus
3549 1327 3682 1380 mihi
3710 1329 3804 1385 de-

2209 1411 2472 1466 siderium
2499 1411 2706 1468 exstitit
2736 1411 2894 1472 ﬂendi
2925 1429 3086 1483 quam
3113 1414 3408 1478 Scribendi.
3441 1414 3631 1476 Merito
3651 1419 3806 1474 enim

2206 1504 2494 1574 lugendum
2544 1514 2628 1560 est
2667 1505 2952 1575 praesentis
2998 1507 3122 1562 vitm
3165 1513 3375 1576 tempus
3401 1547 3420 1573 ,
3471 1508 3526 1568 in
3562 1524 3671 1577 quo
3723 1519 3807 1564 tot

2206 1597 2345 1652 mala
2379 1604 2638 1666 tantaque
2673 1596 2874 1665 ﬂagitia
2923 1597 3168 1658 videmus
3195 1599 3439 1667 quotidie
3479 1600 3759 1658 cumulari
3787 1619 3803 1666 ;

2207 1704 2325 1758 quae
2371 1690 2416 1742 si
2447 1689 2676 1748 velimus
2703 1705 2800 1759 per
2843 1691 3052 1761 singula
3100 1692 3470 1756 considerare.
3515 1709 3808 1762 nunquam

2206 1780 2500 1850 poterimus
2541 1796 2570 1834 a
2609 1781 2866 1850 lacrymis
2913 1791 3234 1851 temperare.
3279 1782 3370 1842 Sic
3397 1792 3578 1842 autem
3620 1787 3808 1840 omnia

523 1888 635 1944 Deo
659 1889 951 1953 ministrat,
1001 1851 1048 1942 si
1073 1887 1335 1956 sapientia
1383 1895 1567 1942 nostra
1607 1887 1754 1940 circa
1797 1885 1968 1938 Deum
1997 1892 2102 1949 est,
2134 1851 2182 1920 Β
2211 1863 2453 1934 confinia.
2485 1871 2564 1926 Sic
2594 1879 2790 1928 cuncta
2818 1881 2946 1934 sunt
2981 1873 3241 1938 resoluta.
3285 1882 3346 1932 ut
3366 1873 3479 1942 iam
3504 1891 3607 1932 nec
3633 1877 3811 1932 virtu-

523 1982 568 2035 si
593 1979 774 2035 omnis
817 1980 1075 2050 cogitatio
1109 1988 1297 2034 nostra
1347 1994 1410 2033 ea
1441 1994 1562 2049 qua:
1587 1978 1682 2032 Dei
1727 1985 1856 2032 sunt
1887 1985 2102 2031 tractat.

523 2071 676 2126 Tunc
707 2071 870 2125 etiam
901 2085 1029 2124 vere
1052 2070 1219 2124 Deum
1248 2068 1541 2136 diligimus,
1571 2069 1618 2124 si
1646 2082 1864 2136 semper
1900 2068 1964 2122 de
1988 2065 2108 2134 ejus

525 2161 748 2216 servitio
778 2161 1074 2231 cogitamus
1128 2167 1184 2215 et
1228 2158 1542 2229 loquimur,
1595 2167 1652 2212 et
1697 2158 1814 2228 ejus
1851 2158 2104 2212 mandata

518 2252 667 2323 juxta
700 2252 845 2306 vires
865 2252 1160 2322 adimplere
1196 2252 1517 2322 satagimus.
1549 2250 1692 2306 Deus
1714 2251 1857 2305 enim
1912 2265 2019 2304 non
2046 2265 2106 2305 se

519 2343 702 2400 verbis
737 2352 947 2398 tantum
976 2343 1092 2398 vult
1121 2343 1292 2413 diligi,
1331 2343 1428 2396 sed
1474 2344 1635 2400 corde
1663 2358 1800 2412 puro
1848 2349 1902 2394 et
1929 2343 2108 2411 operi-

520 2436 621 2490 bus
643 2434 822 2503 justis.
851 2435 966 2488 Non
988 2436 1224 2504 postulat
1251 2451 1280 2488 a
1309 2436 1466 2490 nobis
1493 2449 1688 2488 aurum
1719 2449 1894 2503 neque
1921 2450 2111 2504 argen-

522 2535 659 2586 tum,
691 2539 866 2595 neque
893 2525 1094 2594 aliquid
1119 2525 1464 2594 hnjusmodi;
1507 2527 1600 2581 sed
1635 2527 1681 2580 si
1713 2525 1912 2580 fuerint
1954 2527 2110 2581 nobis

524 2617 648 2681 ista,
680 2617 952 2686 dispertiri
983 2618 1266 2686 egentibus
1290 2619 1553 2689 praecipit.
1583 2619 1689 2673 Nos
1721 2621 1868 2689 ipsos
1893 2619 2106 2689 quaerit,

524 2711 578 2765 in
609 2710 767 2764 nobis
793 2710 1132 2780 requiescere
1166 2712 1332 2780 cupit.
1385 2711 1498 2765 Hoc
1528 2711 1868 2766 solummodo
1894 2729 1925 2766 a
1954 2710 2108 2765 nobis

525 2799 694 2870 exigit
718 2808 777 2853 ut
806 2814 929 2854 eum
958 2815 1024 2854 ex
1056 2808 1169 2856 toto
1189 2802 1352 2856 corde
1390 2801 1676 2872 diligamus
1699 2844 1713 2867 ,
1760 2810 1815 2857 et
1851 2804 2108 2857 mandata

523 2894 638 2963 ejus
671 2895 1078 2961 custodiamus,
1136 2905 1191 2950 et
1234 2895 1430 2966 templa
1481 2905 1668 2951 nostra
1723 2897 2004 2966 impolluta
2056 2897 2108 2950 ei

525 3003 826 3053 servemus,
857 2997 1121 3056 quatenus
1147 2989 1262 3058 ipse
1291 3005 1507 3059 semper
1535 2990 1587 3043 in
1620 2990 1775 3044 nobis
1801 2990 2028 3054 habitet,
2057 2999 2111 3044 et

529 3092 630 3131 nos
653 3078 705 3131 in
739 3077 828 3132 illo
854 3093 1286 3148 permaneamus.
1321 3080 1662 3150 Quapropter
1700 3081 2020 3137 accedamus
2045 3082 2110 3135 ad

529 3183 650 3223 eum
675 3179 727 3222 et
749 3170 1063 3239 copuiemur
1089 3172 1141 3225 in
1171 3172 1361 3226 aiiectu
1392 3174 1529 3244 ejus.

597 3259 890 3329 Sequitur:
925 3262 1160 3332 Diliges,
1207 3263 1396 3332 inquit,
1443 3265 1746 3334 proximum
1793 3274 1942 3318 tuum
1973 3266 2109 3318 sicut

526 3353 764 3422 teipsum.
809 3351 914 3418 Qui
941 3353 1115 3424 diligit
1138 3355 1456 3425 proximum,
1500 3357 2002 3427 inquitApostolus,
2038 3359 2113 3411 le-

525 3461 640 3516 gem
668 3444 898 3516 implevit
935 3445 1110 3518 (Rom.
1141 3463 1259 3512 xm,
1307 3448 1362 3521 8)
1389 3465 1403 3511 :
1453 3449 1544 3519 qui
1575 3460 1755 3504 autem
1781 3465 1812 3504 e
1837 3451 2112 3505 contrario

525 3537 664 3602 odit,
690 3537 959 3592 homicida
991 3547 1092 3593 est.
1120 3539 1221 3607 Qui
1249 3541 1557 3610 proximum
1588 3557 1744 3596 suum
1773 3543 1944 3614 diligit
1974 3542 2114 3597 sicut

525 3631 907 3700 seipsum,non
931 3633 1130 3688 occidit
1159 3634 1332 3700 illum,
1350 3651 1456 3690 non
1484 3638 1741 3691 mentitur
1767 3638 1836 3690 illi
1859 3653 2016 3706 quem
2035 3637 2113 3691 di-

528 3721 662 3793 ligit,
696 3738 800 3778 non
831 3723 1026 3779 falsum
1055 3727 1425 3782 testimonium
1472 3728 1536 3782 de
1563 3745 1628 3783 eo
1655 3728 1803 3793 dicit,
1844 3745 1943 3783 nec
1973 3728 2116 3782 illius

531 3827 646 3866 rem
699 3816 1068 3883 concupiscit;
1116 3832 1222 3871 non
1278 3818 1501 3888 insuper
1535 3819 1637 3872 hoc
1688 3819 1830 3887 quod
1869 3833 1974 3872 non
1999 3819 2115 3872 vult

527 3913 586 3959 ut
615 3905 774 3959 faciat
798 3907 848 3960 el
874 3907 1070 3976 aliquis
1092 3950 1105 3972 ,
1141 3909 1273 3962 facit
1301 3910 1378 3962 illi
1404 3925 1562 3979 quem
1600 3911 1737 3964 sicut
1766 3912 2002 3980 scipsum
2035 3912 2114 3965 dic

529 3997 663 4066 ligit.
695 3996 954 4066 Sequitur
979 4012 992 4051 z
1027 3998 1093 4052 In
1119 3999 1200 4052 his
1229 4000 1431 4054 duobus
1461 4002 1726 4054 mandatis
1757 4011 1864 4054 tota
1887 4001 1970 4054 [es
1995 4017 2117 4070 pen-

530 4085 614 4138 det
641 4095 686 4138 et
729 4087 990 4155 prophetae
1017 4086 1255 4157 .(Matth.
1301 4103 1434 4152 χχιι,
1465 4087 1554 4158 40)
1585 4106 1598 4153 ;
1644 4088 1754 4156 jam
1782 4089 1925 4142 enim
1952 4103 2114 4159 supra

532 4179 786 4244 diximus,
815 4187 874 4232 ut
895 4179 1136 4233 omnium
1163 4181 1540 4234 mandatorum
1566 4197 1670 4234 una
1699 4189 1781 4234 est
1809 4181 2028 4245 utilitas,
2062 4189 2118 4235 et

532 4269 714 4326 omnia
751 4269 1002 4323 mandata
1031 4284 1197 4332 unum
1225 4269 1481 4322 videntur
1525 4285 1643 4322 esse
1675 4271 2010 4333 mandatum,
2040 4270 2114 4323 ita

495 4389 498 4392 ~
533 4361 634 4416 sibi
666 4361 894 4416 invicem
920 4361 1215 4426 cohaerent,
1247 4370 1308 4414 ut
1359 4360 1588 4414 alterum
1628 4361 1745 4413 sine
1794 4360 1966 4414 altero
1995 4375 2117 4415 esse

533 4467 640 4507 non
670 4452 860 4521 possit.
906 4449 1014 4505 Nec
1036 4451 1182 4504 enim
1228 4450 1373 4505 Deus
1401 4465 1527 4504 vere
1555 4449 1672 4504 sine
1698 4450 1968 4520 proximo,
2017 4465 2116 4505 nec

2209 1961 2278 2016 tis
2303 1961 2522 2029 quidem
2545 1961 2836 2033 vestigium
2865 1978 3092 2033 usquam
3114 1973 3394 2033 appareat.
3425 1966 3499 2020 De
3525 1966 3812 2035 spurcitiis

2205 2053 2352 2108 enim
2385 2061 2439 2108 et
2467 2053 2724 2120 iuxuriis,
2753 2063 2918 2125 atque
2943 2057 3009 2112 de
3035 2058 3247 2112 caeteris
3285 2058 3569 2128 nequitiis,
3601 2062 3812 2117 nostris

2207 2142 2397 2200 diebus
2417 2145 2678 2210 mundum
2705 2145 2970 2215 repletum
2991 2161 3113 2202 esse
3132 2147 3494 2216 perspicimus
3517 2166 3532 2202 :
3562 2158 3644 2213 et,
3661 2149 3810 2218 quod

2207 2245 2292 2292 est
2313 2238 2554 2300 omnium
2581 2237 2847 2296 malorum
2877 2235 3163 2303 infelicius,
3205 2238 3320 2308 jam
3344 2256 3448 2296 nec
3483 2241 3589 2311 ipsi
3619 2257 3814 2300 emen-

2209 2329 2424 2395 dantur,
2456 2344 2556 2383 nec
2580 2329 2701 2384 aliis
2744 2330 3064 2388 emendandi
3112 2331 3420 2400 exemplum
3455 2333 3808 2401 praebemus;

2209 2421 2304 2476 sed
2333 2436 2521 2476 sumus
2548 2421 2692 2478 velut
2716 2420 2962 2490 sepulcra
3004 2420 3274 2485 deallmta,
3323 2436 3444 2490 qua:
3469 2438 3501 2476 a
3547 2422 3687 2478 foris
3714 2438 3812 2492 ap-

2206 2523 2402 2584 parent
2439 2512 2750 2570 bominibus
2800 2513 3064 2582 speciosa,
3121 2513 3268 2568 intus
3293 2528 3424 2570 vero
3468 2512 3632 2582 plena
3681 2521 3814 2568 sunt

2209 2607 2424 2662 ossibus
2444 2615 2782 2660 mortuorum
2807 2611 2862 2662 et
2881 2605 3028 2658 omni
3060 2605 3342 2673 spurcitia.
3373 2604 3442 2662 Et
3462 2605 3698 2675 contigit
3719 2621 3813 2660 no-

2208 2697 2294 2752 bis
2332 2697 2434 2750 hoc
2470 2696 2612 2765 quod
2657 2696 2762 2754 illis
2811 2695 2947 2751 solet
2993 2697 3212 2754 evenire
3258 2696 3351 2765 qui
3386 2695 3473 2754 vel
3503 2696 3809 2766 phrenesin

2211 2788 2519 2858 patiuntur,
2562 2787 2645 2842 vel
2692 2796 2874 2842 mente
2923 2787 3064 2857 capti
3121 2798 3291 2853 sunt;
3338 2803 3369 2846 a
3420 2787 3622 2856 quibus
3679 2804 3809 2842 cum

2211 2880 2381 2935 multa
2415 2881 2595 2950 turpia
2629 2887 2683 2936 et
2729 2879 3028 2950 periculosa
3068 2880 3154 2936 vel
3181 2879 3466 2943 dicantur,
3518 2879 3604 2934 vel
3641 2880 3814 2934 etiam

2213 2978 2488 3040 gerantur,
2521 2985 2623 3024 nec
2651 2969 2872 3039 pudoris
2909 2969 3141 3039 aliquid,
3185 2984 3286 3028 nec
3313 2969 3480 3032 etiam
3506 2969 3816 3042 ptenitudi-

2214 3063 2299 3118 nis
2327 3063 2564 3132 capiunt,
2603 3061 2876 3134 quinimo,
2922 3069 2978 3116 et
3005 3060 3274 3130 magniﬁci
3322 3061 3426 3120 sibi
3469 3076 3534 3120 ac
3584 3061 3808 3131 sapien-

2215 3155 2382 3210 tiores
2411 3154 2664 3210 videntur
2705 3170 2825 3209 esse
2853 3154 3002 3210 sanis
3023 3169 3086 3208 ac
3109 3152 3462 3224 sapientibus.
3491 3152 3576 3212 Ita
3595 3168 3731 3224 ergo
3759 3162 3816 3208 et

2217 3263 2347 3313 nos,
2380 3263 2502 3304 cum
2549 3249 2732 3304 omnia
2759 3264 2878 3316 quin
2925 3249 3143 3310 sanitati
3190 3248 3464 3310 contraria
3495 3255 3625 3312 sunt
3667 3247 3815 3318 geri-

2216 3353 2338 3395 mus
2360 3379 2374 3405 ,
2405 3353 2506 3392 nec
2529 3339 2633 3393 hoc
2668 3339 2844 3408 ipsum
2871 3339 3088 3408 quidem
3122 3341 3265 3410 quod
3299 3348 3383 3402 est
3418 3339 3626 3400 sanitas
3653 3339 3820 3394 novi-

2216 3446 2357 3486 mus.
2403 3429 2462 3484 Si
2489 3429 2629 3488 i‘urte
2667 3431 2813 3486 enim
2845 3431 2900 3486 in
2928 3447 3155 3501 corpore
3179 3447 3373 3502 parum
3398 3431 3592 3501 aliquid
3619 3431 3816 3486 morbi

2217 3540 2318 3590 nos
2351 3511 2667 3594 pulsaverit,
2715 3525 2900 3588 statim
2926 3526 3163 3586 modicos
3197 3526 3531 3590 adhibemus,
3555 3531 3609 3584 et
3637 3538 3818 3594 pech

2216 3617 2337 3672 nias
2365 3617 2445 3674 eis
2476 3617 2703 3681 damus,
2757 3623 2813 3670 et
2859 3617 3008 3672 omni
3051 3618 3428 3682 observantia,
3462 3615 3608 3686 quod
3652 3616 3820 3680 nobis

2217 3711 2496 3780 competit,
2541 3710 2808 3779 gerimus,
2860 3724 2961 3766 nec
3004 3711 3156 3780 prius
3201 3727 3481 3768 cessamus
3527 3725 3696 3779 quam
3740 3726 3812 3766 ea

2218 3815 2338 3870 quae
2362 3800 2517 3862 nobis
2543 3800 2766 3856 molesta
2794 3809 2920 3856 sunt
2945 3801 3279 3871 mitigentur.
3309 3800 3504 3858 Anima
3529 3815 3662 3856 vero
3685 3815 3814 3856 cum

2217 3891 2456 3960 quotidie
2485 3891 2818 3958 vulneretur,
2855 3891 3108 3958 lanietur,
3165 3901 3377 3958 uratur,
3407 3893 3812 3962 praecipitetur.

2218 3998 2273 4042 et
2321 3990 2494 4044 modis
2543 3990 2794 4046 omnibus
2829 4000 3054 4059 pereat,
3093 4007 3196 4048 nec
3237 4008 3406 4062 parva
3457 3993 3679 4061 quidem
3715 4007 3817 4062 pro

2219 4079 2336 4148 ipsa
2369 4096 2468 4134 nos
2509 4095 2637 4133 cura
2675 4080 2948 4146 sollicitat.
2988 4081 3208 4162 Certqu
3253 4090 3334 4136 est
3363 4083 3506 4137 enim
3534 4083 3682 4152 quod
3714 4098 3816 4138 nos

2219 4191 2408 4232 omnes
2440 4178 2644 4246 pariter
2677 4178 2979 4246 corrumpit
3024 4187 3079 4232 et
3121 4179 3358 4236 absumit
3402 4177 3635 4242 incuria,
3684 4178 3816 4231 dum

2219 4289 2380 4329 nemo
2428 4283 2512 4329 est
2561 4274 2654 4343 qui
2707 4283 3010 4344 Opportuna
3057 4274 3300 4342 prtebeat
3347 4281 3401 4327 et
3448 4273 3814 4340 inopportuna

2218 4366 2524 4436 prohibeat,
2551 4374 2606 4419 ct
2635 4381 2756 4420 cum
2781 4381 2969 4420 omnes
2999 4381 3130 4420 cura
3157 4367 3513 4436 indigeamus,
3543 4379 3708 4418 nemo
3727 4373 3818 4418 est

2219 4455 2314 4524 qui
2345 4455 2666 4509 medicinam
2700 4455 3102 4524 praedicationis
3153 4455 3404 4510 adhibeat
3457 4461 3512 4510 et
3539 4453 3817 4522 paeniten-

534 4544 810 4612 proximus
838 4556 965 4596 vere
995 4542 1238 4609 diiigitur
1276 4543 1392 4598 sine
1424 4543 1556 4597 Deo.
1591 4542 1747 4609 Nam,
1783 4545 1920 4597 sicut
1950 4558 2114 4613 supra
2141 4571 2196 4632 Β
2222 4545 2356 4600 tiam
2387 4545 2680 4599 curationis
2707 4545 2968 4614 imponat.
3019 4544 3231 4600 Etenim
3261 4545 3308 4598 si
3333 4543 3616 4612 religiosus
3646 4543 3817 4598 homo

537 4633 787 4697 diximus,
821 4633 1153 4702 impossibile
1175 4642 1257 4687 est
1282 4635 1463 4688 omnia
1498 4634 1751 4690 mandata
1781 4635 1874 4689 Dei
1909 4637 1962 4688 in
2013 4637 2116 4690 hoc

536 4725 770 4793 capitulo
794 4725 1056 4790 inserere,
1087 4727 1180 4780 sed
1210 4726 1445 4780 breviter
1475 4729 1854 4796 succincteque
1879 4742 1942 4781 ea
1973 4743 2118 4781 com-

537 4817 955 4872 memoravimus
976 4831 1094 4885 quat
1117 4833 1217 4872 nos
1248 4818 1312 4870 ad
1341 4833 1579 4872 amorem
1612 4820 1702 4872 Dei
1731 4820 1938 4889 possint
1964 4820 2114 4873 exci-

539 4917 676 4964 tare.
730 4909 1022 4966 Sciendum
1064 4917 1239 4964 tamen
1289 4914 1445 4967 nobis
1477 4921 1559 4968 est
1609 4915 1731 4983 quia
1784 4931 1890 4967 non
1939 4914 2112 4968 solum

539 5009 805 5071 praecepta
854 5002 1184 5072 evangelica,
1235 5019 1420 5057 verum
1469 5005 1633 5060 etiam
1691 5007 2010 5075 prophetica
2060 5014 2115 5060 et

539 5094 829 5164 apostolica
856 5095 1109 5149 mandata
1130 5095 1540 5166 diligentissime
1567 5097 1819 5160 scrutari,
1846 5107 1897 5150 et
1923 5098 2120 5154 fidelis-

542 5188 674 5241 sime
702 5189 1014 5253 observare,
1065 5196 1122 5241 et
1170 5188 1392 5242 obedire
1437 5190 1519 5242 eis
1566 5190 1841 5242 debemus.
1892 5189 2124 5259 ideoque

543 5279 853 5334 studeamus
873 5279 1042 5333 Deum
1073 5293 1140 5333 ex
1167 5285 1280 5332 toto
1303 5279 1470 5333 corde
1511 5279 1752 5349 diligere,
1781 5291 1836 5333 et
1871 5281 2124 5334 mandata

540 5367 656 5436 ejus
688 5370 939 5435 scrutari,
969 5379 1024 5424 et
1057 5385 1272 5438 semper
1311 5377 1434 5423 ante
1456 5369 1642 5423 oculos
1672 5370 1868 5423 mentis
1899 5370 2118 5438 habere,

540 5469 594 5516 et
613 5476 677 5515 ea
702 5475 808 5514 non
828 5475 896 5517 ex
921 5469 1098 5532 parte,
1133 5461 1226 5514 sed
1267 5476 1365 5530 per
1396 5461 1576 5514 omnia
1605 5459 1826 5530 diligere
1852 5478 1865 5524 ;
1921 5471 2112 5530 quate-

543 5567 644 5605 nus
668 5550 816 5604 illam
860 5550 1246 5605 beatitudinem
1294 5550 1551 5616 consequi
1600 5563 1906 5602 mereamur
1951 5565 2111 5618 quam

542 5641 630 5696 ille
654 5642 992 5712 hymnidicus
1011 5657 1107 5697 rex
1127 5650 1184 5696 et
1201 5629 1462 5711 propheta
1486 5650 1872 5696 commemorat
1894 5642 2105 5697 dicens:

545 5732 692 5787 Beati
725 5735 812 5803 qui
845 5743 1148 5790 scrutantur
1185 5735 1480 5792 testimonia
1517 5734 1664 5803 ejus,
1715 5734 1769 5788 in
1810 5743 1917 5788 toto
1955 5737 2110 5790 corde

545 5829 818 5894 exquirunt
850 5844 964 5882 eum
993 5825 1164 5897 (Psal.
1209 5844 1395 5891 cxvnt,
1425 5827 1502 5897 2).
1548 5826 1870 5884 Studeamus
1919 5832 2104 5895 etiam,

2221 4637 2418 4705 aliquis
2445 4636 2780 4691 extrinsecus
2824 4638 3183 4704 undecunque
3228 4637 3282 4692 in
3313 4636 3396 4698 his
3431 4636 3682 4706 partibus
3718 4635 3821 4688 ad-

2220 4727 2450 4788 veniret,
2484 4735 2540 4780 et
2580 4734 2970 4796 praeceptorum
3003 4727 3203 4782 Christi
3244 4742 3309 4782 ac
3335 4734 3536 4783 nostra:
3583 4732 3821 4780 Conver-

2223 4819 2450 4874 sationis
2485 4817 2856 4873 confusionem
2885 4819 3114 4884 videret,
3145 4818 3330 4872 nescio
3355 4818 3398 4872 si
3426 4817 3564 4872 alios
3598 4816 3823 4884 aliquos

2221 4909 2396 4978 magis
2425 4924 2588 4978 quam
2623 4923 2721 4964 nos
2762 4909 3010 4966 inimicos
3051 4923 3172 4963 esse
3197 4917 3250 4963 et
3275 4908 3582 4970 contrarios
3607 4923 3822 4976 praece—

2220 5008 2436 5070 ptorum
2455 5000 2657 5054 Christi
2673 5000 2962 5069 judicaret,
2992 5010 3045 5056 et
3075 5001 3229 5070 quasi
3253 5000 3344 5069 qui
3377 4999 3616 5060 studium
3639 4999 3821 5068 quod-

2224 5093 2350 5150 dam
2393 5093 2742 5150 habuerimus
2782 5094 2836 5148 in
2878 5095 3130 5150 omnibus
3156 5095 3428 5150 contraria
3461 5107 3621 5163 agere
3645 5106 3819 5162 quam

2225 5184 2472 5240 Christus
2520 5186 2674 5240 nobis
2721 5187 2991 5255 praecepit.
3041 5186 3148 5241 Sed
3199 5203 3268 5244 ne
3310 5187 3430 5256 quis
3477 5191 3630 5254 putet
3673 5183 3823 5236 forte

2227 5279 2659 5348 exaggeratiouis
2687 5294 2848 5334 causa
2879 5297 2910 5334 a
2946 5294 3034 5337 me
3060 5279 3175 5336 hzec
3202 5280 3364 5342 verba
3403 5275 3660 5347 proferri.
3687 5290 3824 5344 pro-

2229 5371 2478 5428 bameuta
2499 5370 2611 5438 jam
2653 5385 2796 5423 nunc
2820 5369 3085 5430 adhibebo
3105 5409 3120 5434 ,
3156 5385 3263 5424 noti
3287 5368 3504 5428 aliunde
3529 5381 3698 5435 quam
3747 5364 3824 5420 de

2224 5463 2356 5531 ipsis
2405 5461 2604 5518 Christi
2650 5460 2960 5525 mandatis;
3015 5459 3264 5524 Christus
3313 5459 3458 5516 enim
3510 5465 3703 5512 noster
3759 5453 3822 5517 in

2221 5555 2511 5626 Evangelio
2565 5555 2684 5608 ait:
2736 5553 2970 5616 Audistis
2999 5555 3123 5624 quia
3167 5555 3366 5616 dictum
3403 5563 3479 5608 est
3526 5552 3766 5623 antiquis
3799 5564 3820 5602 ε

2223 5647 2346 5702 Non
2383 5646 2626 5711 occides;
2670 5646 2762 5716 qui
2809 5654 2986 5700 autem
3012 5646 3279 5711 occiderit,
3308 5663 3426 5700 reus
3459 5645 3559 5706 erit
3577 5642 3817 5712 judicio.

2220 5737 2334 5807 Ego
2363 5749 2533 5794 autem
2574 5737 2692 5791 dico
2717 5737 2878 5803 vobis,
2923 5738 3048 5808 quia
3074 5739 3242 5796 omnis
3267 5739 3360 5808 qui
3382 5737 3634 5796 irascitur
3657 5736 3826 5804 fratri

2217 5850 2335 5895 suo,
2380 5848 2497 5886 reus
2520 5830 2616 5884 erit
2648 5829 2846 5894 iudicio
2875 5843 2890 5878 ἔ
2940 5830 3029 5899 qui
3066 5840 3237 5888 autem
3275 5829 3468 5886 dixerit
3501 5826 3662 5895 fratri
3695 5842 3823 5892 suo,
