3972 6328
151 417 244 477 618

799 419 1030 479 CODEX
1067 405 1524 476 REGULARUM.
1564 445 1638 460 -η
1673 408 1858 469 DARE
1894 413 1958 470 11.
2001 409 2302 470 ΗΕΒΜ
2342 409 2447 466 PP.
2492 396 2766 468 ORIENT.

3295 406 3399 470 6H

151 538 315 602 recita,
356 552 478 591 reus
507 536 608 592 erit
639 537 862 594 concilio
887 555 906 603 ;
944 539 1035 610 qui
1069 546 1242 594 autent
1266 536 1460 590 dixerit
1481 575 1496 601 ,
1543 533 1711 605 fatuo,
1741 535 1792 590 Α
1815 529 1960 584 Deus
1984 537 2042 584 et
2063 529 2327 591 Dominus
2351 534 2560 583 tantam
2588 541 2780 584 curans
2809 525 3269 586 reconciliationis
3296 545 3396 585 na-

151 651 258 690 reus
279 633 368 688 erit
397 633 644 704 gehenmu
670 635 806 706 ignis
841 633 1056 710 (Matth.
1088 651 1142 702 v,
1171 635 1262 700 21,
1291 632 1404 704 22).
1450 630 1574 686 Hmc
1601 629 1718 700 qui-

147 727 258 786 dem
295 725 552 781 Dominus
575 723 750 782 Iesus.
802 725 912 782 Nos
938 733 1118 782 autem
1155 736 1412 798 tanquam
1449 723 1713 780 increduli

147 825 198 872 et
228 816 461 872 inﬁdeles
498 818 771 874 calcamus
800 819 940 874 hanc
964 818 1157 888 legem,
1206 825 1261 874 et
1289 817 1532 890 quotidie
1553 817 1715 871 innu-

146 909 296 966 meris
325 908 538 980 iujuriis
577 908 776 966 fratres
805 919 1020 966 nostros
1069 907 1360 976 adicimus,
1405 909 1558 980 quasi
1587 909 1716 964 inde

145 1001 330 1072 aliquid
379 1003 590 1072 praemii
641 1013 1033 1075 exspectemus.
1095 1001 1202 1058 Sed
1249 1004 1530 1074 videamus
1571 1018 1718 1057 nunc

145 1102 390 1166 quantum
438 1095 509 1150 sit
545 1095 686 1163 inter
716 1095 982 1166 justitiam
1027 1096 1421 1166 Pharisaeorum
1461 1103 1514 1164 et
1554 1095 1714 1152 Chri-

145 1189 430 1244 stianorum
457 1189 768 1246 discrimen.
805 1190 929 1246 illos
953 1191 1156 1246 occisio
1182 1204 1306 1245 reos
1338 1190 1464 1245 facit
1487 1187 1712 1268 judicio,

144 1294 237 1334 nos
259 1285 434 1335 autem
463 1279 542 1335 ira
576 1279 826 1337 similiter
851 1297 974 1338 reos
1011 1280 1142 1336 facit
1163 1281 1388 1352 judicio.
1422 1280 1490 1334 Et
1529 1277 1572 1336 si
1619 1295 1716 1334 nos

144 1367 219 1423 ira
263 1383 381 1424 reos
411 1368 540 1425 facit
583 1368 809 1438 judicio,
847 1373 1118 1441 quomodo
1165 1372 1428 1439 audemus
1473 1371 1716 1442 quotidie

144 1467 251 1514 tam
269 1458 460 1516 lcriter
487 1453 600 1538 non
617 1461 788 1537 solum
816 1471 1004 1518 contra
1029 1462 1296 1532 iuniores,
1329 1465 1520 1530 verum
1547 1462 1716 1516 etiam

142 1557 320 1607 contra
345 1551 582 1622 :equales
619 1570 682 1609 ac
710 1547 941 1624 majores
969 1566 1190 1622 nostros
1221 1555 1426 1611 irasci?
1474 1550 1593 1609 Non
1633 1569 1718 1608 so—

143 1641 247 1697 lum
287 1651 466 1698 autem
518 1643 584 1699 de
628 1645 727 1711 ira,
780 1632 970 1703 verum
1022 1648 1188 1703 etiam
1235 1648 1300 1703 de
1349 1648 1496 1702 omni
1549 1648 1717 1702 verbo

141 1735 345 1802 otioso,
395 1737 690 1810 secundum
737 1738 980 1808 ejusdem
1027 1740 1242 1794 Domini
1289 1740 1459 1796 nostri
1501 1748 1718 1795 senten-

144 1827 286 1893 tiam,
337 1827 596 1884 reddituri
641 1843 828 1885 sumus
865 1832 974 1884 Deo
1020 1831 1308 1886 rationem.
1360 1831 1544 1886 Racba
1573 1829 1718 1885 enim

1817 631 1944 677 stam
1983 621 2182 676 habeat
2201 663 2216 688 ,
2267 629 2330 676 ut
2361 621 2602 692 patiatur
2651 635 2878 688 munera
2908 635 3006 678 sua
3049 619 3304 691 relinqui,
3352 633 3409 678 et

1817 721 1946 769 ante
1981 713 2156 768 altare
2201 712 2519 784 imperfecta
2566 727 2820 780 manere,
2871 721 3038 784 atque
3083 713 3408 784 interrumpi

1816 803 2076 875 mysteria
2098 817 2214 866 sua,
2247 804 2420 860 donec
2451 819 2659 873 eamus,
2699 813 2758 860 et
2782 805 3118 862 iracundiam
3143 820 3266 861 eum
3293 804 3409 861 ira-

1818 901 1992 955 tribus
2022 901 2223 956 nostris
2247 901 2536 967 solvamus.
2568 912 2622 963 et
2651 903 2824 966 nodos
2847 911 2905 959 et
2933 904 3248 960 inimicitias
3268 923 3282 958 ι
3303 918 3408 960 nos

1816 1009 1948 1049 vero
1976 1009 2080 1050 nec
2116 995 2220 1051 hoc
2245 997 2466 1066 quidem
2505 997 2896 1063 erubescimus,
2935 998 3030 1054 sed
3061 999 3180 1054 dies
3206 999 3406 1056 multos

1817 1099 2098 1140 manemus
2121 1085 2176 1140 in
2205 1085 2522 1152 inimicitiis,
2552 1095 2607 1142 et
2623 1088 2888 1144 trahimus
2913 1089 3052 1146 sicut
3076 1088 3260 1146 funem
3287 1089 3408 1146 lon-

1816 1191 1942 1246 gum)
1987 1177 2124 1232 iram
2156 1187 2212 1232 et
2261 1177 2596 1234 voluntatem
2627 1180 2858 1248 malam,
2909 1181 3219 1252 ignorantes
3258 1183 3406 1255 quod

1817 1274 2028 1322 tantum
2052 1267 2212 1338 longa
2243 1268 2350 1322 erit
2373 1267 2530 1324 nobis
2551 1283 2712 1340 pelia
2731 1279 2996 1342 quantum
3029 1279 3087 1328 et
3113 1272 3402 1328 discordia.

1817 1357 1932 1414 Hoc
1959 1361 2124 1416 etiam
2150 1361 2218 1414 ad
2240 1361 2514 1416 stimulum
2549 1370 2752 1418 nostra
2777 1364 3110 1421 confusionis
3132 1373 3239 1431 est,
3270 1375 3328 1422 ut
3358 1367 3406 1422 si

1819 1450 1948 1520 quid
1970 1450 2096 1504 boni
2126 1451 2282 1510 nobis
2306 1451 2522 1510 dicatur
2549 1452 2616 1507 de
2647 1454 2870 1510 inimico
2888 1495 2904 1520 ,
2936 1469 3044 1511 non
3091 1457 3402 1522 credimus;

1819 1540 1864 1594 si
1899 1539 2030 1609 quid
2071 1549 2256 1596 autem
2283 1541 2434 1608 mali,
2485 1543 2590 1598 hoc
2619 1543 2794 1599 solum
2821 1546 3094 1602 credimus
3129 1555 3186 1603 et
3213 1547 3410 1604 conﬁr-

1820 1645 2052 1688 mamus.
2085 1631 2153 1686 Et
2201 1633 2248 1687 si
2299 1633 2444 1691 torto
2489 1635 2652 1690 irasci
2687 1637 2845 1692 nobis
2879 1639 3108 1704 accidat,
3160 1642 3408 1712 praecipit

1819 1721 2081 1780 Dominus
2107 1730 2162 1778 ut
2193 1731 2318 1780 ante
2342 1725 2473 1781 solis
2505 1740 2763 1782 occasum
2796 1727 3134 1787 imeundiam
3160 1740 3404 1788 nostram

1823 1811 2092 1869 ﬁniamus.
2143 1813 2300 1870 Unde
2320 1815 2454 1880 dicit
2487 1831 2504 1870 :
2535 1817 2631 1873 Sol
2661 1835 2767 1872 non
2793 1819 2996 1875 occidat
3019 1837 3174 1892 super
3196 1824 3414 1880 iracun-

141 1888 332 1972 dicitur
379 1917 558 1974 inanis
603 1925 658 1972 et
703 1919 902 1974 fatuus.
940 1919 1156 1994 Etcum
1201 1920 1372 1976 frater
1411 1932 1596 1977 noster
1645 1925 1719 1980 ita

1823 1905 1968 1960 diem
2008 1915 2234 1961 castraut
2279 1906 2496 1978 (Epku.
2529 1925 2606 1975 tv,
2635 1909 2750 1983 26).
2795 1909 2906 1966 Nos
2931 1888 3112 1968 autem
3139 1929 3170 1969 e
3219 1926 3411 1970 contra

141 2008 324 2065 credat
356 2010 413 2064 in
439 2009 713 2066 Christum
740 2013 881 2066 sicut
909 2019 961 2067 et
988 2028 1109 2078 nos,
1159 2015 1430 2084 quomodo
1455 2015 1604 2071 illum
1635 2032 1726 2072 au-

141 2099 326 2156 demus
355 2101 594 2167 inanem,
647 2103 731 2158 vei
779 2102 1009 2171 fatuum,
1061 2105 1144 2160 vel
1176 2105 1382 2177 absque
1427 2117 1606 2165 mente
1633 2127 1723 2168 vo-

139 2195 302 2248 care?
347 2192 486 2249 Nam
521 2197 666 2266 quod
693 2197 952 2254 Dominus
975 2196 1142 2269 racha
1176 2205 1230 2254 et
1261 2200 1406 2270 fatue
1436 2203 1586 2269 dicit,
1617 2204 1722 2258 hoc

135 2284 371 2339 ostendit
397 2285 524 2354 quia
549 2299 649 2341 nec
678 2286 793 2343 leve
821 2290 1057 2358 quidem,
1089 2305 1189 2346 nec
1216 2291 1499 2360 minimum
1535 2293 1588 2348 in
1614 2293 1722 2362 fra-

135 2381 224 2430 tre
271 2377 520 2432 eollatum
565 2381 865 2436 convicium
911 2383 1068 2437 nobis
1110 2383 1460 2454 relaxabitur,
1508 2395 1568 2442 ut
1612 2405 1720 2458 non

131 2479 235 2534 pro
275 2467 524 2521 omnibus
544 2467 882 2536 judicemur,
931 2472 1035 2528 nisi
1081 2473 1210 2528 laeso
1263 2475 1719 2546 satisfecerimus,

133 2563 192 2610 et
214 2555 530 2627 condignam
570 2559 944 2628 pmnitentiam
997 2561 1051 2630 in
1093 2562 1197 2618 bac
1219 2566 1329 2620 vita
1369 2580 1610 2634 agamus.
1654 2567 1722 2623 Et

132 2644 257 2702 ideo
282 2647 348 2701 de
391 2646 510 2702 istis
544 2647 839 2707 levioribus
881 2655 1152 2710 mandatis
1197 2659 1523 2714 sententiam
1574 2660 1723 2716 dedit

130 2735 289 2794 nobis
322 2737 591 2806 Christus,
623 2749 684 2796 ut
723 2751 780 2798 et
811 2744 877 2799 de
910 2748 1122 2802 caeteris
1157 2750 1410 2810 omnibus
1439 2767 1558 2828 qua:
1585 2768 1722 2827 prae-

131 2829 440 2885 varieamur
462 2831 715 2890 similiter
749 2837 1068 2894 sentiamus.
1104 2840 1373 2900 Praeterea
1422 2831 1634 2916 quoque
1663 2846 1721 2901 in

132 2930 344 2978 tantum
366 2923 637 2982 humanus
661 2936 836 2984 metus
864 2930 1046 2986 timori
1073 2932 1170 2988 Dei
1201 2936 1552 3006 praeponitur,
1587 2947 1646 2992 ut
1673 2939 1723 2996 si

129 3013 384 3070 fortiores
426 3032 490 3072 ac
517 3021 846 3088 potentiores
878 3025 1046 3079 nostri
1077 3009 1323 3110 aliquam‘
1354 3027 1607 3108 injuriam
1629 3039 1722 3088 aut

129 3107 514 3163 contumeliam
546 3112 702 3167 nobis
734 3111 955 3180 faciant,
1009 3117 1152 3188 ipsas
1175 3107 1361 3174 etiam
1391 3115 1638 3198 prdmpte
1666 3133 1720 3180 et

129 3207 414 3256 mansuete
436 3203 769 3260 sustinemus
796 3222 810 3270 ;
855 3223 982 3278 erga
1029 3211 1334 3280 coaequales
1365 3228 1493 3284 vero
1523 3215 1604 3270 vel
1636 3215 1718 3270 in-
1743 3245 1790 3310 Ο

127 3290 362 3349 feriores
389 3295 659 3351 interdum
689 3313 791 3353 uec
843 3299 954 3355 laesi
995 3317 1402 3376 commoremur
1447 3315 1500 3370 et
1529 3307 1720 3366 irasci-

129 3397 276 3438 mur.
322 3383 454 3456 Quis
497 3401 628 3458 ergo
661 3391 767 3444 erit
815 3390 1074 3448 immunis
1113 3404 1206 3449 aut
1247 3395 1456 3466 alienus
1501 3399 1569 3455 ab
1615 3399 1720 3470 hac

127 3473 330 3544 culpa?
361 3475 420 3532 Si
445 3487 626 3535 autem
657 3481 812 3537 miles
850 3491 1099 3544 terrenus
1131 3487 1185 3542 in
1231 3501 1524 3560 conspectu
1579 3494 1720 3565 regis

128 3565 344 3619 terreni
370 3579 476 3621 non
505 3583 665 3626 ausus
715 3579 798 3628 est
823 3573 1018 3641 irasci,
1050 3592 1224 3648 neque
1254 3579 1456 3652 aliquid
1483 3598 1594 3638 sua:
1638 3583 1721 3640 in-

128 3653 467 3723 dignationis
491 3665 608 3716 ante
631 3662 818 3717 oculos
847 3664 964 3734 ejus
989 3667 1296 3734 ostendere,
1326 3675 1596 3742 quomodo
1627 3690 1722 3728 au-

125 3745 330 3800 demus
351 3761 528 3803 eoram
553 3749 695 3827 Rege
723 3761 924 3809 aeterno
971 3757 1150 3824 irasci,
1191 3766 1246 3826 et
1289 3759 1720 3832 indignationem

124 3845 379 3892 nostram
406 3850 529 3897 ante
573 3844 767 3900 faciem
803 3844 921 3915 ejus
946 3849 1277 3905 ostendere?
1313 3849 1428 3913 Rex
1457 3869 1588 3926 ergo
1615 3863 1722 3911 ter-

125 3944 300 3984 renus
341 3931 542 3988 deforis
588 3941 800 3992 tantum
847 3939 998 3994 videt
1045 3939 1322 3997 hominum
1368 3959 1614 4016 corpora,
1668 3956 1722 4003 et

123 4021 254 4090 ipsa
274 4023 610 4082 solummodo
641 4025 803 4108 habet
828 4029 882 4084 in
909 4039 1174 4100 potestate
1201 4053 1212 4088 :
1246 4034 1356 4090 Rex
1398 4053 1528 4108 vero
1559 4040 1723 4096 cmic-

121 4112 232 4166 stis
267 4115 446 4170 cordis
491 4117 668 4172 nostri
711 4107 976 4196 conspicit
1007 4137 1204 4190 arcana
1234 4167 1248 4191 ,
1297 4135 1350 4196 et
1391 4137 1720 4210 potestatem

67 4203 82 4210 ’
119 4202 299 4258 habet
344 4213 652 4278 utrumque,
689 4218 743 4265 et
776 4227 972 4282 corpus
1017 4224 1070 4270 et
1104 4216 1360 4288 animam,
1393 4202 1635 4293 'pcrdcre
1667 4224 1721 4294 in

119 4296 455 4389 gehennam.
506 4300 734 4373 Propter
770 4306 912 4389 quod
960 4322 1057 4363 nec
1084 4325 1212 4384 erga
1246 4309 1480 4367 famulos
1503 4313 1720 4389 quidem

119 4387 509 4458 ncgiigendum
545 4400 630 4447 est
667 4387 810 4450 istud
838 4406 1197 4467 praeceptum:
1228 4415 1404 4472 neque
1427 4387 1568 4460 enim
1604 4403 1721 4461 sine

117 4494 299 4535 causa
334 4483 593 4556 debemus
625 4496 813 4541 contra
857 4489 1004 4560 ipsos
1055 4491 1258 4559 irasci,
1305 4493 1432 4566 quia
1477 4504 1531 4550 et
1570 4496 1644 4552 illi
1689 4515 1722 4554 a

1827 2013 1897 2052 ne
1923 1998 2028 2053 hoc
2055 1999 2273 2068 quidem
2322 2003 2562 2056 contenti
2597 2017 2786 2058 sumus
2828 2012 2890 2058 ut
2926 2005 3262 2062 iracundiam
3309 2023 3413 2063 no-

1826 2099 1998 2145 stram
2025 2089 2169 2145 ultra
2221 2090 2352 2146 solis
2379 2093 2670 2148 terminum
2703 2095 3097 2164 producamus,
3149 2099 3242 2154 sed
3281 2099 3416 2155 insi-

1825 2182 1943 2237 dias
1969 2183 2202 2238 invicem
2230 2183 2500 2252 ponimus,
2537 2193 2594 2238 et
2618 2185 2734 2240 sive
2752 2187 2935 2242 verbis
2963 2188 3078 2242 sive
3104 2189 3264 2244 rebus
3291 2205 3413 2258 sup-

1821 2272 2072 2341 plantare
2107 2273 2386 2343 proximos
2430 2283 2645 2332 nostros
2681 2277 2949 2346 cupimus.
2996 2277 3131 2333 Nam
3161 2280 3408 2337 osculum

1821 2369 1974 2438 pacis
2001 2383 2108 2438 quo
2138 2354 2380 2439 tempore
2428 2385 2656 2424 munera
2683 2369 2840 2426 saera
2881 2371 3210 2436 oil‘eruntur,
3241 2375 3417 2446 porri-

1821 2474 1949 2530 gere
1977 2460 2212 2516 invicem
2241 2461 2298 2515 in
2345 2477 2444 2516 usu
2486 2461 2786 2528 habemus;
2833 2464 2928 2518 sed
2963 2479 3157 2520 vereor
3193 2482 3260 2520 ne
3297 2467 3414 2536 pin-

1823 2567 1912 2608 res
1955 2568 2021 2607 ex
2071 2553 2228 2608 nobis
2265 2553 2368 2608 hoc
2406 2553 2568 2608 labiis
2606 2556 2982 2610 tantummodo
3009 2557 3237 2623 faciant,
3287 2573 3412 2614 cum

1821 2644 2070 2700 Christus
2097 2660 2286 2716 pacem
2311 2661 2422 2700 non
2449 2662 2516 2701 es
2542 2661 2660 2712 ore,
2698 2647 2793 2703 sed
2831 2663 2900 2702 ex
2924 2649 3088 2704 corde
3116 2649 3407 2706 desideret.

1822 2735 1974 2792 Unde
1996 2751 2092 2806 per
2120 2737 2235 2792 htec
2261 2737 2406 2793 Deus
2443 2738 2622 2808 potius
2651 2739 2968 2795 exacerbari
3006 2755 3172 2810 quam
3199 2740 3408 2810 placari

1821 2827 2120 2882 credendus
2142 2837 2245 2883 est.
2278 2827 2494 2884 Pnritas
2526 2831 2672 2884 enim
2703 2839 2758 2885 et
2783 2831 2988 2886 veritas
3028 2832 3084 2886 in
3115 2841 3409 2903 conspectu

1823 2915 1914 2972 Dei
1934 2917 2182 2987 placent;
2212 2920 2418 2989 respuit
2457 2929 2640 2979 autem
2665 2927 2719 2976 et
2743 2921 2858 2976 odit
2883 2938 3052 2978 omne
3074 2924 3216 2993 quod
3245 2925 3412 2980 simu-

1820 3011 1966 3066 latur
1983 3019 2039 3066 et
2068 3011 2308 3082 tingitur.
2367 3011 2501 3067 Nam
2537 3029 2641 3084 pro
2667 3014 2752 3070 his
2777 3015 3004 3088 singulis
3030 3017 3281 3089 iacryum
3311 3035 3410 3073 no-

1819 3101 1904 3158 bis
1937 3102 2224 3160 fundendtu
2268 3112 2434 3171 sunt,
2478 3113 2537 3162 et
2573 3105 2820 3163 confusio
2861 3108 3108 3164 habenda
3138 3117 3240 3166 est.
3291 3109 3410 3166 Ca:-

1822 3203 1936 3250 tera
1964 3210 2096 3249 vero
2121 3204 2389 3266 prtecepta
2438 3213 2558 3266 (μω
2601 3205 2830 3266 restant,
2874 3199 2930 3254 in
2973 3201 3219 3279 sequenti
3259 3203 3412 3275 capi~

1823 3285 1954 3350 tuic,
1989 3286 2060 3341 ob
2102 3302 2329 3357 compen
2355 3287 2406 3342 iii
2451 3283 2978 3353 causam,'-breviter
3024 3298 3081 3346 et
3125 3287 3412 3360 diligenter

1820 3382 2156 3438 discutienda
2184 3381 2563 3452 relinquimus.

2358 3469 2586 3526 CAPUT
2635 3470 2869 3527 XXVIII.

2033 3559 2166 3615 Item
2189 3561 2254 3616 de
2281 3561 2462 3615 eadem
2491 3561 2864 3616 lamentatione
2883 3580 3002 3634 quis
3024 3581 3202 3641 supra.

1887 3651 2008 3707 Jam
2040 3667 2170 3707 vero
2197 3667 2318 3722 quae
2348 3652 2414 3706 de
2452 3653 2844 3708 consentiendo
2874 3654 3207 3722 adversario,
3233 3656 3318 3714 vel
3343 3657 3411 3715 de

1822 3745 2259 3816 concupiscentia
2299 3745 2510 3812 illicita,
2555 3753 2612 3801 et
2651 3747 2719 3801 de
2768 3748 2924 3804 oculo
2971 3749 3178 3816 dextro,
3233 3760 3290 3808 et
3339 3753 3407 3815 de

1822 3851 1984 3890 manu
2023 3837 2249 3900 dextra,
2289 3843 2346 3891 et
2393 3838 2460 3890 de
2507 3836 2878 3908 relinquendis
2915 3842 3178 3899 uxoribus
3215 3848 3408 3917 praeci-

1821 3928 2045 4000 piuntur
2072 3927 2286 4000 (Matth.
2311 3927 2389 3999 v),
2423 3929 2577 3998 quasi
2605 3945 2706 3985 nec
2724 3931 2924 4002 scripta
2951 3933 3058 4007 sint
3081 3949 3180 3992 nec
3199 3923 3403 4007 audita,

1823 4021 1896 4075 ita
1951 4027 2388 4076 contemnuntur.
2436 4021 2494 4076 lu
2539 4023 2696 4079 oculo
2719 4025 2863 4079 enim
2911 4027 3102 4084 dextro
3143 4039 3198 4085 et
3239 4049 3406 4090 manu

1823 4116 2011 4170 dextra
2056 4123 2312 4186 parentes
2339 4123 2556 4171 nostros
2587 4124 2748 4188 atque
2783 4121 3116 4193 propinquos
3154 4121 3406 4196 intelligi-

1822 4225 1943 4264 mus
1971 4227 1982 4262 :
2011 4210 2154 4278 quod
2187 4210 2232 4264 si
2257 4210 2324 4264 ad
2358 4211 2825 4282 eontemplandam
2846 4229 3030 4280 veram
3053 4213 3226 4271 lucem
3253 4215 3406 4276 nobis

1824 4301 2206 4370 impedimento
2261 4310 2426 4366 sunt,
2485 4301 2742 4358 debemus
2795 4311 3052 4360 truncare
3103 4305 3408 4373 istiusmodi

1823 4392 2129 4462 portiones;
2163 4407 2231 4448 ne
2253 4395 2380 4448 dum
2404 4394 2650 4451 volumus
2684 4404 2908 4452 caeteros
2940 4397 3274 4466 lucrifacere,
3303 4403 3404 4479 ipsi

1825 4483 1879 4537 in
1919 4490 2180 4538 sternam
2221 4497 2525 4554 pereamus.
2571 4485 2707 4540 Nam
2753 4485 2820 4540 de
2859 4502 2963 4542 non
2998 4488 3232 4558 jurando
3279 4509 3405 4549 eru-

115 4569 351 4625 Christo
389 4573 548 4628 simili
597 4583 657 4630 ut
695 4591 794 4632 nos
835 4577 1086 4635 libertate
1129 4591 1250 4646 sunt
1289 4583 1492 4639 donati.
1537 4583 1722 4660 Neque
1748 4609 1800 4668 ι)
1825 4575 1992 4629 besco
2019 4573 2266 4668 proferre
2303 4576 2356 4668 in
2390 4575 2656 4641 medium.
2707 4591 2823 4668 ηοτιν
2863 4579 3034 4634 solum
3078 4582 3404 4654 promeriti-

112 4663 299 4718 etiam
330 4666 375 4720 si
406 4666 641 4738 aliquem
670 4669 915 4726 videmus
967 4675 1281 4728 mandatum
1327 4675 1537 4731 Domini
1583 4693 1722 4751 pra:-

112 4759 326 4824 terire,
351 4759 512 4816 irasci
541 4770 728 4816 contra
757 4779 880 4818 eum
915 4765 1188 4832 debemus,
1242 4767 1333 4834 sed
1361 4769 1538 4838 potius
1561 4770 1722 4831 mise-

1825 4673 2088 4732 ramenta,
2143 4667 2240 4722 sed
2263 4666 2425 4722 etiam
2465 4677 2688 4740 propter
2713 4667 2968 4739 perjuria.
3015 4671 3072 4727 Si
3101 4674 3243 4730 enim
3275 4693 3402 4732 vere

1815 4759 2004 4830 jurare
2033 4761 2238 4815 crimen
2265 4768 2347 4816 est
2385 4767 2440 4816 et
2475 4762 2849 4832 prrevaricatio
2883 4767 3142 4836 mandati,
3176 4769 3241 4824 de
3280 4788 3404 4842 per-

109 4849 400 4906 rationem
429 4863 483 4908 et
527 4855 954 4934 compassionem
1001 4875 1128 4930 erga
1181 4857 1329 4914 illum
1375 4878 1474 4916 nos
1521 4863 1719 4919 habere

1822 4851 1960 4922 iurio
1983 4853 2112 4924 quid
2142 4852 2422 4908 dicamus?
2467 4854 2786 4927 Evangeiica
2815 4867 2993 4914 autem
3027 4863 3226 4918 veritas
3244 4860 3398 4934 jura-

105 4949 369 5013 oportet,
395 4927 688 5012 secundum
715 4961 837 5000 eum
883 4949 974 5018 qui
1015 4950 1188 5004 dixit:
1243 4951 1372 5016 Quis
1398 4953 1719 5022 inﬁrmatur,
1820 4955 2062 5000 "lentum
2108 4961 2216 5000 non
2255 4945 2466 5015 νεοὶρη,
2511 4961 2634 5002 cum
2663 4949 2840 5006 omnis
2881 4967 3060 5033 Sermo
3103 4953 3274 5010 ﬁdelis
3302 4973 3406 5038 pro,

101 5042 170 5089 et
209 5047 312 5105 ego
359 5051 464 5090 non
513 5037 752 5106 inﬁrmor
795 5036 883 5109 (ΙΙ
919 5037 1041 5092 Cor.
1079 5055 1155 5104 ιι,
1195 5040 1328 5113 29)?
1376 5041 1509 5097 Illud
1539 5057 1720 5115 autem
1813 5037 2166 5108 jurejurando
2196 5039 2284 5093 sit.
2326 5037 2456 5094 Post
2501 5039 2615 5096 hcce
2659 5050 2839 5097 autem
2883 5044 3140 5100 Dominus
3188 5045 3263 5100 ait
3294 5036 3310 5100 ἐ
3339 5043 3398 5103 Si

102 5125 281 5196 quod
317 5126 374 5180 in
421 5131 771 5202 sequentibus
801 5129 1054 5196 habetur,
1103 5131 1224 5202 quis
1269 5149 1374 5186 non
1421 5133 1714 5190 inﬁdelium
1816 5131 1932 5201 quis
1961 5137 2010 5184 le
2031 5132 2345 5200 percusserit
2372 5131 2426 5184 ἱη
2456 5131 2697 5186 dextram
2726 5133 3018 5200 ηιαωὲηίιηι,
3049 5134 3218 5212 prwbe
3243 5135 3319 5202 illi
3348 5148 3397 5206 βε

98 5217 302 5274 etiam
347 5215 646 5275 fabulosum
669 5219 896 5290 judicet,
930 5237 1052 5275 cum
1080 5232 1282 5296 gelerna
1314 5224 1409 5278 Dci
1434 5241 1563 5281 voce
1591 5243 1716 5299 san-
1818 5219 2075 5284 alterum;
2115 5231 2164 5276 et
2205 5221 2400 5276 rolenti
2445 5231 2610 5279 tecum
2633 5225 2840 5295 judicio
2869 5227 3199 5295 contendere,
3234 5241 3282 5284 et
3307 5240 3392 5285 tu-

93 5309 306 5366 citum
339 5309 443 5365 sit?
472 5310 548 5365 ait
576 5296 720 5365 enim
747 5327 760 5365 :
791 5309 848 5366 Si
872 5322 1044 5365 autem
1072 5313 1230 5382 oﬁ'ers
1258 5331 1445 5368 munus
1474 5327 1619 5372 tuum
1644 5296 1714 5372 (id
1817 5316 1985 5368 nr'cam
2017 5324 2160 5369 tuam
2213 5315 2438 5384 auferre,
2492 5316 2720 5390 relinqn:
2763 5317 2844 5372 illi
2881 5327 2930 5372 et
2962 5316 3202 5390 pallium.
3248 5321 3318 5379 Et
3347 5325 3396 5392 si

93 5401 328 5467 altare,
364 5411 411 5456 et
435 5401 508 5456 ibi
537 5403 842 5457 recordatus
884 5404 1047 5473 {ueris
1074 5405 1196 5475 quia
1232 5403 1399 5479 frater
1421 5415 1540 5459 tuus
1563 5407 1716 5461 habet
1814 5409 1930 5478 quis
1976 5409 2328 5478 ungariaverit
2355 5418 2402 5463 te
2432 5411 2571 5464 mille
2597 5429 2811 5482 passus,
2863 5412 2992 5466 vade
3019 5431 3136 5480 cum
3167 5415 3256 5473 illo
3285 5417 3395 5482 alia

92 5495 342 5568 aliquid
369 5495 640 5550 adversum
670 5507 754 5562 te,
805 5497 1032 5569 relinque
1073 5498 1144 5552 ibi
1183 5513 1371 5552 munus
1408 5510 1556 5554 tuum
1596 5509 1715 5555 ante
1817 5499 1942 5552 duo.
1983 5495 2187 5552 Petenti
2227 5509 2295 5566 te,
2339 5501 2406 5554 du
2445 5501 2511 5554 ei.
2553 5499 2616 5554 Et
2653 5500 2843 5556 volenti
2880 5505 3116 5560 mutuari
3149 5525 3181 5561 a
3223 5519 3294 5574 te,
3332 5525 3396 5564 ne

87 5589 338 5654 altare,
365 5597 412 5642 et
456 5589 582 5644 vade
609 5591 753 5660 prius
788 5589 1112 5646 reconciliari
1136 5590 1294 5661 fratri
1327 5599 1415 5644 tuo
1443 5607 1460 5656 ;
1506 5599 1551 5645 et
1594 5600 1720 5646 tunc
1817 5591 2070 5647 averteris
2093 5589 2306 5665 (Matth.
2331 5607 2383 5658 v,
2405 5591 2516 5665 39).
2551 5591 2631 5648 Ad
2662 5595 2776 5649 haec
2798 5592 2942 5654 enim
2973 5599 3101 5670 quid
3129 5601 3396 5658 dicimus?

89 5682 346 5738 veniens
371 5681 557 5752 offeres
582 5695 770 5750 manus
798 5692 944 5737 tuum
994 5681 1208 5755 (Matth.
1250 5701 1300 5748 v,
1327 5684 1439 5756 25).
1489 5683 1595 5739 Nos
1625 5701 1716 5740 an-
1817 5682 1922 5737 Pro
1951 5683 2176 5757 singulis
2223 5693 2401 5740 autem
2445 5685 2530 5740 his
2549 5684 2804 5756 iacrymte
2835 5687 2988 5746 nobis
3022 5691 3394 5752 tantummodo

87 5783 234 5830 tem
267 5785 304 5826 e
343 5779 536 5829 contra
559 5787 767 5844 pugnas
795 5774 1054 5831 habentes
1099 5775 1166 5831 ad
1195 5775 1446 5842 invicem,
1485 5783 1540 5832 et
1567 5775 1717 5833 dolos
1817 5773 2150 5846 proferenda:
2197 5783 2340 5842 sunt,
2381 5783 2436 5830 et
2475 5775 2721 5842 confusio
2767 5775 3009 5841 habenula
3059 5791 3141 5839 est
3170 5803 3183 5838 :
3209 5795 3394 5868 aperte

85 5871 166 5925 in
201 5867 387 5921 corde
412 5876 717 5934 versantes,
742 5869 1047 5924 accedimus
1067 5869 1135 5925 ad
1163 5869 1334 5927 altare
1364 5869 1476 5926 Dei.
1501 5867 1716 5927 Etcum
1818 5870 1960 5925 enim
1993 5878 2182 5926 contra
2211 5871 2327 5927 haec
2355 5870 2536 5926 cunnis
2584 5871 2894 5932 militamus.
2943 5873 3060 5932 Pati
3085 5889 3264 5935 autem
3293 5877 3393 5935 ali-
