3972 6328
527 418 630 474 615

1559 409 1616 464 S.
1655 401 2012 462 BENEDICTI
2045 396 2338 454 ABBATIS
2375 392 2790 450 ANIANENSIS

3696 392 3798 449 6l6

528 531 658 603 quid
681 547 748 589 ex
773 530 861 587 his
889 545 1008 602 qua!
1035 530 1236 602 scripta
1265 534 1393 584 sunt
1419 538 1484 578 ac
1507 521 1674 584 ferre,
1701 532 1878 588 neque
1900 516 1957 570 in
1977 529 2104 570 ver-
2131 516 2186 576 Α
2209 511 2398 603 ᾳιιαέιξῑι
2435 506 2688 603 medelam
2713 503 2903 603 (Eccli.
2933 516 3132 603 ⁵ιχιῖιιι,
3290 501 3360 558 Et
3381 503 3428 559 si
3451 503 3629 603 homo
3670 521 3796 603 erga

531 623 632 688 bis,
677 637 852 693 neque
889 622 944 677 in
982 624 1142 679 rebus
1188 631 1426 689 unquam
1455 612 1722 668 volumus.
1770 610 1879 664 Sed
1918 607 2019 663 etsi
2046 608 2101 661 in

531 714 711 785 aliquo
754 714 942 769 saltem
981 714 1069 769 vel
1109 712 1298 767 leviter
1340 706 1638 779 pulsemur,
1660 703 1914 758 continuo
1960 700 2106 755 velut

526 804 662 862 ferae
686 805 873 860 bestia:
907 812 1096 860 contra
1130 817 1223 856 eos
1249 797 1596 869 insurgimus.
1639 793 1746 848 Sed
1771 793 1898 847 licet
1922 806 2021 846 nos
2049 790 2104 844 in

532 897 786 952 omnibus
807 895 1076 951 contraria
1102 907 1322 965 agamus
1347 905 1467 960 quae
1489 887 1732 958 praacipit
1763 885 1919 940 nobis
1955 882 2109 938 Chri-

534 999 675 1055 stus,
719 997 899 1044 tamen
945 984 1267 1042 eminentius
1307 982 1378 1036 ab
1417 996 1481 1035 eo
1527 979 1814 1043 docemur;
1848 975 1939 1044 qui
1977 974 2110 1028 diri—

531 1078 736 1148 puerit,
767 1076 960 1148 inquit,
989 1090 1108 1144 quae
1131 1083 1220 1128 tua
1253 1080 1400 1136 sunt,
1424 1070 1517 1141 qui
1542 1078 1594 1124 te
1623 1067 1844 1131 laeserit,
1891 1066 1983 1134 qui
2013 1064 2110 1119 tibi

536 1167 801 1230 nocuerit,
852 1180 957 1219 non
982 1163 1154 1218 solum
1199 1177 1298 1232 pro
1331 1160 1417 1215 his
1445 1174 1564 1229 quae
1593 1157 1692 1211 tibi
1728 1153 1968 1220 abstulit,
2004 1168 2112 1208 non

536 1259 866 1330 indigneris;
918 1257 1013 1312 sed
1063 1266 1120 1312 et
1160 1255 1466 1331 dilige,'et
1512 1260 1624 1308 tota
1670 1250 1936 1306 cbaritate
1986 1263 2114 1303 con-

537 1349 764 1418 stringe,
790 1355 844 1400 et
870 1346 1033 1401 etiam
1053 1360 1153 1416 pro
1183 1346 1299 1415 ipso
1329 1343 1398 1399 ad
1418 1343 1586 1397 Deum
1611 1340 1898 1411 diligenter
1923 1354 2115 1410 preces

537 1441 716 1496 funde.
741 1441 821 1495 Ac
847 1441 891 1496 si
917 1441 1166 1496 dicatur:
1194 1439 1328 1494 Cum
1351 1439 1440 1493 ille
1465 1438 1556 1509 qui
1583 1438 1651 1493 ad
1672 1436 1972 1507 diripienda
1994 1451 2115 1506 qua:

537 1538 626 1586 tua
667 1539 792 1584 sunt
836 1531 1020 1600 iniquo
1047 1530 1243 1600 Spiritu
1287 1527 1451 1584 fuerit
1490 1542 1770 1592 accensus,
1822 1527 1868 1582 si
1904 1537 1956 1582 te
1992 1542 2118 1596 pro-

535 1623 785 1680 lixiorem
813 1623 1082 1678 invenerit
1113 1622 1168 1676 in
1193 1620 1470 1690 largiendo
1500 1634 1662 1690 quam
1692 1617 1780 1672 ille
1810 1627 2034 1674 venerat
2061 1619 2118 1674 in

500 1783 502 1786 ν
537 1720 854 1790 diripiendo,
885 1719 1132 1789 quamvis
1176 1717 1265 1772 ille
1304 1717 1376 1771 sit
1403 1715 1553 1772 fcrus
1589 1725 1644 1770 et
1671 1714 1956 1779 barbarus,
1989 1729 2115 1768 eru-

535 1812 720 1868 bescet
751 1820 930 1866 tamen
963 1811 1258 1866 bonitatem
1286 1817 1456 1874 tuam,
1488 1808 1828 1879 mitigabitur
1858 1823 1888 1861 a
1913 1807 2115 1872 furore,

2206 601 2480 658 hominem
2528 614 2637 653 non
2666 597 2832 651 habet
2875 595 3322 661 misericordiam,
3372 595 3496 666 quis
3536 596 3803 666 propitia-

2205 694 2352 748 bitur
2382 690 2592 745 delictis
2618 687 2772 757 ejus?
2821 685 3024 742 Vellem
3069 685 3229 740 silere
3255 683 3370 754 jam
3404 693 3460 740 el
3487 686 3600 740 huc
3626 703 3802 756 usque

2206 799 2525 856 progressus
2563 781 2727 838 finem
2764 779 3105 836 sermonibus
3140 780 3276 835 meis
3313 779 3618 850 imponere.
3668 779 3804 834 Eru-

2207 876 2372 930 besco
2395 876 2540 930 enim
2573 883 2629 929 et
2657 873 2961 929 confundor
3003 871 3144 926 ultra
3180 871 3495 940 procedere.
3537 869 3650 926 Sed
3679 871 3806 940 quid

2211 967 2412 1020 iterum
2438 973 2621 1020 tacere
2649 963 2910 1034 proderit,
2938 978 3063 1019 cum
3085 963 3152 1018 ab
3177 961 3306 1031 ipsis
3330 961 3608 1016 mandatis
3643 958 3807 1015 Chri-

2213 1055 2306 1121 sti,
2358 1069 2476 1124 quze
2525 1054 2927 1126 impugnamus,
2981 1051 3203 1106 silenter
3251 1051 3416 1106 etiam
3466 1051 3808 1120 arguamur?

2213 1144 2490 1212 Quomodo
2537 1151 2719 1198 autem
2768 1141 3076 1207 latebimus,
3125 1157 3250 1196 cum
3295 1140 3386 1212 qui
3442 1141 3600 1196 novit
3648 1141 3807 1196 corda

2214 1244 2420 1299 nostra,
2440 1233 2783 1302 judicaturus
2825 1241 2909 1288 est
2935 1235 3035 1287 ea?
3077 1232 3216 1299 Quid
3243 1247 3372 1303 ergo
3405 1231 3593 1287 dicam
3624 1233 3697 1286 de
3727 1232 3809 1286 illo

2215 1327 2468 1382 mandato
2485 1341 2590 1396 quo
2603 1325 2860 1394 juhemur
2878 1341 2985 1380 non
3007 1325 3376 1380 thesaurizare
3395 1341 3566 1397 super
3589 1328 3812 1380 terram’

2217 1417 2412 1474 Caeteri
2438 1433 2566 1473 vero
2593 1417 2747 1487 quasi
2774 1435 2804 1473 e
2829 1418 3104 1473 contrario
3139 1417 3411 1473 audierint
3450 1427 3807 1488 praeceptum,

2217 1519 2274 1565 et
2317 1510 2474 1580 quasi
2522 1511 2724 1566 dictum
2781 1511 2853 1566 sit
2905 1513 2973 1567 ad
3021 1527 3115 1567 eos
3153 1530 3166 1565 :
3207 1510 3606 1568 Thesaurizatc
3669 1513 3811 1567 omni

2219 1599 2380 1654 modo
2411 1615 2575 1670 super
2608 1608 2839 1663 terram;
2892 1601 2967 1655 ita
2998 1600 3364 1670 relinquentes
3391 1601 3600 1657 etelum
3636 1604 3814 1659 adhae-

2221 1699 2414 1745 serunt
2438 1700 2619 1756 terrae,
2647 1701 2704 1746 et
2732 1692 3009 1747 insaniunt
3029 1707 3156 1765 erga
3184 1693 3445 1764 pecunias
3473 1709 3810 1766 congregan-

2231 1785 2347 1848 das,
2395 1792 2616 1855 totoque
2645 1785 2841 1840 all'ectu
2887 1785 3077 1840 odiunt
3116 1785 3320 1854 Deum,
3360 1786 3598 1858 diligunt
3637 1798 3812 1842 autem

538 1904 822 1972 resipiscet
847 1904 1105 1958 continuo
1127 1910 1182 1956 et
1219 1900 1348 1956 facti
1379 1877 1685 1970 poenitebit,
1724 1915 1788 1954 ac
1817 1913 1974 1953 suum
2003 1897 2125 1966 qui-

2231 1892 2611 1932 mammonam.
2657 1877 2811 1945 Quod
2853 1886 3034 1934 autem
3074 1879 3276 1933 dictum
3309 1888 3414 1934 est.
3450 1877 3638 1932 Nolite
3687 1882 3816 1950 cogi-

539 1994 661 2047 dem
687 2002 972 2063 peccatum
999 1993 1370 2057 exhorrescet,
1394 1991 1470 2045 tui
1509 2005 1640 2045 vero
1684 1990 1846 2045 animi
1870 1989 2126 2043 virtutem

542 2085 835 2140 mirabitur
879 2093 934 2139 et
971 2084 1192 2139 amabit.
1239 2082 1345 2137 Sed
1392 2083 1496 2136 hoc
1540 2083 1632 2136 ubi
1683 2095 1828 2136 nunc
1871 2080 2128 2136 invenio?

542 2175 707 2246 Cujus
735 2176 876 2231 enim
909 2175 1069 2231 talem
1104 2176 1272 2229 vitam
1309 2174 1582 2228 mirabor?
1623 2173 1907 2228 Neminem
1946 2180 2126 2227 autem

540 2287 683 2327 nunc
734 2270 976 2326 invenire
1030 2286 1169 2340 queo
1221 2269 1313 2340 qui
1363 2269 1506 2324 hanc
1555 2267 1809 2338 injuriam
1861 2266 2130 2336 patienter

542 2361 685 2418 ferre
714 2361 859 2417 velit.
898 2359 1144 2417 Christus
1165 2361 1317 2416 enim
1354 2376 1454 2415 nos
1483 2374 1641 2414 orare
1670 2375 1769 2428 pro
1793 2373 2129 2428 persequen-

546 2453 693 2509 tibus
727 2463 781 2508 et
826 2454 1282 2509 calumniantibus
1315 2451 1495 2521 jubet;
1542 2468 1639 2507 nos
1669 2461 1849 2507 autem
1898 2467 2006 2506 non
2044 2466 2129 2505 so-

543 2546 656 2600 lum
688 2554 879 2601 contra
906 2545 1173 2610 inimicos,
1207 2545 1301 2600 sed
1330 2545 1493 2598 etiam
1536 2553 1725 2601 contra
1749 2543 1952 2599 amicos
1985 2558 2125 2612 szepe

545 2635 859 2690 inimicitias
889 2644 946 2691 et
973 2637 1197 2690 insidias
1224 2635 1495 2706 ponimus.
1529 2635 1777 2690 Christus
1808 2634 2132 2689 maledicen-

544 2727 689 2782 tibus
718 2728 963 2783 benedici
999 2726 1183 2796 jubet,
1231 2744 1331 2783 nos
1360 2744 1389 2783 e
1418 2737 1607 2784 contra
1640 2744 1747 2783 non
1788 2727 1960 2783 solum
1991 2725 2132 2781 mul-

547 2818 816 2886 tiplicatas
864 2818 1268 2874 maledictiones
1307 2819 1680 2884 restituimus,
1732 2818 1827 2873 sed
1876 2818 2061 2881 etiam,
2087 2817 2134 2871 si

549 2921 855 2976 possumus,
891 2923 990 2978 pro
1027 2908 1206 2963 verbis
1245 2908 1471 2980 ﬂagellis
1491 2925 1585 2964 eos
1621 2907 1895 2965 casdimus.
1945 2906 2134 2961 Nonne

547 2997 643 3052 tibi
673 2999 946 3062 videntur,
967 3015 1000 3054 ο
1026 3001 1206 3064 homo,
1240 3001 1569 3056 omnimodis
1599 3001 1872 3056 contraria
1901 3014 2040 3064 esse,
2069 3008 2130 3053 ut

547 3086 678 3152 dixi,
720 3088 1006 3158 praeceptis
1033 3087 1235 3144 Christi
1271 3106 1390 3159 quae
1420 3085 1692 3161 gerimus?
1739 3089 1928 3144 Nonne
1960 3090 2130 3157 magis

545 3193 782 3249 pugnam
810 3180 1067 3234 habemus
1098 3189 1287 3235 contra
1319 3182 1572 3236 mandata
1613 3181 1750 3251 ejus,
1788 3197 1950 3252 quam
1998 3182 2130 3235 obe-

551 3269 846 3323 dientiam?
875 3271 943 3325 Et
970 3272 1090 3326 ideo
1120 3271 1314 3326 merito
1340 3271 1602 3343 lugemus,
1635 3283 1690 3327 et
1716 3272 2130 3327 inobedientiam

547 3370 787 3416 nostram
832 3363 1026 3418 merito
1064 3364 1388 3436 plangimus.
1425 3364 1548 3428 Sed
1585 3366 1716 3422 dicit
1758 3366 1952 3436 aliquis
1985 3384 1997 3420 :
2030 3366 2134 3420 lm-

549 3456 828 3526 possibilia
881 3457 1036 3511 nobis
1093 3457 1650 3528 praecipit-Thristus.
1716 3459 1855 3526 Quid
1908 3460 2058 3531 agis,
2101 3476 2134 3515 o

550 3545 745 3602 homo?
788 3548 1028 3617 nunquid
1078 3548 1297 3618 ignoras
1329 3549 1458 3618 quid
1494 3550 1661 3605 David
1706 3551 1759 3605 in
1802 3550 1928 3605 Saul
1978 3552 2134 3606 fecit?

553 3633 690 3700 Quid
731 3634 1040 3705 Stephanus
1083 3646 1310 3710 martyr,
1355 3639 1446 3708 qui
1486 3655 1584 3709 pro
1630 3640 1991 3710 lapidantibus
2041 3657 2134 3696 ex-

549 3727 758 3782 oravit?
792 3726 1073 3784 Oblitusne
1100 3744 1159 3785 es
1187 3731 1314 3799 quid
1347 3733 1572 3800 ipsemet
1600 3731 1850 3787 Christus
1875 3733 2055 3787 docuit
2080 3740 2134 3787 et

550 3815 697 3881 fecit,
735 3816 959 3872 dicens:
987 3815 1171 3884 Pater,
1222 3819 1429 3890 ignosce
1463 3820 1589 3887 illis,
1640 3839 1744 3876 non
1789 3823 1927 3875 enim
1965 3823 2133 3876 sciunt

550 3909 679 3978 quid
711 3909 911 3977 faciunt
940 3908 1090 3981 (Luc.
1137 3929 1305 3976 xxm,
1342 3913 1473 3982 54)?
1500 3915 1814 3970 Volentibus
1854 3916 1997 3970 enim
2040 3916 2135 3970 ob-

553 4012 773 4053 servare
801 3998 1003 4054 Christi
1025 4011 1314 4071 praecepta,
1344 4019 1455 4058 non
1482 4014 1608 4059 sunt
1639 4006 2010 4075 impossibilia,
2041 4005 2136 4061 sed

551 4088 723 4154 levia;
768 4089 1074 4145 nolentibus
1120 4108 1247 4148 vero
1297 4103 1352 4149 et
1400 4095 1833 4152 inohcdientibus
1883 4099 2135 4154 videntur

554 4193 676 4236 esse
705 4180 838 4234 dura
868 4189 923 4235 et
942 4181 1319 4251 impossibilia,
1349 4187 1636 4242 cumidem
1659 4187 1918 4244 Dominus
1948 4190 2128 4244 dicat:

558 4270 706 4328 Onus
733 4289 903 4327 meum
933 4273 1058 4339 leve,
1108 4283 1156 4330 et
1173 4277 1363 4348 jugum
1390 4295 1562 4333 meum
1590 4297 1746 4335 suave
1773 4280 1792 4352 (
1817 4281 2009 4336 Matth.
2056 4299 2133 4348 χι,

553 4362 666 4435 50).
700 4361 818 4419 Jam
844 4382 973 4422 vero
1001 4366 1129 4436 quid
1161 4369 1333 4424 dicam
1361 4371 1428 4426 de
1457 4371 1560 4426 hoc
1587 4373 1731 4442 quod
1765 4373 2022 4443 scriptum
2055 4384 2138 4430 est

560 4455 614 4509 in
637 4456 882 4513 oratione
928 4460 1207 4516 Dominica
1237 4480 1250 4515 :
1279 4462 1496 4518 Dimitte
1526 4465 1673 4519 nobis
1712 4465 1886 4520 debita
1933 4477 2133 4532 nostra,

553 4548 688 4602 sicut
710 4559 758 4602 et
785 4567 877 4604 nos
899 4552 1212 4609 dimittimus
1233 4554 1552 4611 debitoribus
1595 4558 1786 4612 nostris
1815 4557 2031 4624 (Matth.
2057 4572 2132 4623 γι,

558 4640 688 4710 12)?
723 4640 978 4708 Quisnam
1001 4652 1084 4699 est
1108 4660 1175 4698 ex
1202 4648 1454 4703 omnibus
1484 4648 1640 4703 nobis
1672 4649 1764 4718 qui
1789 4665 1913 4704 cum
1939 4647 2136 4703 ﬁducia

555 4729 674 4784 haac
723 4730 832 4785 Deo
869 4732 1050 4787 dicere
1093 4736 1322 4791 audeat?
1358 4739 1494 4792 Nam
1541 4740 1644 4793 etsi
1694 4739 1829 4792 nihil
1876 4738 2136 4794 faciamus

556 4820 794 4876 inimicis
821 4830 877 4876 et
911 4817 1261 4882 debitoribus"
1283 4830 1506 4896 nostris,
1543 4829 1804 4883 habemus
1848 4838 2027 4883 tamen
2057 4830 2138 4883 in-

555 4918 643 4967 tra
679 4929 778 4968 nos
816 4913 1115 4971 insanabile
1151 4917 1344 4972 vulnus
1383 4919 1478 4973 ira:
1525 4927 1794 4974 retentum
1843 4919 1899 4972 in
1947 4920 2131 4976 corde.

557 5000 626 5058 Et
648 5003 693 5057 si
725 5011 1095 5061 tantummodo
1121 5023 1228 5062 non
1251 5008 1414 5064 laedas
1443 5024 1566 5063 eum
1590 5009 1682 5078 qui
1718 5018 1771 5063 te
1799 5008 1956 5074 laesit,
1984 5025 2139 5066 aver-

557 5095 632 5150 tis
662 5102 714 5150 te
748 5105 929 5152 tamen
955 5099 1023 5153 ab
1052 5112 1138 5164 eo,
1182 5114 1282 5154 nec
1310 5099 1540 5154 libenter
1568 5115 1690 5153 eum
1719 5099 1903 5164 vides,
1955 5111 2140 5156 manet

557 5186 675 5241 sine
715 5188 879 5242 dubio
909 5189 1104 5245 vulnus
1142 5190 1198 5244 in
1232 5197 1471 5261 pectore,
1513 5198 1567 5244 et
1606 5188 1760 5243 dolor
1803 5190 2043 5259 augescit
2082 5191 2138 5244 in

557 5279 739 5334 corde.
768 5279 1020 5350 Nunquid
1041 5290 1096 5335 tu
1126 5283 1200 5336 ita
1229 5283 1310 5335 vis
1339 5281 1629 5351 propitium
1658 5280 1752 5335 tibi
1783 5281 1898 5336 fieri
1942 5282 2132 5346 Deum,

557 5381 620 5422 ut
647 5386 753 5424 non
775 5373 991 5440 quidem
1029 5382 1081 5429 te
1108 5373 1288 5440 laedat,
1317 5380 1526 5428 avertat
1552 5389 1609 5428 se
1639 5382 1818 5428 tamen
1851 5376 1948 5429 abs
1985 5382 2055 5439 te,
2084 5382 2140 5428 et

557 5469 902 5531 peccatorum
945 5472 1159 5520 tuorum
1194 5465 1511 5520 memoriam
1539 5473 1724 5520 teneat
1761 5473 1817 5520 et
1860 5467 2045 5521 videre
2089 5472 2138 5520 te

559 5553 726 5608 nolit?
767 5556 933 5625 Igitur
971 5558 1184 5628 qualem
1222 5558 1306 5613 vis
1351 5573 1470 5614 esse
1509 5573 1636 5630 erga
1679 5566 1734 5613 te
1777 5558 1969 5622 Deum,
2016 5574 2138 5613 cum

556 5658 902 5721 peccatorum
937 5651 1150 5706 veniam
1180 5651 1378 5722 poscis,
1419 5651 1582 5706 talem
1619 5663 1673 5706 te
1693 5651 1951 5705 exhibere
1977 5649 2141 5706 debes

559 5740 646 5798 bis
690 5741 782 5812 qui
824 5742 1168 5814 deliquerunt
1197 5742 1252 5798 in
1284 5753 1355 5811 te,
1395 5744 1537 5800 sicut
1577 5751 1633 5799 et
1666 5742 1988 5812 sapientium
2021 5743 2139 5813 qui-

559 5830 685 5888 dam
727 5832 906 5888 dixit:
940 5833 1111 5889 Homo
1163 5836 1360 5890 homini
1413 5842 1582 5890 servat
1631 5833 1789 5898 iram,
1847 5840 1894 5886 et
1942 5849 1974 5886 a
2028 5833 2136 5890 Deo

2231 1979 2341 2023 tare
2367 1970 2431 2024 de
2457 1972 2708 2036 crastino,
2751 1985 2852 2026 nec
2893 1972 3082 2027 audire
3120 1973 3236 2028 scio
3265 1972 3523 2043 aliquem,
3577 1989 3682 2029 nec
3709 1990 3816 2028 om-

2231 2062 2363 2116 nino
2386 2078 2624 2118 servare.
2658 2063 2725 2118 Et
2774 2073 3058 2135 propterea
3096 2065 3293 2121 de'hoc
3333 2066 3596 2121 mandato
3641 2066 3817 2122 dicere

2232 2152 2433 2222 aliquid
2465 2155 2747 2209 erubesco.
2799 2155 3011 2210 Etenim
3045 2157 3326 2226 oportebat
3350 2172 3451 2212 nos
3493 2174 3816 2229 quocunque

2230 2254 2390 2317 pacto
2410 2246 2662 2316 loquente
2687 2247 2902 2302 Christo
2925 2257 2980 2302 et
2997 2249 3382 2317 pronuntiante
3414 2265 3520 2304 non
3550 2250 3814 2312 dubitare,

2234 2339 2327 2395 sed
2355 2339 2597 2394 credere.
2626 2339 2779 2395 Nunc
2821 2356 2951 2396 vero
2983 2341 3146 2395 etiam
3183 2357 3306 2396 cum
3327 2349 3380 2397 et
3413 2357 3620 2396 causas
3650 2350 3710 2396 et
3738 2359 3816 2397 ra-

2235 2429 2414 2484 tiones
2445 2429 2700 2485 adhibeat
2743 2432 3120 2486 mandatorum
3145 2437 3405 2494 ‘suorum,
3443 2441 3619 2502 atque
3645 2449 3815 2488 exem-

2231 2519 2338 2591 plis
2363 2535 2428 2575 ea
2454 2520 2800 2576 validissimis
2821 2522 3048 2587 muniat,
3078 2538 3178 2577 nec
3199 2522 3278 2576 sic
3303 2523 3524 2592 quidem
3549 2526 3817 2579 erubesci-

2233 2627 2374 2665 mus.
2416 2610 2644 2681 Propter
2687 2611 2792 2666 hoc
2835 2612 2980 2666 enim
3018 2619 3073 2667 et
3113 2612 3289 2665 avium
3323 2628 3446 2681 qua:
3483 2629 3599 2668 non
3643 2623 3811 2677 arant,

2234 2717 2410 2772 neque
2435 2704 2725 2766 seminant,
2757 2712 2813 2757 et
2843 2704 3235 2773 liliorum,qu:n
3264 2719 3372 2758 non
3397 2713 3553 2769 nent,
3586 2707 3821 2761 similitu-

2237 2796 2389 2851 dines
2415 2795 2614 2865 posuit,
2649 2804 2708 2849 ut
2739 2811 2897 2850 nemo
2929 2796 3220 2858 dubitaret,
3265 2805 3320 2851 et
3349 2806 3534 2850 tamen
3565 2815 3668 2853 nos
3695 2799 3820 2852 sicut

2237 2893 2443 2958 gentes,
2488 2895 2581 2940 aut
2616 2885 2756 2941 forte
2797 2887 2960 2941 etiam
2997 2887 3198 2957 aliquid
3226 2888 3629 2959 desperabilius
3655 2893 3819 2960 genti-

2235 2982 2337 3036 bus
2369 2983 2434 3037 de
2470 2982 2556 3036 bis
2607 2982 2893 3053 cogitando
2933 2983 3320 3038 consumimur.
3367 2984 3477 3040 Sed
3518 2987 3592 3040 de
3621 2988 3746 3048 hoc,
3774 2998 3822 3041 ut

2237 3071 2372 3136 dixi,
2409 3073 2664 3128 mandato
2704 3073 2858 3144 plura
2890 3074 3068 3130 dicere
3109 3076 3390 3141 erubesco,
3434 3077 3500 3132 ad
3546 3080 3822 3148 sequenlia

2240 3169 2420 3217 tamen
2453 3163 2686 3229 veniam,
2732 3165 2778 3218 si
2819 3163 2961 3219 forte
3004 3165 3201 3220 alicubi
3243 3167 3497 3222 solatium
3540 3170 3824 3240 qualecun-

2237 3268 2342 3321 que
2369 3253 2474 3306 mei
2509 3253 2734 3322 pudoris
2778 3253 3071 3308 inveniam.
3111 3255 3250 3322 Quid
3278 3272 3409 3328 ergo
3439 3260 3694 3328 sequitur

2233 3341 2391 3396 hate?
2415 3341 2592 3396 Nolite
2609 3342 2880 3411 judicare,
2902 3355 2958 3398 ut
2991 3363 3094 3400 non
3115 3346 3434 3416 judicemini
3461 3348 3681 3417 (Matth.
3714 3357 3824 3420 ut).

2233 3430 2346 3502 Ego
2372 3432 2516 3487 enim
2557 3433 2809 3488 solatium
2839 3433 2944 3488 mei
2981 3435 3201 3503 pudoris
3235 3437 3480 3492 invenire
3512 3439 3826 3503 credebam,

2235 3533 2527 3595 augmenta
2557 3541 2703 3580 nunc
2728 3527 3061 3583 confusionis
3089 3531 3284 3598 reperi.
3320 3529 3378 3586 Si
3411 3540 3593 3586 autem
3617 3531 3822 3587 nulium

2234 3617 2390 3671 nobis
2433 3627 2717 3686 peccatum
2767 3617 2912 3673 aliud
2962 3619 3151 3675 fuisset
3192 3621 3523 3686 admissum,
3577 3641 3680 3694 pro
3728 3627 3818 3679 hoc

2236 3711 2351 3765 solo
2392 3713 2652 3781 gehennae
2678 3727 2776 3766 nos
2816 3713 2957 3768 tradi
2993 3715 3127 3769 satis
3169 3714 3490 3785 abundeque
3517 3716 3819 3778 sufﬁceret;

2237 3804 2432 3872 quippe
2467 3805 2560 3873 qui
2601 3805 2654 3858 in
2689 3804 2882 3860 alienis
2914 3805 3128 3861 delictis
3167 3807 3340 3862 severi
3388 3817 3448 3863 et
3497 3811 3823 3865 amarissimi

2231 3893 2443 3963 judices
2483 3896 2803 3962 residemus,
2847 3906 3061 3952 nostras
3102 3907 3282 3954 autem
3332 3899 3518 3954 trabes
3559 3900 3622 3955 in
3667 3904 3822 3956 oculis

2236 3987 2472 4056 pr0priis
2522 3987 2714 4043 infixas
2767 4005 2875 4044 non
2921 3990 3200 4045 videmus:
3233 4006 3264 4044 a
3313 4005 3424 4060 quo
3470 3993 3617 4048 vitio
3663 4009 3822 4064 neque

2239 4075 2423 4129 szeeuli
2470 4077 2766 4144 hominem,
2817 4095 2992 4150 neque
3032 4081 3385 4146 monachum,
3440 4097 3635 4153 neque
3680 4087 3821 4139 etiam

2239 4165 2540 4221 solitarium
2567 4155 2734 4223 ullum
2752 4169 2909 4228 facile
2931 4173 3166 4241 reperies
3192 4172 3443 4227 liberum.
3469 4173 3670 4246 Neque
3683 4179 3824 4231 etiam

2240 4258 2306 4312 de
2340 4259 2443 4313 hoc
2479 4260 2920 4317 exhorrescimus
2951 4263 3094 4332 quod
3135 4263 3274 4318 idem
3325 4263 3442 4333 ipse
3487 4267 3576 4319 ait
3607 4287 3620 4317 ε
3647 4266 3714 4321 In
3741 4285 3822 4334 ᾳω

2240 4349 2375 4401 enim
2398 4349 2596 4417 judicio
2615 4351 3008 4420 judicaveritis,
3032 4353 3406 4423 judicabimini
3446 4355 3678 4428 (Ibid.).
3711 4359 3822 4412 Nae;

2241 4438 2327 4493 dic
2359 4439 2514 4506 mihi,
2561 4442 2691 4510 quid
2721 4441 2922 4497 laboris
2951 4443 3115 4498 habet
3143 4452 3201 4499 ut
3230 4461 3336 4500 non
3375 4445 3608 4514 judices
3650 4449 3824 4502 alium?

2244 4527 2353 4584 Nos
2390 4540 2572 4585 autem
2611 4532 2704 4601 qui
2739 4547 2862 4587 cum
2899 4533 3168 4604 possimus
3210 4536 3328 4588 sine
3375 4535 3575 4591 labore
3620 4538 3824 4593 manda-

2162 4595 2215 4654 Β
2243 4631 2357 4676 tum
2387 4624 2480 4678 Dei
2512 4595 2752 4689 serv-are,
2779 4595 3088 4681 laboramus
3116 4633 3170 4680 et
3199 4625 3425 4680 nitimur
3453 4637 3513 4681 ut
3542 4629 3686 4685 illud
3710 4645 3828 4700 prb

2236 4713 2561 4768 varicemur.
2588 4715 2724 4782 Quia
2750 4725 2806 4770 et
2831 4731 3020 4771 revera
3049 4717 3162 4785 ipse
3201 4719 3587 4786 pronuntiavit
3622 4722 3690 4777 de
3712 4738 3830 4792 prb

2239 4805 2410 4873 ceptis
2464 4805 2579 4859 suis
2631 4806 2778 4874 quod
2819 4806 2953 4861 nihil
3000 4807 3055 4860 in
3101 4807 3180 4862 eis
3207 4823 3500 4862 onerosum
3555 4811 3661 4876 sit,
3710 4813 3829 4866 sicut

2236 4895 2397 4965 paulo
2442 4905 2568 4950 ante
2606 4897 2784 4960 retuli,
2824 4896 2877 4951 id
2920 4897 3121 4952 docens
3159 4915 3171 4950 :
3212 4897 3409 4968 Iugum
3454 4915 3645 4954 meum
3691 4917 3829 4956 sure

2239 4995 2338 5048 est,
2375 4993 2422 5038 et
2453 5002 2583 5039 onus
2612 5003 2782 5039 meum
2813 4985 2915 5040 leve
2944 4985 3160 5058 (Matth.
3189 5004 3281 5053 x1,
3312 4987 3425 5058 '51)).
3461 4989 3582 5045 Nos
3612 5008 3740 5046 nam
3753 5006 3830 5059 rae

2240 5092 2272 5131 e
2301 5087 2490 5131 contra
2513 5079 2696 5149 gravia
2736 5079 2998 5134 elﬁcimus
3043 5096 3162 5150 quae
3207 5082 3295 5136 ille
3332 5082 3472 5136 levia
3525 5087 3830 5142 constituit.

2242 5168 2498 5235 Quamvis
2523 5171 2667 5224 enim
2707 5172 2815 5225 sint
2835 5172 3014 5242 aliqua
3053 5173 3108 5227 in
3139 5174 3333 5244 quibus
3362 5176 3657 5244 paululum
3697 5181 3832 5233 labo-

2241 5263 2318 5317 ris
2357 5263 2718 5319 adhibendum
2749 5273 2851 5330 est,
2886 5274 3068 5321 tamen
3111 5267 3375 5338 quidquid
3411 5269 3531 5340 ipse
3585 5275 3834 5343 prmpit

2241 5361 2486 5428 leve~est,
2517 5365 2678 5418 etiam
2707 5365 2753 5420 si
2779 5366 2849 5420 sit
2871 5368 3167 5422 tribulatio.
3192 5367 3261 5437 Et
3285 5367 3332 5423 si
3365 5369 3682 5436 tribulatio,
3710 5389 3834 5442 quo-

2247 5457 2408 5512 modo
2433 5457 2550 5512 leve
2579 5459 2698 5513 est?
2728 5458 2888 5525 Leve,
2915 5460 3157 5530 inquam,
3203 5468 3306 5526 est,
3334 5461 3464 5530 quia
3503 5462 3830 5520 immensum

2245 5549 2454 5620 pondus
2491 5549 2685 5604 futura:
2715 5549 2897 5620 gloria:
2937 5551 3108 5606 levem
3142 5550 3270 5606 facit
3308 5552 3607 5620 praesentis
3638 5564 3834 5625 tempo-

2246 5644 2322 5698 ris
2383 5639 2804 5696 tribulationem.
2858 5640 3117 5710 Sequitur
3152 5660 3165 5694 :
3200 5639 3406 5705 Nolite,
3453 5640 3662 5710 inquit,
3715 5646 3834 5695 der:-

2245 5743 2484 5789 sanctum
2507 5733 2745 5798 canibus,
2775 5749 2937 5803 neque
2963 5733 3251 5804 proficiatis
3281 5732 3612 5801 margaritas
3646 5744 3832 5788 vestras

2245 5839 2365 5886 ante
2381 5845 2570 5898 porcos
2593 5827 2613 5900 (
2637 5825 2829 5884 Matth.
2855 5828 3044 5900 vn,6).
3078 5826 3186 5882 Nos
3213 5840 3343 5881 vero
3375 5839 3405 5880 e
3433 5836 3640 5882 contra
3665 5826 3832 5881 laudis
