  <div class='ocr_page' id='page_1' title='image "/cluster/home/n/w/nwhite01/storage/ocr_20150623/103/hvd.32044015466816/314.png"; bbox 0 0 3972 6328; ppageno 0'>
   <div class='ocr_carea' id='block_1_1' title="bbox 158 365 243 423">
    <p class='ocr_par' dir='ltr' id='par_1_1' title="bbox 158 365 243 423">
     <span class='ocr_line' id='line_1_1' title="bbox 158 365 243 423; baseline -0.047 0"><span class='ocrx_word' id='word_1_1' title='bbox 158 365 243 423; x_wconf 88' lang='grc'><strong>617</strong></span> 
     </span>
    </p>
   </div>
   <div class='ocr_carea' id='block_1_2' title="bbox 792 360 2739 420">
    <p class='ocr_par' dir='ltr' id='par_1_2' title="bbox 792 360 2739 420">
     <span class='ocr_line' id='line_1_2' title="bbox 792 360 2739 420; baseline -0.002 0"><span class='ocrx_word' id='word_1_2' title='bbox 792 365 1019 420; x_wconf 80' lang='lat' dir='ltr'><strong>CODEX</strong></span> <span class='ocrx_word' id='word_1_3' title='bbox 1056 362 1514 420; x_wconf 78' lang='lat' dir='ltr'><strong>REGULARUM.</strong></span> <span class='ocrx_word' id='word_1_4' title='bbox 1548 391 1621 403; x_wconf 88' lang='lat'>—</span> <span class='ocrx_word' id='word_1_5' title='bbox 1658 360 1836 417; x_wconf 77' lang='lat' dir='ltr'><strong>PARS</strong></span> <span class='ocrx_word' id='word_1_6' title='bbox 1872 362 1935 417; x_wconf 92' lang='grc'><strong>11.</strong></span> <span class='ocrx_word' id='word_1_7' title='bbox 1976 361 2280 419; x_wconf 66' lang='grc' dir='ltr'><strong>ΒΕΟΗΙΛΕ</strong></span> <span class='ocrx_word' id='word_1_8' title='bbox 2319 361 2423 418; x_wconf 88' lang='lat' dir='ltr'><strong>PP.</strong></span> <span class='ocrx_word' id='word_1_9' title='bbox 2465 361 2739 418; x_wconf 83' lang='lat' dir='ltr'><strong>ORIENT.</strong></span> 
     </span>
    </p>
   </div>
   <div class='ocr_carea' id='block_1_3' title="bbox 3269 368 3372 428">
    <p class='ocr_par' dir='ltr' id='par_1_3' title="bbox 3269 368 3372 428">
     <span class='ocr_line' id='line_1_3' title="bbox 3269 368 3372 428; baseline 0.039 -4"><span class='ocrx_word' id='word_1_10' title='bbox 3269 368 3372 428; x_wconf 84' lang='grc'><strong>618</strong></span> 
     </span>
    </p>
   </div>
   <div class='ocr_carea' id='block_1_4' title="bbox 156 474 3379 552">
    <p class='ocr_par' dir='ltr' id='par_1_4' title="bbox 156 474 3379 552">
     <span class='ocr_line' id='line_1_4' title="bbox 156 474 3379 552; baseline 0.002 -18"><span class='ocrx_word' id='word_1_11' title='bbox 156 494 309 535; x_wconf 82' lang='lat' dir='ltr'><strong>amore</strong></span> <span class='ocrx_word' id='word_1_12' title='bbox 337 487 388 533; x_wconf 92' lang='lat' dir='ltr'><strong>et</strong></span> <span class='ocrx_word' id='word_1_13' title='bbox 418 478 694 546; x_wconf 70' lang='lat' dir='ltr'><strong>iactantia:</strong></span> <span class='ocrx_word' id='word_1_14' title='bbox 719 478 852 532; x_wconf 91' lang='lat' dir='ltr'><strong>vitio</strong></span> <span class='ocrx_word' id='word_1_15' title='bbox 887 479 1151 548; x_wconf 78' lang='lat' dir='ltr'><strong>corrupti,</strong></span> <span class='ocrx_word' id='word_1_16' title='bbox 1196 478 1357 532; x_wconf 86' lang='lat' dir='ltr'><strong>etiam</strong></span> <span class='ocrx_word' id='word_1_17' title='bbox 1392 478 1519 533; x_wconf 86' lang='lat' dir='ltr'><strong>huic</strong></span> <span class='ocrx_word' id='word_1_18' title='bbox 1556 492 1694 546; x_wconf 79' lang='lat' dir='ltr'><strong>prae—</strong></span> <span class='ocrx_word' id='word_1_19' title='bbox 1720 478 1771 538; x_wconf 78' lang='grc' dir='ltr'>Α</span> <span class='ocrx_word' id='word_1_20' title='bbox 1798 474 1961 529; x_wconf 83' lang='lat' dir='ltr'><strong>fessio</strong></span> <span class='ocrx_word' id='word_1_21' title='bbox 2000 485 2345 546; x_wconf 77' lang='lat' dir='ltr'><strong>peccatorum</strong></span> <span class='ocrx_word' id='word_1_22' title='bbox 2392 483 2737 547; x_wconf 78' lang='lat' dir='ltr'><strong>propagatur.</strong></span> <span class='ocrx_word' id='word_1_23' title='bbox 2777 475 2855 534; x_wconf 90' lang='lat' dir='ltr'><strong>De</strong></span> <span class='ocrx_word' id='word_1_24' title='bbox 2882 477 3220 536; x_wconf 76' lang='lat' dir='ltr'><strong>confessione</strong></span> <span class='ocrx_word' id='word_1_25' title='bbox 3249 497 3379 552; x_wconf 88' lang='lat' dir='ltr'><strong>pec-</strong></span> 
     </span>
    </p>
   </div>
   <div class='ocr_carea' id='block_1_5' title="bbox 155 571 1693 642">
    <p class='ocr_par' dir='ltr' id='par_1_5' title="bbox 155 571 1693 642">
     <span class='ocr_line' id='line_1_5' title="bbox 155 571 1693 642; baseline -0.002 -15"><span class='ocrx_word' id='word_1_26' title='bbox 155 580 284 642; x_wconf 87' lang='lat' dir='ltr'><strong>eepto</strong></span> <span class='ocrx_word' id='word_1_27' title='bbox 327 571 592 627; x_wconf 85' lang='lat' dir='ltr'><strong>contraria</strong></span> <span class='ocrx_word' id='word_1_28' title='bbox 636 571 906 641; x_wconf 78' lang='lat' dir='ltr'><strong>gerimus,</strong></span> <span class='ocrx_word' id='word_1_29' title='bbox 951 579 1112 641; x_wconf 89' lang='lat' dir='ltr'><strong>atque</strong></span> <span class='ocrx_word' id='word_1_30' title='bbox 1159 571 1465 626; x_wconf 89' lang='lat' dir='ltr'><strong>hominibus</strong></span> <span class='ocrx_word' id='word_1_31' title='bbox 1517 584 1693 639; x_wconf 86' lang='lat' dir='ltr'><strong>neque</strong></span> 
     </span>
    </p>
   </div>
   <div class='ocr_carea' id='block_1_6' title="bbox 153 659 1692 733">
    <p class='ocr_par' dir='ltr' id='par_1_6' title="bbox 153 659 1692 733">
     <span class='ocr_line' id='line_1_6' title="bbox 153 659 1692 733; baseline -0.002 -16"><span class='ocrx_word' id='word_1_32' title='bbox 153 662 441 717; x_wconf 84' lang='lat' dir='ltr'><strong>intellectum</strong></span> <span class='ocrx_word' id='word_1_33' title='bbox 468 676 664 731; x_wconf 91' lang='lat' dir='ltr'><strong>purum</strong></span> <span class='ocrx_word' id='word_1_34' title='bbox 712 659 1055 726; x_wconf 75' lang='lat' dir='ltr'><strong>habentibus,</strong></span> <span class='ocrx_word' id='word_1_35' title='bbox 1107 677 1281 733; x_wconf 90' lang='lat' dir='ltr'><strong>neque</strong></span> <span class='ocrx_word' id='word_1_36' title='bbox 1308 661 1467 717; x_wconf 83' lang='lat' dir='ltr'><strong>ﬁdem</strong></span> <span class='ocrx_word' id='word_1_37' title='bbox 1506 676 1692 715; x_wconf 88' lang='lat' dir='ltr'><strong>sanam</strong></span> 
     </span>
    </p>
   </div>
   <div class='ocr_carea' id='block_1_7' title="bbox 150 751 1697 823">
    <p class='ocr_par' dir='ltr' id='par_1_7' title="bbox 150 751 1697 823">
     <span class='ocr_line' id='line_1_7' title="bbox 150 751 1697 823; baseline -0.001 -15"><span class='ocrx_word' id='word_1_38' title='bbox 150 753 512 818; x_wconf 88' lang='lat' dir='ltr'><strong>retinentibus,</strong></span> <span class='ocrx_word' id='word_1_39' title='bbox 566 762 621 806; x_wconf 91' lang='lat' dir='ltr'><strong>et</strong></span> <span class='ocrx_word' id='word_1_40' title='bbox 673 753 896 823; x_wconf 89' lang='lat' dir='ltr'><strong>insuper</strong></span> <span class='ocrx_word' id='word_1_41' title='bbox 943 761 1291 821; x_wconf 85' lang='lat' dir='ltr'><strong>peccatorum</strong></span> <span class='ocrx_word' id='word_1_42' title='bbox 1342 751 1569 807; x_wconf 88' lang='lat' dir='ltr'><strong>maculis</strong></span> <span class='ocrx_word' id='word_1_43' title='bbox 1612 751 1697 806; x_wconf 86' lang='lat' dir='ltr'><strong>in-</strong></span> 
     </span>
    </p>
   </div>
   <div class='ocr_carea' id='block_1_8' title="bbox 148 841 1695 915">
    <p class='ocr_par' dir='ltr' id='par_1_8' title="bbox 148 841 1695 915">
     <span class='ocr_line' id='line_1_8' title="bbox 148 841 1695 915; baseline 0 -17"><span class='ocrx_word' id='word_1_44' title='bbox 148 843 300 907; x_wconf 81' lang='lat' dir='ltr'><strong>nexis,</strong></span> <span class='ocrx_word' id='word_1_45' title='bbox 347 843 461 897; x_wconf 87' lang='lat' dir='ltr'><strong>sine</strong></span> <span class='ocrx_word' id='word_1_46' title='bbox 508 841 618 897; x_wconf 90' lang='lat' dir='ltr'><strong>ulla</strong></span> <span class='ocrx_word' id='word_1_47' title='bbox 673 843 997 899; x_wconf 89' lang='lat' dir='ltr'><strong>discretione</strong></span> <span class='ocrx_word' id='word_1_48' title='bbox 1044 844 1430 915; x_wconf 87' lang='lat' dir='ltr'><strong>mysteriorum</strong></span> <span class='ocrx_word' id='word_1_49' title='bbox 1486 850 1695 899; x_wconf 89' lang='lat' dir='ltr'><strong>secreta</strong></span> 
     </span>
    </p>
   </div>
   <div class='ocr_carea' id='block_1_9' title="bbox 147 933 1697 1009">
    <p class='ocr_par' dir='ltr' id='par_1_9' title="bbox 147 933 1697 1009">
     <span class='ocr_line' id='line_1_9' title="bbox 147 933 1697 1009; baseline 0 -19"><span class='ocrx_word' id='word_1_50' title='bbox 147 937 400 990; x_wconf 82' lang='lat' dir='ltr'><strong>nudainns.</strong></span> <span class='ocrx_word' id='word_1_51' title='bbox 429 933 654 988; x_wconf 82' lang='lat' dir='ltr'><strong>Multum</strong></span> <span class='ocrx_word' id='word_1_52' title='bbox 678 944 761 991; x_wconf 89' lang='lat' dir='ltr'><strong>est</strong></span> <span class='ocrx_word' id='word_1_53' title='bbox 783 936 949 1003; x_wconf 90' lang='lat' dir='ltr'><strong>enim,</strong></span> <span class='ocrx_word' id='word_1_54' title='bbox 982 937 1027 992; x_wconf 89' lang='lat' dir='ltr'><strong>si</strong></span> <span class='ocrx_word' id='word_1_55' title='bbox 1063 936 1293 991; x_wconf 85' lang='lat' dir='ltr'><strong>velimus</strong></span> <span class='ocrx_word' id='word_1_56' title='bbox 1314 936 1522 1009; x_wconf 81' lang='lat' dir='ltr'><strong>singula</strong></span> <span class='ocrx_word' id='word_1_57' title='bbox 1551 950 1697 1006; x_wconf 66' lang='lat' dir='ltr'><strong>qua:-</strong></span> 
     </span>
    </p>
   </div>
   <div class='ocr_carea' id='block_1_10' title="bbox 147 1024 1699 1096">
    <p class='ocr_par' dir='ltr' id='par_1_10' title="bbox 147 1024 1699 1096">
     <span class='ocr_line' id='line_1_10' title="bbox 147 1024 1699 1096; baseline 0.002 -19"><span class='ocrx_word' id='word_1_58' title='bbox 147 1040 240 1095; x_wconf 92' lang='lat' dir='ltr'><strong>que</strong></span> <span class='ocrx_word' id='word_1_59' title='bbox 284 1025 528 1079; x_wconf 84' lang='lat' dir='ltr'><strong>mandata</strong></span> <span class='ocrx_word' id='word_1_60' title='bbox 572 1024 877 1093; x_wconf 85' lang='lat' dir='ltr'><strong>discutere,</strong></span> <span class='ocrx_word' id='word_1_61' title='bbox 923 1042 1043 1096; x_wconf 69' lang='lat' dir='ltr'><strong>qum</strong></span> <span class='ocrx_word' id='word_1_62' title='bbox 1091 1027 1417 1081; x_wconf 88' lang='lat' dir='ltr'><strong>omnimodis</strong></span> <span class='ocrx_word' id='word_1_63' title='bbox 1464 1027 1519 1080; x_wconf 92' lang='lat' dir='ltr'><strong>in</strong></span> <span class='ocrx_word' id='word_1_64' title='bbox 1572 1041 1699 1080; x_wconf 88' lang='lat' dir='ltr'><strong>con-</strong></span> 
     </span>
    </p>
   </div>
   <div class='ocr_carea' id='block_1_11' title="bbox 147 1116 1695 1186">
    <p class='ocr_par' dir='ltr' id='par_1_11' title="bbox 147 1116 1695 1186">
     <span class='ocr_line' id='line_1_11' title="bbox 147 1116 1695 1186; baseline 0 -14"><span class='ocrx_word' id='word_1_65' title='bbox 147 1124 322 1186; x_wconf 85' lang='lat' dir='ltr'><strong>temptu</strong></span> <span class='ocrx_word' id='word_1_66' title='bbox 346 1116 612 1171; x_wconf 84' lang='lat' dir='ltr'><strong>habentur</strong></span> <span class='ocrx_word' id='word_1_67' title='bbox 651 1118 720 1172; x_wconf 90' lang='lat' dir='ltr'><strong>ab</strong></span> <span class='ocrx_word' id='word_1_68' title='bbox 747 1118 1075 1185; x_wconf 91' lang='lat' dir='ltr'><strong>hominibus,</strong></span> <span class='ocrx_word' id='word_1_69' title='bbox 1118 1125 1177 1172; x_wconf 90' lang='lat' dir='ltr'><strong>ut</strong></span> <span class='ocrx_word' id='word_1_70' title='bbox 1201 1118 1329 1173; x_wconf 90' lang='lat' dir='ltr'><strong>illud</strong></span> <span class='ocrx_word' id='word_1_71' title='bbox 1360 1136 1372 1172; x_wconf 90' lang='lat'><strong>:</strong></span> <span class='ocrx_word' id='word_1_72' title='bbox 1408 1118 1695 1183; x_wconf 81' lang='lat' dir='ltr'><strong>Quodcun-</strong></span> 
     </span>
    </p>
   </div>
   <div class='ocr_carea' id='block_1_12' title="bbox 145 1206 1696 1279">
    <p class='ocr_par' dir='ltr' id='par_1_12' title="bbox 145 1206 1696 1279">
     <span class='ocr_line' id='line_1_12' title="bbox 145 1206 1696 1279; baseline 0.001 -18"><span class='ocrx_word' id='word_1_73' title='bbox 145 1225 233 1279; x_wconf 86' lang='lat' dir='ltr'><strong>que</strong></span> <span class='ocrx_word' id='word_1_74' title='bbox 261 1206 399 1262; x_wconf 77' lang='lat' dir='ltr'><strong>vullis</strong></span> <span class='ocrx_word' id='word_1_75' title='bbox 434 1217 491 1261; x_wconf 82' lang='lat' dir='ltr'><strong>ut</strong></span> <span class='ocrx_word' id='word_1_76' title='bbox 532 1206 732 1275; x_wconf 75' lang='lat' dir='ltr'><strong>faciant</strong></span> <span class='ocrx_word' id='word_1_77' title='bbox 760 1208 898 1264; x_wconf 81' lang='lat' dir='ltr'><strong>vobis</strong></span> <span class='ocrx_word' id='word_1_78' title='bbox 931 1209 1187 1273; x_wconf 78' lang='lat' dir='ltr'><strong>homines,</strong></span> <span class='ocrx_word' id='word_1_79' title='bbox 1213 1210 1395 1263; x_wconf 85' lang='lat' dir='ltr'><strong>eadem</strong></span> <span class='ocrx_word' id='word_1_80' title='bbox 1420 1218 1468 1263; x_wconf 84' lang='lat' dir='ltr'><strong>et</strong></span> <span class='ocrx_word' id='word_1_81' title='bbox 1496 1226 1582 1263; x_wconf 81' lang='lat' dir='ltr'><strong>vos</strong></span> <span class='ocrx_word' id='word_1_82' title='bbox 1608 1208 1696 1278; x_wconf 86' lang='lat' dir='ltr'><strong>fa-</strong></span> 
     </span>
    </p>
   </div>
   <div class='ocr_carea' id='block_1_13' title="bbox 144 1292 1700 1368">
    <p class='ocr_par' dir='ltr' id='par_1_13' title="bbox 144 1292 1700 1368">
     <span class='ocr_line' id='line_1_13' title="bbox 144 1292 1700 1368; baseline 0.001 -16"><span class='ocrx_word' id='word_1_83' title='bbox 144 1299 231 1352; x_wconf 82' lang='lat' dir='ltr'><strong>cile</strong></span> <span class='ocrx_word' id='word_1_84' title='bbox 252 1296 345 1351; x_wconf 80' lang='lat' dir='ltr'><strong>illis</strong></span> <span class='ocrx_word' id='word_1_85' title='bbox 376 1292 585 1368; x_wconf 85' lang='lat' dir='ltr'><strong>(Ibid.).</strong></span> <span class='ocrx_word' id='word_1_86' title='bbox 613 1296 722 1352; x_wconf 88' lang='lat' dir='ltr'><strong>Nos</strong></span> <span class='ocrx_word' id='word_1_87' title='bbox 751 1314 985 1368; x_wconf 86' lang='lat' dir='ltr'><strong>namque</strong></span> <span class='ocrx_word' id='word_1_88' title='bbox 1012 1314 1043 1353; x_wconf 92' lang='lat' dir='ltr'><strong>e</strong></span> <span class='ocrx_word' id='word_1_89' title='bbox 1062 1299 1339 1355; x_wconf 88' lang='lat' dir='ltr'><strong>contrario</strong></span> <span class='ocrx_word' id='word_1_90' title='bbox 1360 1299 1538 1353; x_wconf 88' lang='lat' dir='ltr'><strong>omnia</strong></span> <span class='ocrx_word' id='word_1_91' title='bbox 1564 1297 1700 1354; x_wconf 79' lang='lat' dir='ltr'><strong>faci-</strong></span> 
     </span>
    </p>
   </div>
   <div class='ocr_carea' id='block_1_14' title="bbox 142 1388 1694 1462">
    <p class='ocr_par' dir='ltr' id='par_1_14' title="bbox 142 1388 1694 1462">
     <span class='ocr_line' id='line_1_14' title="bbox 142 1388 1694 1462; baseline 0.003 -21"><span class='ocrx_word' id='word_1_92' title='bbox 142 1404 250 1443; x_wconf 89' lang='lat' dir='ltr'><strong>mus</strong></span> <span class='ocrx_word' id='word_1_93' title='bbox 282 1388 578 1443; x_wconf 90' lang='lat' dir='ltr'><strong>hominibus</strong></span> <span class='ocrx_word' id='word_1_94' title='bbox 605 1404 724 1459; x_wconf 68' lang='lat' dir='ltr'><strong>qua:</strong></span> <span class='ocrx_word' id='word_1_95' title='bbox 757 1390 860 1460; x_wconf 89' lang='lat' dir='ltr'><strong>ipsi</strong></span> <span class='ocrx_word' id='word_1_96' title='bbox 884 1390 1132 1446; x_wconf 91' lang='lat' dir='ltr'><strong>nolumus</strong></span> <span class='ocrx_word' id='word_1_97' title='bbox 1174 1391 1307 1462; x_wconf 87' lang='lat' dir='ltr'><strong>pati.</strong></span> <span class='ocrx_word' id='word_1_98' title='bbox 1350 1391 1417 1444; x_wconf 87' lang='lat' dir='ltr'><strong>Et</strong></span> <span class='ocrx_word' id='word_1_99' title='bbox 1455 1406 1694 1459; x_wconf 88' lang='lat' dir='ltr'><strong>rursum,</strong></span> 
     </span>
    </p>
   </div>
   <div class='ocr_carea' id='block_1_15' title="bbox 140 1474 1699 1551">
    <p class='ocr_par' dir='ltr' id='par_1_15' title="bbox 140 1474 1699 1551">
     <span class='ocr_line' id='line_1_15' title="bbox 140 1474 1699 1551; baseline 0.004 -21"><span class='ocrx_word' id='word_1_100' title='bbox 140 1477 222 1548; x_wconf 85' lang='lat' dir='ltr'><strong>qui</strong></span> <span class='ocrx_word' id='word_1_101' title='bbox 255 1474 378 1546; x_wconf 87' lang='lat' dir='ltr'><strong>jussi</strong></span> <span class='ocrx_word' id='word_1_102' title='bbox 416 1493 603 1533; x_wconf 92' lang='lat' dir='ltr'><strong>sumus</strong></span> <span class='ocrx_word' id='word_1_103' title='bbox 645 1494 744 1550; x_wconf 88' lang='lat' dir='ltr'><strong>per</strong></span> <span class='ocrx_word' id='word_1_104' title='bbox 788 1488 1073 1551; x_wconf 90' lang='lat' dir='ltr'><strong>angustam</strong></span> <span class='ocrx_word' id='word_1_105' title='bbox 1102 1481 1245 1535; x_wconf 90' lang='lat' dir='ltr'><strong>viam</strong></span> <span class='ocrx_word' id='word_1_106' title='bbox 1291 1482 1566 1547; x_wconf 89' lang='lat' dir='ltr'><strong>incedere,</strong></span> <span class='ocrx_word' id='word_1_107' title='bbox 1601 1496 1699 1551; x_wconf 90' lang='lat' dir='ltr'><strong>per</strong></span> 
     </span>
    </p>
   </div>
   <div class='ocr_carea' id='block_1_16' title="bbox 137 1566 1700 1641">
    <p class='ocr_par' dir='ltr' id='par_1_16' title="bbox 137 1566 1700 1641">
     <span class='ocr_line' id='line_1_16' title="bbox 137 1566 1700 1641; baseline 0.004 -21"><span class='ocrx_word' id='word_1_108' title='bbox 137 1566 284 1621; x_wconf 87' lang='lat' dir='ltr'><strong>latam</strong></span> <span class='ocrx_word' id='word_1_109' title='bbox 327 1582 538 1640; x_wconf 89' lang='lat' dir='ltr'><strong>semper</strong></span> <span class='ocrx_word' id='word_1_110' title='bbox 585 1569 904 1626; x_wconf 86' lang='lat' dir='ltr'><strong>incedimus.</strong></span> <span class='ocrx_word' id='word_1_111' title='bbox 965 1572 1033 1626; x_wconf 87' lang='lat' dir='ltr'><strong>lli</strong></span> <span class='ocrx_word' id='word_1_112' title='bbox 1080 1580 1259 1626; x_wconf 88' lang='lat' dir='ltr'><strong>autem</strong></span> <span class='ocrx_word' id='word_1_113' title='bbox 1309 1573 1401 1641; x_wconf 87' lang='lat' dir='ltr'><strong>qui</strong></span> <span class='ocrx_word' id='word_1_114' title='bbox 1447 1573 1700 1629; x_wconf 90' lang='lat' dir='ltr'><strong>videntur</strong></span> 
     </span>
    </p>
   </div>
   <div class='ocr_carea' id='block_1_17' title="bbox 135 1658 1698 1733">
    <p class='ocr_par' dir='ltr' id='par_1_17' title="bbox 135 1658 1698 1733">
     <span class='ocr_line' id='line_1_17' title="bbox 135 1658 1698 1733; baseline 0.005 -20"><span class='ocrx_word' id='word_1_115' title='bbox 135 1658 394 1713; x_wconf 88' lang='lat' dir='ltr'><strong>sustulisse</strong></span> <span class='ocrx_word' id='word_1_116' title='bbox 433 1675 652 1716; x_wconf 89' lang='lat' dir='ltr'><strong>crucem</strong></span> <span class='ocrx_word' id='word_1_117' title='bbox 694 1677 849 1716; x_wconf 88' lang='lat' dir='ltr'><strong>suam</strong></span> <span class='ocrx_word' id='word_1_118' title='bbox 888 1670 942 1717; x_wconf 89' lang='lat' dir='ltr'><strong>et</strong></span> <span class='ocrx_word' id='word_1_119' title='bbox 968 1663 1119 1733; x_wconf 85' lang='lat' dir='ltr'><strong>sequi</strong></span> <span class='ocrx_word' id='word_1_120' title='bbox 1147 1662 1443 1730; x_wconf 88' lang='lat' dir='ltr'><strong>Christum,</strong></span> <span class='ocrx_word' id='word_1_121' title='bbox 1493 1665 1559 1720; x_wconf 91' lang='lat' dir='ltr'><strong>de</strong></span> <span class='ocrx_word' id='word_1_122' title='bbox 1586 1665 1698 1721; x_wconf 88' lang='lat' dir='ltr'><strong>lata</strong></span> 
     </span>
    </p>
   </div>
   <div class='ocr_carea' id='block_1_18' title="bbox 135 1752 1700 1823">
    <p class='ocr_par' dir='ltr' id='par_1_18' title="bbox 135 1752 1700 1823">
     <span class='ocr_line' id='line_1_18' title="bbox 135 1752 1700 1823; baseline 0.004 -18"><span class='ocrx_word' id='word_1_123' title='bbox 135 1758 186 1805; x_wconf 88' lang='lat' dir='ltr'><strong>et</strong></span> <span class='ocrx_word' id='word_1_124' title='bbox 213 1752 431 1820; x_wconf 90' lang='lat' dir='ltr'><strong>spatiosa</strong></span> <span class='ocrx_word' id='word_1_125' title='bbox 474 1753 562 1807; x_wconf 85' lang='lat' dir='ltr'><strong>via</strong></span> <span class='ocrx_word' id='word_1_126' title='bbox 599 1753 828 1809; x_wconf 86' lang='lat' dir='ltr'><strong>sollicite</strong></span> <span class='ocrx_word' id='word_1_127' title='bbox 874 1755 1175 1823; x_wconf 88' lang='lat' dir='ltr'><strong>requirunt.</strong></span> <span class='ocrx_word' id='word_1_128' title='bbox 1211 1754 1303 1808; x_wconf 92' lang='lat' dir='ltr'><strong>Sic</strong></span> <span class='ocrx_word' id='word_1_129' title='bbox 1344 1755 1490 1809; x_wconf 89' lang='lat' dir='ltr'><strong>enim</strong></span> <span class='ocrx_word' id='word_1_130' title='bbox 1518 1755 1700 1811; x_wconf 89' lang='lat' dir='ltr'><strong>facere</strong></span> 
     </span>
    </p>
   </div>
   <div class='ocr_carea' id='block_1_19' title="bbox 133 1819 1775 1925">
    <p class='ocr_par' dir='ltr' id='par_1_19' title="bbox 133 1819 1775 1925">
     <span class='ocr_line' id='line_1_19' title="bbox 133 1819 1775 1925; baseline 0.002 -28"><span class='ocrx_word' id='word_1_131' title='bbox 133 1819 295 1899; x_wconf 85' lang='lat' dir='ltr'><strong>solent</strong></span> <span class='ocrx_word' id='word_1_132' title='bbox 329 1844 400 1899; x_wconf 90' lang='lat' dir='ltr'><strong>illi</strong></span> <span class='ocrx_word' id='word_1_133' title='bbox 436 1845 529 1925; x_wconf 88' lang='lat' dir='ltr'><strong>qui</strong></span> <span class='ocrx_word' id='word_1_134' title='bbox 568 1846 825 1901; x_wconf 71' lang='lat' dir='ltr'><strong>saeculum</strong></span> <span class='ocrx_word' id='word_1_135' title='bbox 863 1819 1171 1915; x_wconf 78' lang='lat' dir='ltr'><strong>relinquere</strong></span> <span class='ocrx_word' id='word_1_136' title='bbox 1210 1846 1519 1915; x_wconf 90' lang='lat' dir='ltr'><strong>disponunt.</strong></span> <span class='ocrx_word' id='word_1_137' title='bbox 1562 1846 1699 1902; x_wconf 92' lang='lat' dir='ltr'><strong>Cum</strong></span> <span class='ocrx_word' id='word_1_138' title='bbox 1726 1819 1775 1879; x_wconf 81' lang='grc' dir='ltr'><strong>Β</strong></span> 
     </span>
    </p>
   </div>
   <div class='ocr_carea' id='block_1_20' title="bbox 132 1935 1700 1992">
    <p class='ocr_par' dir='ltr' id='par_1_20' title="bbox 132 1935 1700 1992">
     <span class='ocr_line' id='line_1_20' title="bbox 132 1935 1700 1992; baseline 0.003 -5"><span class='ocrx_word' id='word_1_139' title='bbox 132 1943 298 1989; x_wconf 89' lang='lat' dir='ltr'><strong>autem</strong></span> <span class='ocrx_word' id='word_1_140' title='bbox 337 1935 403 1990; x_wconf 91' lang='lat' dir='ltr'><strong>de</strong></span> <span class='ocrx_word' id='word_1_141' title='bbox 448 1936 796 1991; x_wconf 85' lang='lat' dir='ltr'><strong>monasteriis</strong></span> <span class='ocrx_word' id='word_1_142' title='bbox 838 1945 932 1990; x_wconf 90' lang='lat' dir='ltr'><strong>aut</strong></span> <span class='ocrx_word' id='word_1_143' title='bbox 964 1937 1277 1991; x_wconf 83' lang='lat' dir='ltr'><strong>&#39;retrusione</strong></span> <span class='ocrx_word' id='word_1_144' title='bbox 1322 1936 1408 1991; x_wconf 91' lang='lat' dir='ltr'><strong>vel</strong></span> <span class='ocrx_word' id='word_1_145' title='bbox 1444 1937 1606 1991; x_wconf 88' lang='lat' dir='ltr'><strong>etiam</strong></span> <span class='ocrx_word' id='word_1_146' title='bbox 1634 1936 1700 1992; x_wconf 89' lang='lat' dir='ltr'><strong>de</strong></span> 
     </span>
    </p>
   </div>
   <div class='ocr_carea' id='block_1_21' title="bbox 131 2021 1703 2096">
    <p class='ocr_par' dir='ltr' id='par_1_21' title="bbox 131 2021 1703 2096">
     <span class='ocr_line' id='line_1_21' title="bbox 131 2021 1703 2096; baseline 0.004 -21"><span class='ocrx_word' id='word_1_147' title='bbox 131 2021 258 2078; x_wconf 87' lang='lat' dir='ltr'><strong>locis</strong></span> <span class='ocrx_word' id='word_1_148' title='bbox 283 2024 635 2079; x_wconf 84' lang='lat' dir='ltr'><strong>habitantium</strong></span> <span class='ocrx_word' id='word_1_149' title='bbox 660 2034 1109 2096; x_wconf 85' lang='lat' dir='ltr'><strong>percunctantur,</strong></span> <span class='ocrx_word' id='word_1_150' title='bbox 1162 2033 1286 2079; x_wconf 85' lang='lat' dir='ltr'><strong>ante</strong></span> <span class='ocrx_word' id='word_1_151' title='bbox 1323 2026 1505 2080; x_wconf 87' lang='lat' dir='ltr'><strong>omnia</strong></span> <span class='ocrx_word' id='word_1_152' title='bbox 1532 2027 1598 2082; x_wconf 90' lang='lat' dir='ltr'><strong>de</strong></span> <span class='ocrx_word' id='word_1_153' title='bbox 1621 2042 1703 2081; x_wconf 92' lang='lat' dir='ltr'><strong>re-</strong></span> 
     </span>
    </p>
   </div>
   <div class='ocr_carea' id='block_1_22' title="bbox 130 2116 1703 2188">
    <p class='ocr_par' dir='ltr' id='par_1_22' title="bbox 130 2116 1703 2188">
     <span class='ocr_line' id='line_1_22' title="bbox 130 2116 1703 2188; baseline 0.004 -22"><span class='ocrx_word' id='word_1_154' title='bbox 130 2116 249 2183; x_wconf 91' lang='lat' dir='ltr'><strong>quie</strong></span> <span class='ocrx_word' id='word_1_155' title='bbox 276 2123 508 2171; x_wconf 88' lang='lat' dir='ltr'><strong>tractant</strong></span> <span class='ocrx_word' id='word_1_156' title='bbox 532 2129 589 2172; x_wconf 89' lang='lat' dir='ltr'><strong>et</strong></span> <span class='ocrx_word' id='word_1_157' title='bbox 618 2118 683 2170; x_wconf 88' lang='lat' dir='ltr'><strong>de</strong></span> <span class='ocrx_word' id='word_1_158' title='bbox 708 2118 1131 2188; x_wconf 80' lang='lat' dir='ltr'><strong>Opportunitate.</strong></span> <span class='ocrx_word' id='word_1_159' title='bbox 1168 2116 1351 2172; x_wconf 91' lang='lat' dir='ltr'><strong>Prima</strong></span> <span class='ocrx_word' id='word_1_160' title='bbox 1382 2126 1563 2173; x_wconf 87' lang='lat' dir='ltr'><strong>tamen</strong></span> <span class='ocrx_word' id='word_1_161' title='bbox 1596 2119 1703 2175; x_wconf 87' lang='lat' dir='ltr'><strong>sol-</strong></span> 
     </span>
    </p>
   </div>
   <div class='ocr_carea' id='block_1_23' title="bbox 124 2207 1702 2282">
    <p class='ocr_par' dir='ltr' id='par_1_23' title="bbox 124 2207 1702 2282">
     <span class='ocr_line' id='line_1_23' title="bbox 124 2207 1702 2282; baseline 0.003 -20"><span class='ocrx_word' id='word_1_162' title='bbox 124 2207 338 2264; x_wconf 92' lang='lat' dir='ltr'><strong>licitudo</strong></span> <span class='ocrx_word' id='word_1_163' title='bbox 375 2209 559 2263; x_wconf 88' lang='lat' dir='ltr'><strong>statim</strong></span> <span class='ocrx_word' id='word_1_164' title='bbox 593 2218 650 2265; x_wconf 91' lang='lat' dir='ltr'><strong>et</strong></span> <span class='ocrx_word' id='word_1_165' title='bbox 675 2211 851 2282; x_wconf 90' lang='lat' dir='ltr'><strong>prima</strong></span> <span class='ocrx_word' id='word_1_166' title='bbox 885 2211 1048 2265; x_wconf 88' lang='lat' dir='ltr'><strong>verba</strong></span> <span class='ocrx_word' id='word_1_167' title='bbox 1087 2212 1190 2265; x_wconf 89' lang='lat' dir='ltr'><strong>ista</strong></span> <span class='ocrx_word' id='word_1_168' title='bbox 1233 2220 1395 2265; x_wconf 90' lang='lat' dir='ltr'><strong>sunt:</strong></span> <span class='ocrx_word' id='word_1_169' title='bbox 1434 2211 1602 2267; x_wconf 85' lang='lat' dir='ltr'><strong>Estne</strong></span> <span class='ocrx_word' id='word_1_170' title='bbox 1628 2212 1702 2267; x_wconf 87' lang='lat' dir='ltr'><strong>ibi</strong></span> 
     </span>
    </p>
   </div>
   <div class='ocr_carea' id='block_1_24' title="bbox 126 2302 1703 2374">
    <p class='ocr_par' dir='ltr' id='par_1_24' title="bbox 126 2302 1703 2374">
     <span class='ocr_line' id='line_1_24' title="bbox 126 2302 1703 2374; baseline 0.003 -20"><span class='ocrx_word' id='word_1_171' title='bbox 126 2302 340 2369; x_wconf 87' lang='lat' dir='ltr'><strong>requies</strong></span> <span class='ocrx_word' id='word_1_172' title='bbox 362 2317 469 2372; x_wconf 90' lang='lat' dir='ltr'><strong>quo</strong></span> <span class='ocrx_word' id='word_1_173' title='bbox 494 2304 729 2357; x_wconf 90' lang='lat' dir='ltr'><strong>eundum</strong></span> <span class='ocrx_word' id='word_1_174' title='bbox 755 2305 877 2359; x_wconf 88' lang='lat' dir='ltr'><strong>est?</strong></span> <span class='ocrx_word' id='word_1_175' title='bbox 894 2305 1245 2358; x_wconf 91' lang='lat' dir='ltr'><strong>Inveniuntur</strong></span> <span class='ocrx_word' id='word_1_176' title='bbox 1272 2303 1345 2358; x_wconf 81' lang='lat' dir='ltr'><strong>ibi</strong></span> <span class='ocrx_word' id='word_1_177' title='bbox 1374 2318 1438 2358; x_wconf 91' lang='lat' dir='ltr'><strong>ea</strong></span> <span class='ocrx_word' id='word_1_178' title='bbox 1466 2319 1587 2374; x_wconf 73' lang='lat' dir='ltr'><strong>qua:</strong></span> <span class='ocrx_word' id='word_1_179' title='bbox 1609 2320 1703 2359; x_wconf 83' lang='lat' dir='ltr'><strong>ne-</strong></span> 
     </span>
    </p>
   </div>
   <div class='ocr_carea' id='block_1_25' title="bbox 124 2392 1697 2462">
    <p class='ocr_par' dir='ltr' id='par_1_25' title="bbox 124 2392 1697 2462">
     <span class='ocr_line' id='line_1_25' title="bbox 124 2392 1697 2462; baseline 0.001 -15"><span class='ocrx_word' id='word_1_180' title='bbox 124 2392 360 2447; x_wconf 85' lang='lat' dir='ltr'><strong>cessaria</strong></span> <span class='ocrx_word' id='word_1_181' title='bbox 400 2401 527 2448; x_wconf 89' lang='lat' dir='ltr'><strong>sunt</strong></span> <span class='ocrx_word' id='word_1_182' title='bbox 565 2395 936 2449; x_wconf 88' lang='lat' dir='ltr'><strong>abundanter?</strong></span> <span class='ocrx_word' id='word_1_183' title='bbox 981 2393 1221 2448; x_wconf 90' lang='lat' dir='ltr'><strong>Primum</strong></span> <span class='ocrx_word' id='word_1_184' title='bbox 1267 2396 1433 2459; x_wconf 89' lang='lat' dir='ltr'><strong>enim,</strong></span> <span class='ocrx_word' id='word_1_185' title='bbox 1478 2403 1538 2448; x_wconf 92' lang='lat' dir='ltr'><strong>ut</strong></span> <span class='ocrx_word' id='word_1_186' title='bbox 1565 2395 1697 2462; x_wconf 77' lang='lat' dir='ltr'><strong>dixi,</strong></span> 
     </span>
    </p>
   </div>
   <div class='ocr_carea' id='block_1_26' title="bbox 123 2480 1706 2553">
    <p class='ocr_par' dir='ltr' id='par_1_26' title="bbox 123 2480 1706 2553">
     <span class='ocr_line' id='line_1_26' title="bbox 123 2480 1706 2553; baseline 0.002 -17"><span class='ocrx_word' id='word_1_187' title='bbox 123 2480 351 2536; x_wconf 78' lang='lat' dir='ltr'><strong>sollicite</strong></span> <span class='ocrx_word' id='word_1_188' title='bbox 393 2481 679 2553; x_wconf 90' lang='lat' dir='ltr'><strong>requirunt</strong></span> <span class='ocrx_word' id='word_1_189' title='bbox 718 2482 763 2536; x_wconf 90' lang='lat' dir='ltr'><strong>si</strong></span> <span class='ocrx_word' id='word_1_190' title='bbox 793 2482 926 2536; x_wconf 92' lang='lat' dir='ltr'><strong>nihil</strong></span> <span class='ocrx_word' id='word_1_191' title='bbox 968 2485 1161 2538; x_wconf 89' lang='lat' dir='ltr'><strong>horum</strong></span> <span class='ocrx_word' id='word_1_192' title='bbox 1189 2483 1329 2538; x_wconf 85' lang='lat' dir='ltr'><strong>desit</strong></span> <span class='ocrx_word' id='word_1_193' title='bbox 1365 2498 1485 2553; x_wconf 72' lang='lat' dir='ltr'><strong>qua:</strong></span> <span class='ocrx_word' id='word_1_194' title='bbox 1510 2483 1619 2538; x_wconf 87' lang='lat' dir='ltr'><strong>lata</strong></span> <span class='ocrx_word' id='word_1_195' title='bbox 1647 2492 1706 2539; x_wconf 90' lang='lat' dir='ltr'><strong>et</strong></span> 
     </span>
    </p>
   </div>
   <div class='ocr_carea' id='block_1_27' title="bbox 123 2572 1703 2645">
    <p class='ocr_par' dir='ltr' id='par_1_27' title="bbox 123 2572 1703 2645">
     <span class='ocr_line' id='line_1_27' title="bbox 123 2572 1703 2645; baseline 0.002 -17"><span class='ocrx_word' id='word_1_196' title='bbox 123 2573 352 2642; x_wconf 84' lang='lat' dir='ltr'><strong>spatiosa</strong></span> <span class='ocrx_word' id='word_1_197' title='bbox 380 2572 469 2626; x_wconf 89' lang='lat' dir='ltr'><strong>via</strong></span> <span class='ocrx_word' id='word_1_198' title='bbox 499 2572 762 2643; x_wconf 86' lang='lat' dir='ltr'><strong>deposcit.</strong></span> <span class='ocrx_word' id='word_1_199' title='bbox 793 2574 931 2640; x_wconf 85' lang='lat' dir='ltr'><strong>Quid</strong></span> <span class='ocrx_word' id='word_1_200' title='bbox 962 2575 1098 2645; x_wconf 85' lang='lat' dir='ltr'><strong>agis,</strong></span> <span class='ocrx_word' id='word_1_201' title='bbox 1147 2591 1182 2631; x_wconf 90' lang='grc' dir='ltr'>ο</span> <span class='ocrx_word' id='word_1_202' title='bbox 1224 2576 1425 2630; x_wconf 90' lang='lat' dir='ltr'><strong>homo?</strong></span> <span class='ocrx_word' id='word_1_203' title='bbox 1453 2574 1594 2644; x_wconf 86' lang='lat' dir='ltr'><strong>Quid</strong></span> <span class='ocrx_word' id='word_1_204' title='bbox 1622 2575 1703 2631; x_wconf 82' lang='lat' dir='ltr'><strong>lo-</strong></span> 
     </span>
    </p>
   </div>
   <div class='ocr_carea' id='block_1_28' title="bbox 122 2664 1705 2737">
    <p class='ocr_par' dir='ltr' id='par_1_28' title="bbox 122 2664 1705 2737">
     <span class='ocr_line' id='line_1_28' title="bbox 122 2664 1705 2737; baseline 0.002 -19"><span class='ocrx_word' id='word_1_205' title='bbox 122 2664 332 2733; x_wconf 89' lang='lat' dir='ltr'><strong>queris?</strong></span> <span class='ocrx_word' id='word_1_206' title='bbox 365 2664 587 2720; x_wconf 83' lang='lat' dir='ltr'><strong>Arctam</strong></span> <span class='ocrx_word' id='word_1_207' title='bbox 614 2673 669 2720; x_wconf 88' lang='lat' dir='ltr'><strong>et</strong></span> <span class='ocrx_word' id='word_1_208' title='bbox 693 2675 975 2737; x_wconf 84' lang='lat' dir='ltr'><strong>angustam</strong></span> <span class='ocrx_word' id='word_1_209' title='bbox 1006 2667 1146 2720; x_wconf 90' lang='lat' dir='ltr'><strong>viam</strong></span> <span class='ocrx_word' id='word_1_210' title='bbox 1188 2667 1373 2737; x_wconf 87' lang='lat' dir='ltr'><strong>jussus</strong></span> <span class='ocrx_word' id='word_1_211' title='bbox 1415 2680 1476 2723; x_wconf 90' lang='lat' dir='ltr'><strong>es</strong></span> <span class='ocrx_word' id='word_1_212' title='bbox 1519 2667 1705 2721; x_wconf 86' lang='lat' dir='ltr'><strong>ambu-</strong></span> 
     </span>
    </p>
   </div>
   <div class='ocr_carea' id='block_1_29' title="bbox 120 2759 1701 2831">
    <p class='ocr_par' dir='ltr' id='par_1_29' title="bbox 120 2759 1701 2831">
     <span class='ocr_line' id='line_1_29' title="bbox 120 2759 1701 2831; baseline 0.002 -18"><span class='ocrx_word' id='word_1_213' title='bbox 120 2760 258 2823; x_wconf 87' lang='lat' dir='ltr'><strong>lare,</strong></span> <span class='ocrx_word' id='word_1_214' title='bbox 291 2759 478 2829; x_wconf 90' lang='lat' dir='ltr'><strong>utquid</strong></span> <span class='ocrx_word' id='word_1_215' title='bbox 517 2759 584 2814; x_wconf 89' lang='lat' dir='ltr'><strong>de</strong></span> <span class='ocrx_word' id='word_1_216' title='bbox 623 2760 830 2830; x_wconf 86' lang='lat' dir='ltr'><strong>requie,</strong></span> <span class='ocrx_word' id='word_1_217' title='bbox 890 2759 1079 2829; x_wconf 67' lang='lat' dir='ltr'><strong>utquid</strong></span> <span class='ocrx_word' id='word_1_218' title='bbox 1119 2760 1185 2815; x_wconf 91' lang='lat' dir='ltr'><strong>de</strong></span> <span class='ocrx_word' id='word_1_219' title='bbox 1214 2759 1543 2815; x_wconf 87' lang='lat' dir='ltr'><strong>abundantia</strong></span> <span class='ocrx_word' id='word_1_220' title='bbox 1576 2775 1701 2831; x_wconf 92' lang='lat' dir='ltr'><strong>per-</strong></span> 
     </span>
    </p>
   </div>
   <div class='ocr_carea' id='block_1_30' title="bbox 120 2849 1706 2923">
    <p class='ocr_par' dir='ltr' id='par_1_30' title="bbox 120 2849 1706 2923">
     <span class='ocr_line' id='line_1_30' title="bbox 120 2849 1706 2923; baseline 0.001 -16"><span class='ocrx_word' id='word_1_221' title='bbox 120 2851 425 2907; x_wconf 85' lang='lat' dir='ltr'><strong>cunctaris?</strong></span> <span class='ocrx_word' id='word_1_222' title='bbox 470 2849 673 2906; x_wconf 84' lang='lat' dir='ltr'><strong>Verum</strong></span> <span class='ocrx_word' id='word_1_223' title='bbox 713 2866 781 2905; x_wconf 91' lang='lat' dir='ltr'><strong>ne</strong></span> <span class='ocrx_word' id='word_1_224' title='bbox 826 2865 914 2905; x_wconf 88' lang='lat' dir='ltr'><strong>me</strong></span> <span class='ocrx_word' id='word_1_225' title='bbox 949 2851 1225 2907; x_wconf 83' lang='lat' dir='ltr'><strong>existimet</strong></span> <span class='ocrx_word' id='word_1_226' title='bbox 1263 2851 1460 2923; x_wconf 87' lang='lat' dir='ltr'><strong>aliquis</strong></span> <span class='ocrx_word' id='word_1_227' title='bbox 1486 2852 1601 2907; x_wconf 56' lang='lat' dir='ltr'><strong>hac</strong></span> <span class='ocrx_word' id='word_1_228' title='bbox 1625 2853 1706 2908; x_wconf 90' lang='lat' dir='ltr'><strong>di-</strong></span> 
     </span>
    </p>
   </div>
   <div class='ocr_carea' id='block_1_31' title="bbox 119 2943 1703 3015">
    <p class='ocr_par' dir='ltr' id='par_1_31' title="bbox 119 2943 1703 3015">
     <span class='ocr_line' id='line_1_31' title="bbox 119 2943 1703 3015; baseline 0 -16"><span class='ocrx_word' id='word_1_229' title='bbox 119 2944 293 2999; x_wconf 87' lang='lat' dir='ltr'><strong>cendo</strong></span> <span class='ocrx_word' id='word_1_230' title='bbox 316 2943 449 2999; x_wconf 89' lang='lat' dir='ltr'><strong>alios</strong></span> <span class='ocrx_word' id='word_1_231' title='bbox 488 2944 757 3007; x_wconf 89' lang='lat' dir='ltr'><strong>incusare,</strong></span> <span class='ocrx_word' id='word_1_232' title='bbox 783 2944 898 3015; x_wconf 88' lang='lat' dir='ltr'><strong>jam</strong></span> <span class='ocrx_word' id='word_1_233' title='bbox 927 2961 1070 3000; x_wconf 91' lang='lat' dir='ltr'><strong>nunc</strong></span> <span class='ocrx_word' id='word_1_234' title='bbox 1107 2945 1172 3000; x_wconf 90' lang='lat' dir='ltr'><strong>de</strong></span> <span class='ocrx_word' id='word_1_235' title='bbox 1203 2945 1409 3015; x_wconf 91' lang='lat' dir='ltr'><strong>meipso</strong></span> <span class='ocrx_word' id='word_1_236' title='bbox 1446 2945 1703 3002; x_wconf 88' lang='lat' dir='ltr'><strong>narrabo.</strong></span> 
     </span>
    </p>
   </div>
   <div class='ocr_carea' id='block_1_32' title="bbox 119 3037 1703 3104">
    <p class='ocr_par' dir='ltr' id='par_1_32' title="bbox 119 3037 1703 3104">
     <span class='ocr_line' id='line_1_32' title="bbox 119 3037 1703 3104; baseline 0.003 -15"><span class='ocrx_word' id='word_1_237' title='bbox 119 3037 400 3104; x_wconf 83' lang='lat' dir='ltr'><strong>Quondam</strong></span> <span class='ocrx_word' id='word_1_238' title='bbox 428 3053 554 3092; x_wconf 89' lang='lat' dir='ltr'><strong>cum</strong></span> <span class='ocrx_word' id='word_1_239' title='bbox 579 3038 646 3094; x_wconf 90' lang='lat' dir='ltr'><strong>de</strong></span> <span class='ocrx_word' id='word_1_240' title='bbox 674 3038 854 3093; x_wconf 84' lang='lat' dir='ltr'><strong>saeculi</strong></span> <span class='ocrx_word' id='word_1_241' title='bbox 899 3038 1372 3094; x_wconf 89' lang='lat' dir='ltr'><strong>abrenuntiatione</strong></span> <span class='ocrx_word' id='word_1_242' title='bbox 1400 3046 1454 3095; x_wconf 89' lang='lat' dir='ltr'><strong>et</strong></span> <span class='ocrx_word' id='word_1_243' title='bbox 1481 3041 1545 3096; x_wconf 90' lang='lat' dir='ltr'><strong>de</strong></span> <span class='ocrx_word' id='word_1_244' title='bbox 1574 3040 1703 3095; x_wconf 89' lang='lat' dir='ltr'><strong>soli-</strong></span> 
     </span>
    </p>
   </div>
   <div class='ocr_carea' id='block_1_33' title="bbox 121 3128 1705 3201">
    <p class='ocr_par' dir='ltr' id='par_1_33' title="bbox 121 3128 1705 3201">
     <span class='ocr_line' id='line_1_33' title="bbox 121 3128 1705 3201; baseline 0 -16"><span class='ocrx_word' id='word_1_245' title='bbox 121 3130 263 3185; x_wconf 85' lang='lat' dir='ltr'><strong>taria</strong></span> <span class='ocrx_word' id='word_1_246' title='bbox 290 3128 620 3185; x_wconf 89' lang='lat' dir='ltr'><strong>habitatione</strong></span> <span class='ocrx_word' id='word_1_247' title='bbox 657 3129 895 3200; x_wconf 87' lang='lat' dir='ltr'><strong>cogitare</strong></span> <span class='ocrx_word' id='word_1_248' title='bbox 925 3131 1234 3199; x_wconf 84' lang='lat' dir='ltr'><strong>coepissem,</strong></span> <span class='ocrx_word' id='word_1_249' title='bbox 1273 3145 1375 3200; x_wconf 93' lang='lat' dir='ltr'><strong>ego</strong></span> <span class='ocrx_word' id='word_1_250' title='bbox 1404 3129 1518 3185; x_wconf 87' lang='lat' dir='ltr'><strong>scio</strong></span> <span class='ocrx_word' id='word_1_251' title='bbox 1541 3145 1705 3201; x_wconf 90' lang='lat' dir='ltr'><strong>quam</strong></span> 
     </span>
    </p>
   </div>
   <div class='ocr_carea' id='block_1_34' title="bbox 1795 566 3376 637">
    <p class='ocr_par' dir='ltr' id='par_1_34' title="bbox 1795 566 3376 637">
     <span class='ocr_line' id='line_1_34' title="bbox 1795 566 3376 637; baseline 0.007 -19"><span class='ocrx_word' id='word_1_252' title='bbox 1795 574 2042 619; x_wconf 89' lang='lat' dir='ltr'><strong>catornm</strong></span> <span class='ocrx_word' id='word_1_253' title='bbox 2069 566 2385 635; x_wconf 62' lang='lat' dir='ltr'><strong>poenitentia</strong></span> <span class='ocrx_word' id='word_1_254' title='bbox 2416 575 2719 636; x_wconf 75' lang='lat' dir='ltr'><strong>generatur.</strong></span> <span class='ocrx_word' id='word_1_255' title='bbox 2746 567 2820 621; x_wconf 90' lang='lat' dir='ltr'><strong>De</strong></span> <span class='ocrx_word' id='word_1_256' title='bbox 2840 568 3158 637; x_wconf 74' lang='lat' dir='ltr'><strong>pmnitentia</strong></span> <span class='ocrx_word' id='word_1_257' title='bbox 3193 581 3376 629; x_wconf 89' lang='lat' dir='ltr'><strong>autem</strong></span> 
     </span>
    </p>
   </div>
   <div class='ocr_carea' id='block_1_35' title="bbox 1795 657 3374 730">
    <p class='ocr_par' dir='ltr' id='par_1_35' title="bbox 1795 657 3374 730">
     <span class='ocr_line' id='line_1_35' title="bbox 1795 657 3374 730; baseline 0.006 -19"><span class='ocrx_word' id='word_1_258' title='bbox 1795 657 2130 728; x_wconf 84' lang='lat' dir='ltr'><strong>indulgentia</strong></span> <span class='ocrx_word' id='word_1_259' title='bbox 2174 667 2518 729; x_wconf 85' lang='lat' dir='ltr'><strong>peccatorum</strong></span> <span class='ocrx_word' id='word_1_260' title='bbox 2569 659 2883 730; x_wconf 80' lang='lat' dir='ltr'><strong>percipitur.</strong></span> <span class='ocrx_word' id='word_1_261' title='bbox 2935 661 3179 728; x_wconf 88' lang='lat' dir='ltr'><strong>Quatuor</strong></span> <span class='ocrx_word' id='word_1_262' title='bbox 3229 664 3374 720; x_wconf 89' lang='lat' dir='ltr'><strong>enim</strong></span> 
     </span>
    </p>
   </div>
   <div class='ocr_carea' id='block_1_36' title="bbox 1797 747 3378 822">
    <p class='ocr_par' dir='ltr' id='par_1_36' title="bbox 1797 747 3378 822">
     <span class='ocr_line' id='line_1_36' title="bbox 1797 747 3378 822; baseline 0.005 -19"><span class='ocrx_word' id='word_1_263' title='bbox 1797 756 1923 803; x_wconf 89' lang='lat' dir='ltr'><strong>sunt</strong></span> <span class='ocrx_word' id='word_1_264' title='bbox 1962 747 2254 817; x_wconf 89' lang='lat' dir='ltr'><strong>qualitates</strong></span> <span class='ocrx_word' id='word_1_265' title='bbox 2280 747 2626 803; x_wconf 80' lang='lat' dir='ltr'><strong>alleCtionum</strong></span> <span class='ocrx_word' id='word_1_266' title='bbox 2652 749 3031 822; x_wconf 45' lang='lat' dir='ltr'><strong>quibus‘mens</strong></span> <span class='ocrx_word' id='word_1_267' title='bbox 3052 751 3186 821; x_wconf 86' lang='lat' dir='ltr'><strong>justi</strong></span> <span class='ocrx_word' id='word_1_268' title='bbox 3217 753 3378 812; x_wconf 67' lang='lat' dir='ltr'><strong>taedio</strong></span> 
     </span>
    </p>
   </div>
   <div class='ocr_carea' id='block_1_37' title="bbox 1797 838 3381 915">
    <p class='ocr_par' dir='ltr' id='par_1_37' title="bbox 1797 838 3381 915">
     <span class='ocr_line' id='line_1_37' title="bbox 1797 838 3381 915; baseline 0.006 -22"><span class='ocrx_word' id='word_1_269' title='bbox 1797 838 2003 893; x_wconf 89' lang='lat' dir='ltr'><strong>salubri</strong></span> <span class='ocrx_word' id='word_1_270' title='bbox 2045 840 2455 911; x_wconf 86' lang='lat' dir='ltr'><strong>compungitur;</strong></span> <span class='ocrx_word' id='word_1_271' title='bbox 2509 841 2612 896; x_wconf 86' lang='lat' dir='ltr'><strong>hoc</strong></span> <span class='ocrx_word' id='word_1_272' title='bbox 2644 848 2750 906; x_wconf 90' lang='lat' dir='ltr'><strong>est,</strong></span> <span class='ocrx_word' id='word_1_273' title='bbox 2790 843 3050 899; x_wconf 88' lang='lat' dir='ltr'><strong>memoria</strong></span> <span class='ocrx_word' id='word_1_274' title='bbox 3079 846 3381 915; x_wconf 66' lang='lat' dir='ltr'><strong>praeterito-</strong></span> 
     </span>
    </p>
   </div>
   <div class='ocr_carea' id='block_1_38' title="bbox 1798 931 3377 1007">
    <p class='ocr_par' dir='ltr' id='par_1_38' title="bbox 1798 931 3377 1007">
     <span class='ocr_line' id='line_1_38' title="bbox 1798 931 3377 1007; baseline 0.008 -24"><span class='ocrx_word' id='word_1_275' title='bbox 1798 945 1920 983; x_wconf 91' lang='lat' dir='ltr'><strong>rum</strong></span> <span class='ocrx_word' id='word_1_276' title='bbox 1960 938 2334 999; x_wconf 88' lang='lat' dir='ltr'><strong>peccatorum,</strong></span> <span class='ocrx_word' id='word_1_277' title='bbox 2382 933 2687 988; x_wconf 88' lang='lat' dir='ltr'><strong>recordatio</strong></span> <span class='ocrx_word' id='word_1_278' title='bbox 2731 931 3034 1007; x_wconf 81' lang='lat' dir='ltr'><strong>futurarum</strong></span> <span class='ocrx_word' id='word_1_279' title='bbox 3070 950 3377 1006; x_wconf 70' lang='lat' dir='ltr'><strong>pmnarum,</strong></span> 
     </span>
    </p>
   </div>
   <div class='ocr_carea' id='block_1_39' title="bbox 1798 1021 3378 1098">
    <p class='ocr_par' dir='ltr' id='par_1_39' title="bbox 1798 1021 3378 1098">
     <span class='ocr_line' id='line_1_39' title="bbox 1798 1021 3378 1098; baseline 0.006 -22"><span class='ocrx_word' id='word_1_280' title='bbox 1798 1021 2162 1076; x_wconf 89' lang='lat' dir='ltr'><strong>consideratio</strong></span> <span class='ocrx_word' id='word_1_281' title='bbox 2196 1023 2653 1093; x_wconf 82' lang='lat' dir='ltr'><strong>peregrinationis</strong></span> <span class='ocrx_word' id='word_1_282' title='bbox 2688 1039 2800 1080; x_wconf 66' lang='lat' dir='ltr'><strong>sua:</strong></span> <span class='ocrx_word' id='word_1_283' title='bbox 2840 1025 2896 1080; x_wconf 90' lang='lat' dir='ltr'><strong>in</strong></span> <span class='ocrx_word' id='word_1_284' title='bbox 2931 1026 3091 1098; x_wconf 90' lang='lat' dir='ltr'><strong>hujus</strong></span> <span class='ocrx_word' id='word_1_285' title='bbox 3119 1029 3243 1085; x_wconf 70' lang='lat' dir='ltr'><strong>vita:</strong></span> <span class='ocrx_word' id='word_1_286' title='bbox 3272 1030 3378 1085; x_wconf 89' lang='lat' dir='ltr'><strong>mi-</strong></span> 
     </span>
    </p>
   </div>
   <div class='ocr_carea' id='block_1_40' title="bbox 1797 1112 3383 1191">
    <p class='ocr_par' dir='ltr' id='par_1_40' title="bbox 1797 1112 3383 1191">
     <span class='ocr_line' id='line_1_40' title="bbox 1797 1112 3383 1191; baseline 0.007 -24"><span class='ocrx_word' id='word_1_287' title='bbox 1797 1116 1977 1179; x_wconf 88' lang='lat' dir='ltr'><strong>seria,</strong></span> <span class='ocrx_word' id='word_1_288' title='bbox 2030 1112 2657 1191; x_wconf 25' lang='lat' dir='ltr'><strong>desiderium’supernaa</strong></span> <span class='ocrx_word' id='word_1_289' title='bbox 2709 1117 2899 1187; x_wconf 83' lang='lat' dir='ltr'><strong>patriae</strong></span> <span class='ocrx_word' id='word_1_290' title='bbox 2924 1159 2939 1183; x_wconf 92' lang='lat'><strong>,</strong></span> <span class='ocrx_word' id='word_1_291' title='bbox 2998 1128 3266 1189; x_wconf 87' lang='lat' dir='ltr'><strong>quatenus</strong></span> <span class='ocrx_word' id='word_1_292' title='bbox 3313 1122 3383 1178; x_wconf 91' lang='lat' dir='ltr'><strong>ad</strong></span> 
     </span>
    </p>
   </div>
   <div class='ocr_carea' id='block_1_41' title="bbox 1797 1203 3379 1281">
    <p class='ocr_par' dir='ltr' id='par_1_41' title="bbox 1797 1203 3379 1281">
     <span class='ocr_line' id='line_1_41' title="bbox 1797 1203 3379 1281; baseline 0.006 -24"><span class='ocrx_word' id='word_1_293' title='bbox 1797 1216 1921 1257; x_wconf 90' lang='lat' dir='ltr'><strong>eam</strong></span> <span class='ocrx_word' id='word_1_294' title='bbox 1963 1203 2286 1272; x_wconf 76' lang='lat' dir='ltr'><strong>quantocius</strong></span> <span class='ocrx_word' id='word_1_295' title='bbox 2312 1204 2491 1259; x_wconf 88' lang='lat' dir='ltr'><strong>valeat</strong></span> <span class='ocrx_word' id='word_1_296' title='bbox 2518 1206 2825 1274; x_wconf 88' lang='lat' dir='ltr'><strong>pervenire.</strong></span> <span class='ocrx_word' id='word_1_297' title='bbox 2869 1206 3095 1275; x_wconf 82' lang='lat' dir='ltr'><strong>Quando</strong></span> <span class='ocrx_word' id='word_1_298' title='bbox 3123 1225 3252 1281; x_wconf 87' lang='lat' dir='ltr'><strong>ergo</strong></span> <span class='ocrx_word' id='word_1_299' title='bbox 3276 1219 3379 1266; x_wconf 78' lang='lat' dir='ltr'><strong>ista</strong></span> 
     </span>
    </p>
   </div>
   <div class='ocr_carea' id='block_1_42' title="bbox 1798 1293 3382 1373">
    <p class='ocr_par' dir='ltr' id='par_1_42' title="bbox 1798 1293 3382 1373">
     <span class='ocr_line' id='line_1_42' title="bbox 1798 1293 3382 1373; baseline 0.006 -25"><span class='ocrx_word' id='word_1_300' title='bbox 1798 1293 1854 1348; x_wconf 91' lang='lat' dir='ltr'><strong>in</strong></span> <span class='ocrx_word' id='word_1_301' title='bbox 1879 1294 2049 1349; x_wconf 81' lang='lat' dir='ltr'><strong>&#39;corde</strong></span> <span class='ocrx_word' id='word_1_302' title='bbox 2090 1294 2248 1361; x_wconf 81' lang='lat' dir='ltr'><strong>ﬁunt,</strong></span> <span class='ocrx_word' id='word_1_303' title='bbox 2276 1295 2607 1352; x_wconf 89' lang='lat' dir='ltr'><strong>credendum</strong></span> <span class='ocrx_word' id='word_1_304' title='bbox 2641 1306 2723 1352; x_wconf 90' lang='lat' dir='ltr'><strong>est</strong></span> <span class='ocrx_word' id='word_1_305' title='bbox 2748 1307 2877 1353; x_wconf 90' lang='lat' dir='ltr'><strong>tunc</strong></span> <span class='ocrx_word' id='word_1_306' title='bbox 2914 1314 3033 1354; x_wconf 89' lang='lat' dir='ltr'><strong>esse</strong></span> <span class='ocrx_word' id='word_1_307' title='bbox 3073 1300 3241 1356; x_wconf 90' lang='lat' dir='ltr'><strong>Deum</strong></span> <span class='ocrx_word' id='word_1_308' title='bbox 3283 1318 3382 1373; x_wconf 87' lang='lat' dir='ltr'><strong>per</strong></span> 
     </span>
    </p>
   </div>
   <div class='ocr_carea' id='block_1_43' title="bbox 1799 1385 3385 1464">
    <p class='ocr_par' dir='ltr' id='par_1_43' title="bbox 1799 1385 3385 1464">
     <span class='ocr_line' id='line_1_43' title="bbox 1799 1385 3385 1464; baseline 0.007 -25"><span class='ocrx_word' id='word_1_309' title='bbox 1799 1385 2033 1457; x_wconf 80' lang='lat' dir='ltr'><strong>gratiam</strong></span> <span class='ocrx_word' id='word_1_310' title='bbox 2068 1386 2222 1440; x_wconf 91' lang='lat' dir='ltr'><strong>cordi</strong></span> <span class='ocrx_word' id='word_1_311' title='bbox 2266 1387 2505 1443; x_wconf 88' lang='lat' dir='ltr'><strong>humano</strong></span> <span class='ocrx_word' id='word_1_312' title='bbox 2546 1398 2891 1457; x_wconf 78' lang='lat' dir='ltr'><strong>praesentem.</strong></span> <span class='ocrx_word' id='word_1_313' title='bbox 2940 1390 3206 1449; x_wconf 74' lang='lat' dir='ltr'><strong>Praeterea</strong></span> <span class='ocrx_word' id='word_1_314' title='bbox 3251 1409 3385 1464; x_wconf 90' lang='lat' dir='ltr'><strong>quo-</strong></span> 
     </span>
    </p>
   </div>
   <div class='ocr_carea' id='block_1_44' title="bbox 1800 1479 3385 1555">
    <p class='ocr_par' dir='ltr' id='par_1_44' title="bbox 1800 1479 3385 1555">
     <span class='ocr_line' id='line_1_44' title="bbox 1800 1479 3385 1555; baseline 0.008 -24"><span class='ocrx_word' id='word_1_315' title='bbox 1800 1493 1903 1548; x_wconf 90' lang='lat' dir='ltr'><strong>que</strong></span> <span class='ocrx_word' id='word_1_316' title='bbox 1930 1486 2147 1548; x_wconf 90' lang='lat' dir='ltr'><strong>oportet</strong></span> <span class='ocrx_word' id='word_1_317' title='bbox 2170 1494 2291 1545; x_wconf 91' lang='lat' dir='ltr'><strong>nos,</strong></span> <span class='ocrx_word' id='word_1_318' title='bbox 2323 1479 2415 1548; x_wconf 91' lang='lat' dir='ltr'><strong>qui</strong></span> <span class='ocrx_word' id='word_1_319' title='bbox 2439 1482 2908 1549; x_wconf 87' lang='lat' dir='ltr'><strong>compunctionem</strong></span> <span class='ocrx_word' id='word_1_320' title='bbox 2936 1484 3120 1539; x_wconf 92' lang='lat' dir='ltr'><strong>cordis</strong></span> <span class='ocrx_word' id='word_1_321' title='bbox 3145 1484 3385 1555; x_wconf 79' lang='lat' dir='ltr'><strong>perfecte</strong></span> 
     </span>
    </p>
   </div>
   <div class='ocr_carea' id='block_1_45' title="bbox 1801 1570 3383 1641">
    <p class='ocr_par' dir='ltr' id='par_1_45' title="bbox 1801 1570 3383 1641">
     <span class='ocr_line' id='line_1_45' title="bbox 1801 1570 3383 1641; baseline 0.005 -16"><span class='ocrx_word' id='word_1_322' title='bbox 1801 1570 2170 1625; x_wconf 91' lang='lat' dir='ltr'><strong>desideramus</strong></span> <span class='ocrx_word' id='word_1_323' title='bbox 2212 1571 2432 1636; x_wconf 88' lang='lat' dir='ltr'><strong>habere,</strong></span> <span class='ocrx_word' id='word_1_324' title='bbox 2461 1573 2612 1641; x_wconf 90' lang='lat' dir='ltr'><strong>prius</strong></span> <span class='ocrx_word' id='word_1_325' title='bbox 2639 1573 2821 1628; x_wconf 85' lang='lat' dir='ltr'><strong>animo</strong></span> <span class='ocrx_word' id='word_1_326' title='bbox 2848 1583 2903 1629; x_wconf 90' lang='lat' dir='ltr'><strong>et</strong></span> <span class='ocrx_word' id='word_1_327' title='bbox 2937 1583 3119 1631; x_wconf 89' lang='lat' dir='ltr'><strong>mente</strong></span> <span class='ocrx_word' id='word_1_328' title='bbox 3139 1578 3207 1631; x_wconf 90' lang='lat' dir='ltr'><strong>ab</strong></span> <span class='ocrx_word' id='word_1_329' title='bbox 3233 1579 3383 1633; x_wconf 91' lang='lat' dir='ltr'><strong>omni</strong></span> 
     </span>
    </p>
   </div>
   <div class='ocr_carea' id='block_1_46' title="bbox 1777 1660 3387 1729">
    <p class='ocr_par' dir='ltr' id='par_1_46' title="bbox 1777 1660 3387 1729">
     <span class='ocr_line' id='line_1_46' title="bbox 1777 1660 3387 1729; baseline 0.008 -17"><span class='ocrx_word' id='word_1_330' title='bbox 1777 1660 2207 1729; x_wconf 86' lang='lat' dir='ltr'><strong>perturbatione</strong></span> <span class='ocrx_word' id='word_1_331' title='bbox 2239 1677 2301 1715; x_wconf 88' lang='lat' dir='ltr'><strong>ac</strong></span> <span class='ocrx_word' id='word_1_332' title='bbox 2322 1660 2673 1717; x_wconf 80' lang='lat' dir='ltr'><strong>ﬂuctuatione</strong></span> <span class='ocrx_word' id='word_1_333' title='bbox 2702 1663 2994 1718; x_wconf 86' lang='lat' dir='ltr'><strong>visibilium</strong></span> <span class='ocrx_word' id='word_1_334' title='bbox 3018 1681 3202 1721; x_wconf 88' lang='lat' dir='ltr'><strong>rerum</strong></span> <span class='ocrx_word' id='word_1_335' title='bbox 3232 1683 3387 1724; x_wconf 82' lang='lat' dir='ltr'><strong>sece—</strong></span> 
     </span>
    </p>
   </div>
   <div class='ocr_carea' id='block_1_47' title="bbox 1803 1749 3387 1827">
    <p class='ocr_par' dir='ltr' id='par_1_47' title="bbox 1803 1749 3387 1827">
     <span class='ocr_line' id='line_1_47' title="bbox 1803 1749 3387 1827; baseline 0.007 -24"><span class='ocrx_word' id='word_1_336' title='bbox 1803 1749 1953 1814; x_wconf 87' lang='lat' dir='ltr'><strong>dere,</strong></span> <span class='ocrx_word' id='word_1_337' title='bbox 2002 1758 2166 1819; x_wconf 89' lang='lat' dir='ltr'><strong>atque</strong></span> <span class='ocrx_word' id='word_1_338' title='bbox 2204 1750 2270 1805; x_wconf 88' lang='lat' dir='ltr'><strong>ad</strong></span> <span class='ocrx_word' id='word_1_339' title='bbox 2311 1749 2401 1805; x_wconf 89' lang='lat' dir='ltr'><strong>illa</strong></span> <span class='ocrx_word' id='word_1_340' title='bbox 2446 1752 2808 1807; x_wconf 90' lang='lat' dir='ltr'><strong>conscendere</strong></span> <span class='ocrx_word' id='word_1_341' title='bbox 2855 1753 3067 1815; x_wconf 85' lang='lat' dir='ltr'><strong>silentia</strong></span> <span class='ocrx_word' id='word_1_342' title='bbox 3101 1756 3193 1811; x_wconf 92' lang='lat' dir='ltr'><strong>ubi</strong></span> <span class='ocrx_word' id='word_1_343' title='bbox 3230 1765 3387 1827; x_wconf 79' lang='lat' dir='ltr'><strong>quies</strong></span> 
     </span>
    </p>
   </div>
   <div class='ocr_carea' id='block_1_48' title="bbox 1804 1838 3384 1916">
    <p class='ocr_par' dir='ltr' id='par_1_48' title="bbox 1804 1838 3384 1916">
     <span class='ocr_line' id='line_1_48' title="bbox 1804 1838 3384 1916; baseline 0.006 -24"><span class='ocrx_word' id='word_1_344' title='bbox 1804 1853 2034 1904; x_wconf 86' lang='lat' dir='ltr'><strong>summa,</strong></span> <span class='ocrx_word' id='word_1_345' title='bbox 2076 1838 2222 1909; x_wconf 81' lang='lat' dir='ltr'><strong>jugis</strong></span> <span class='ocrx_word' id='word_1_346' title='bbox 2266 1840 2632 1910; x_wconf 87' lang='lat' dir='ltr'><strong>tranquillitas</strong></span> <span class='ocrx_word' id='word_1_347' title='bbox 2671 1848 2726 1896; x_wconf 91' lang='lat' dir='ltr'><strong>et</strong></span> <span class='ocrx_word' id='word_1_348' title='bbox 2776 1857 2911 1912; x_wconf 89' lang='lat' dir='ltr'><strong>pura</strong></span> <span class='ocrx_word' id='word_1_349' title='bbox 2962 1852 3046 1899; x_wconf 90' lang='lat' dir='ltr'><strong>est</strong></span> <span class='ocrx_word' id='word_1_350' title='bbox 3087 1848 3384 1916; x_wconf 75' lang='lat' dir='ltr'><strong>serenitas;</strong></span> 
     </span>
    </p>
   </div>
   <div class='ocr_carea' id='block_1_49' title="bbox 1804 1928 3389 2008">
    <p class='ocr_par' dir='ltr' id='par_1_49' title="bbox 1804 1928 3389 2008">
     <span class='ocr_line' id='line_1_49' title="bbox 1804 1928 3389 2008; baseline 0.007 -26"><span class='ocrx_word' id='word_1_351' title='bbox 1804 1928 1988 1997; x_wconf 89' lang='lat' dir='ltr'><strong>ibique</strong></span> <span class='ocrx_word' id='word_1_352' title='bbox 2010 1928 2224 1984; x_wconf 91' lang='lat' dir='ltr'><strong>oculum</strong></span> <span class='ocrx_word' id='word_1_353' title='bbox 2248 1930 2446 1984; x_wconf 91' lang='lat' dir='ltr'><strong>mentis</strong></span> <span class='ocrx_word' id='word_1_354' title='bbox 2472 1938 2673 1986; x_wconf 65' lang='lat' dir='ltr'><strong>nostra:</strong></span> <span class='ocrx_word' id='word_1_355' title='bbox 2696 1938 2809 1987; x_wconf 86' lang='lat' dir='ltr'><strong>tota</strong></span> <span class='ocrx_word' id='word_1_356' title='bbox 2845 1933 3145 1991; x_wconf 89' lang='lat' dir='ltr'><strong>intentione</strong></span> <span class='ocrx_word' id='word_1_357' title='bbox 3173 1953 3389 2008; x_wconf 88' lang='lat' dir='ltr'><strong>semper</strong></span> 
     </span>
    </p>
   </div>
   <div class='ocr_carea' id='block_1_50' title="bbox 1804 2018 3388 2093">
    <p class='ocr_par' dir='ltr' id='par_1_50' title="bbox 1804 2018 3388 2093">
     <span class='ocr_line' id='line_1_50' title="bbox 1804 2018 3388 2093; baseline 0.008 -21"><span class='ocrx_word' id='word_1_358' title='bbox 1804 2018 2064 2074; x_wconf 84' lang='lat' dir='ltr'><strong>debemus</strong></span> <span class='ocrx_word' id='word_1_359' title='bbox 2103 2018 2339 2073; x_wconf 64' lang='lat' dir='ltr'><strong>delirum</strong></span> <span class='ocrx_word' id='word_1_360' title='bbox 2385 2021 2605 2076; x_wconf 88' lang='lat' dir='ltr'><strong>habere.</strong></span> <span class='ocrx_word' id='word_1_361' title='bbox 2650 2022 2875 2093; x_wconf 90' lang='lat' dir='ltr'><strong>Oportet</strong></span> <span class='ocrx_word' id='word_1_362' title='bbox 2913 2026 3079 2081; x_wconf 89' lang='lat' dir='ltr'><strong>etiam</strong></span> <span class='ocrx_word' id='word_1_363' title='bbox 3117 2044 3217 2084; x_wconf 92' lang='lat' dir='ltr'><strong>nos</strong></span> <span class='ocrx_word' id='word_1_364' title='bbox 3244 2029 3388 2085; x_wconf 88' lang='lat' dir='ltr'><strong>diem</strong></span> 
     </span>
    </p>
   </div>
   <div class='ocr_carea' id='block_1_51' title="bbox 1804 2108 3391 2189">
    <p class='ocr_par' dir='ltr' id='par_1_51' title="bbox 1804 2108 3391 2189">
     <span class='ocr_line' id='line_1_51' title="bbox 1804 2108 3391 2189; baseline 0.009 -28"><span class='ocrx_word' id='word_1_365' title='bbox 1804 2108 1998 2163; x_wconf 89' lang='lat' dir='ltr'><strong>mortis</strong></span> <span class='ocrx_word' id='word_1_366' title='bbox 2026 2118 2153 2163; x_wconf 87' lang='lat' dir='ltr'><strong>ante</strong></span> <span class='ocrx_word' id='word_1_367' title='bbox 2177 2109 2365 2164; x_wconf 90' lang='lat' dir='ltr'><strong>oculos</strong></span> <span class='ocrx_word' id='word_1_368' title='bbox 2394 2112 2594 2167; x_wconf 89' lang='lat' dir='ltr'><strong>mentis</strong></span> <span class='ocrx_word' id='word_1_369' title='bbox 2619 2112 2843 2180; x_wconf 88' lang='lat' dir='ltr'><strong>habere,</strong></span> <span class='ocrx_word' id='word_1_370' title='bbox 2884 2123 2941 2170; x_wconf 90' lang='lat' dir='ltr'><strong>et</strong></span> <span class='ocrx_word' id='word_1_371' title='bbox 2964 2119 3236 2186; x_wconf 73' lang='lat' dir='ltr'><strong>pneterita</strong></span> <span class='ocrx_word' id='word_1_372' title='bbox 3265 2135 3391 2189; x_wconf 89' lang='lat' dir='ltr'><strong>pec-</strong></span> 
     </span>
    </p>
   </div>
   <div class='ocr_carea' id='block_1_52' title="bbox 1805 2202 3389 2282">
    <p class='ocr_par' dir='ltr' id='par_1_52' title="bbox 1805 2202 3389 2282">
     <span class='ocr_line' id='line_1_52' title="bbox 1805 2202 3389 2282; baseline 0.008 -26"><span class='ocrx_word' id='word_1_373' title='bbox 1805 2210 1925 2256; x_wconf 90' lang='lat' dir='ltr'><strong>cata</strong></span> <span class='ocrx_word' id='word_1_374' title='bbox 1966 2202 2034 2256; x_wconf 92' lang='lat' dir='ltr'><strong>ad</strong></span> <span class='ocrx_word' id='word_1_375' title='bbox 2076 2204 2396 2259; x_wconf 90' lang='lat' dir='ltr'><strong>memoriam</strong></span> <span class='ocrx_word' id='word_1_376' title='bbox 2435 2221 2726 2274; x_wconf 89' lang='lat' dir='ltr'><strong>revocare;</strong></span> <span class='ocrx_word' id='word_1_377' title='bbox 2774 2216 2829 2263; x_wconf 91' lang='lat' dir='ltr'><strong>et</strong></span> <span class='ocrx_word' id='word_1_378' title='bbox 2865 2223 3056 2265; x_wconf 88' lang='lat' dir='ltr'><strong>eorum</strong></span> <span class='ocrx_word' id='word_1_379' title='bbox 3082 2212 3175 2282; x_wconf 91' lang='lat' dir='ltr'><strong>qui</strong></span> <span class='ocrx_word' id='word_1_380' title='bbox 3214 2213 3270 2268; x_wconf 89' lang='lat' dir='ltr'><strong>in</strong></span> <span class='ocrx_word' id='word_1_381' title='bbox 3302 2213 3389 2268; x_wconf 90' lang='lat' dir='ltr'><strong>in-</strong></span> 
     </span>
    </p>
   </div>
   <div class='ocr_carea' id='block_1_53' title="bbox 1803 2290 3397 2371">
    <p class='ocr_par' dir='ltr' id='par_1_53' title="bbox 1803 2290 3397 2371">
     <span class='ocr_line' id='line_1_53' title="bbox 1803 2290 3397 2371; baseline 0.008 -25"><span class='ocrx_word' id='word_1_382' title='bbox 1803 2290 1961 2348; x_wconf 87' lang='lat' dir='ltr'><strong>ferno</strong></span> <span class='ocrx_word' id='word_1_383' title='bbox 2013 2304 2237 2365; x_wconf 89' lang='lat' dir='ltr'><strong>gemunt</strong></span> <span class='ocrx_word' id='word_1_384' title='bbox 2283 2298 2671 2364; x_wconf 89' lang='lat' dir='ltr'><strong>rememorari,</strong></span> <span class='ocrx_word' id='word_1_385' title='bbox 2725 2306 2781 2354; x_wconf 90' lang='lat' dir='ltr'><strong>et</strong></span> <span class='ocrx_word' id='word_1_386' title='bbox 2825 2303 3096 2371; x_wconf 90' lang='lat' dir='ltr'><strong>quomodo</strong></span> <span class='ocrx_word' id='word_1_387' title='bbox 3151 2303 3223 2358; x_wconf 89' lang='lat' dir='ltr'><strong>ibi</strong></span> <span class='ocrx_word' id='word_1_388' title='bbox 3268 2313 3397 2360; x_wconf 91' lang='lat' dir='ltr'><strong>sunt</strong></span> 
     </span>
    </p>
   </div>
   <div class='ocr_carea' id='block_1_54' title="bbox 1805 2384 3393 2466">
    <p class='ocr_par' dir='ltr' id='par_1_54' title="bbox 1805 2384 3393 2466">
     <span class='ocr_line' id='line_1_54' title="bbox 1805 2384 3393 2466; baseline 0.009 -30"><span class='ocrx_word' id='word_1_389' title='bbox 1805 2384 2019 2449; x_wconf 69' lang='lat' dir='ltr'><strong>animae,</strong></span> <span class='ocrx_word' id='word_1_390' title='bbox 2058 2385 2113 2438; x_wconf 91' lang='lat' dir='ltr'><strong>in</strong></span> <span class='ocrx_word' id='word_1_391' title='bbox 2140 2402 2302 2456; x_wconf 91' lang='lat' dir='ltr'><strong>quam</strong></span> <span class='ocrx_word' id='word_1_392' title='bbox 2340 2402 2529 2444; x_wconf 90' lang='lat' dir='ltr'><strong>amaro</strong></span> <span class='ocrx_word' id='word_1_393' title='bbox 2573 2389 2807 2457; x_wconf 88' lang='lat' dir='ltr'><strong>silentio,</strong></span> <span class='ocrx_word' id='word_1_394' title='bbox 2847 2401 2941 2447; x_wconf 90' lang='lat' dir='ltr'><strong>aut</strong></span> <span class='ocrx_word' id='word_1_395' title='bbox 2975 2394 3031 2449; x_wconf 91' lang='lat' dir='ltr'><strong>in</strong></span> <span class='ocrx_word' id='word_1_396' title='bbox 3073 2410 3237 2465; x_wconf 84' lang='lat' dir='ltr'><strong>quam</strong></span> <span class='ocrx_word' id='word_1_397' title='bbox 3269 2411 3393 2466; x_wconf 87' lang='lat' dir='ltr'><strong>pes-</strong></span> 
     </span>
    </p>
   </div>
   <div class='ocr_carea' id='block_1_55' title="bbox 1803 2474 3396 2556">
    <p class='ocr_par' dir='ltr' id='par_1_55' title="bbox 1803 2474 3396 2556">
     <span class='ocr_line' id='line_1_55' title="bbox 1803 2474 3396 2556; baseline 0.007 -27"><span class='ocrx_word' id='word_1_398' title='bbox 1803 2474 1942 2529; x_wconf 90' lang='lat' dir='ltr'><strong>simo</strong></span> <span class='ocrx_word' id='word_1_399' title='bbox 1966 2476 2190 2547; x_wconf 90' lang='lat' dir='ltr'><strong>gemitu,</strong></span> <span class='ocrx_word' id='word_1_400' title='bbox 2224 2477 2308 2532; x_wconf 90' lang='lat' dir='ltr'><strong>vel</strong></span> <span class='ocrx_word' id='word_1_401' title='bbox 2353 2488 2525 2544; x_wconf 91' lang='lat' dir='ltr'><strong>metu,</strong></span> <span class='ocrx_word' id='word_1_402' title='bbox 2557 2480 2672 2537; x_wconf 87' lang='lat' dir='ltr'><strong>sive</strong></span> <span class='ocrx_word' id='word_1_403' title='bbox 2697 2482 2965 2548; x_wconf 88' lang='lat' dir='ltr'><strong>cruciatu,</strong></span> <span class='ocrx_word' id='word_1_404' title='bbox 3010 2490 3102 2538; x_wconf 90' lang='lat' dir='ltr'><strong>aut</strong></span> <span class='ocrx_word' id='word_1_405' title='bbox 3144 2485 3201 2540; x_wconf 92' lang='lat' dir='ltr'><strong>in</strong></span> <span class='ocrx_word' id='word_1_406' title='bbox 3244 2485 3396 2556; x_wconf 92' lang='lat' dir='ltr'><strong>quali</strong></span> 
     </span>
    </p>
   </div>
   <div class='ocr_carea' id='block_1_56' title="bbox 1806 2568 3395 2643">
    <p class='ocr_par' dir='ltr' id='par_1_56' title="bbox 1806 2568 3395 2643">
     <span class='ocr_line' id='line_1_56' title="bbox 1806 2568 3395 2643; baseline 0.006 -21"><span class='ocrx_word' id='word_1_407' title='bbox 1806 2568 2209 2637; x_wconf 82' lang='lat' dir='ltr'><strong>exspectatione</strong></span> <span class='ocrx_word' id='word_1_408' title='bbox 2250 2576 2306 2623; x_wconf 92' lang='lat' dir='ltr'><strong>et</strong></span> <span class='ocrx_word' id='word_1_409' title='bbox 2343 2569 2566 2638; x_wconf 87' lang='lat' dir='ltr'><strong>dolore;</strong></span> <span class='ocrx_word' id='word_1_410' title='bbox 2595 2582 2650 2627; x_wconf 90' lang='lat' dir='ltr'><strong>et</strong></span> <span class='ocrx_word' id='word_1_411' title='bbox 2692 2588 2791 2643; x_wconf 90' lang='lat' dir='ltr'><strong>pro</strong></span> <span class='ocrx_word' id='word_1_412' title='bbox 2824 2574 2912 2629; x_wconf 88' lang='lat' dir='ltr'><strong>his</strong></span> <span class='ocrx_word' id='word_1_413' title='bbox 2948 2573 3186 2630; x_wconf 76' lang='lat' dir='ltr'><strong>infinitas</strong></span> <span class='ocrx_word' id='word_1_414' title='bbox 3231 2576 3395 2632; x_wconf 83' lang='lat' dir='ltr'><strong>debe-</strong></span> 
     </span>
    </p>
   </div>
   <div class='ocr_carea' id='block_1_57' title="bbox 1806 2660 3397 2739">
    <p class='ocr_par' dir='ltr' id='par_1_57' title="bbox 1806 2660 3397 2739">
     <span class='ocr_line' id='line_1_57' title="bbox 1806 2660 3397 2739; baseline 0.006 -25"><span class='ocrx_word' id='word_1_415' title='bbox 1806 2675 1927 2715; x_wconf 85' lang='lat' dir='ltr'><strong>mus</strong></span> <span class='ocrx_word' id='word_1_416' title='bbox 1963 2660 2236 2732; x_wconf 86' lang='lat' dir='ltr'><strong>lacrymas</strong></span> <span class='ocrx_word' id='word_1_417' title='bbox 2285 2661 2531 2719; x_wconf 82' lang='lat' dir='ltr'><strong>fundere.</strong></span> <span class='ocrx_word' id='word_1_418' title='bbox 2587 2665 2966 2739; x_wconf 77' lang='lat' dir='ltr'><strong>Recogitemus</strong></span> <span class='ocrx_word' id='word_1_419' title='bbox 3018 2676 3199 2723; x_wconf 88' lang='lat' dir='ltr'><strong>autem</strong></span> <span class='ocrx_word' id='word_1_420' title='bbox 3251 2668 3397 2724; x_wconf 84' lang='lat' dir='ltr'><strong>diem</strong></span> 
     </span>
    </p>
   </div>
   <div class='ocr_carea' id='block_1_58' title="bbox 1806 2753 3398 2824">
    <p class='ocr_par' dir='ltr' id='par_1_58' title="bbox 1806 2753 3398 2824">
     <span class='ocr_line' id='line_1_58' title="bbox 1806 2753 3398 2824; baseline 0.006 -19"><span class='ocrx_word' id='word_1_421' title='bbox 1806 2753 2246 2819; x_wconf 76' lang='lat' dir='ltr'><strong>resurrectionis,</strong></span> <span class='ocrx_word' id='word_1_422' title='bbox 2284 2763 2339 2808; x_wconf 90' lang='lat' dir='ltr'><strong>et</strong></span> <span class='ocrx_word' id='word_1_423' title='bbox 2370 2754 2501 2809; x_wconf 90' lang='lat' dir='ltr'><strong>illud</strong></span> <span class='ocrx_word' id='word_1_424' title='bbox 2536 2757 2800 2823; x_wconf 88' lang='lat' dir='ltr'><strong>terribile,</strong></span> <span class='ocrx_word' id='word_1_425' title='bbox 2836 2766 2894 2813; x_wconf 91' lang='lat' dir='ltr'><strong>et</strong></span> <span class='ocrx_word' id='word_1_426' title='bbox 2932 2759 3282 2824; x_wconf 89' lang='lat' dir='ltr'><strong>horrendum,</strong></span> <span class='ocrx_word' id='word_1_427' title='bbox 3312 2767 3398 2815; x_wconf 90' lang='lat' dir='ltr'><strong>at-</strong></span> 
     </span>
    </p>
   </div>
   <div class='ocr_carea' id='block_1_59' title="bbox 1808 2844 3395 2923">
    <p class='ocr_par' dir='ltr' id='par_1_59' title="bbox 1808 2844 3395 2923">
     <span class='ocr_line' id='line_1_59' title="bbox 1808 2844 3395 2923; baseline 0.008 -27"><span class='ocrx_word' id='word_1_428' title='bbox 1808 2858 1913 2912; x_wconf 90' lang='lat' dir='ltr'><strong>que</strong></span> <span class='ocrx_word' id='word_1_429' title='bbox 1936 2845 2276 2899; x_wconf 88' lang='lat' dir='ltr'><strong>tremendum</strong></span> <span class='ocrx_word' id='word_1_430' title='bbox 2298 2844 2565 2912; x_wconf 88' lang='lat' dir='ltr'><strong>judicium</strong></span> <span class='ocrx_word' id='word_1_431' title='bbox 2606 2846 2843 2915; x_wconf 85' lang='lat' dir='ltr'><strong>Christi;</strong></span> <span class='ocrx_word' id='word_1_432' title='bbox 2892 2856 2947 2905; x_wconf 90' lang='lat' dir='ltr'><strong>et</strong></span> <span class='ocrx_word' id='word_1_433' title='bbox 3002 2852 3285 2921; x_wconf 69' lang='lat' dir='ltr'><strong>praemium</strong></span> <span class='ocrx_word' id='word_1_434' title='bbox 3304 2851 3395 2923; x_wconf 85' lang='lat' dir='ltr'><strong>ju-</strong></span> 
     </span>
    </p>
   </div>
   <div class='ocr_carea' id='block_1_60' title="bbox 1809 2938 3396 3017">
    <p class='ocr_par' dir='ltr' id='par_1_60' title="bbox 1809 2938 3396 3017">
     <span class='ocr_line' id='line_1_60' title="bbox 1809 2938 3396 3017; baseline 0.006 -26"><span class='ocrx_word' id='word_1_435' title='bbox 1809 2943 2038 3001; x_wconf 88' lang='lat' dir='ltr'><strong>storum,</strong></span> <span class='ocrx_word' id='word_1_436' title='bbox 2089 2946 2144 2990; x_wconf 91' lang='lat' dir='ltr'><strong>et</strong></span> <span class='ocrx_word' id='word_1_437' title='bbox 2193 2938 2487 3007; x_wconf 86' lang='lat' dir='ltr'><strong>repositam</strong></span> <span class='ocrx_word' id='word_1_438' title='bbox 2538 2942 2916 3009; x_wconf 90' lang='lat' dir='ltr'><strong>peccatoribus</strong></span> <span class='ocrx_word' id='word_1_439' title='bbox 2955 2958 3195 3013; x_wconf 88' lang='lat' dir='ltr'><strong>poenam,</strong></span> <span class='ocrx_word' id='word_1_440' title='bbox 3231 2961 3396 3017; x_wconf 89' lang='lat' dir='ltr'><strong>quam</strong></span> 
     </span>
    </p>
   </div>
   <div class='ocr_carea' id='block_1_61' title="bbox 1806 3027 3401 3106">
    <p class='ocr_par' dir='ltr' id='par_1_61' title="bbox 1806 3027 3401 3106">
     <span class='ocr_line' id='line_1_61' title="bbox 1806 3027 3401 3106; baseline 0.009 -28"><span class='ocrx_word' id='word_1_441' title='bbox 1806 3027 2022 3096; x_wconf 82' lang='lat' dir='ltr'><strong>passuri</strong></span> <span class='ocrx_word' id='word_1_442' title='bbox 2062 3035 2189 3083; x_wconf 90' lang='lat' dir='ltr'><strong>sunt</strong></span> <span class='ocrx_word' id='word_1_443' title='bbox 2214 3028 2270 3099; x_wconf 86' lang='lat' dir='ltr'><strong>in</strong></span> <span class='ocrx_word' id='word_1_444' title='bbox 2306 3039 2602 3100; x_wconf 91' lang='lat' dir='ltr'><strong>conspectu</strong></span> <span class='ocrx_word' id='word_1_445' title='bbox 2630 3032 2747 3087; x_wconf 92' lang='lat' dir='ltr'><strong>Dei.</strong></span> <span class='ocrx_word' id='word_1_446' title='bbox 2786 3030 2893 3088; x_wconf 89' lang='lat' dir='ltr'><strong>Sed</strong></span> <span class='ocrx_word' id='word_1_447' title='bbox 2914 3041 2970 3089; x_wconf 92' lang='lat' dir='ltr'><strong>et</strong></span> <span class='ocrx_word' id='word_1_448' title='bbox 2997 3034 3258 3106; x_wconf 89' lang='lat' dir='ltr'><strong>supplicia</strong></span> <span class='ocrx_word' id='word_1_449' title='bbox 3283 3051 3401 3093; x_wconf 89' lang='lat' dir='ltr'><strong>om-</strong></span> 
     </span>
    </p>
   </div>
   <div class='ocr_carea' id='block_1_62' title="bbox 1809 3116 3403 3190">
    <p class='ocr_par' dir='ltr' id='par_1_62' title="bbox 1809 3116 3403 3190">
     <span class='ocr_line' id='line_1_62' title="bbox 1809 3116 3403 3190; baseline 0.009 -21"><span class='ocrx_word' id='word_1_450' title='bbox 1809 3116 1919 3180; x_wconf 91' lang='lat' dir='ltr'><strong>nia,</strong></span> <span class='ocrx_word' id='word_1_451' title='bbox 1951 3126 2005 3172; x_wconf 91' lang='lat' dir='ltr'><strong>et</strong></span> <span class='ocrx_word' id='word_1_452' title='bbox 2030 3118 2207 3188; x_wconf 87' lang='lat' dir='ltr'><strong>ignem</strong></span> <span class='ocrx_word' id='word_1_453' title='bbox 2250 3119 2770 3190; x_wconf 77' lang='lat' dir='ltr'><strong>inexstinguihilem,</strong></span> <span class='ocrx_word' id='word_1_454' title='bbox 2806 3131 2862 3178; x_wconf 91' lang='lat' dir='ltr'><strong>et</strong></span> <span class='ocrx_word' id='word_1_455' title='bbox 2880 3138 3093 3181; x_wconf 89' lang='lat' dir='ltr'><strong>vermes</strong></span> <span class='ocrx_word' id='word_1_456' title='bbox 3120 3126 3403 3184; x_wconf 79' lang='lat' dir='ltr'><strong>immorta-</strong></span> 
     </span>
    </p>
   </div>
   <div class='ocr_carea' id='block_1_63' title="bbox 115 3178 3404 3293">
    <p class='ocr_par' dir='ltr' id='par_1_63' title="bbox 115 3178 3404 3293">
     <span class='ocr_line' id='line_1_63' title="bbox 122 3178 3378 3201; baseline 0 -16"><span class='ocrx_word' id='word_1_457' title='bbox 122 3178 263 3185; x_wconf 51' lang='grc' dir='ltr'><strong>ππ</strong></span> <span class='ocrx_word' id='word_1_458' title='bbox 292 3178 617 3185; x_wconf 72' lang='lat'><strong>--__--_------</strong></span> <span class='ocrx_word' id='word_1_459' title='bbox 662 3178 893 3200; x_wconf 41' lang='lat' dir='ltr'><strong>&quot;an---</strong></span> <span class='ocrx_word' id='word_1_460' title='bbox 930 3178 1234 3199; x_wconf 51' lang='grc' dir='ltr'><strong>---τη----Ἴ</strong></span> <span class='ocrx_word' id='word_1_461' title='bbox 1277 3178 1370 3200; x_wconf 58' lang='grc' dir='ltr'><strong>τ-</strong></span> <span class='ocrx_word' id='word_1_462' title='bbox 1404 3178 1512 3185; x_wconf 65' lang='grc' dir='ltr'><strong>--η</strong></span> <span class='ocrx_word' id='word_1_463' title='bbox 1544 3178 1705 3201; x_wconf 57' lang='lat'>1__-_</span> <span class='ocrx_word' id='word_1_464' title='bbox 1907 3178 1915 3180; x_wconf 94' lang='lat'><strong>.</strong></span> <span class='ocrx_word' id='word_1_465' title='bbox 2048 3178 2077 3188; x_wconf 65' lang='grc' dir='ltr'>ν</span> <span class='ocrx_word' id='word_1_466' title='bbox 2490 3178 2520 3190; x_wconf 66' lang='grc' dir='ltr'><em>υ</em></span> <span class='ocrx_word' id='word_1_467' title='bbox 2757 3178 2769 3189; x_wconf 95' lang='grc'><strong><em>,</em></strong></span> <span class='ocrx_word' id='word_1_468' title='bbox 3048 3178 3087 3181; x_wconf 35' lang='grc' dir='ltr'><strong>κ-</strong></span> <span class='ocrx_word' id='word_1_469' title='bbox 3122 3178 3378 3184; x_wconf 47' lang='lat'><strong>-_-------_</strong></span> 
     </span>
     <span class='ocr_line' id='line_1_64' title="bbox 115 3178 3404 3293; baseline -0.002 -13"><span class='ocrx_word' id='word_1_470' title='bbox 115 3221 350 3280; x_wconf 85' lang='lat' dir='ltr'><strong>sollicite</strong></span> <span class='ocrx_word' id='word_1_471' title='bbox 392 3220 531 3278; x_wconf 87' lang='lat' dir='ltr'><strong>infra</strong></span> <span class='ocrx_word' id='word_1_472' title='bbox 579 3223 955 3293; x_wconf 87' lang='lat' dir='ltr'><strong>memetipsum</strong></span> <span class='ocrx_word' id='word_1_473' title='bbox 994 3222 1398 3292; x_wconf 86' lang='lat' dir='ltr'><strong>perscrutabar,</strong></span> <span class='ocrx_word' id='word_1_474' title='bbox 1436 3223 1579 3278; x_wconf 89' lang='lat' dir='ltr'><strong>unde</strong></span> <span class='ocrx_word' id='word_1_475' title='bbox 1623 3221 1707 3282; x_wconf 61' lang='lat' dir='ltr'><strong>vb-</strong></span> <span class='ocrx_word' id='word_1_476' title='bbox 1731 3178 1776 3242; x_wconf 79' lang='lat' dir='ltr'>C</span> <span class='ocrx_word' id='word_1_477' title='bbox 1810 3210 1908 3274; x_wconf 73' lang='lat'><strong>185.</strong></span> <span class='ocrx_word' id='word_1_478' title='bbox 1950 3218 2003 3266; x_wconf 82' lang='lat' dir='ltr'><strong>el</strong></span> <span class='ocrx_word' id='word_1_479' title='bbox 2033 3218 2300 3267; x_wconf 67' lang='lat' dir='ltr'><strong>tartarum</strong></span> <span class='ocrx_word' id='word_1_480' title='bbox 2344 3213 2688 3270; x_wconf 83' lang='lat' dir='ltr'><strong>tenebrarum</strong></span> <span class='ocrx_word' id='word_1_481' title='bbox 2719 3217 2787 3271; x_wconf 86' lang='lat' dir='ltr'><strong>ad</strong></span> <span class='ocrx_word' id='word_1_482' title='bbox 2818 3219 3138 3274; x_wconf 89' lang='lat' dir='ltr'><strong>memoriam</strong></span> <span class='ocrx_word' id='word_1_483' title='bbox 3181 3235 3404 3278; x_wconf 82' lang='lat' dir='ltr'><strong>revoce-</strong></span> 
     </span>
    </p>
   </div>
   <div class='ocr_carea' id='block_1_64' title="bbox 114 3312 1708 3384">
    <p class='ocr_par' dir='ltr' id='par_1_64' title="bbox 114 3312 1708 3384">
     <span class='ocr_line' id='line_1_65' title="bbox 114 3312 1708 3384; baseline 0.001 -16"><span class='ocrx_word' id='word_1_484' title='bbox 114 3329 328 3379; x_wconf 76' lang='lat' dir='ltr'><strong>verem,</strong></span> <span class='ocrx_word' id='word_1_485' title='bbox 355 3323 410 3370; x_wconf 89' lang='lat' dir='ltr'><strong>et</strong></span> <span class='ocrx_word' id='word_1_486' title='bbox 434 3312 575 3369; x_wconf 91' lang='lat' dir='ltr'><strong>unde</strong></span> <span class='ocrx_word' id='word_1_487' title='bbox 613 3313 744 3369; x_wconf 90' lang='lat' dir='ltr'><strong>mihi</strong></span> <span class='ocrx_word' id='word_1_488' title='bbox 771 3314 827 3368; x_wconf 92' lang='lat' dir='ltr'><strong>in</strong></span> <span class='ocrx_word' id='word_1_489' title='bbox 863 3314 977 3384; x_wconf 84' lang='lat' dir='ltr'><strong>ipsa</strong></span> <span class='ocrx_word' id='word_1_490' title='bbox 1021 3314 1355 3370; x_wconf 88' lang='lat' dir='ltr'><strong>habitatione</strong></span> <span class='ocrx_word' id='word_1_491' title='bbox 1376 3329 1440 3370; x_wconf 89' lang='lat' dir='ltr'><strong>ea</strong></span> <span class='ocrx_word' id='word_1_492' title='bbox 1466 3330 1585 3384; x_wconf 83' lang='lat' dir='ltr'><strong>quae</strong></span> <span class='ocrx_word' id='word_1_493' title='bbox 1612 3324 1708 3370; x_wconf 85' lang='lat' dir='ltr'><strong>ne-</strong></span> 
     </span>
    </p>
   </div>
   <div class='ocr_carea' id='block_1_65' title="bbox 112 3402 1707 3474">
    <p class='ocr_par' dir='ltr' id='par_1_65' title="bbox 112 3402 1707 3474">
     <span class='ocr_line' id='line_1_66' title="bbox 112 3402 1707 3474; baseline -0.001 -12"><span class='ocrx_word' id='word_1_494' title='bbox 112 3405 360 3462; x_wconf 84' lang='lat' dir='ltr'><strong>cessaria</strong></span> <span class='ocrx_word' id='word_1_495' title='bbox 387 3411 516 3460; x_wconf 90' lang='lat' dir='ltr'><strong>sunt</strong></span> <span class='ocrx_word' id='word_1_496' title='bbox 554 3402 771 3473; x_wconf 85' lang='lat' dir='ltr'><strong>corpori</strong></span> <span class='ocrx_word' id='word_1_497' title='bbox 795 3404 1202 3474; x_wconf 74' lang='lat' dir='ltr'><strong>przeberentur?</strong></span> <span class='ocrx_word' id='word_1_498' title='bbox 1233 3403 1341 3460; x_wconf 86' lang='lat' dir='ltr'><strong>Sed</strong></span> <span class='ocrx_word' id='word_1_499' title='bbox 1361 3415 1416 3459; x_wconf 90' lang='lat' dir='ltr'><strong>et</strong></span> <span class='ocrx_word' id='word_1_500' title='bbox 1440 3404 1570 3459; x_wconf 90' lang='lat' dir='ltr'><strong>illud</strong></span> <span class='ocrx_word' id='word_1_501' title='bbox 1597 3419 1707 3461; x_wconf 89' lang='lat' dir='ltr'><strong>non</strong></span> 
     </span>
    </p>
   </div>
   <div class='ocr_carea' id='block_1_66' title="bbox 108 3496 1707 3567">
    <p class='ocr_par' dir='ltr' id='par_1_66' title="bbox 108 3496 1707 3567">
     <span class='ocr_line' id='line_1_67' title="bbox 108 3496 1707 3567; baseline -0.001 -14"><span class='ocrx_word' id='word_1_502' title='bbox 108 3496 362 3567; x_wconf 79' lang='lat' dir='ltr'><strong>segniter</strong></span> <span class='ocrx_word' id='word_1_503' title='bbox 409 3496 784 3566; x_wconf 89' lang='lat' dir='ltr'><strong>requirebam,</strong></span> <span class='ocrx_word' id='word_1_504' title='bbox 846 3496 987 3551; x_wconf 83' lang='lat' dir='ltr'><strong>unde</strong></span> <span class='ocrx_word' id='word_1_505' title='bbox 1042 3497 1298 3552; x_wconf 86' lang='lat' dir='ltr'><strong>haberem</strong></span> <span class='ocrx_word' id='word_1_506' title='bbox 1349 3498 1707 3565; x_wconf 88' lang='lat' dir='ltr'><strong>vestimenta,</strong></span> 
     </span>
    </p>
   </div>
   <div class='ocr_carea' id='block_1_67' title="bbox 100 3586 1712 3657">
    <p class='ocr_par' dir='ltr' id='par_1_67' title="bbox 100 3586 1712 3657">
     <span class='ocr_line' id='line_1_68' title="bbox 100 3586 1712 3657; baseline -0.001 -14"><span class='ocrx_word' id='word_1_507' title='bbox 100 3588 268 3643; x_wconf 87' lang='lat' dir='ltr'><strong>unde</strong></span> <span class='ocrx_word' id='word_1_508' title='bbox 294 3586 600 3654; x_wconf 88' lang='lat' dir='ltr'><strong>luminaria,</strong></span> <span class='ocrx_word' id='word_1_509' title='bbox 642 3588 784 3643; x_wconf 89' lang='lat' dir='ltr'><strong>unde</strong></span> <span class='ocrx_word' id='word_1_510' title='bbox 817 3587 981 3642; x_wconf 88' lang='lat' dir='ltr'><strong>etiam</strong></span> <span class='ocrx_word' id='word_1_511' title='bbox 1027 3587 1192 3656; x_wconf 86' lang='lat' dir='ltr'><strong>ligna,</strong></span> <span class='ocrx_word' id='word_1_512' title='bbox 1243 3600 1299 3642; x_wconf 92' lang='lat' dir='ltr'><strong>et</strong></span> <span class='ocrx_word' id='word_1_513' title='bbox 1332 3587 1623 3657; x_wconf 79' lang='lat' dir='ltr'><strong>legumina,</strong></span> <span class='ocrx_word' id='word_1_514' title='bbox 1657 3596 1712 3642; x_wconf 88' lang='lat' dir='ltr'><strong>et</strong></span> 
     </span>
    </p>
   </div>
   <div class='ocr_carea' id='block_1_68' title="bbox 101 3679 1711 3753">
    <p class='ocr_par' dir='ltr' id='par_1_68' title="bbox 101 3679 1711 3753">
     <span class='ocr_line' id='line_1_69' title="bbox 101 3679 1711 3753; baseline -0.002 -14"><span class='ocrx_word' id='word_1_515' title='bbox 101 3689 324 3739; x_wconf 65' lang='lat' dir='ltr'><strong>caztera</strong></span> <span class='ocrx_word' id='word_1_516' title='bbox 348 3680 491 3734; x_wconf 91' lang='lat' dir='ltr'><strong>talia.</strong></span> <span class='ocrx_word' id='word_1_517' title='bbox 516 3681 592 3736; x_wconf 91' lang='lat' dir='ltr'><strong>Ita</strong></span> <span class='ocrx_word' id='word_1_518' title='bbox 629 3683 773 3737; x_wconf 90' lang='lat' dir='ltr'><strong>enim</strong></span> <span class='ocrx_word' id='word_1_519' title='bbox 803 3697 904 3753; x_wconf 91' lang='lat' dir='ltr'><strong>ego</strong></span> <span class='ocrx_word' id='word_1_520' title='bbox 937 3696 1057 3736; x_wconf 92' lang='lat' dir='ltr'><strong>cum</strong></span> <span class='ocrx_word' id='word_1_521' title='bbox 1085 3680 1229 3734; x_wconf 90' lang='lat' dir='ltr'><strong>omni</strong></span> <span class='ocrx_word' id='word_1_522' title='bbox 1258 3679 1618 3735; x_wconf 85' lang='lat' dir='ltr'><strong>sollicitudine</strong></span> <span class='ocrx_word' id='word_1_523' title='bbox 1645 3681 1711 3735; x_wconf 89' lang='lat' dir='ltr'><strong>de</strong></span> 
     </span>
    </p>
   </div>
   <div class='ocr_carea' id='block_1_69' title="bbox 100 3768 1706 3841">
    <p class='ocr_par' dir='ltr' id='par_1_69' title="bbox 100 3768 1706 3841">
     <span class='ocr_line' id='line_1_70' title="bbox 100 3768 1706 3841; baseline -0.001 -15"><span class='ocrx_word' id='word_1_524' title='bbox 100 3770 313 3839; x_wconf 80' lang='lat' dir='ltr'><strong>requie</strong></span> <span class='ocrx_word' id='word_1_525' title='bbox 343 3770 583 3839; x_wconf 89' lang='lat' dir='ltr'><strong>corporis</strong></span> <span class='ocrx_word' id='word_1_526' title='bbox 620 3770 763 3841; x_wconf 89' lang='lat' dir='ltr'><strong>apud</strong></span> <span class='ocrx_word' id='word_1_527' title='bbox 784 3770 1164 3839; x_wconf 85' lang='lat' dir='ltr'><strong>memetipsum</strong></span> <span class='ocrx_word' id='word_1_528' title='bbox 1202 3769 1522 3823; x_wconf 71' lang='lat' dir='ltr'><strong>tractabant.</strong></span> <span class='ocrx_word' id='word_1_529' title='bbox 1559 3768 1706 3824; x_wconf 85' lang='lat' dir='ltr'><strong>llcu!</strong></span> 
     </span>
    </p>
   </div>
   <div class='ocr_carea' id='block_1_70' title="bbox 100 3858 1710 3932">
    <p class='ocr_par' dir='ltr' id='par_1_70' title="bbox 100 3858 1710 3932">
     <span class='ocr_line' id='line_1_71' title="bbox 100 3858 1710 3932; baseline 0 -18"><span class='ocrx_word' id='word_1_530' title='bbox 100 3875 287 3932; x_wconf 88' lang='lat' dir='ltr'><strong>quam</strong></span> <span class='ocrx_word' id='word_1_531' title='bbox 314 3860 589 3916; x_wconf 88' lang='lat' dir='ltr'><strong>subtiliter</strong></span> <span class='ocrx_word' id='word_1_532' title='bbox 618 3860 708 3916; x_wconf 92' lang='lat' dir='ltr'><strong>ille</strong></span> <span class='ocrx_word' id='word_1_533' title='bbox 748 3860 943 3915; x_wconf 83' lang='lat' dir='ltr'><strong>artifex</strong></span> <span class='ocrx_word' id='word_1_534' title='bbox 986 3860 1112 3914; x_wconf 82' lang='lat' dir='ltr'><strong>mali</strong></span> <span class='ocrx_word' id='word_1_535' title='bbox 1152 3858 1399 3914; x_wconf 86' lang='lat' dir='ltr'><strong>diabolus</strong></span> <span class='ocrx_word' id='word_1_536' title='bbox 1429 3875 1527 3914; x_wconf 88' lang='lat' dir='ltr'><strong>nos</strong></span> <span class='ocrx_word' id='word_1_537' title='bbox 1558 3859 1710 3915; x_wconf 87' lang='lat' dir='ltr'><strong>deci-</strong></span> 
     </span>
    </p>
   </div>
   <div class='ocr_carea' id='block_1_71' title="bbox 95 3950 1714 4026">
    <p class='ocr_par' dir='ltr' id='par_1_71' title="bbox 95 3950 1714 4026">
     <span class='ocr_line' id='line_1_72' title="bbox 95 3950 1714 4026; baseline -0.001 -20"><span class='ocrx_word' id='word_1_538' title='bbox 95 3953 218 4026; x_wconf 88' lang='lat' dir='ltr'><strong>pit,</strong></span> <span class='ocrx_word' id='word_1_539' title='bbox 271 3959 327 4007; x_wconf 91' lang='lat' dir='ltr'><strong>et</strong></span> <span class='ocrx_word' id='word_1_540' title='bbox 353 3961 555 4023; x_wconf 87' lang='lat' dir='ltr'><strong>quanta</strong></span> <span class='ocrx_word' id='word_1_541' title='bbox 585 3953 827 4008; x_wconf 59' lang='lat' dir='ltr'><strong>camitate</strong></span> <span class='ocrx_word' id='word_1_542' title='bbox 864 3952 1052 4007; x_wconf 87' lang='lat' dir='ltr'><strong>oculos</strong></span> <span class='ocrx_word' id='word_1_543' title='bbox 1086 3961 1283 4006; x_wconf 70' lang='lat' dir='ltr'><strong>nostrae</strong></span> <span class='ocrx_word' id='word_1_544' title='bbox 1314 3950 1512 4005; x_wconf 75' lang='lat' dir='ltr'><strong>mentis</strong></span> <span class='ocrx_word' id='word_1_545' title='bbox 1540 3951 1714 4006; x_wconf 86' lang='lat' dir='ltr'><strong>obdu-</strong></span> 
     </span>
    </p>
   </div>
   <div class='ocr_carea' id='block_1_72' title="bbox 96 4042 1712 4114">
    <p class='ocr_par' dir='ltr' id='par_1_72' title="bbox 96 4042 1712 4114">
     <span class='ocr_line' id='line_1_73' title="bbox 96 4042 1712 4114; baseline -0.001 -16"><span class='ocrx_word' id='word_1_546' title='bbox 96 4042 221 4098; x_wconf 88' lang='lat' dir='ltr'><strong>cit!</strong></span> <span class='ocrx_word' id='word_1_547' title='bbox 255 4042 342 4097; x_wconf 83' lang='lat' dir='ltr'><strong>Ad</strong></span> <span class='ocrx_word' id='word_1_548' title='bbox 370 4058 597 4114; x_wconf 80' lang='lat' dir='ltr'><strong>regnum</strong></span> <span class='ocrx_word' id='word_1_549' title='bbox 626 4043 888 4097; x_wconf 55' lang='lat' dir='ltr'><strong>calorum</strong></span> <span class='ocrx_word' id='word_1_550' title='bbox 916 4043 1163 4113; x_wconf 91' lang='lat' dir='ltr'><strong>cupimus</strong></span> <span class='ocrx_word' id='word_1_551' title='bbox 1192 4042 1506 4109; x_wconf 85' lang='lat' dir='ltr'><strong>ascendere,</strong></span> <span class='ocrx_word' id='word_1_552' title='bbox 1543 4050 1598 4095; x_wconf 89' lang='lat' dir='ltr'><strong>et</strong></span> <span class='ocrx_word' id='word_1_553' title='bbox 1626 4042 1712 4096; x_wconf 87' lang='lat' dir='ltr'><strong>in-</strong></span> 
     </span>
    </p>
   </div>
   <div class='ocr_carea' id='block_1_73' title="bbox 98 4134 1714 4206">
    <p class='ocr_par' dir='ltr' id='par_1_73' title="bbox 98 4134 1714 4206">
     <span class='ocr_line' id='line_1_74' title="bbox 98 4134 1714 4206; baseline -0.001 -15"><span class='ocrx_word' id='word_1_554' title='bbox 98 4146 469 4206; x_wconf 72' lang='lat' dir='ltr'><strong>terrogamus</strong></span> <span class='ocrx_word' id='word_1_555' title='bbox 514 4136 560 4191; x_wconf 91' lang='lat' dir='ltr'><strong>si</strong></span> <span class='ocrx_word' id='word_1_556' title='bbox 611 4136 792 4205; x_wconf 91' lang='lat' dir='ltr'><strong>aliqua</strong></span> <span class='ocrx_word' id='word_1_557' title='bbox 835 4135 992 4191; x_wconf 91' lang='lat' dir='ltr'><strong>nobis</strong></span> <span class='ocrx_word' id='word_1_558' title='bbox 1030 4134 1317 4189; x_wconf 82' lang='lat' dir='ltr'><strong>dillicultas</strong></span> <span class='ocrx_word' id='word_1_559' title='bbox 1361 4143 1617 4190; x_wconf 89' lang='lat' dir='ltr'><strong>occurrat</strong></span> <span class='ocrx_word' id='word_1_560' title='bbox 1656 4134 1714 4189; x_wconf 89' lang='lat' dir='ltr'><strong>in</strong></span> 
     </span>
    </p>
   </div>
   <div class='ocr_carea' id='block_1_74' title="bbox 93 4224 1710 4298">
    <p class='ocr_par' dir='ltr' id='par_1_74' title="bbox 93 4224 1710 4298">
     <span class='ocr_line' id='line_1_75' title="bbox 93 4224 1710 4298; baseline -0.002 -16"><span class='ocrx_word' id='word_1_561' title='bbox 93 4228 340 4283; x_wconf 86' lang='lat' dir='ltr'><strong>itinere.</strong></span> <span class='ocrx_word' id='word_1_562' title='bbox 393 4227 477 4283; x_wconf 85' lang='lat' dir='ltr'><strong>Ad</strong></span> <span class='ocrx_word' id='word_1_563' title='bbox 517 4226 640 4282; x_wconf 78' lang='lat' dir='ltr'><strong>cmli</strong></span> <span class='ocrx_word' id='word_1_564' title='bbox 687 4225 962 4298; x_wconf 81' lang='lat' dir='ltr'><strong>fastigium</strong></span> <span class='ocrx_word' id='word_1_565' title='bbox 1000 4234 1056 4282; x_wconf 91' lang='lat' dir='ltr'><strong>et</strong></span> <span class='ocrx_word' id='word_1_566' title='bbox 1087 4226 1307 4281; x_wconf 84' lang='lat' dir='ltr'><strong>divitias</strong></span> <span class='ocrx_word' id='word_1_567' title='bbox 1343 4224 1665 4280; x_wconf 86' lang='lat' dir='ltr'><strong>festinamus</strong></span> <span class='ocrx_word' id='word_1_568' title='bbox 1696 4242 1710 4278; x_wconf 89' lang='lat'><strong>:</strong></span> 
     </span>
    </p>
   </div>
   <div class='ocr_carea' id='block_1_75' title="bbox 92 4313 1712 4387">
    <p class='ocr_par' dir='ltr' id='par_1_75' title="bbox 92 4313 1712 4387">
     <span class='ocr_line' id='line_1_76' title="bbox 92 4313 1712 4387; baseline -0.001 -16"><span class='ocrx_word' id='word_1_569' title='bbox 92 4316 176 4371; x_wconf 84' lang='lat' dir='ltr'><strong>ad</strong></span> <span class='ocrx_word' id='word_1_570' title='bbox 210 4316 390 4385; x_wconf 89' lang='lat' dir='ltr'><strong>ipsas,</strong></span> <span class='ocrx_word' id='word_1_571' title='bbox 442 4316 696 4387; x_wconf 90' lang='lat' dir='ltr'><strong>inquam,</strong></span> <span class='ocrx_word' id='word_1_572' title='bbox 748 4316 985 4382; x_wconf 86' lang='lat' dir='ltr'><strong>divitias,</strong></span> <span class='ocrx_word' id='word_1_573' title='bbox 1020 4331 1156 4387; x_wconf 90' lang='lat' dir='ltr'><strong>quas</strong></span> <span class='ocrx_word' id='word_1_574' title='bbox 1192 4330 1295 4381; x_wconf 84' lang='lat' dir='ltr'><strong>nec</strong></span> <span class='ocrx_word' id='word_1_575' title='bbox 1336 4313 1528 4371; x_wconf 92' lang='lat' dir='ltr'><strong>oculus</strong></span> <span class='ocrx_word' id='word_1_576' title='bbox 1557 4314 1712 4381; x_wconf 85' lang='lat' dir='ltr'><strong>vidit,</strong></span> 
     </span>
    </p>
   </div>
   <div class='ocr_carea' id='block_1_76' title="bbox 86 4406 1716 4479">
    <p class='ocr_par' dir='ltr' id='par_1_76' title="bbox 86 4406 1716 4479">
     <span class='ocr_line' id='line_1_77' title="bbox 86 4406 1716 4479; baseline 0.001 -17"><span class='ocrx_word' id='word_1_577' title='bbox 86 4422 213 4463; x_wconf 82' lang='lat' dir='ltr'><strong>nec</strong></span> <span class='ocrx_word' id='word_1_578' title='bbox 255 4407 411 4462; x_wconf 86' lang='lat' dir='ltr'><strong>auris</strong></span> <span class='ocrx_word' id='word_1_579' title='bbox 446 4408 683 4475; x_wconf 90' lang='lat' dir='ltr'><strong>audivit,</strong></span> <span class='ocrx_word' id='word_1_580' title='bbox 732 4424 905 4479; x_wconf 87' lang='lat' dir='ltr'><strong>neque</strong></span> <span class='ocrx_word' id='word_1_581' title='bbox 943 4409 997 4463; x_wconf 92' lang='lat' dir='ltr'><strong>in</strong></span> <span class='ocrx_word' id='word_1_582' title='bbox 1042 4424 1139 4464; x_wconf 92' lang='lat' dir='ltr'><strong>cor</strong></span> <span class='ocrx_word' id='word_1_583' title='bbox 1178 4407 1432 4463; x_wconf 88' lang='lat' dir='ltr'><strong>hominis.</strong></span> <span class='ocrx_word' id='word_1_584' title='bbox 1456 4406 1716 4463; x_wconf 87' lang='lat' dir='ltr'><strong>ascende-</strong></span> 
     </span>
    </p>
   </div>
   <div class='ocr_carea' id='block_1_77' title="bbox 84 4496 1450 4570">
    <p class='ocr_par' dir='ltr' id='par_1_77' title="bbox 84 4496 1450 4570">
     <span class='ocr_line' id='line_1_78' title="bbox 84 4496 1450 4570; baseline -0.001 -18"><span class='ocrx_word' id='word_1_585' title='bbox 84 4505 279 4562; x_wconf 85' lang='lat' dir='ltr'><strong>runt;</strong></span> <span class='ocrx_word' id='word_1_586' title='bbox 321 4505 382 4552; x_wconf 93' lang='lat' dir='ltr'><strong>et</strong></span> <span class='ocrx_word' id='word_1_587' title='bbox 412 4496 480 4552; x_wconf 93' lang='lat' dir='ltr'><strong>de</strong></span> <span class='ocrx_word' id='word_1_588' title='bbox 508 4498 698 4568; x_wconf 88' lang='lat' dir='ltr'><strong>requie</strong></span> <span class='ocrx_word' id='word_1_589' title='bbox 726 4498 972 4569; x_wconf 90' lang='lat' dir='ltr'><strong>corporis</strong></span> <span class='ocrx_word' id='word_1_590' title='bbox 1007 4504 1450 4570; x_wconf 87' lang='lat' dir='ltr'><strong>percunctamur.</strong></span> 
     </span>
    </p>
   </div>
   <div class='ocr_carea' id='block_1_78' title="bbox 1808 3305 3400 3375">
    <p class='ocr_par' dir='ltr' id='par_1_78' title="bbox 1808 3305 3400 3375">
     <span class='ocr_line' id='line_1_79' title="bbox 1808 3305 3400 3375; baseline 0.009 -19"><span class='ocrx_word' id='word_1_591' title='bbox 1808 3317 1974 3357; x_wconf 90' lang='lat' dir='ltr'><strong>mus:</strong></span> <span class='ocrx_word' id='word_1_592' title='bbox 2007 3310 2063 3358; x_wconf 89' lang='lat' dir='ltr'><strong>et</strong></span> <span class='ocrx_word' id='word_1_593' title='bbox 2109 3320 2275 3375; x_wconf 84' lang='lat' dir='ltr'><strong>super</strong></span> <span class='ocrx_word' id='word_1_594' title='bbox 2324 3305 2441 3361; x_wconf 67' lang='lat' dir='ltr'><strong>lucc</strong></span> <span class='ocrx_word' id='word_1_595' title='bbox 2480 3307 2661 3361; x_wconf 77' lang='lat' dir='ltr'><strong>omnia</strong></span> <span class='ocrx_word' id='word_1_596' title='bbox 2713 3309 2956 3365; x_wconf 90' lang='lat' dir='ltr'><strong>dentium</strong></span> <span class='ocrx_word' id='word_1_597' title='bbox 3003 3310 3296 3367; x_wconf 88' lang='lat' dir='ltr'><strong>stridorem</strong></span> <span class='ocrx_word' id='word_1_598' title='bbox 3341 3320 3400 3370; x_wconf 86' lang='lat' dir='ltr'><strong>et</strong></span> 
     </span>
    </p>
   </div>
   <div class='ocr_carea' id='block_1_79' title="bbox 1809 3399 3398 3468">
    <p class='ocr_par' dir='ltr' id='par_1_79' title="bbox 1809 3399 3398 3468">
     <span class='ocr_line' id='line_1_80' title="bbox 1809 3399 3398 3468; baseline 0.006 -19"><span class='ocrx_word' id='word_1_599' title='bbox 1809 3403 2076 3450; x_wconf 85' lang='lat' dir='ltr'><strong>tormenta</strong></span> <span class='ocrx_word' id='word_1_600' title='bbox 2097 3409 2358 3468; x_wconf 82' lang='lat' dir='ltr'><strong>perpetua</strong></span> <span class='ocrx_word' id='word_1_601' title='bbox 2374 3399 2845 3468; x_wconf 77' lang='lat' dir='ltr'><strong>perimeseamus.</strong></span> <span class='ocrx_word' id='word_1_602' title='bbox 2865 3400 3211 3456; x_wconf 84' lang='lat' dir='ltr'><strong>Adducamus</strong></span> <span class='ocrx_word' id='word_1_603' title='bbox 3231 3402 3398 3458; x_wconf 88' lang='lat' dir='ltr'><strong>etiam</strong></span> 
     </span>
    </p>
   </div>
   <div class='ocr_carea' id='block_1_80' title="bbox 1811 3486 3400 3566">
    <p class='ocr_par' dir='ltr' id='par_1_80' title="bbox 1811 3486 3400 3566">
     <span class='ocr_line' id='line_1_81' title="bbox 1811 3486 3400 3566; baseline 0.008 -26"><span class='ocrx_word' id='word_1_604' title='bbox 1811 3486 1877 3540; x_wconf 91' lang='lat' dir='ltr'><strong>ad</strong></span> <span class='ocrx_word' id='word_1_605' title='bbox 1926 3490 2161 3543; x_wconf 87' lang='lat' dir='ltr'><strong>medium</strong></span> <span class='ocrx_word' id='word_1_606' title='bbox 2203 3492 2376 3556; x_wconf 87' lang='lat' dir='ltr'><strong>bona,</strong></span> <span class='ocrx_word' id='word_1_607' title='bbox 2426 3503 2484 3549; x_wconf 91' lang='lat' dir='ltr'><strong>et</strong></span> <span class='ocrx_word' id='word_1_608' title='bbox 2530 3493 2789 3566; x_wconf 82' lang='lat' dir='ltr'><strong>gaudiosa</strong></span> <span class='ocrx_word' id='word_1_609' title='bbox 2824 3496 3058 3566; x_wconf 77' lang='lat' dir='ltr'><strong>gaudia,</strong></span> <span class='ocrx_word' id='word_1_610' title='bbox 3104 3511 3225 3566; x_wconf 71' lang='lat' dir='ltr'><strong>qua:</strong></span> <span class='ocrx_word' id='word_1_611' title='bbox 3271 3504 3400 3553; x_wconf 84' lang='lat' dir='ltr'><strong>sunt</strong></span> 
     </span>
    </p>
   </div>
   <div class='ocr_carea' id='block_1_81' title="bbox 1804 3575 3399 3655">
    <p class='ocr_par' dir='ltr' id='par_1_81' title="bbox 1804 3575 3399 3655">
     <span class='ocr_line' id='line_1_82' title="bbox 1804 3575 3399 3655; baseline 0.009 -25"><span class='ocrx_word' id='word_1_612' title='bbox 1804 3575 1969 3646; x_wconf 90' lang='lat' dir='ltr'><strong>justis</strong></span> <span class='ocrx_word' id='word_1_613' title='bbox 1995 3582 2227 3650; x_wconf 89' lang='lat' dir='ltr'><strong>reposita</strong></span> <span class='ocrx_word' id='word_1_614' title='bbox 2258 3597 2441 3637; x_wconf 86' lang='lat' dir='ltr'><strong>coram</strong></span> <span class='ocrx_word' id='word_1_615' title='bbox 2489 3584 2598 3640; x_wconf 90' lang='lat' dir='ltr'><strong>Deo</strong></span> <span class='ocrx_word' id='word_1_616' title='bbox 2629 3594 2684 3639; x_wconf 93' lang='lat' dir='ltr'><strong>et</strong></span> <span class='ocrx_word' id='word_1_617' title='bbox 2708 3586 2913 3655; x_wconf 82' lang='lat' dir='ltr'><strong>angelis</strong></span> <span class='ocrx_word' id='word_1_618' title='bbox 2939 3585 3056 3655; x_wconf 89' lang='lat' dir='ltr'><strong>ejus</strong></span> <span class='ocrx_word' id='word_1_619' title='bbox 3101 3587 3156 3640; x_wconf 89' lang='lat' dir='ltr'><strong>in</strong></span> <span class='ocrx_word' id='word_1_620' title='bbox 3196 3595 3399 3644; x_wconf 70' lang='lat' dir='ltr'><strong>aeterna</strong></span> 
     </span>
    </p>
   </div>
   <div class='ocr_carea' id='block_1_82' title="bbox 1812 3670 3400 3748">
    <p class='ocr_par' dir='ltr' id='par_1_82' title="bbox 1812 3670 3400 3748">
     <span class='ocr_line' id='line_1_83' title="bbox 1812 3670 3400 3748; baseline 0.006 -25"><span class='ocrx_word' id='word_1_621' title='bbox 1812 3670 2002 3741; x_wconf 85' lang='lat' dir='ltr'><strong>gloria.</strong></span> <span class='ocrx_word' id='word_1_622' title='bbox 2050 3671 2361 3743; x_wconf 85' lang='lat' dir='ltr'><strong>Cogitemus</strong></span> <span class='ocrx_word' id='word_1_623' title='bbox 2385 3685 2567 3730; x_wconf 73' lang='lat' dir='ltr'><strong>autem</strong></span> <span class='ocrx_word' id='word_1_624' title='bbox 2609 3692 2772 3745; x_wconf 89' lang='lat' dir='ltr'><strong>quam</strong></span> <span class='ocrx_word' id='word_1_625' title='bbox 2800 3678 3020 3748; x_wconf 82' lang='lat' dir='ltr'><strong>gloriosi</strong></span> <span class='ocrx_word' id='word_1_626' title='bbox 3049 3678 3156 3732; x_wconf 91' lang='lat' dir='ltr'><strong>sint</strong></span> <span class='ocrx_word' id='word_1_627' title='bbox 3186 3677 3262 3733; x_wconf 91' lang='lat' dir='ltr'><strong>illi</strong></span> <span class='ocrx_word' id='word_1_628' title='bbox 3301 3693 3400 3733; x_wconf 87' lang='lat' dir='ltr'><strong>an-</strong></span> 
     </span>
    </p>
   </div>
   <div class='ocr_carea' id='block_1_83' title="bbox 1812 3759 3399 3840">
    <p class='ocr_par' dir='ltr' id='par_1_83' title="bbox 1812 3759 3399 3840">
     <span class='ocr_line' id='line_1_84' title="bbox 1812 3759 3399 3840; baseline 0.007 -25"><span class='ocrx_word' id='word_1_629' title='bbox 1812 3759 2056 3831; x_wconf 85' lang='lat' dir='ltr'><strong>gelorum</strong></span> <span class='ocrx_word' id='word_1_630' title='bbox 2082 3764 2256 3828; x_wconf 88' lang='lat' dir='ltr'><strong>chori,</strong></span> <span class='ocrx_word' id='word_1_631' title='bbox 2290 3781 2411 3835; x_wconf 69' lang='lat' dir='ltr'><strong>qua:</strong></span> <span class='ocrx_word' id='word_1_632' title='bbox 2434 3767 2672 3823; x_wconf 84' lang='lat' dir='ltr'><strong>societas</strong></span> <span class='ocrx_word' id='word_1_633' title='bbox 2698 3767 2977 3823; x_wconf 88' lang='lat' dir='ltr'><strong>beatorum</strong></span> <span class='ocrx_word' id='word_1_634' title='bbox 3006 3769 3318 3840; x_wconf 89' lang='lat' dir='ltr'><strong>spirituum,</strong></span> <span class='ocrx_word' id='word_1_635' title='bbox 3342 3781 3399 3826; x_wconf 90' lang='lat' dir='ltr'><strong>et</strong></span> 
     </span>
    </p>
   </div>
   <div class='ocr_carea' id='block_1_84' title="bbox 1813 3846 3400 3935">
    <p class='ocr_par' dir='ltr' id='par_1_84' title="bbox 1813 3846 3400 3935">
     <span class='ocr_line' id='line_1_85' title="bbox 1813 3846 3400 3935; baseline 0.008 -29"><span class='ocrx_word' id='word_1_636' title='bbox 1813 3868 1934 3923; x_wconf 72' lang='lat' dir='ltr'><strong>qua:</strong></span> <span class='ocrx_word' id='word_1_637' title='bbox 1962 3853 2032 3908; x_wconf 91' lang='lat' dir='ltr'><strong>sit</strong></span> <span class='ocrx_word' id='word_1_638' title='bbox 2065 3855 2320 3925; x_wconf 89' lang='lat' dir='ltr'><strong>majestas</strong></span> <span class='ocrx_word' id='word_1_639' title='bbox 2359 3868 2577 3914; x_wconf 62' lang='lat' dir='ltr'><strong>acterna:</strong></span> <span class='ocrx_word' id='word_1_640' title='bbox 2599 3860 2826 3917; x_wconf 90' lang='lat' dir='ltr'><strong>visionis</strong></span> <span class='ocrx_word' id='word_1_641' title='bbox 2866 3860 2982 3918; x_wconf 90' lang='lat' dir='ltr'><strong>Dei.</strong></span> <span class='ocrx_word' id='word_1_642' title='bbox 3016 3846 3400 3935; x_wconf 15' lang='lat' dir='ltr'><strong>‘Utrorumque</strong></span> 
     </span>
    </p>
   </div>
   <div class='ocr_carea' id='block_1_85' title="bbox 1813 3947 3397 4025">
    <p class='ocr_par' dir='ltr' id='par_1_85' title="bbox 1813 3947 3397 4025">
     <span class='ocr_line' id='line_1_86' title="bbox 1813 3947 3397 4025; baseline 0.006 -24"><span class='ocrx_word' id='word_1_643' title='bbox 1813 3947 2009 4001; x_wconf 91' lang='lat' dir='ltr'><strong>horum</strong></span> <span class='ocrx_word' id='word_1_644' title='bbox 2047 3951 2619 4007; x_wconf 80' lang='lat' dir='ltr'><strong>commemorationem</strong></span> <span class='ocrx_word' id='word_1_645' title='bbox 2668 3951 2872 4025; x_wconf 91' lang='lat' dir='ltr'><strong>jngiter</strong></span> <span class='ocrx_word' id='word_1_646' title='bbox 2906 3954 2961 4009; x_wconf 89' lang='lat' dir='ltr'><strong>in</strong></span> <span class='ocrx_word' id='word_1_647' title='bbox 3005 3953 3260 4011; x_wconf 89' lang='lat' dir='ltr'><strong>cordibus</strong></span> <span class='ocrx_word' id='word_1_648' title='bbox 3296 3970 3397 4011; x_wconf 89' lang='lat' dir='ltr'><strong>no-</strong></span> 
     </span>
    </p>
   </div>
   <div class='ocr_carea' id='block_1_86' title="bbox 1813 4036 3399 4117">
    <p class='ocr_par' dir='ltr' id='par_1_86' title="bbox 1813 4036 3399 4117">
     <span class='ocr_line' id='line_1_87' title="bbox 1813 4036 3399 4117; baseline 0.008 -27"><span class='ocrx_word' id='word_1_649' title='bbox 1813 4036 1946 4091; x_wconf 84' lang='lat' dir='ltr'><strong>stris</strong></span> <span class='ocrx_word' id='word_1_650' title='bbox 1978 4036 2279 4095; x_wconf 90' lang='lat' dir='ltr'><strong>habeamus</strong></span> <span class='ocrx_word' id='word_1_651' title='bbox 2311 4058 2323 4094; x_wconf 90' lang='lat'>:</span> <span class='ocrx_word' id='word_1_652' title='bbox 2355 4057 2520 4111; x_wconf 91' lang='lat' dir='ltr'><strong>super</strong></span> <span class='ocrx_word' id='word_1_653' title='bbox 2541 4040 2749 4112; x_wconf 87' lang='lat' dir='ltr'><strong>judicia</strong></span> <span class='ocrx_word' id='word_1_654' title='bbox 2787 4045 3004 4117; x_wconf 87' lang='lat' dir='ltr'><strong>quidem</strong></span> <span class='ocrx_word' id='word_1_655' title='bbox 3051 4058 3399 4117; x_wconf 88' lang='lat' dir='ltr'><strong>peccatorum</strong></span> 
     </span>
    </p>
   </div>
   <div class='ocr_carea' id='block_1_87' title="bbox 1813 4126 3401 4208">
    <p class='ocr_par' dir='ltr' id='par_1_87' title="bbox 1813 4126 3401 4208">
     <span class='ocr_line' id='line_1_88' title="bbox 1813 4126 3401 4208; baseline 0.008 -28"><span class='ocrx_word' id='word_1_656' title='bbox 1813 4126 2271 4199; x_wconf 75' lang='lat' dir='ltr'><strong>ingemiscamus,</strong></span> <span class='ocrx_word' id='word_1_657' title='bbox 2311 4146 2475 4201; x_wconf 89' lang='lat' dir='ltr'><strong>super</strong></span> <span class='ocrx_word' id='word_1_658' title='bbox 2497 4132 2639 4190; x_wconf 91' lang='lat' dir='ltr'><strong>bona</strong></span> <span class='ocrx_word' id='word_1_659' title='bbox 2664 4149 2796 4190; x_wconf 86' lang='lat' dir='ltr'><strong>vero</strong></span> <span class='ocrx_word' id='word_1_660' title='bbox 2814 4135 2978 4207; x_wconf 89' lang='lat' dir='ltr'><strong>justis</strong></span> <span class='ocrx_word' id='word_1_661' title='bbox 3002 4136 3240 4206; x_wconf 90' lang='lat' dir='ltr'><strong>reposita</strong></span> <span class='ocrx_word' id='word_1_662' title='bbox 3270 4152 3401 4208; x_wconf 88' lang='lat' dir='ltr'><strong>gau-</strong></span> 
     </span>
    </p>
   </div>
   <div class='ocr_carea' id='block_1_88' title="bbox 1816 4218 3404 4296">
    <p class='ocr_par' dir='ltr' id='par_1_88' title="bbox 1816 4218 3404 4296">
     <span class='ocr_line' id='line_1_89' title="bbox 1816 4218 3404 4296; baseline 0.006 -24"><span class='ocrx_word' id='word_1_663' title='bbox 1816 4218 2040 4273; x_wconf 89' lang='lat' dir='ltr'><strong>deamus</strong></span> <span class='ocrx_word' id='word_1_664' title='bbox 2068 4237 2082 4273; x_wconf 88' lang='lat'><strong>:</strong></span> <span class='ocrx_word' id='word_1_665' title='bbox 2112 4220 2300 4290; x_wconf 89' lang='lat' dir='ltr'><strong>sicque</strong></span> <span class='ocrx_word' id='word_1_666' title='bbox 2341 4220 2403 4278; x_wconf 85' lang='lat' dir='ltr'><strong>fit</strong></span> <span class='ocrx_word' id='word_1_667' title='bbox 2431 4231 2491 4277; x_wconf 93' lang='lat' dir='ltr'><strong>ut</strong></span> <span class='ocrx_word' id='word_1_668' title='bbox 2518 4223 2759 4295; x_wconf 84' lang='lat' dir='ltr'><strong>perfecta</strong></span> <span class='ocrx_word' id='word_1_669' title='bbox 2784 4227 3128 4296; x_wconf 90' lang='lat' dir='ltr'><strong>compunctio</strong></span> <span class='ocrx_word' id='word_1_670' title='bbox 3156 4225 3404 4282; x_wconf 80' lang='lat' dir='ltr'><strong>formidi-</strong></span> 
     </span>
    </p>
   </div>
   <div class='ocr_carea' id='block_1_89' title="bbox 1814 4306 3167 4384">
    <p class='ocr_par' dir='ltr' id='par_1_89' title="bbox 1814 4306 3167 4384">
     <span class='ocr_line' id='line_1_90' title="bbox 1814 4306 3167 4384; baseline 0.007 -22"><span class='ocrx_word' id='word_1_671' title='bbox 1814 4306 1900 4362; x_wconf 90' lang='lat' dir='ltr'><strong>nis</strong></span> <span class='ocrx_word' id='word_1_672' title='bbox 1929 4309 2107 4365; x_wconf 87' lang='lat' dir='ltr'><strong>tradat</strong></span> <span class='ocrx_word' id='word_1_673' title='bbox 2142 4310 2381 4365; x_wconf 88' lang='lat' dir='ltr'><strong>animum</strong></span> <span class='ocrx_word' id='word_1_674' title='bbox 2406 4315 2811 4384; x_wconf 86' lang='lat' dir='ltr'><strong>eompunctiuni</strong></span> <span class='ocrx_word' id='word_1_675' title='bbox 2843 4314 3167 4372; x_wconf 89' lang='lat' dir='ltr'><strong>dilectionis.</strong></span> 
     </span>
    </p>
   </div>
   <div class='ocr_carea' id='block_1_90' title="bbox 2380 4402 2839 4461">
    <p class='ocr_par' dir='ltr' id='par_1_90' title="bbox 2380 4402 2839 4461">
     <span class='ocr_line' id='line_1_91' title="bbox 2380 4402 2839 4461; baseline 0.004 -3"><span class='ocrx_word' id='word_1_676' title='bbox 2380 4402 2610 4461; x_wconf 79' lang='lat' dir='ltr'><strong>CAPUT</strong></span> <span class='ocrx_word' id='word_1_677' title='bbox 2668 4404 2839 4460; x_wconf 87' lang='lat' dir='ltr'><strong>XXX.</strong></span> 
     </span>
    </p>
   </div>
   <div class='ocr_carea' id='block_1_91' title="bbox 2033 4492 3188 4569">
    <p class='ocr_par' dir='ltr' id='par_1_91' title="bbox 2033 4492 3188 4569">
     <span class='ocr_line' id='line_1_92' title="bbox 2033 4492 3188 4569; baseline 0.007 -23"><span class='ocrx_word' id='word_1_678' title='bbox 2033 4492 2189 4559; x_wconf 84' lang='lat' dir='ltr'><strong>Quod</strong></span> <span class='ocrx_word' id='word_1_679' title='bbox 2218 4493 2324 4548; x_wconf 85' lang='lat' dir='ltr'><strong>duo</strong></span> <span class='ocrx_word' id='word_1_680' title='bbox 2346 4506 2465 4551; x_wconf 76' lang='lat' dir='ltr'><strong>sunt</strong></span> <span class='ocrx_word' id='word_1_681' title='bbox 2493 4512 2684 4566; x_wconf 85' lang='lat' dir='ltr'><strong>genera</strong></span> <span class='ocrx_word' id='word_1_682' title='bbox 2712 4500 3188 4569; x_wconf 82' lang='lat' dir='ltr'><strong>compunctionum.</strong></span> 
     </span>
    </p>
   </div>
   <div class='ocr_carea' id='block_1_92' title="bbox 172 4546 3493 4663">
    <p class='ocr_par' dir='ltr' id='par_1_92' title="bbox 172 4546 3493 4663">
     <span class='ocr_line' id='line_1_93' title="bbox 174 4546 3188 4570; baseline 0 -8"><span class='ocrx_word' id='word_1_683' title='bbox 174 4546 279 4562; x_wconf 61' lang='grc' dir='ltr'><strong>-ν,</strong></span> <span class='ocrx_word' id='word_1_684' title='bbox 327 4546 381 4552; x_wconf 63' lang='grc' dir='ltr'><strong>ν-</strong></span> <span class='ocrx_word' id='word_1_685' title='bbox 417 4546 477 4552; x_wconf 65' lang='grc' dir='ltr'><strong>η</strong></span> <span class='ocrx_word' id='word_1_686' title='bbox 508 4546 696 4568; x_wconf 59' lang='grc' dir='ltr'><strong>-ντ--ν</strong></span> <span class='ocrx_word' id='word_1_687' title='bbox 729 4546 970 4569; x_wconf 59' lang='grc' dir='ltr'><strong>---τη-τ</strong></span> <span class='ocrx_word' id='word_1_688' title='bbox 1008 4546 1450 4570; x_wconf 52' lang='grc' dir='ltr'><strong>ισ--ν---ν-ν-ηπ</strong></span> <span class='ocrx_word' id='word_1_689' title='bbox 2037 4546 2076 4559; x_wconf 77' lang='lat'><strong>..</strong></span> <span class='ocrx_word' id='word_1_690' title='bbox 2130 4546 2135 4547; x_wconf 46' lang='grc' dir='ltr'><em>κ</em></span> <span class='ocrx_word' id='word_1_691' title='bbox 2238 4546 2267 4547; x_wconf 60' lang='grc' dir='ltr'>η</span> <span class='ocrx_word' id='word_1_692' title='bbox 2302 4546 2311 4548; x_wconf 53' lang='grc' dir='ltr'><em>ν</em></span> <span class='ocrx_word' id='word_1_693' title='bbox 2493 4546 2681 4566; x_wconf 60' lang='grc' dir='ltr'><strong>,τμη-η</strong></span> <span class='ocrx_word' id='word_1_694' title='bbox 2714 4546 3188 4569; x_wconf 52' lang='lat' dir='ltr'><strong>mur—«nmmu-</strong></span> 
     </span>
     <span class='ocr_line' id='line_1_94' title="bbox 172 4546 3493 4663; baseline 0.002 -20"><span class='ocrx_word' id='word_1_695' title='bbox 172 4588 329 4643; x_wconf 84' lang='lat' dir='ltr'><strong>Nam</strong></span> <span class='ocrx_word' id='word_1_696' title='bbox 360 4589 504 4645; x_wconf 91' lang='lat' dir='ltr'><strong>sicut</strong></span> <span class='ocrx_word' id='word_1_697' title='bbox 527 4590 764 4645; x_wconf 77' lang='lat' dir='ltr'><strong>diximus</strong></span> <span class='ocrx_word' id='word_1_698' title='bbox 804 4607 990 4662; x_wconf 89' lang='lat' dir='ltr'><strong>supra,</strong></span> <span class='ocrx_word' id='word_1_699' title='bbox 1040 4591 1268 4647; x_wconf 89' lang='lat' dir='ltr'><strong>multum</strong></span> <span class='ocrx_word' id='word_1_700' title='bbox 1301 4598 1386 4646; x_wconf 90' lang='lat' dir='ltr'><strong>est</strong></span> <span class='ocrx_word' id='word_1_701' title='bbox 1413 4589 1460 4646; x_wconf 87' lang='lat' dir='ltr'><strong>si</strong></span> <span class='ocrx_word' id='word_1_702' title='bbox 1484 4589 1714 4647; x_wconf 90' lang='lat' dir='ltr'><strong>velimus</strong></span> <span class='ocrx_word' id='word_1_703' title='bbox 1738 4546 1794 4607; x_wconf 67' lang='grc' dir='ltr'>Β</span> <span class='ocrx_word' id='word_1_704' title='bbox 1890 4584 2008 4641; x_wconf 91' lang='lat' dir='ltr'><strong>Duo</strong></span> <span class='ocrx_word' id='word_1_705' title='bbox 2037 4585 2204 4658; x_wconf 85' lang='lat' dir='ltr'><strong>igitur</strong></span> <span class='ocrx_word' id='word_1_706' title='bbox 2230 4594 2359 4642; x_wconf 90' lang='lat' dir='ltr'><strong>sunt</strong></span> <span class='ocrx_word' id='word_1_707' title='bbox 2380 4592 2860 4659; x_wconf 85' lang='lat' dir='ltr'><strong>compunctionum</strong></span> <span class='ocrx_word' id='word_1_708' title='bbox 2894 4606 3118 4663; x_wconf 87' lang='lat' dir='ltr'><strong>genera,</strong></span> <span class='ocrx_word' id='word_1_709' title='bbox 3163 4590 3271 4651; x_wconf 85' lang='lat' dir='ltr'><strong>hoc</strong></span> <span class='ocrx_word' id='word_1_710' title='bbox 3295 4601 3401 4662; x_wconf 86' lang='lat' dir='ltr'><strong>est,</strong></span> <span class='ocrx_word' id='word_1_711' title='bbox 3479 4618 3493 4631; x_wconf 62' lang='grc' dir='ltr'><strong><em>θ</em></strong></span> 
     </span>
    </p>
   </div>
   <div class='ocr_carea' id='block_1_93' title="bbox 76 4678 3404 4763">
    <p class='ocr_par' dir='ltr' id='par_1_93' title="bbox 76 4678 3404 4763">
     <span class='ocr_line' id='line_1_95' title="bbox 76 4678 3404 4763; baseline 0.002 -25"><span class='ocrx_word' id='word_1_712' title='bbox 76 4678 333 4752; x_wconf 84' lang='lat' dir='ltr'><strong>singula</strong></span> <span class='ocrx_word' id='word_1_713' title='bbox 364 4696 594 4752; x_wconf 63' lang='lat' dir='ltr'><strong>quaeque</strong></span> <span class='ocrx_word' id='word_1_714' title='bbox 628 4682 886 4738; x_wconf 88' lang='lat' dir='ltr'><strong>mandata</strong></span> <span class='ocrx_word' id='word_1_715' title='bbox 912 4682 1204 4739; x_wconf 89' lang='lat' dir='ltr'><strong>Christiin</strong></span> <span class='ocrx_word' id='word_1_716' title='bbox 1244 4683 1348 4739; x_wconf 89' lang='lat' dir='ltr'><strong>hoc</strong></span> <span class='ocrx_word' id='word_1_717' title='bbox 1374 4682 1495 4739; x_wconf 90' lang='lat' dir='ltr'><strong>loco</strong></span> <span class='ocrx_word' id='word_1_718' title='bbox 1536 4684 1718 4739; x_wconf 86' lang='lat' dir='ltr'><strong>discu-</strong></span> <span class='ocrx_word' id='word_1_719' title='bbox 1819 4678 2084 4751; x_wconf 82' lang='lat' dir='ltr'><strong>irriguum</strong></span> <span class='ocrx_word' id='word_1_720' title='bbox 2132 4682 2399 4753; x_wconf 88' lang='lat' dir='ltr'><strong>superius,</strong></span> <span class='ocrx_word' id='word_1_721' title='bbox 2450 4692 2506 4739; x_wconf 87' lang='lat' dir='ltr'><strong>et</strong></span> <span class='ocrx_word' id='word_1_722' title='bbox 2546 4684 2809 4756; x_wconf 88' lang='lat' dir='ltr'><strong>irriguum</strong></span> <span class='ocrx_word' id='word_1_723' title='bbox 2849 4685 3078 4744; x_wconf 82' lang='lat' dir='ltr'><strong>inferius</strong></span> <span class='ocrx_word' id='word_1_724' title='bbox 3123 4689 3280 4763; x_wconf 69' lang='lat' dir='ltr'><strong>(los.</strong></span> <span class='ocrx_word' id='word_1_725' title='bbox 3313 4705 3404 4756; x_wconf 76' lang='lat' dir='ltr'><strong>xv,</strong></span> 
     </span>
    </p>
   </div>
   <div class='ocr_carea' id='block_1_94' title="bbox 71 4771 3404 4851">
    <p class='ocr_par' dir='ltr' id='par_1_94' title="bbox 71 4771 3404 4851">
     <span class='ocr_line' id='line_1_96' title="bbox 71 4771 3404 4851; baseline 0.002 -22"><span class='ocrx_word' id='word_1_726' title='bbox 71 4782 244 4829; x_wconf 83' lang='lat' dir='ltr'><strong>tere.</strong></span> <span class='ocrx_word' id='word_1_727' title='bbox 285 4771 499 4828; x_wconf 86' lang='lat' dir='ltr'><strong>Tamen</strong></span> <span class='ocrx_word' id='word_1_728' title='bbox 528 4784 744 4846; x_wconf 88' lang='lat' dir='ltr'><strong>oportet</strong></span> <span class='ocrx_word' id='word_1_729' title='bbox 771 4791 870 4832; x_wconf 90' lang='lat' dir='ltr'><strong>nos</strong></span> <span class='ocrx_word' id='word_1_730' title='bbox 901 4776 1029 4831; x_wconf 82' lang='lat' dir='ltr'><strong>flere</strong></span> <span class='ocrx_word' id='word_1_731' title='bbox 1058 4784 1115 4830; x_wconf 85' lang='lat' dir='ltr'><strong>et</strong></span> <span class='ocrx_word' id='word_1_732' title='bbox 1139 4775 1323 4847; x_wconf 90' lang='lat' dir='ltr'><strong>lugere</strong></span> <span class='ocrx_word' id='word_1_733' title='bbox 1367 4792 1466 4846; x_wconf 92' lang='lat' dir='ltr'><strong>pro</strong></span> <span class='ocrx_word' id='word_1_734' title='bbox 1488 4775 1575 4831; x_wconf 88' lang='lat' dir='ltr'><strong>bis</strong></span> <span class='ocrx_word' id='word_1_735' title='bbox 1604 4775 1717 4831; x_wconf 88' lang='lat' dir='ltr'><strong>sin-</strong></span> <span class='ocrx_word' id='word_1_736' title='bbox 1820 4771 1931 4845; x_wconf 81' lang='grc'><strong>19).</strong></span> <span class='ocrx_word' id='word_1_737' title='bbox 1963 4774 2229 4845; x_wconf 88' lang='lat' dir='ltr'><strong>lrriguum</strong></span> <span class='ocrx_word' id='word_1_738' title='bbox 2263 4775 2462 4846; x_wconf 88' lang='lat' dir='ltr'><strong>quippe</strong></span> <span class='ocrx_word' id='word_1_739' title='bbox 2500 4774 2731 4834; x_wconf 85' lang='lat' dir='ltr'><strong>inferius</strong></span> <span class='ocrx_word' id='word_1_740' title='bbox 2759 4779 2989 4850; x_wconf 86' lang='lat' dir='ltr'><strong>quisque</strong></span> <span class='ocrx_word' id='word_1_741' title='bbox 3017 4781 3235 4851; x_wconf 90' lang='lat' dir='ltr'><strong>accipit,</strong></span> <span class='ocrx_word' id='word_1_742' title='bbox 3276 4795 3404 4837; x_wconf 91' lang='lat' dir='ltr'><strong>cum</strong></span> 
     </span>
    </p>
   </div>
   <div class='ocr_carea' id='block_1_95' title="bbox 67 4863 3409 4945">
    <p class='ocr_par' dir='ltr' id='par_1_95' title="bbox 67 4863 3409 4945">
     <span class='ocr_line' id='line_1_97' title="bbox 67 4863 3409 4945; baseline 0.003 -26"><span class='ocrx_word' id='word_1_743' title='bbox 67 4863 252 4936; x_wconf 81' lang='lat' dir='ltr'><strong>gulis</strong></span> <span class='ocrx_word' id='word_1_744' title='bbox 302 4880 429 4934; x_wconf 79' lang='lat' dir='ltr'><strong>quae</strong></span> <span class='ocrx_word' id='word_1_745' title='bbox 455 4867 853 4937; x_wconf 88' lang='lat' dir='ltr'><strong>impugnamus,</strong></span> <span class='ocrx_word' id='word_1_746' title='bbox 901 4869 1039 4923; x_wconf 89' lang='lat' dir='ltr'><strong>etin</strong></span> <span class='ocrx_word' id='word_1_747' title='bbox 1084 4874 1397 4936; x_wconf 89' lang='lat' dir='ltr'><strong>contemptu</strong></span> <span class='ocrx_word' id='word_1_748' title='bbox 1429 4867 1715 4934; x_wconf 90' lang='lat' dir='ltr'><strong>habemus,</strong></span> <span class='ocrx_word' id='word_1_749' title='bbox 1820 4865 2020 4922; x_wconf 85' lang='lat' dir='ltr'><strong>inferni</strong></span> <span class='ocrx_word' id='word_1_750' title='bbox 2067 4868 2329 4940; x_wconf 86' lang='lat' dir='ltr'><strong>supplicia</strong></span> <span class='ocrx_word' id='word_1_751' title='bbox 2371 4867 2548 4926; x_wconf 83' lang='lat' dir='ltr'><strong>ﬂendo</strong></span> <span class='ocrx_word' id='word_1_752' title='bbox 2582 4873 2940 4941; x_wconf 81' lang='lat' dir='ltr'><strong>pertimescit.</strong></span> <span class='ocrx_word' id='word_1_753' title='bbox 2969 4873 3238 4945; x_wconf 89' lang='lat' dir='ltr'><strong>lrriguum</strong></span> <span class='ocrx_word' id='word_1_754' title='bbox 3277 4889 3409 4931; x_wconf 90' lang='lat' dir='ltr'><strong>vero</strong></span> 
     </span>
    </p>
   </div>
   <div class='ocr_carea' id='block_1_96' title="bbox 62 4956 3409 5038">
    <p class='ocr_par' dir='ltr' id='par_1_96' title="bbox 62 4956 3409 5038">
     <span class='ocr_line' id='line_1_98' title="bbox 62 4956 3409 5038; baseline 0.004 -30"><span class='ocrx_word' id='word_1_755' title='bbox 62 4964 396 5027; x_wconf 87' lang='lat' dir='ltr'><strong>quatenus</strong></span> <span class='ocrx_word' id='word_1_756' title='bbox 422 4956 489 5011; x_wconf 89' lang='lat' dir='ltr'><strong>ab</strong></span> <span class='ocrx_word' id='word_1_757' title='bbox 511 4958 642 5027; x_wconf 91' lang='lat' dir='ltr'><strong>ipsis</strong></span> <span class='ocrx_word' id='word_1_758' title='bbox 674 4958 972 5014; x_wconf 91' lang='lat' dir='ltr'><strong>sceleribus</strong></span> <span class='ocrx_word' id='word_1_759' title='bbox 1006 4974 1128 5030; x_wconf 73' lang='lat' dir='ltr'><strong>qua:</strong></span> <span class='ocrx_word' id='word_1_760' title='bbox 1163 4974 1263 5029; x_wconf 90' lang='lat' dir='ltr'><strong>per</strong></span> <span class='ocrx_word' id='word_1_761' title='bbox 1290 4957 1715 5013; x_wconf 87' lang='lat' dir='ltr'><strong>inobedientiam</strong></span> <span class='ocrx_word' id='word_1_762' title='bbox 1823 4959 2072 5030; x_wconf 90' lang='lat' dir='ltr'><strong>superius</strong></span> <span class='ocrx_word' id='word_1_763' title='bbox 2099 4961 2317 5031; x_wconf 87' lang='lat' dir='ltr'><strong>accipit,</strong></span> <span class='ocrx_word' id='word_1_764' title='bbox 2355 4976 2481 5018; x_wconf 90' lang='lat' dir='ltr'><strong>cum</strong></span> <span class='ocrx_word' id='word_1_765' title='bbox 2519 4979 2640 5020; x_wconf 88' lang='lat' dir='ltr'><strong>sese</strong></span> <span class='ocrx_word' id='word_1_766' title='bbox 2667 4966 2724 5020; x_wconf 91' lang='lat' dir='ltr'><strong>in</strong></span> <span class='ocrx_word' id='word_1_767' title='bbox 2753 4965 3011 5038; x_wconf 84' lang='lat' dir='ltr'><strong>lacrymis</strong></span> <span class='ocrx_word' id='word_1_768' title='bbox 3045 4966 3285 5022; x_wconf 62' lang='lat' dir='ltr'><strong>celestis</strong></span> <span class='ocrx_word' id='word_1_769' title='bbox 3318 4981 3409 5023; x_wconf 85' lang='lat' dir='ltr'><strong>re-</strong></span> 
     </span>
    </p>
   </div>
   <div class='ocr_carea' id='block_1_97' title="bbox 60 5047 3414 5127">
    <p class='ocr_par' dir='ltr' id='par_1_97' title="bbox 60 5047 3414 5127">
     <span class='ocr_line' id='line_1_99' title="bbox 60 5047 3414 5127; baseline 0.001 -20"><span class='ocrx_word' id='word_1_770' title='bbox 60 5059 134 5107; x_wconf 85' lang='lat' dir='ltr'><strong>et</strong></span> <span class='ocrx_word' id='word_1_771' title='bbox 180 5056 580 5120; x_wconf 87' lang='lat' dir='ltr'><strong>contemptum</strong></span> <span class='ocrx_word' id='word_1_772' title='bbox 620 5053 941 5108; x_wconf 78' lang='lat' dir='ltr'><strong>earumdem</strong></span> <span class='ocrx_word' id='word_1_773' title='bbox 974 5051 1351 5106; x_wconf 89' lang='lat' dir='ltr'><strong>mandatorum</strong></span> <span class='ocrx_word' id='word_1_774' title='bbox 1390 5047 1592 5105; x_wconf 90' lang='lat' dir='ltr'><strong>Christi</strong></span> <span class='ocrx_word' id='word_1_775' title='bbox 1632 5050 1717 5105; x_wconf 88' lang='lat' dir='ltr'><strong>in-</strong></span> <span class='ocrx_word' id='word_1_776' title='bbox 1818 5051 1910 5122; x_wconf 90' lang='lat' dir='ltr'><strong>gni</strong></span> <span class='ocrx_word' id='word_1_777' title='bbox 1958 5051 2224 5108; x_wconf 89' lang='lat' dir='ltr'><strong>desiderio</strong></span> <span class='ocrx_word' id='word_1_778' title='bbox 2265 5052 2473 5126; x_wconf 78' lang='lat' dir='ltr'><strong>aﬂligit.</strong></span> <span class='ocrx_word' id='word_1_779' title='bbox 2526 5054 2817 5112; x_wconf 87' lang='lat' dir='ltr'><strong>Sciendum</strong></span> <span class='ocrx_word' id='word_1_780' title='bbox 2865 5070 3102 5127; x_wconf 86' lang='lat' dir='ltr'><strong>namque</strong></span> <span class='ocrx_word' id='word_1_781' title='bbox 3153 5064 3239 5112; x_wconf 84' lang='lat' dir='ltr'><strong>est</strong></span> <span class='ocrx_word' id='word_1_782' title='bbox 3282 5057 3414 5127; x_wconf 83' lang='lat' dir='ltr'><strong>quia</strong></span> 
     </span>
    </p>
   </div>
   <div class='ocr_carea' id='block_1_98' title="bbox 51 5139 3414 5219">
    <p class='ocr_par' dir='ltr' id='par_1_98' title="bbox 51 5139 3414 5219">
     <span class='ocr_line' id='line_1_100' title="bbox 51 5139 3414 5219; baseline 0.002 -22"><span class='ocrx_word' id='word_1_783' title='bbox 51 5139 420 5208; x_wconf 87' lang='lat' dir='ltr'><strong>currimus,</strong></span> <span class='ocrx_word' id='word_1_784' title='bbox 460 5143 754 5200; x_wconf 87' lang='lat' dir='ltr'><strong>uberrimis</strong></span> <span class='ocrx_word' id='word_1_785' title='bbox 782 5143 1149 5215; x_wconf 86' lang='lat' dir='ltr'><strong>lacrymarum</strong></span> <span class='ocrx_word' id='word_1_786' title='bbox 1181 5141 1397 5199; x_wconf 81' lang='lat' dir='ltr'><strong>fletibus</strong></span> <span class='ocrx_word' id='word_1_787' title='bbox 1438 5141 1585 5200; x_wconf 86' lang='lat' dir='ltr'><strong>ablui</strong></span> <span class='ocrx_word' id='word_1_788' title='bbox 1616 5157 1715 5198; x_wconf 83' lang='lat' dir='ltr'><strong>ex-</strong></span> <span class='ocrx_word' id='word_1_789' title='bbox 1820 5143 2032 5199; x_wconf 89' lang='lat' dir='ltr'><strong>nullum</strong></span> <span class='ocrx_word' id='word_1_790' title='bbox 2074 5144 2297 5201; x_wconf 86' lang='lat' dir='ltr'><strong>habebit</strong></span> <span class='ocrx_word' id='word_1_791' title='bbox 2342 5161 2624 5203; x_wconf 89' lang='lat' dir='ltr'><strong>accessum</strong></span> <span class='ocrx_word' id='word_1_792' title='bbox 2674 5150 2743 5204; x_wconf 88' lang='lat' dir='ltr'><strong>ad</strong></span> <span class='ocrx_word' id='word_1_793' title='bbox 2776 5148 3252 5219; x_wconf 89' lang='lat' dir='ltr'><strong>compunctionem</strong></span> <span class='ocrx_word' id='word_1_794' title='bbox 3290 5164 3414 5205; x_wconf 85' lang='lat' dir='ltr'><strong>cor-</strong></span> 
     </span>
    </p>
   </div>
   <div class='ocr_carea' id='block_1_99' title="bbox 48 5232 3412 5311">
    <p class='ocr_par' dir='ltr' id='par_1_99' title="bbox 48 5232 3412 5311">
     <span class='ocr_line' id='line_1_101' title="bbox 48 5232 3412 5311; baseline 0.004 -26"><span class='ocrx_word' id='word_1_795' title='bbox 48 5232 389 5304; x_wconf 82' lang='lat' dir='ltr'><strong>piarique,</strong></span> <span class='ocrx_word' id='word_1_796' title='bbox 429 5233 541 5291; x_wconf 92' lang='lat' dir='ltr'><strong>Deo</strong></span> <span class='ocrx_word' id='word_1_797' title='bbox 567 5235 888 5306; x_wconf 88' lang='lat' dir='ltr'><strong>opitulante,</strong></span> <span class='ocrx_word' id='word_1_798' title='bbox 924 5250 1253 5290; x_wconf 89' lang='lat' dir='ltr'><strong>mereamur.</strong></span> <span class='ocrx_word' id='word_1_799' title='bbox 1823 5237 1926 5302; x_wconf 87' lang='lat' dir='ltr'><strong>dis,</strong></span> <span class='ocrx_word' id='word_1_800' title='bbox 1960 5237 2008 5292; x_wconf 92' lang='lat' dir='ltr'><strong>is</strong></span> <span class='ocrx_word' id='word_1_801' title='bbox 2036 5238 2128 5307; x_wconf 89' lang='lat' dir='ltr'><strong>qui</strong></span> <span class='ocrx_word' id='word_1_802' title='bbox 2169 5239 2225 5293; x_wconf 91' lang='lat' dir='ltr'><strong>in</strong></span> <span class='ocrx_word' id='word_1_803' title='bbox 2266 5239 2380 5295; x_wconf 88' lang='lat' dir='ltr'><strong>risu</strong></span> <span class='ocrx_word' id='word_1_804' title='bbox 2410 5248 2466 5296; x_wconf 89' lang='lat' dir='ltr'><strong>et</strong></span> <span class='ocrx_word' id='word_1_805' title='bbox 2493 5239 2635 5311; x_wconf 87' lang='lat' dir='ltr'><strong>jocis</strong></span> <span class='ocrx_word' id='word_1_806' title='bbox 2663 5241 3055 5297; x_wconf 87' lang='lat' dir='ltr'><strong>immoderatus</strong></span> <span class='ocrx_word' id='word_1_807' title='bbox 3074 5238 3259 5297; x_wconf 79' lang='lat' dir='ltr'><strong>fuerit.</strong></span> <span class='ocrx_word' id='word_1_808' title='bbox 3291 5241 3412 5299; x_wconf 82' lang='lat' dir='ltr'><strong>Non</strong></span> 
     </span>
    </p>
   </div>
   <div class='ocr_carea' id='block_1_100' title="bbox 696 5324 3414 5404">
    <p class='ocr_par' dir='ltr' id='par_1_100' title="bbox 696 5324 3414 5404">
     <span class='ocr_line' id='line_1_102' title="bbox 696 5324 3414 5404; baseline 0.004 -23"><span class='ocrx_word' id='word_1_809' title='bbox 696 5324 925 5382; x_wconf 88' lang='lat' dir='ltr'><strong>CAPUT</strong></span> <span class='ocrx_word' id='word_1_810' title='bbox 959 5324 1151 5381; x_wconf 79' lang='lat' dir='ltr'><strong>XXIX.</strong></span> <span class='ocrx_word' id='word_1_811' title='bbox 1822 5329 1968 5385; x_wconf 90' lang='lat' dir='ltr'><strong>enim</strong></span> <span class='ocrx_word' id='word_1_812' title='bbox 2003 5332 2255 5388; x_wconf 85' lang='lat' dir='ltr'><strong>convenit</strong></span> <span class='ocrx_word' id='word_1_813' title='bbox 2282 5332 2334 5389; x_wconf 92' lang='lat' dir='ltr'><strong>ei</strong></span> <span class='ocrx_word' id='word_1_814' title='bbox 2360 5333 2454 5404; x_wconf 90' lang='lat' dir='ltr'><strong>qui</strong></span> <span class='ocrx_word' id='word_1_815' title='bbox 2481 5335 2551 5390; x_wconf 87' lang='lat' dir='ltr'><strong>ad</strong></span> <span class='ocrx_word' id='word_1_816' title='bbox 2581 5333 2971 5404; x_wconf 90' lang='lat' dir='ltr'><strong>perfectionem</strong></span> <span class='ocrx_word' id='word_1_817' title='bbox 3007 5333 3200 5390; x_wconf 90' lang='lat' dir='ltr'><strong>nititur</strong></span> <span class='ocrx_word' id='word_1_818' title='bbox 3225 5349 3414 5393; x_wconf 82' lang='lat' dir='ltr'><strong>ascen-</strong></span> 
     </span>
    </p>
   </div>
   <div class='ocr_carea' id='block_1_101' title="bbox 551 5417 3414 5496">
    <p class='ocr_par' dir='ltr' id='par_1_101' title="bbox 551 5417 3414 5496">
     <span class='ocr_line' id='line_1_103' title="bbox 551 5417 3414 5496; baseline 0.003 -23"><span class='ocrx_word' id='word_1_819' title='bbox 551 5417 628 5473; x_wconf 79' lang='lat' dir='ltr'><strong>De</strong></span> <span class='ocrx_word' id='word_1_820' title='bbox 655 5418 1051 5489; x_wconf 80' lang='lat' dir='ltr'><strong>compunctione</strong></span> <span class='ocrx_word' id='word_1_821' title='bbox 1077 5418 1273 5474; x_wconf 81' lang='lat' dir='ltr'><strong>cordis.</strong></span> <span class='ocrx_word' id='word_1_822' title='bbox 1822 5421 1972 5489; x_wconf 90' lang='lat' dir='ltr'><strong>dere,</strong></span> <span class='ocrx_word' id='word_1_823' title='bbox 2001 5423 2055 5477; x_wconf 92' lang='lat' dir='ltr'><strong>in</strong></span> <span class='ocrx_word' id='word_1_824' title='bbox 2083 5425 2300 5480; x_wconf 91' lang='lat' dir='ltr'><strong>modum</strong></span> <span class='ocrx_word' id='word_1_825' title='bbox 2333 5425 2548 5496; x_wconf 87' lang='lat' dir='ltr'><strong>parvuli</strong></span> <span class='ocrx_word' id='word_1_826' title='bbox 2577 5425 2840 5481; x_wconf 90' lang='lat' dir='ltr'><strong>insensati</strong></span> <span class='ocrx_word' id='word_1_827' title='bbox 2857 5424 3057 5495; x_wconf 87' lang='lat' dir='ltr'><strong>jocari,</strong></span> <span class='ocrx_word' id='word_1_828' title='bbox 3107 5441 3211 5483; x_wconf 90' lang='lat' dir='ltr'><strong>nec</strong></span> <span class='ocrx_word' id='word_1_829' title='bbox 3238 5427 3414 5483; x_wconf 88' lang='lat' dir='ltr'><strong>disso-</strong></span> 
     </span>
    </p>
   </div>
   <div class='ocr_carea' id='block_1_102' title="bbox 141 5504 3410 5585">
    <p class='ocr_par' dir='ltr' id='par_1_102' title="bbox 141 5504 3410 5585">
     <span class='ocr_line' id='line_1_104' title="bbox 141 5504 3410 5585; baseline 0.002 -22"><span class='ocrx_word' id='word_1_830' title='bbox 141 5504 556 5577; x_wconf 87' lang='lat' dir='ltr'><strong>Compunetio</strong></span> <span class='ocrx_word' id='word_1_831' title='bbox 592 5509 795 5563; x_wconf 91' lang='lat' dir='ltr'><strong>etenim</strong></span> <span class='ocrx_word' id='word_1_832' title='bbox 836 5507 1016 5564; x_wconf 91' lang='lat' dir='ltr'><strong>cordis</strong></span> <span class='ocrx_word' id='word_1_833' title='bbox 1046 5516 1131 5563; x_wconf 84' lang='lat' dir='ltr'><strong>est</strong></span> <span class='ocrx_word' id='word_1_834' title='bbox 1170 5508 1446 5565; x_wconf 88' lang='lat' dir='ltr'><strong>humilitas</strong></span> <span class='ocrx_word' id='word_1_835' title='bbox 1492 5511 1711 5579; x_wconf 87' lang='lat' dir='ltr'><strong>mentis,</strong></span> <span class='ocrx_word' id='word_1_836' title='bbox 1824 5512 1954 5567; x_wconf 92' lang='lat' dir='ltr'><strong>lutis</strong></span> <span class='ocrx_word' id='word_1_837' title='bbox 1992 5512 2150 5570; x_wconf 91' lang='lat' dir='ltr'><strong>labiis</strong></span> <span class='ocrx_word' id='word_1_838' title='bbox 2188 5515 2360 5571; x_wconf 90' lang='lat' dir='ltr'><strong>risum</strong></span> <span class='ocrx_word' id='word_1_839' title='bbox 2399 5514 2666 5585; x_wconf 86' lang='lat' dir='ltr'><strong>proferre,</strong></span> <span class='ocrx_word' id='word_1_840' title='bbox 2704 5514 2798 5569; x_wconf 90' lang='lat' dir='ltr'><strong>sed</strong></span> <span class='ocrx_word' id='word_1_841' title='bbox 2842 5514 3171 5571; x_wconf 88' lang='lat' dir='ltr'><strong>subridendo</strong></span> <span class='ocrx_word' id='word_1_842' title='bbox 3201 5523 3410 5572; x_wconf 87' lang='lat' dir='ltr'><strong>tantum</strong></span> 
     </span>
    </p>
   </div>
   <div class='ocr_carea' id='block_1_103' title="bbox 28 5596 3412 5677">
    <p class='ocr_par' dir='ltr' id='par_1_103' title="bbox 28 5596 3412 5677">
     <span class='ocr_line' id='line_1_105' title="bbox 28 5596 3412 5677; baseline 0.001 -20"><span class='ocrx_word' id='word_1_843' title='bbox 28 5614 210 5657; x_wconf 83' lang='lat' dir='ltr'><strong>cum</strong></span> <span class='ocrx_word' id='word_1_844' title='bbox 266 5596 570 5670; x_wconf 86' lang='lat' dir='ltr'><strong>lacrymis,</strong></span> <span class='ocrx_word' id='word_1_845' title='bbox 620 5608 674 5655; x_wconf 90' lang='lat' dir='ltr'><strong>et</strong></span> <span class='ocrx_word' id='word_1_846' title='bbox 709 5600 1083 5656; x_wconf 90' lang='lat' dir='ltr'><strong>recordatione</strong></span> <span class='ocrx_word' id='word_1_847' title='bbox 1129 5610 1500 5671; x_wconf 87' lang='lat' dir='ltr'><strong>peccatorum,</strong></span> <span class='ocrx_word' id='word_1_848' title='bbox 1545 5610 1600 5658; x_wconf 89' lang='lat' dir='ltr'><strong>et</strong></span> <span class='ocrx_word' id='word_1_849' title='bbox 1649 5604 1718 5659; x_wconf 89' lang='lat' dir='ltr'><strong>ti-</strong></span> <span class='ocrx_word' id='word_1_850' title='bbox 1823 5604 2025 5660; x_wconf 90' lang='lat' dir='ltr'><strong>mentis</strong></span> <span class='ocrx_word' id='word_1_851' title='bbox 2066 5604 2308 5661; x_wconf 70' lang='lat' dir='ltr'><strong>laetitiam</strong></span> <span class='ocrx_word' id='word_1_852' title='bbox 2334 5606 2598 5662; x_wconf 87' lang='lat' dir='ltr'><strong>indicare.</strong></span> <span class='ocrx_word' id='word_1_853' title='bbox 2627 5605 2877 5660; x_wconf 82' lang='lat' dir='ltr'><strong>Amentia</strong></span> <span class='ocrx_word' id='word_1_854' title='bbox 2907 5620 3140 5677; x_wconf 87' lang='lat' dir='ltr'><strong>namque</strong></span> <span class='ocrx_word' id='word_1_855' title='bbox 3179 5614 3261 5662; x_wconf 90' lang='lat' dir='ltr'><strong>est</strong></span> <span class='ocrx_word' id='word_1_856' title='bbox 3288 5622 3412 5662; x_wconf 88' lang='lat' dir='ltr'><strong>cum</strong></span> 
     </span>
    </p>
   </div>
   <div class='ocr_carea' id='block_1_104' title="bbox 28 5688 3410 5770">
    <p class='ocr_par' dir='ltr' id='par_1_104' title="bbox 28 5688 3410 5770">
     <span class='ocr_line' id='line_1_106' title="bbox 28 5688 3410 5770; baseline 0.001 -23"><span class='ocrx_word' id='word_1_857' title='bbox 28 5706 247 5747; x_wconf 83' lang='lat' dir='ltr'><strong>more</strong></span> <span class='ocrx_word' id='word_1_858' title='bbox 286 5688 517 5760; x_wconf 84' lang='lat' dir='ltr'><strong>judicii.</strong></span> <span class='ocrx_word' id='word_1_859' title='bbox 564 5691 700 5747; x_wconf 86' lang='lat' dir='ltr'><strong>Nam</strong></span> <span class='ocrx_word' id='word_1_860' title='bbox 740 5707 806 5747; x_wconf 79' lang='lat' dir='ltr'><strong>ex</strong></span> <span class='ocrx_word' id='word_1_861' title='bbox 859 5693 1177 5750; x_wconf 89' lang='lat' dir='ltr'><strong>humilitatis</strong></span> <span class='ocrx_word' id='word_1_862' title='bbox 1210 5695 1412 5750; x_wconf 88' lang='lat' dir='ltr'><strong>virtute</strong></span> <span class='ocrx_word' id='word_1_863' title='bbox 1457 5711 1717 5767; x_wconf 89' lang='lat' dir='ltr'><strong>compun-</strong></span> <span class='ocrx_word' id='word_1_864' title='bbox 1823 5697 2053 5769; x_wconf 88' lang='lat' dir='ltr'><strong>strepitu</strong></span> <span class='ocrx_word' id='word_1_865' title='bbox 2104 5698 2301 5754; x_wconf 88' lang='lat' dir='ltr'><strong>ridere.</strong></span> <span class='ocrx_word' id='word_1_866' title='bbox 2346 5697 2561 5752; x_wconf 87' lang='lat' dir='ltr'><strong>Parvuli</strong></span> <span class='ocrx_word' id='word_1_867' title='bbox 2608 5697 2756 5753; x_wconf 89' lang='lat' dir='ltr'><strong>enim</strong></span> <span class='ocrx_word' id='word_1_868' title='bbox 2800 5705 2885 5754; x_wconf 89' lang='lat' dir='ltr'><strong>est</strong></span> <span class='ocrx_word' id='word_1_869' title='bbox 2929 5696 3137 5765; x_wconf 86' lang='lat' dir='ltr'><strong>ludere,</strong></span> <span class='ocrx_word' id='word_1_870' title='bbox 3186 5697 3410 5770; x_wconf 75' lang='lat' dir='ltr'><strong>perfecti</strong></span> 
     </span>
    </p>
   </div>
   <div class='ocr_carea' id='block_1_105' title="bbox 27 5787 3409 5861">
    <p class='ocr_par' dir='ltr' id='par_1_105' title="bbox 27 5787 3409 5861">
     <span class='ocr_line' id='line_1_107' title="bbox 27 5787 3409 5861; baseline 0 -18"><span class='ocrx_word' id='word_1_871' title='bbox 27 5790 190 5844; x_wconf 81' lang='lat' dir='ltr'><strong>ctio</strong></span> <span class='ocrx_word' id='word_1_872' title='bbox 236 5787 452 5843; x_wconf 84' lang='lat' dir='ltr'><strong>cordis</strong></span> <span class='ocrx_word' id='word_1_873' title='bbox 496 5787 762 5843; x_wconf 88' lang='lat' dir='ltr'><strong>nascitur.</strong></span> <span class='ocrx_word' id='word_1_874' title='bbox 806 5787 885 5845; x_wconf 88' lang='lat' dir='ltr'><strong>De</strong></span> <span class='ocrx_word' id='word_1_875' title='bbox 921 5788 1335 5861; x_wconf 89' lang='lat' dir='ltr'><strong>compunctione</strong></span> <span class='ocrx_word' id='word_1_876' title='bbox 1369 5789 1550 5849; x_wconf 82' lang='lat' dir='ltr'><strong>cordis</strong></span> <span class='ocrx_word' id='word_1_877' title='bbox 1585 5805 1717 5850; x_wconf 89' lang='lat' dir='ltr'><strong>con-</strong></span> <span class='ocrx_word' id='word_1_878' title='bbox 1825 5795 2006 5845; x_wconf 90' lang='lat' dir='ltr'><strong>autem</strong></span> <span class='ocrx_word' id='word_1_879' title='bbox 2043 5787 2143 5845; x_wconf 86' lang='lat' dir='ltr'><strong>viri</strong></span> <span class='ocrx_word' id='word_1_880' title='bbox 2184 5789 2389 5860; x_wconf 86' lang='lat' dir='ltr'><strong>lugere,</strong></span> <span class='ocrx_word' id='word_1_881' title='bbox 2421 5787 2577 5858; x_wconf 78' lang='lat' dir='ltr'><strong>iocus</strong></span> <span class='ocrx_word' id='word_1_882' title='bbox 2612 5803 2741 5847; x_wconf 88' lang='lat' dir='ltr'><strong>vero</strong></span> <span class='ocrx_word' id='word_1_883' title='bbox 2767 5796 2823 5847; x_wconf 88' lang='lat' dir='ltr'><strong>et</strong></span> <span class='ocrx_word' id='word_1_884' title='bbox 2861 5789 3005 5845; x_wconf 90' lang='lat' dir='ltr'><strong>risus</strong></span> <span class='ocrx_word' id='word_1_885' title='bbox 3053 5787 3409 5861; x_wconf 86' lang='lat' dir='ltr'><strong>negligentem</strong></span> 
     </span>
    </p>
   </div>
   <div class='ocr_carea' id='block_1_106' title="bbox 416 5880 1704 5945">
    <p class='ocr_par' dir='ltr' id='par_1_106' title="bbox 416 5880 1671 5945">
     <span class='ocr_line' id='line_1_108' title="bbox 416 5880 1671 5945; baseline 0.005 -3"><span class='ocrx_word' id='word_1_886' title='bbox 416 5880 695 5943; x_wconf 68' lang='grc' dir='ltr'><strong>Ρηιιοι.</strong></span> <span class='ocrx_word' id='word_1_887' title='bbox 740 5881 895 5945; x_wconf 85' lang='lat' dir='ltr'><strong>Clll.</strong></span> <span class='ocrx_word' id='word_1_888' title='bbox 1664 5882 1671 5887; x_wconf 53' lang='grc'><strong>“</strong></span> 
     </span>
    </p>
   </div>
   <div class='ocr_carea' id='block_1_107' title="bbox 1803 5880 2973 5945">
    <p class='ocr_par' dir='ltr' id='par_1_107' title="bbox 2894 5883 2973 5945">
     <span class='ocr_line' id='line_1_109' title="bbox 2894 5883 2973 5945; baseline 0.013 -1"><span class='ocrx_word' id='word_1_889' title='bbox 2894 5883 2973 5945; x_wconf 80' lang='lat'><strong>20</strong></span> 
     </span>
    </p>
   </div>
  </div>
