3972 6328
576 427 678 486 619

1569 413 1628 477 S.
1663 417 2034 478 BENEDIC'I'I
2069 415 2362 506 ABBATIS
2400 412 2813 476 AMANENSIS
2883 401 2890 410 ’

3735 412 3830 469 620

576 552 634 598 et
659 541 900 612 tepidum
939 537 1182 595 efﬁciunt
1224 535 1402 592 virum
1439 531 1642 604 iustum
1691 547 1819 606 erga
1850 533 1942 588 Dei
1989 531 2158 588 servi-
2187 531 2239 592 Α
2266 547 2388 586 cum
2428 529 2736 586 hominibus
2775 522 3088 597 potentibus
3138 521 3382 579 volumus
3425 521 3607 595 aliqua
3654 541 3833 598 sugge-

573 636 736 691 tium.
767 633 812 690 0
835 642 1090 704 quantam
1134 630 1425 703 perniciem
1470 636 1775 699 praeparant
1821 627 1964 681 risus
1988 633 2043 680 et
2064 625 2150 696 jo-

581 727 708 784 cus!
750 735 807 782 et
833 741 865 783 e
890 723 1165 782 contrario
1192 728 1452 794 quantum
1498 721 1709 776 lucrum
1739 719 1970 774 afferunt
1996 717 2155 773 ﬂetus

573 831 646 873 ac
691 815 870 872 luctus
895 817 908 870 !
940 814 1108 883 Quem
1139 814 1281 869 enim
1310 809 1542 868 delectat
1570 811 1659 866 hic
1689 811 1885 874 ridere,
1917 817 2156 879 postmo-

583 909 710 965 dum
731 906 882 963 ﬂebit
899 906 1272 970 amarissime;
1308 903 1398 974 qui
1430 911 1608 958 autem
1639 902 1734 972 hic
1769 900 1954 970 lugere
1972 899 2157 954 volue-

582 999 676 1065 rit,
700 1000 1034 1069 inposterum
1067 996 1181 1052 sine
1203 995 1315 1050 'tine
1339 991 1613 1066 gaudebit.
1639 991 1777 1046 Nam
1807 998 1862 1044 et
1905 989 2157 1044 Salvator

583 1100 770 1146 noster
791 1089 980 1144 beatos
1003 1094 1162 1144 vocat
1196 1085 1472 1156 lugentes;
1503 1091 1558 1138 et
1587 1081 1679 1154 qui
1704 1096 1847 1136 nunc
1883 1079 2157 1145 ltetantur,

583 1181 711 1236 ﬂere
739 1197 833 1236 eos
859 1180 985 1234 dicit
1011 1180 1066 1233 in
1093 1178 1406 1233 novissimo.
1437 1171 1591 1231 Unde
1625 1171 1856 1228 Jacobus
1882 1157 2180 1244 apostolus.

586 1275 660 1327 ait
694 1291 706 1327 :
747 1271 926 1325 Miseri
966 1280 1126 1325 estote
1162 1279 1211 1324 et
1250 1269 1440 1339 lugete,
1487 1268 1623 1320 risus
1667 1276 1828 1319 uester
1862 1266 1918 1318 in
1959 1263 2159 1316 luctum

584 1371 926 1426 eom'ertatur,
973 1371 1020 1415 et
1069 1361 1320 1432 gaudium
1365 1361 1421 1412 in
1469 1373 1740 1412 maerorem
1771 1357 1912 1429 (Jac.
1964 1372 2035 1420 IV,
2080 1353 2158 1426 9).

581 1452 720 1508 Hinc
744 1467 842 1522 per
865 1451 1207 1506 Salomonem
1254 1450 1489 1504 dicitur:
1524 1447 1680 1502 Risus
1709 1446 1888 1500 dolore
1926 1444 2162 1498 miscebi-

584 1555 672 1598 tur
702 1543 886 1617 (Prov.
918 1558 1031 1606 xxv,
1075 1541 1183 1613 15).
1209 1540 1345 1595 Hinc
1381 1539 1676 1610 Gregorius
1713 1538 1787 1592 ait
1812 1557 1824 1590 :
1852 1536 2023 1590 Nemo
2060 1548 2159 1603 po-

585 1643 692 1691 test
719 1644 774 1690 et
797 1635 888 1690 hic
907 1634 1142 1704 gaudere
1172 1646 1294 1687 cum
1318 1629 1534 1695 saeculo,
1562 1638 1618 1684 et
1643 1628 1752 1683 illic
1787 1637 2017 1698 regnare
2040 1635 2164 1680 cum

583 1725 824 1782 Christo.
873 1723 1011 1779 Hinc
1039 1723 1200 1778 etiam
1249 1723 1303 1776 in
1350 1720 1727 1777 collationibus
1764 1717 1987 1772 Patrum
2034 1715 2166 1786 legi-

584 1828 716 1873 tur:
748 1817 916 1882 Vidit,
950 1816 1143 1886 inquit,
1187 1829 1348 1870 senex
1374 1813 1660 1884 quemdam
1687 1812 1975 1876 ridentem,
2016 1817 2069 1864 et
2091 1809 2169 1863 ait

2257 638 2398 688 rere,
2448 637 2555 677 non
2581 618 2959 690 praesumimus
2983 614 3085 670 nisi
3115 631 3238 671 cum
3261 615 3566 671 humilitate
3603 625 3663 671 et
3691 633 3831 673 rere-

2255 713 2463 778 rentia;
2497 719 2696 783 quanto
2723 709 2894 780 magis
2919 705 3150 762 Domino
3169 705 3282 761 Deo
3307 705 3691 762 universorum
3721 726 3830 762 cum

2259 804 2438 859 cordis
2478 801 2780 857 humilitate
2813 808 2868 854 et
2904 797 3156 868 puritatis
3198 798 3482 853 devotione
3528 798 3833 868 supplican-

2261 901 2387 956 dum
2429 898 2545 955 est!
2589 897 2659 954 Et
2701 913 2808 952 non
2854 895 2910 950 in
2952 893 3313 964 multiloquio,
3360 894 3455 948 sed
3501 893 3559 949 in
3613 895 3834 964 puritate

2260 989 2440 1045 cordis
2467 1002 2567 1043 nos
2591 986 2833 1040 exaudiri
2865 985 3102 1040 sciamus
3131 1001 3143 1037 :
3169 993 3222 1038 et
3258 982 3378 1038 ideo
3403 982 3595 1038 brevis
3627 991 3685 1036 et
3717 1001 3833 1054 pura

2263 1082 2422 1138 debet
2451 1089 2569 1134 esse
2607 1077 2801 1142 oratio,
2843 1078 2948 1132 nisi
2983 1077 3119 1132 forte
3150 1090 3215 1131 ex
3245 1074 3434 1132 ail‘ectu
3467 1077 3834 1147 inspirationis

2263 1173 2454 1229 divinae
2493 1171 2677 1243 gratiae
2713 1167 3086 1238 protendatur.
3133 1167 3265 1223 Cum
3315 1167 3459 1222 enim
3506 1167 3565 1222 in
3612 1171 3838 1222 oratione

2263 1264 2589 1326 assistimus,
2630 1275 2842 1332 gemere
2875 1267 2931 1314 et
2960 1258 3088 1314 ﬂere
3112 1259 3390 1323 debemus,
3430 1259 3836 1315 reminiscentes

2264 1372 2424 1428 quam
2463 1355 2648 1426 gravia
2693 1361 2818 1407 sunt
2843 1351 3047 1408 scelera
3078 1368 3199 1424 qua:
3235 1352 3649 1419 commisimus,
3675 1368 3837 1422 quam-

2263 1463 2370 1518 que
2410 1445 2524 1500 dira
2587 1443 2783 1498 inferni
2836 1442 3094 1513 supplicia
3159 1457 3279 1512 quae
3325 1443 3628 1497 timemus.
3677 1441 3839 1515 Longe

2266 1539 2462 1610 quippe
2491 1554 2522 1592 a
2562 1537 2675 1592 Deo
2704 1547 2786 1594 est
2827 1537 3038 1592 animus
3075 1537 3166 1607 qui
3204 1537 3258 1592 in
3289 1536 3538 1590 oratione
3573 1538 3837 1608 cogitatio-

2268 1632 2428 1686 nibus
2447 1629 2630 1684 saaculi
2652 1628 2814 1684 fuerit
2841 1635 3155 1698 occupatus.
3183 1626 3255 1682 Et
3281 1637 3408 1681 tunc
3433 1627 3723 1682 veraciter
3739 1644 3838 1682 ora-

2268 1734 2411 1787 mus,
2443 1720 2660 1790 quando
2683 1715 2896 1774 aliunde
2922 1733 3030 1773 non
3059 1719 3378 1788 cogitamus.
3412 1716 3526 1773 Sed
3550 1720 3719 1774 valde
3741 1736 3839 1791 per-

2261 1811 2428 1883 pauci
2478 1818 2603 1865 sunt
2639 1811 2732 1879 qui
2777 1809 2912 1864 tales
2957 1809 3231 1863 orationes
3255 1806 3527 1874 habeant;
3557 1817 3628 1862 et
3655 1809 3771 1863 licet
3801 1812 3839 1863 in

577 1909 661 1964 illi
695 1926 710 1962 :
747 1907 942 1963 Coram
1003 1885 1140 1962 ctelo
1192 1912 1245 1959 et
1297 1911 1439 1958 terra
1501 1902 1766 1955 rationem
1823 1900 1986 1955 totius
2040 1898 2166 1954 vitae
2189 1885 2241 1949 Β
2269 1903 2590 1974 quibusdam
2634 1903 2760 1968 sint,
2800 1898 3014 1957 diﬂicile
3043 1909 3222 1956 tamen
3259 1907 3340 1956 est
3376 1910 3437 1955 ut
3473 1916 3705 1972 semper
3737 1903 3837 1956 sint.

586 2009 786 2056 nostra:
813 1997 1076 2055 reddituri
1099 2009 1303 2062 sumus,
1327 2003 1382 2049 et
1402 2001 1460 2048 tu
1484 1992 1661 2047 rides?
1690 1992 2030 2066 Quapropter
2051 2005 2164 2044 non

586 2105 688 2148 nos
723 2090 954 2145 oblectet
996 2087 1218 2159 puerilis
1260 2085 1421 2154 jocus
1463 2099 1527 2139 ac
1560 2084 1722 2148 risus,
1768 2082 1862 2137 sed
1903 2081 2167 2137 lectiones

588 2195 758 2236 sacra:
796 2186 851 2234 et
875 2177 1169 2249 spiritualis
1199 2176 1444 2231 melodiae
1473 2183 1686 2230 cantus.
1735 2171 1991 2241 Quamvis
2020 2174 2166 2228 enim

585 2272 720 2327 dura
766 2271 875 2326 sint
916 2269 1079 2324 corda
1117 2275 1306 2323 nostra
1343 2266 1410 2320 ad
1459 2265 1728 2336 lacrymas
1767 2263 2166 2334 producendas,

586 2379 710 2419 mox
756 2372 938 2417 tamen
974 2371 1036 2417 ut
1073 2361 1406 2432 psalmorum
1457 2357 1683 2414 dulcedo
1729 2357 2055 2423 insonuerit,
2099 2353 2169 2410 ad

587 2455 1056 2528 compunctionem
1102 2452 1282 2507 cordis
1335 2452 1574 2505 animum
1621 2457 1871 2504 nostrum
1918 2446 2165 2503 inﬂectit.

588 2547 738 2602 Multi
780 2547 924 2601 enim
963 2545 1307 2614 reperiuntur
1345 2544 1437 2613 qui
1479 2551 1672 2598 cantus
1722 2541 1990 2597 suavitate
2026 2555 2171 2595 com-

590 2638 720 2693 moti
747 2653 841 2691 sua
865 2635 1092 2691 crimina
1113 2635 1392 2704 plangunt,
1433 2641 1595 2702 atque
1620 2647 1687 2687 ex
1718 2647 1780 2686 ea
1817 2639 1972 2702 parte
1997 2630 2171 2698 magis

589 2728 881 2783 ﬂectuntur
908 2728 975 2781 ad
1007 2727 1301 2797 lacrymas,
1331 2737 1398 2780 ex
1436 2740 1540 2794 qua
1564 2723 1845 2793 psallentis
1869 2722 2174 2778 insonuerit

590 2821 818 2877 dulcedo
877 2818 1182 2874 suavitatis.
1235 2815 1342 2872 Sed
1392 2817 1717 2872 studendum
1764 2815 1920 2870 nobis
1978 2822 2062 2868 est
2113 2820 2176 2868 ut

587 2916 752 2969 etiam
781 2923 904 2983 post
923 2911 1356 2982 compunctionis
1387 2918 1652 2978 tempora,
1684 2910 1737 2963 in
1769 2916 2031 2978 quantum
2061 2906 2174 2961 Deo

589 3007 851 3076 largiente
875 3014 1182 3076 possumus,
1215 3004 1389 3074 ipsam
1417 3003 1528 3057 vim
1569 3001 1930 3072 lacrymarum
1967 3000 2021 3054 in
2049 3015 2177 3053 nos-

591 3101 849 3170 metipsos
877 3113 1289 3162 conservemus;
1328 3113 1396 3151 ne
1425 3109 1524 3151 nos
1551 3099 1676 3166 post
1707 3094 2176 3165 compunctionem

592 3190 770 3244 cordis
796 3190 1051 3260 cogitatio
1078 3187 1223 3242 ﬂuxa
1251 3187 1542 3250 dissolvat;
1570 3202 1638 3241 ne
1666 3194 1902 3240 mentem
1932 3191 2175 3238 nostram

2269 1995 2423 2051 Tunc
2459 2003 2641 2048 autem
2688 1993 2859 2063 magis
2904 1991 3150 2048 diabolus
3189 1992 3553 2065 cogitationes
3618 2009 3842 2048 curarum

2270 2085 2610 2144 saecularium
2661 2085 2865 2139 nostris
2909 2083 3180 2139 mentibus
3230 2081 3447 2154 ingerit,
3509 2086 3736 2154 quando
3769 2099 3842 2139 nos

2270 2185 2491 2233 orantes
2521 2177 2812 2246 aspexerit.
2833 2173 2940 2229 Sed
2968 2190 3067 2230 nos
3097 2189 3128 2229 e
3147 2181 3334 2229 contra
3367 2182 3482 2228 tam
3509 2187 3844 2244 perseveran-

2271 2277 2355 2324 ter
2390 2268 2446 2322 in
2484 2267 2729 2322 oratione
2758 2265 3051 2338 persistere
3096 2263 3376 2330 debemus,
3426 2281 3729 2337 quousque
3764 2267 3840 2320 im-

2269 2368 2532 2432 portunus
2559 2359 2897 2415 saacularium
2926 2373 3112 2415 rerum
3148 2357 3512 2428 cogitatiOnes
3550 2358 3632 2412 ab
3664 2358 3843 2412 inimico

2269 2453 2504 2509 latenter
2537 2453 2809 2507 immissas
2837 2467 3174 2524 superemus.
3207 2449 3430 2518 Quoties
3464 2451 3626 2505 enim
3655 2450 3845 2521 quilibet

2273 2544 2454 2614 aliquo
2485 2543 2721 2614 tangitur
2743 2542 2898 2608 vitio,
2926 2542 3087 2598 toties
3115 2557 3174 2597 se
3204 2542 3269 2595 ad
3299 2539 3627 2596 orationem
3651 2542 3843 2605 subdat;

2274 2639 2399 2708 quia
2423 2633 2679 2707 frequens
2698 2635 2874 2689 oratio
2892 2633 3148 2689 vitiorum
3178 2633 3660 2704 impugnationem
3679 2634 3845 2688 exstin-

2275 2727 2409 2798 guit.
2435 2726 2508 2780 Et
2543 2727 2635 2796 qui
2663 2723 2897 2793 lreditur,
2937 2740 3046 2781 non
3087 2721 3311 2780 desistat
3352 2740 3524 2782 orare
3561 2741 3670 2796 pro
3699 2741 3749 2780 se
3771 2725 3843 2779 l1-

2277 2815 2530 2876 dentihus
2571 2833 2585 2872 :
2625 2818 2755 2888 quia
2807 2816 2948 2873 sicut
2997 2815 3201 2871 nullum
3255 2816 3485 2887 proficit
3541 2815 3600 2871 in
3662 2816 3848 2870 vulnere

2277 2911 2749 2975 medicamentum,
2792 2908 2838 2964 si
2875 2908 3052 2965 adhuc
3079 2906 3284 2964 ferrum
3309 2909 3362 2962 in
3399 2925 3470 2964 eo
3508 2910 3609 2972 sit,
3648 2911 3718 2964 ita
3745 2908 3847 2962 nihil

2271 3001 2420 3056 illius
2447 3001 2621 3056 oratio
2645 2999 2878 3070 prolicit,
2903 2998 3057 3069 cujus
3101 2999 3278 3056 adhuc
3299 2999 3454 3055 dolor
3476 3012 3567 3057 eSt
3604 3002 3663 3057 in
3704 3013 3849 3057 mente

2280 3103 2335 3150 et
2354 3096 2535 3150 odium
2566 3101 2748 3148 manet
2772 3094 2825 3148 in
2855 3105 3094 3164 pectore.

2351 3187 2556 3242 Tantus
2610 3202 2739 3257 ergo
2802 3187 2961 3241 debet
3009 3200 3131 3241 esse
3187 3185 3396 3241 orantis
3461 3185 3701 3242 aﬂ'ectus
3751 3200 3852 3255 erga

591 3299 728 3338 vana
775 3283 962 3338 lzetitia
1009 3282 1277 3352 subripiat
1308 3322 1322 3345 ,
1372 3293 1440 3334 ne
1484 3279 1695 3335 lucrum
1744 3275 2173 3349 compunctionis
2202 3259 2246 3325 Ο
2277 3282 2470 3347 Deum,
2500 3292 2561 3338 ut
2587 3298 2695 3336 non
2720 3282 2971 3351 desperet
2995 3279 3175 3351 precis
3201 3278 3476 3335 eﬂ‘cetnm.
3509 3278 3755 3334 inaniter
3778 3295 3855 3329 au-

593 3377 770 3431 anima
796 3387 982 3432 nostra
1003 3390 1100 3445 per
1123 3376 1382 3430 incuriam
1412 3373 1565 3429 ﬂuxa:
1595 3374 1934 3446 cogitationis
1959 3373 2168 3444 perdat.

593 3467 684 3524 Sic
713 3471 911 3540 quippe
938 3469 1078 3539 quod
1103 3478 1445 3539 poposcerat,
1477 3469 1723 3523 obtinere
1749 3468 1926 3522 anima
1951 3468 2172 3534 meruit,

591 3564 715 3632 quia
747 3578 804 3617 se
839 3569 962 3632 post
999 3562 1264 3632 lacrymas
1296 3561 1350 3616 in
1385 3561 1574 3616 eodem
1613 3561 1811 3615 mentis
1839 3559 2022 3630 vigore
2061 3573 2174 3613 ser-

590 3654 758 3707 vavit.
809 3653 885 3708 De
921 3668 1027 3722 qua
1073 3652 1329 3706 nimirum
1372 3651 1634 3721 scriptum
1663 3659 1786 3706 est:
1829 3648 2013 3704 Vultus
2060 3650 2175 3722 ejus

592 3759 696 3796 non
722 3751 844 3796 sunt
893 3740 1116 3812 amplius
1159 3742 1216 3795 in
1249 3741 1453 3795 diversa
1502 3741 1690 3794 mutati
1723 3738 1787 3811 (Ι
1833 3738 1962 3810 Reg.
1988 3755 2028 3803 t,
2063 3737 2171 3807 18).

592 3831 728 3899 Quia
753 3832 917 3900 igitur
940 3847 1046 3886 non
1067 3840 1152 3885 est
1171 3831 1335 3886 oblita
1365 3844 1486 3899 qua:
1507 3831 1684 3899 petiit,
1715 3844 1821 3884 non
1856 3834 1940 3882 est
1966 3828 2176 3899 privata

593 3935 819 3976 munere
857 3923 999 3990 quod
1036 3922 1298 3993 poposcit.
1346 3920 1456 3976 Nos
1496 3931 1678 3975 autem
1716 3921 1843 3988 quia
1885 3927 2008 3988 post
2045 3919 2180 3987 bap-

595 4014 757 4068 tisma
793 4015 1192 4083 inquinavimus
1227 4015 1426 4080 vitam,
1465 4014 1866 4084 rebaptizemus
1909 4012 1964 4066 in
2001 4012 2177 4082 lacry-

593 4103 701 4158 mis
726 4103 1116 4157 conscientiam
1142 4111 1408 4157 nostram.
1442 4101 1544 4170 Qui
1572 4113 1702 4173 ergo
1731 4100 2000 4172 lacrymas
2029 4100 2178 4154 inde-

598 4195 842 4251 sinenter
873 4192 1066 4258 fundit,
1103 4203 1154 4249 et
1187 4201 1375 4247 tamen
1416 4205 1641 4263 peccare
1688 4201 1796 4245 non
1835 4190 2048 4254 desinit,
2100 4190 2180 4245 la-

596 4295 842 4341 mentum
877 4285 1060 4350 habet,
1103 4283 1197 4341 sed
1241 4283 1647 4339 mundationem
1690 4297 1796 4337 non
1839 4277 2022 4338 habet.
2071 4281 2178 4340 Ubi

596 4385 778 4432 autem
819 4376 1074 4448 lacryme
1105 4375 1404 4442 abundant,
1452 4373 1524 4430 ibi
1562 4373 1914 4445 cogitationes
1950 4373 2179 4429 sordidae

597 4485 704 4525 non
745 4467 1143 4539 approximant.
1190 4465 1547 4537 Compunctio
1596 4467 1799 4521 sanitas
1836 4466 2174 4533 animaa'est,

596 4561 941 4630 compunctio
981 4559 1302 4614 illuminatio
1335 4559 1532 4614 mentis
1572 4567 1684 4625 est;
1721 4559 2062 4629 compunctio
2099 4576 2180 4614 re-

598 4652 789 4707 missio
837 4659 1189 4722 peccatorum
1218 4657 1331 4716 est;
1362 4649 1705 4720 compunctio
1745 4647 2010 4719 Spiritum
2053 4649 2180 4711 ‘san-

599 4749 748 4801 ctum
771 4741 1022 4798 habitare
1039 4739 1170 4798 facit
1195 4741 1252 4795 in
1277 4756 1357 4795 se.

1158 4829 1390 4888 CAPUT
1425 4827 1618 4884 XXXI.

872 4923 950 4980 De
970 4923 1253 4980 maerentia
1289 4932 1338 4976 et
1366 4921 1616 4975 instantia
1640 4917 1910 4976 orationis.

671 5017 898 5089 Oportet
940 5017 1125 5088 itaque
1171 5029 1272 5071 nos
1297 5013 1604 5071 certissime
1648 5011 1790 5069 scire
1842 5020 1898 5068 et
1919 5013 2185 5069 veraciter

595 5113 843 5176 credere,
884 5110 1011 5180 quia
1034 5107 1354 5164 assiduitate
1383 5106 1688 5160 orationum
1723 5104 1947 5176 adipisci
1990 5119 2183 5176 possu-

600 5211 723 5259 mus
770 5202 1146 5258 remissionem
1189 5199 1434 5256 omnium
1478 5206 1858 5268 peccatorum;
1908 5197 1956 5253 si
1999 5206 2179 5253 tamen

599 5301 758 5349 actus
802 5291 1040 5348 orationi
1083 5295 1142 5346 et
1185 5289 1328 5346 labia
1378 5289 1529 5344 cordi
1581 5303 1689 5343 non
1733 5288 2178 5357 discrepaverint.

604 5386 794 5442 Melius
817 5386 964 5442 enim
989 5391 1076 5442 est
1097 5381 1262 5440 corde
1296 5395 1457 5438 orare
1492 5393 1616 5435 cum
1650 5380 1864 5435 silentio
1895 5380 2014 5436 sine
2049 5395 2182 5435 sono

600 5479 773 5544 vocis,
794 5491 955 5546 quam
985 5476 1120 5532 solis
1153 5475 1336 5530 verbis
1377 5474 1496 5528 sine
1539 5472 1736 5526 intuitu
1781 5472 2008 5536 mentis;
2055 5473 2181 5543 quia

601 5579 713 5623 non
741 5568 904 5622 verba
928 5564 1322 5637 deprecationis
1345 5563 1488 5616 Deus
1511 5561 1764 5625 intendit,
1791 5562 1885 5616 sed
1905 5577 2000 5617 cor
2024 5577 2186 5616 orau-

605 5658 678 5712 tis
704 5657 915 5726 aspicit.
966 5655 1100 5711 Nam
1141 5655 1472 5726 negligentes
1515 5652 1788 5707 orationes
1825 5668 1922 5708 nec
1963 5654 2031 5708 ab
2067 5654 2186 5723 ipso

607 5749 827 5805 homine
875 5749 1170 5818 impetrare
1214 5747 1394 5803 valent
1439 5746 1587 5816 quod
1633 5744 1837 5800 volunt.
1869 5757 1895 5787 ι
1937 5746 1996 5804 Si
2039 5747 2185 5802 enim

682 5879 710 5909 ι
737 5867 818 5922 Ex
844 5865 1035 5937 regula
1064 5863 1242 5923 sancti
1273 5864 1570 5932 Benedicti,
1601 5878 1722 5935 cap.
1749 5859 1840 5917 20.

2193 4605 2258 4674 Ἰ)

2276 3386 2385 3432 tem
2411 3390 2654 3441 oramus,
2701 3374 2745 3430 si
2786 3374 2900 3446 spei
2946 3373 3196 3427 ﬁduciam
3235 3359 3342 3425 non
3381 3371 3650 3425 habemus
3681 3391 3696 3422 :
3727 3371 3858 3424 Pagi

2277 3476 2452 3520 autem
2500 3465 2877 3536 unusquisque,
2924 3471 2985 3516 ut
3027 3464 3102 3517 ait
3145 3461 3458 3531 Apostolus,
3494 3463 3543 3514 in
3589 3462 3703 3527 ﬁde
3739 3461 3859 3512 m‘lzi.’

2275 3561 2543 3614 hazsitans.
2587 3555 2727 3612 Nam
2760 3559 2850 3628 qui
2877 3557 3101 3623 dubitat,
3134 3555 3320 3609 similis
3358 3565 3432 3609 est
3464 3556 3651 3626 [luctui
3689 3557 3859 3617 maris,

2275 3669 2392 3724 qute
2416 3669 2447 3706 α
2478 3659 2628 3705 vento
2664 3658 2918 3714 movetur,
2950 3657 3102 3718 atque
3141 3647 3464 3719 dispergitur
3504 3645 3581 3718 (Ι
3587 3665 3678 3701 ac.
3711 3663 3750 3710 ι,
3781 3648 3853 3712 ῧξς.

2277 3742 2580 3798 Dillidentia
2633 3741 2777 3795 enim
2824 3739 3068 3795 nascitur
3116 3753 3184 3793 ex
3233 3739 3336 3793 hoc
3387 3738 3537 3808 quod
3591 3741 3774 3794 adhuc
3817 3751 3855 3790 se

2277 3834 2509 3906 quisque
2553 3832 2717 3887 sentit
2767 3831 2912 3886 circa
2946 3830 3210 3902 peccandi
3250 3827 3604 3886 all'ectionem
3656 3831 3852 3887 versari.

2277 3921 2510 3979 Multum
2539 3924 2698 3990 enim,
2719 3923 2893 3994 inquit
2916 3921 3226 3994 Apostolus,
3253 3919 3385 3978 ualet
3415 3923 3732 3994 deprecatio
3751 3925 3856 3995 ἀδεῆ

2269 4006 2493 4070 assidua
2535 4012 2694 4086 (Jac.
2725 4030 2777 4082 v,
2832 4012 2958 4086 16).
3012 4013 3069 4068 In
3106 4022 3310 4068 tantum
3359 4014 3551 4085 utique
3611 4017 3776 4078 valet,
3813 4021 3853 4066 at

2273 4095 2444 4162 etiam
2473 4119 2572 4176 per
2600 4121 2719 4161 eam
2752 4105 3017 4160 dazmonia
3039 4106 3345 4168 vincantur,
3380 4116 3432 4160 et
3459 4105 3663 4162 aditus
3701 4119 3857 4162 eorum

2269 4203 2376 4273 'pcr
2409 4197 2580 4269 ipsam
2614 4197 2991 4261 obstruantur,
3035 4204 3094 4250 ut
3140 4211 3247 4250 non
3285 4212 3632 4267 quocunque
3677 4196 3854 4259 volunt,

2272 4287 2497 4344 ‘vadant.
2531 4287 2684 4346 Unde
2715 4289 2769 4343 in
2801 4283 3096 4360 Tripertita
3121 4287 3344 4343 historia
3366 4283 3570 4359 legitur
3595 4289 3703 4344 ita.
3730 4287 3854 4344 Ten-

2275 4378 2497 4451 poribus
2537 4373 2736 4434 Juliani
2764 4375 3039 4450 Apostatze
3067 4377 3264 4433 missus
3287 4384 3372 4432 est
3410 4376 3640 4434 dzemon
3678 4377 3746 4433 ab
3769 4379 3856 4446 ipse

2271 4465 2332 4528 in
2362 4471 2732 4538 Occidentem,
2768 4482 2828 4527 ut
2875 4471 2979 4526 iret
3024 4469 3281 4527 velociter
3316 4478 3373 4526 et
3400 4467 3639 4526 aﬂ'erret
3683 4473 3734 4527 ei
3761 4469 3856 4524 imi:

2283 4565 2498 4635 aliquod
2529 4579 2868 4636 responsum.
2903 4561 3040 4618 Cum
3067 4569 3248 4617 autem
3273 4560 3626 4633 pervenisset
3675 4563 3859 4616 dm

2283 4653 2371 4710 ille
2412 4655 2464 4710 in
2492 4651 2726 4725 quodam
2767 4652 2890 4709 ioco
2926 4653 3018 4708 ubi
3059 4651 3276 4722 quidam
3317 4645 3633 4707 monachus
3677 4651 3858 4706 habita

2271 4739 2394 4812 bat,
2412 4747 2564 4802 stetit
2591 4746 2788 4802 ibidem
2814 4761 2910 4816 per
2939 4745 3123 4800 decem
3150 4739 3267 4798 dies
3290 4739 3609 4809 immobilis,
3650 4761 3724 4799 eo
3747 4739 3864 4813 quod

2282 4855 2389 4894 non
2427 4846 2641 4910 poterat
2666 4836 2807 4892 ultra
2832 4835 3104 4908 progredi,
3153 4833 3278 4904 quia
3307 4829 3621 4887 monachus
3659 4831 3754 4887 ille
3781 4846 3862 4886 nec

2275 4929 2530 4984 cessabat
2560 4943 2718 4984 orare
2767 4941 2946 4996 neque
2983 4932 3141 4981 nocte
3184 4937 3359 4994 neque
3391 4915 3514 4986 die;
3560 4927 3630 4976 et

2283 5038 2375 5078 sus
2404 5029 2488 5077 est
2518 5022 2634 5078 sine
2666 5018 2861 5075 eﬂ'ectu
2899 5015 2966 5073 ad
2999 5032 3123 5072 cum
3163 5013 3257 5086 qui
3285 5011 3510 5069 miserat
3549 5012 3746 5069 illum.
3791 5009 3867 5065 Cui

2285 5114 2578 5170 revertenti
2629 5109 2766 5168 dixit
2801 5111 3046 5166 Julianus
3089 5123 3104 5162 :
3142 5107 3319 5176 Quare
3373 5103 3562 5163 tandiu
3617 5100 3870 5162 tardasti‘

2279 5199 2635 5274 Respondens
2677 5203 2882 5258 daemon
2925 5201 3001 5255 ait
3040 5217 3052 5252 :
3093 5199 3162 5254 Et
3201 5212 3407 5254 moram
3452 5191 3597 5261 feci,
3663 5205 3726 5251 et
3777 5196 3872 5250 sine

2285 5295 2496 5350 actione
2537 5305 2785 5350 reversus
2829 5303 2968 5346 sum.
3013 5287 3254 5343 Sustinui
3310 5285 3454 5340 enim
3511 5283 3726 5340 decem
3776 5283 3875 5337 dies

2284 5385 2530 5440 Publium
2570 5384 2894 5438 monachum
2915 5423 2928 5447 ,
2957 5379 3000 5435 si
3029 5380 3169 5434 forte
3189 5384 3425 5434 cessaret
3444 5375 3517 5431 ab
3537 5379 3813 5433 oratione
3835 5387 3872 5426 et

2285 5478 2609 5542 transirem;
2643 5485 2697 5532 et
2731 5491 2838 5530 non
2861 5472 3110 5536 cessavit,
3141 5479 3197 5526 et
3209 5456 3514 5542 prohibitus
3541 5484 3680 5523 sum
3714 5481 3876 5524 trans

2283 5571 2396 5633 ire,
2429 5577 2484 5625 et
2518 5569 2652 5624 redii
2683 5567 2815 5622 nihil
2849 5582 3034 5637 agens.
3063 5563 3213 5619 Tunc
3241 5562 3596 5633 impiissimus
3626 5555 3880 5615 Julianas

2283 5661 2596 5733 indignatus
2631 5661 2766 5715 dixit
2797 5677 2808 5713 :
2840 5657 2974 5714 Cum
3003 5656 3128 5711 illuc
3153 5657 3426 5726 ingressus
3465 5651 3650 5719 fuero,
3691 5654 3876 5709 facta:

2283 5755 2340 5813 in
2366 5772 2429 5812 eo
2458 5756 2772 5812 vindictam.
2821 5754 2891 5810 Et
2918 5754 3060 5809 intra
3087 5764 3290 5824 paucos
3335 5748 3451 5804 dies
3496 5745 3778 5804 Julianus
3805 5748 3884 5802 De:
