3972 6328
139 377 228 436 621

763 360 995 422 CODEX
1031 351 1490 416 REGULARUM.
1534 380 1606 396 --
1642 344 1824 404 PARS
1861 342 1927 401 ii.
1968 338 2276 401 REGULIE
2313 339 2422 398 PP.
2463 335 2747 396 ORIENT.

3253 337 3394 400 ’622

135 493 457 569 providentia
489 485 713 542 interiit.
759 482 828 538 Et
875 479 1130 537 continuo
1158 490 1300 531 unus
1335 488 1402 569 es
1441 467 1714 569 praefectis
1739 466 1792 528 Α
1816 475 1992 526 orare,
2021 459 2109 516 vel
2130 458 2238 518 tale
2263 471 2400 529 epus
2425 455 2605 514 facere
2631 462 2691 510 ut
2717 454 2896 526 ipsum
2918 467 3020 526 pro
3043 453 3202 512 nobis
3222 453 3393 512 Deum

135 557 220 658 qui
248 599 366 641 cum
406 597 471 636 eo
499 586 674 642 erant,
699 575 852 639 abiit,
883 580 938 627 et
968 568 1212 625 vendidit
1239 563 1420 622 omnia
1453 575 1576 632 qua:
1603 557 1702 612 ha-

134 654 261 743 buit,
292 685 348 732 et
373 675 596 730 veniens
625 671 692 725 ad
720 682 904 724 senem
929 665 1081 720 illum
1108 663 1284 717 factus
1303 668 1389 715 est
1406 654 1704 712 monachus

135 785 371 842 magnus,
400 775 455 822 et
481 767 560 820 sic
595 760 894 836 permansit
933 772 1054 813 cum
1080 770 1166 822 eo,
1213 754 1386 808 donec
1420 748 1625 820 quievit
1647 746 1704 801 in

134 866 373 920 Domino.
415 859 521 916 Ubi
568 857 729 912 datur
774 851 998 924 intelligi
1042 849 1167 922 quia
1212 848 1388 904 oratio
1425 857 1706 901 servorum

133 957 223 1012 Dei
248 954 501 1010 continua
545 943 653 1003 non
697 946 870 1002 solum
895 943 1142 999 homines
1169 940 1374 1004 salvat,
1417 937 1508 993 sed
1542 937 1706 992 etiam

133 1046 321 1102 diaboli
355 1044 459 1098 tela
483 1045 794 1114 exsuperat.
818 1037 924 1092 Per
948 1035 1222 1090 orationes
1264 1039 1443 1086 autem
1478 1027 1710 1099 purissi-

134 1155 245 1194 mas
294 1137 473 1192 omnia
517 1133 672 1188 nobis
715 1131 868 1185 utilia
918 1143 948 1182 a
992 1125 1222 1181 Domino
1269 1123 1604 1183 tribuuntur,
1655 1124 1711 1172 et

134 1238 318 1286 cuncta
369 1227 527 1296 noxia
562 1222 751 1296 procul
791 1220 951 1276 dubio
999 1217 1324 1288 ell‘ugantur.
1368 1213 1575 1267 Idcirco
1615 1224 1711 1263 ne-

135 1335 279 1378 cesse
306 1293 581 1375 est’nobis
610 1322 666 1369 et
710 1326 806 1368 ore
847 1318 902 1365 et
944 1310 1106 1363 corde
1147 1306 1266 1362 sine
1306 1301 1724 1359 intermissione

133 1423 303 1468 orare.

666 1491 895 1551 CAPUT
939 1489 1154 1546 XXXII.

207 1591 473 1662 Quomodo
499 1593 662 1662 possit
684 1588 877 1659 aliquis
902 1586 1014 1640 sine
1053 1581 1434 1637 intermissione
1463 1594 1634 1633 orare.

203 1684 295 1740 Dei
317 1695 529 1740 servum
559 1687 758 1745 autem,
792 1687 844 1732 et
874 1675 1111 1731 maxime
1143 1671 1466 1736 solitarium,
1500 1673 1715 1740 oportet

134 1777 246 1833 sine
265 1772 663 1830 intermissione
693 1784 872 1832 orare,
906 1768 1086 1836 legere
1115 1772 1170 1818 et
1192 1762 1427 1833 operari,
1455 1776 1522 1815 ne
1571 1759 1712 1814 forte

135 1875 363 1924 mentem
391 1865 503 1920 otio
528 1862 767 1918 deditam
784 1833 1006 1930 spiritus
1028 1857 1294 1928 malignus
1318 1854 1556 1910 invadat.
1579 1851 1710 1907 Ora-
1734 1833 1788 1896 ³

133 1960 365 2017 tionibus
395 1963 576 2012 autem
601 1954 950 2018 mundamur,
977 1949 1302 2006 lectionibus
1350 1947 1673 2002 instruimur
1699 1988 1714 2013 ,

131 2047 532 2122 operationibus
554 2061 683 2100 vero
706 2058 923 2114 corpus,
939 2057 1007 2096 ne
1036 2040 1175 2094 forte
1201 2039 1496 2109 superbiat,
1525 2038 1718 2110 fatiga-

131 2153 270 2194 mus.
303 2137 412 2192 Sed
440 2134 790 2207 quagrcndum
817 2130 970 2186 nobis
994 2138 1077 2184 est
1097 2127 1367 2199 quomodo
1397 2129 1519 2196 quis
1547 2128 1719 2198 possit

131 2238 248 2286 sine
271 2229 669 2286 intermissione
691 2240 866 2280 orare.
893 2223 1121 2290 Quidam
1145 2221 1291 2276 enim
1319 2221 1503 2274 dicere
1532 2220 1720 2274 volunt

129 2321 275 2391 quod
305 2320 395 2374 ille
430 2319 547 2374 sine
579 2314 981 2371 intermissione
1009 2320 1131 2367 orat
1155 2311 1246 2380 qui
1289 2309 1580 2364 canonicas
1620 2309 1718 2363 In»

128 2426 224 2467 ras
275 2412 547 2466 observat.
583 2407 748 2462 Nobis
779 2419 910 2460 vero
951 2419 1058 2459 non
1081 2402 1301 2471 expedit
1329 2401 1542 2455 caeteris
1568 2400 1721 2455 boris

131 2501 202 2557 ab
232 2501 476 2555 oratione
516 2511 741 2561 vacare;
807 2497 901 2550 sed
933 2495 1228 2550 secundum
1255 2493 1571 2562 Apostolum
1599 2493 1720 2548 sine

131 2588 532 2648 intermissione
582 2588 842 2641 debemus
894 2600 1072 2640 orare.
1129 2584 1223 2639 Sic
1277 2592 1459 2638 autem
1489 2585 1720 2639 Domino

130 2683 426 2738 miserante
448 2679 743 2751 poterimus
766 2676 894 2732 illud
915 2684 1247 2748 praeceptum
1275 2675 1520 2746 implere,
1544 2675 1596 2730 id
1615 2685 1715 2739 est,

132 2776 182 2831 si
235 2775 433 2848 jugiter
477 2773 659 2844 lingua
690 2787 850 2826 orare
901 2785 1008 2826 non
1059 2783 1371 2840 possumus,
1417 2768 1501 2821 vel
1559 2767 1722 2822 corde

132 2881 381 2924 oremus:
409 2875 464 2921 et
491 2867 534 2919 si
568 2881 681 2928 ore,
718 2863 802 2917 vel
838 2863 1000 2918 corde
1035 2861 1406 2917 indesinenter
1443 2875 1602 2916 orare
1629 2874 1724 2914 ne-

133 2960 373 3030 quimus,
403 2957 488 3013 vel
521 2957 683 3010 etiam
713 2962 866 3010 actus
908 2954 1082 3010 nostri
1117 2954 1254 3008 tales
1280 2953 1388 3008 sint
1417 2962 1476 3006 ut
1509 2965 1724 3022 semper

132 3063 240 3120 pro
285 3049 441 3106 nobis
468 3047 638 3101 Deum
679 3055 927 3101 exorent.

212 3139 364 3194 Unde
393 3141 446 3192 in
487 3138 877 3193 Collationibus
930 3137 1151 3191 Patrum
1179 3137 1288 3192 tale
1336 3137 1497 3192 datur
1539 3150 1724 3194 exem-

1808 563 1996 613 θιοιιθι
2006 599 2015 608 .

1877 647 2011 702 Illud
2037 659 2252 717 quoque
2279 646 2409 701 hu.c
2429 642 2724 714 apostolico
2762 647 3036 712 praecepto
3061 639 3216 709 quasi
3265 652 3397 696 eon-

1808 742 2040 798 trarium
2061 754 2182 796 esse
2203 739 2422 794 videtur
2441 738 2585 807 quod
2614 735 2874 792 Dominus
2905 734 2984 789 ait
3006 750 3021 787 :
3049 728 3276 789 Orantes
3300 746 3398 788 au-

1807 843 1909 890 tem
1930 833 2088 890 nolite
2114 835 2339 889 multum
2363 831 2529 903 loqui,
2555 832 2688 886 sicut
2721 828 2912 885 ethnici
2940 827 3143 898 faciunt
3165 825 3387 897 (Matth.

1807 939 1883 992 π,
1907 924 1985 997 7).
2022 925 2208 995 Itaque
2255 921 2792 979 animadvertendum
2840 928 2928 976 est
2967 919 3112 990 quod
3139 919 3402 978 Dominus

1810 1036 1920 1076 non
1941 1019 2113 1074 dixit:
2149 1017 2327 1074 Nolite
2362 1017 2590 1073 multum
2643 1029 2823 1081 orare,
2845 1015 2938 1070 sed
2971 1012 3150 1069 Nolite
3171 1012 3399 1069 multum

1812 1111 1978 1182 loqui,
2005 1110 2140 1163 sicut
2177 1108 2369 1162 ethnici
2399 1108 2642 1177 faciunt,
2692 1107 2786 1178 qui
2826 1106 3122 1162 secundum
3173 1103 3403 1174 politam

1814 1203 2136 1273 eloquentim
2163 1201 2435 1257 facultatis
2456 1200 2766 1256 facundiam
2792 1207 2970 1256 orant.
2994 1197 3090 1253 Ille
3118 1199 3260 1253 enim
3285 1197 3404 1252 sine

1815 1292 2217 1349 intermissione
2241 1293 2308 1346 ad
2325 1292 2493 1347 Deum
2519 1301 2663 1357 orat,
2688 1291 2778 1360 qui
2803 1289 3051 1360 peccanti
3068 1289 3226 1343 ‘in.se
3245 1287 3404 1342 fratri

1815 1385 2066 1449 dimittit;
2095 1385 2187 1454 qui
2213 1400 2320 1439 non
2359 1383 2428 1438 ab
2456 1384 2766 1439 hominibus
2789 1423 2803 1446 ,
2859 1383 2954 1438 sed
2981 1397 3013 1436 a
3043 1380 3157 1435 Deo
3188 1380 3403 1436 laudem

1817 1477 2046 1548 quaerit,
2077 1477 2170 1547 qui
2201 1478 2463 1532 adversus
2492 1475 2704 1530 turbam
2751 1489 3016 1540 vanorum
3053 1473 3407 1542 phantasma-

1816 1580 1931 1626 tum
1955 1571 2154 1628 ostium
2179 1569 2375 1624 cubilis
2411 1567 2593 1623 cordis
2620 1566 2705 1621 sui
2731 1565 2934 1621 claudit
2959 1579 2975 1618 :
3010 1571 3062 1619 et
3094 1579 3162 1620 ne
3189 1562 3409 1632 aliquod

1817 1662 2264 1731 impedimentum
2302 1659 2418 1728 ejus
2445 1658 2622 1714 oratio
2651 1656 2891 1727 patiatur
2915 1695 2930 1721 ,
2987 1654 3044 1709 in
3081 1668 3265 1710 amore
3313 1652 3410 1708 Dei

1817 1754 2018 1810 mentis
2035 1752 2251 1810 oculum
2279 1751 2416 1823 ﬁgit.

2385 1839 2612 1896 CAPUT
2650 1836 2889 1894 XXXIII.

1822 1932 1980 1999 Quod
2003 1947 2182 1986 omnes
2217 1946 2368 1986 eam
2387 1929 2726 2067 cogittgiones
2747 1925 3084 1982 uitiatione
3112 1924 3411 1980 Iunonum

2576 2008 2687 2054 unt.

2576 2008 2667 2054 unt
2673 2039 2687 2052 .

1889 2122 2046 2178 Nulla
2090 2136 2220 2194 ergo
2245 2119 2422 2175 virtus
2449 2118 2615 2175 estin
2664 2117 3082 2174 conversatione
3130 2130 3413 2172 servorum

1821 2216 1917 2272 Dei
1937 2231 2060 2286 quae
2085 2215 2250 2270 talem
2280 2212 2478 2268 habeat
2495 2211 2736 2266 laborem
2767 2208 3039 2280 quomodo
3061 2209 3257 2264 oratio.
3274 2207 3413 2262 Dum

1821 2309 1968 2363 enim
2004 2306 2240 2362 voluerit
2265 2306 2429 2360 homo
2466 2303 2640 2357 Deum
2675 2317 2832 2357 suum
2865 2316 3048 2366 orare,
3070 2315 3286 2369 semper
3310 2299 3417 2354 dte-

1826 2413 2018 2453 mones
2043 2397 2300 2452 festinant
2326 2395 2630 2450 orationem
2657 2393 2777 2463 ejus
2803 2392 3220 2462 interrumpere,
3237 2391 3414 2446 scien-
3453 2461 3456 2466 _

1824 2496 1908 2543 tes
1930 2489 2057 2558 quia
2078 2501 2143 2540 ex
2176 2485 2318 2539 nulla
2342 2485 2446 2538 alia
2482 2499 2540 2538 re
2581 2492 2790 2537 tantum
2818 2482 3204 2552 impediuntur,
3238 2496 3412 2550 quan-

1823 2587 1938 2633 tum
1960 2593 2059 2648 per
2090 2576 2390 2631 orationem
2439 2573 2506 2628 ad
2544 2572 2714 2627 Deum
2741 2570 2937 2626 fusam.
2975 2570 3250 2640 Siquidem
3297 2585 3415 2624 om-

1822 2683 1948 2725 nem
1983 2667 2150 2722 alium
2198 2666 2442 2721 laborem
2489 2679 2654 2734 quem
2705 2664 2868 2719 homo
2917 2664 2971 2717 in
3003 2662 3420 2717 conversatione

1825 2759 2079 2829 religiosa
2131 2758 2342 2828 positus
2395 2757 2792 2826 assumpserit,
2855 2755 3102 2824 quamvis
3151 2755 3422 2809 instanter

1827 2863 1971 2924 agat,
2006 2850 2170 2905 habet
2197 2856 2377 2905 tamen
2415 2849 2653 2920 aliquam
2687 2848 2949 2918 requiem.
2975 2846 3165 2902 Oratio
3191 2854 3374 2901 autem
3399 2886 3416 2911 ,

1825 2953 1886 3000 ut
1909 2946 2111 2999 dictum
2151 2951 2256 3010 est,
2282 2943 2486 2998 nullam
2531 2943 2696 2997 habet
2721 2940 2983 3010 requiem.
3017 2939 3133 3007 Qua
3181 2939 3248 2994 de
3278 2955 3336 2993 re
3365 2938 3423 2994 in

1828 3034 1969 3091 Vitis
1999 3035 2224 3089 Patrum
2279 3035 2352 3088 ita
2389 3033 2624 3105 legitur:
2657 3031 2899 3099 Quodam
2929 3041 3170 3101 tempore
3193 3071 3206 3092 ,
3261 3041 3422 3087 nocte

1829 3125 2041 3180 daemon
2071 3127 2138 3179 ad
2169 3127 2366 3180 ostium
2425 3124 2630 3179 cellula:
2677 3123 2822 3180 beati
2872 3123 3092 3179 Macarii
3143 3123 3422 3195 pulsavit,

134 3231 288 3304 plum
319 3249 330 3284 :
362 3229 559 3285 Lucius
585 3231 752 3284 abbas
783 3230 1138 3298 interrogavit
1191 3229 1452 3299 quosdam
1486 3228 1686 3286 fratres
1705 3273 1722 3299 ,
1748 3189 1797 3258 Ο
1829 3218 2018 3273 dicens
2044 3233 2056 3270 ε
2091 3216 2441 3289 δυῖὲθνδῢδᾶ
2460 3216 2681 3281 “ﬁcari,
2706 3225 2762 3272 οἱ
2787 3228 2974 3272 eamus
2997 3219 3065 3272 ad
3098 3189 3380 3273 εδυθοῑθῐῐι

137 3322 328 3376 dicens
360 3339 372 3372 :
403 3321 556 3387 Quod
583 3327 666 3375 est
701 3335 836 3389 opus
867 3333 1126 3374 manuum
1167 3321 1510 3375 vestrarum?
1539 3321 1609 3374 At
1646 3321 1725 3377 illi

136 3413 428 3469 dixerunt:
466 3412 576 3468 Nos
615 3427 723 3468 non
751 3412 1112 3483 contingimus
1162 3413 1381 3483 aliquod
1432 3429 1565 3484 opus
1617 3429 1728 3468 ma-

135 3521 343 3572 nuum;
375 3506 490 3571 sed,
521 3506 661 3560 sicut
680 3505 969 3575 Apostolus
997 3505 1148 3572 dicit,
1178 3507 1294 3562 sine
1323 3507 1728 3563 intermissione

135 3606 388 3655 oramus.
443 3599 586 3652 Dixit
620 3600 700 3654 eis
744 3613 948 3654 senex:
983 3599 1050 3653 Et
1079 3612 1184 3653 non
1231 3599 1604 3654 manducatis?
1650 3600 1727 3656 illi

139 3700 333 3748 autem
378 3692 620 3746 dixerunt
647 3712 658 3746 :
684 3692 860 3746 Etiam
906 3692 1319 3747 manducamus.
1353 3690 1422 3745 Et
1446 3692 1581 3746 dixit
1605 3693 1722 3747 eis:

136 3782 374 3851 Quando
402 3797 529 3852 ergo
554 3782 857 3848 comeditis,
884 3781 1006 3851 quis
1044 3787 1165 3834 orat
1192 3794 1292 3849 pro
1318 3781 1507 3836 vobis?
1534 3781 1601 3836 Et
1627 3782 1727 3837 ite-

136 3888 267 3928 rum
290 3873 638 3942 interrogavit
663 3887 755 3926 eos
797 3871 1026 3926 dicens:
1063 3869 1179 3925 Non
1213 3871 1505 3927 dormitis?
1553 3872 1621 3927 Et
1650 3872 1727 3928 illi

136 3966 432 4021 dixerunt:
465 3965 641 4018 Etiam
669 3962 984 4018 dormimus.
1015 3959 1081 4016 Et
1128 3977 1294 4018 senex
1329 3963 1560 4034 adjecit:
1591 3963 1726 4019 Cum

135 4061 414 4125 dormitis,
432 4059 553 4129 quis
572 4067 691 4114 orat
705 4073 803 4130 pro
824 4056 1011 4114 vobis?
1039 4058 1106 4112 Et
1128 4073 1235 4113 non
1260 4058 1581 4113 invenerunt
1598 4057 1727 4128 quid

133 4153 209 4208 ad
246 4151 357 4206 haec
388 4151 776 4221 responderent
800 4149 871 4204 ei.
902 4149 969 4204 Et
1011 4147 1239 4218 adjecit:
1278 4149 1541 4220 Ignoscite
1571 4151 1722 4215 mibi,

135 4243 370 4309 fratres,
385 4244 510 4314 quia
533 4257 661 4299 ecce
679 4258 785 4296 non
802 4240 981 4296 facitis
998 4243 1137 4296 sicut
1163 4241 1392 4296 dixistis.
1408 4242 1518 4312 Ego
1545 4251 1728 4296 autem

131 4336 425 4392 ostendam
451 4332 606 4390 vobis
632 4334 757 4404 quia
781 4346 1018 4404 operans
1047 4331 1300 4387 manibus
1321 4332 1458 4387 meis
1487 4332 1604 4386 sine
1648 4333 1729 4386 in-

134 4425 491 4482 termissione
513 4439 630 4480 oro.
679 4423 850 4480 Sedco
877 4437 1112 4494 namque
1139 4463 1155 4490 ,
1204 4423 1429 4494 juvante
1475 4424 1726 4490 Domino,

133 4514 436 4571 infundens
463 4515 594 4570 mihi
629 4529 831 4585 paucas
856 4513 1139 4584 palmulas,
1159 4521 1215 4569 et
1248 4513 1387 4568 facio
1412 4529 1479 4568 ex
1509 4514 1588 4568 eis
1607 4514 1726 4584 ple-

1824 3309 1918 3364 ubi
1946 3310 2147 3365 fratres
2187 3312 2253 3364 ad
2303 3310 2516 3382 vigilias
2557 3319 2978 3382 congregantur.
3017 3309 3124 3365 Sed
3171 3310 3294 3374 ille,
3327 3309 3421 3378 qui

1826 3403 2000 3474 gratia
2029 3401 2126 3456 Dei
2154 3401 2390 3472 repletus
2423 3409 2543 3457 erat
2563 3403 2868 3472 prudentia,
2911 3400 3021 3455 falli
3049 3416 3154 3455 non
3185 3407 3418 3470 poterat,

1827 3491 2095 3547 intellexit
2133 3491 2332 3545 diaboli
2362 3507 2482 3546 esse
2540 3490 2828 3556 fallaciam,
2863 3497 2919 3546 et
2951 3491 3065 3545 ait:
3097 3489 3142 3545 0
3187 3490 3421 3544 mendax

1823 3591 1884 3638 et
1909 3582 2160 3637 veritatis
2189 3582 2411 3637 inimice
2435 3582 2447 3634 !
2501 3596 2623 3651 qua:
2651 3582 2750 3636 tibi
2774 3581 3008 3637 societas
3038 3595 3161 3634 cum
3191 3577 3423 3634 collecta

1827 3685 1885 3728 et
1906 3672 2326 3743 congregatione
2347 3673 2693 3727 sanctorum?
2736 3670 2808 3727 At
2833 3671 2926 3727 ille
2959 3690 2970 3726 :
3005 3672 3164 3727 Latet
3189 3685 3321 3742 ergo
3345 3678 3421 3738 te,

1827 3763 2026 3832 inquit,
2049 3778 2083 3817 ο
2107 3761 2329 3830 Macari,
2351 3765 2496 3833 quod
2535 3764 2654 3818 sine
2680 3764 2836 3818 nobis
2883 3763 3029 3817 nulla
3077 3764 3427 3835 congregatio

1828 3856 2221 3911 monachorum
2245 3855 2460 3926 agitur?
2501 3855 2636 3910 Tum
2667 3856 2791 3911 ille:
2821 3856 3076 3927 Imperet,
3105 3856 3302 3926 inquit,
3326 3856 3428 3912 tibi

1829 3947 2112 4012 Dominus,
2135 3947 2428 4003 immunde.
2465 3947 2532 4001 Et
2581 3947 2671 4003 ille
2701 3947 2936 4016 adjecit:
2984 3948 3121 4004 Veni
3148 3948 3382 4018 denique
3407 3988 3424 4015 ,

1827 4047 1884 4094 et
1923 4039 2128 4095 videbis
2164 4053 2332 4109 opera
2359 4047 2565 4096 nostra.
2590 4039 2688 4095 llis
2711 4040 2890 4106 dictis,
2918 4040 3130 4096 daemon
3148 4040 3424 4098 discessit.

1828 4132 1898 4187 Et
1923 4131 2092 4187 abbas
2115 4145 2412 4186 conversus
2450 4131 2517 4186 ad
2541 4132 2847 4187 orationem
2888 4131 3045 4200 petiit
3066 4146 3097 4185 a
3127 4130 3239 4186 Deo
3273 4140 3335 4186 ut
3372 4131 3428 4187 ei
3469 4171 3476 4173 γλ

1830 4227 2141 4282 ostenderet
2178 4226 2223 4281 si
2260 4225 2364 4280 hoc
2407 4240 2598 4281 verum
2640 4236 2788 4281 esset
2833 4225 2978 4294 quod
3023 4224 3287 4295 gloriatus
3333 4231 3420 4280 est

1831 4318 2059 4372 daemon.
2092 4317 2241 4371 Abiit
2269 4332 2400 4387 ergo
2421 4317 2490 4371 ad
2526 4317 2809 4372 collectam
2851 4317 2942 4371 ubi
2970 4331 3002 4369 a
3040 4314 3302 4369 fratribus
3330 4315 3410 4369 vi-

1833 4412 1972 4485 giliae
1999 4411 2431 4478 celebrabantur,
2465 4420 2522 4467 et
2549 4412 2748 4466 iterum
2771 4411 2827 4464 in
2855 4409 3104 4464 oratione
3135 4407 3424 4462 Dominum

1835 4503 2159 4573 deprecatur
2191 4508 2252 4555 ut
2279 4502 2382 4556 sibi
2427 4502 2578 4556 verbi
2610 4498 2769 4568 hujus
2814 4499 3101 4553 veritatem
3139 4498 3426 4564 ostendat;

135 4563 435 4571 -.η---ηπ
630 4563 829 4585 r__-_-
857 4563 1139 4584 ,_--_____,
1164 4563 1213 4569 --
1249 4563 1381 4568 __-_-
1417 4563 1479 4568 -__
1514 4563 1585 4568 η-
1609 4563 1693 4584 Γ,
1906 4563 1921 4573 ,
2678 4563 2695 4568 ν
3412 4563 3418 4564 ,

131 4618 316 4672 ctam,
336 4618 391 4664 et
413 4610 573 4665 dico:
607 4606 988 4672 Misereremei,
1004 4606 1164 4672 Deus,
1185 4605 1470 4661 secundum
1485 4623 1730 4676 magnam
1754 4563 1809 4626 D
1836 4611 1892 4659 et
1917 4618 2045 4659 ecce
2084 4600 2222 4656 vidit
2269 4615 2368 4671 per
2414 4606 2585 4654 totam
2629 4597 2916 4654 ecclesiam
2965 4594 3126 4666 quasi
3172 4594 3431 4666 parvulos

128 4700 561 4755 misericordiam
586 4707 731 4754 tuam
760 4711 778 4750 :
812 4707 860 4753 et
899 4697 1184 4753 secundum
1215 4696 1603 4752 multitudinem
1636 4696 1736 4751 mi-

126 4792 469 4847 serationum
513 4799 727 4845 tuarum
772 4788 885 4845 dele
935 4788 1261 4860 iniquitatem
1323 4803 1494 4842 meam
1544 4786 1730 4860 (Psal.

127 4905 193 4950 ι,
232 4883 311 4956 l).
339 4883 406 4939 Et
435 4883 568 4940 dixit
597 4885 712 4940 eis:
753 4882 940 4939 Oratio
967 4881 1086 4937 htec
1137 4889 1237 4946 est,
1268 4896 1338 4936 an
1378 4880 1524 4937 non?
1562 4880 1629 4936 Et
1654 4880 1736 4936 di-

127 4982 354 5032 xerunt
401 4975 490 5029 ei:
527 4974 724 5029 Etiam.
757 4971 852 5028 Ille
901 4979 1082 5026 autem
1128 4970 1304 5025 dixit:
1339 4969 1565 5038 Quando
1609 4984 1736 5040 per-

123 5083 407 5124 mansero
427 5076 537 5124 tota
572 5068 658 5124 die
684 5066 959 5130 laborans,
984 5072 1039 5119 et
1089 5077 1252 5119 orans
1279 5077 1374 5120 ore
1395 5062 1479 5118 vel
1525 5061 1687 5118 corde
1714 5102 1730 5130 ,

118 5160 296 5216 facio
333 5159 452 5230 plus
502 5167 595 5215 aut
636 5159 816 5213 minus
861 5169 957 5211 sex
988 5168 1257 5219 nummos,
1284 5163 1339 5209 et
1368 5153 1502 5209 duos
1531 5169 1600 5209 ex
1646 5152 1733 5210 his

121 5252 296 5308 dono
316 5251 644 5323 pauperibus
659 5251 805 5305 foras
820 5250 886 5304 ad
907 5249 1126 5313 ostium,
1144 5253 1198 5302 et
1218 5247 1464 5302 residuos
1487 5247 1732 5317 expende

119 5348 198 5404 in
241 5360 377 5400 usus
398 5361 546 5402 meos
571 5351 625 5400 et
654 5343 1039 5415 discipulorum
1071 5356 1334 5398 meorum.
1369 5340 1461 5396 Ille
1479 5355 1610 5396 vero
1641 5340 1735 5411 qui

120 5443 366 5516 accepit
403 5443 524 5500 illos
549 5443 685 5498 duos
705 5442 956 5498 denarios
984 5447 1104 5496 orat
1130 5454 1228 5510 pro
1251 5453 1336 5492 me
1369 5444 1609 5506 tempore
1630 5450 1738 5505 quo

118 5553 249 5608 ego
303 5535 568 5590 manduco
619 5533 704 5590 vel
747 5533 987 5596 dormio,
1039 5540 1200 5601 atque
1240 5530 1315 5584 ila
1373 5544 1471 5600 per
1511 5527 1739 5597 gratiam

117 5629 244 5686 Dei
282 5621 538 5698 implett'tr
573 5626 631 5679 in
654 5641 740 5680 me
761 5626 866 5680 hoc
893 5622 1033 5693 quod
1061 5621 1324 5690 scriptum
1347 5626 1431 5674 est
1460 5636 1472 5671 :
1505 5617 1631 5672 Sine
1661 5617 1742 5670 in-

1836 4699 2099 4768 quosdam
2123 4693 2408 4763 Ethiopes
2435 4693 2748 4748 discurrere
2768 4691 2876 4746 huc
2897 4696 3059 4760 atque
3082 4688 3210 4744 illuc
3247 4695 3304 4743 et
3329 4701 3427 4744 ve-

1835 4791 1916 4846 lut
1943 4788 2222 4846 volitando
2245 4785 2464 4844 deferri.
2483 4786 2862 4840 Discurrentes
2885 4799 3016 4856 ergo
3039 4783 3116 4839 illi
3139 4782 3431 4853 Aithiopos

1835 4881 2047 4952 pueruli
2076 4878 2300 4951 singulis
2331 4877 2635 4948 quibusque
2661 4876 2971 4932 sedentibus
2992 4873 3301 4930 alludehant
3325 4891 3338 4924 :
3371 4880 3430 4928 et

1836 4972 1881 5028 si
1912 4971 1997 5026 cui
2027 4969 2235 5026 duobus
2262 4968 2500 5041 digitulis
2528 4967 2715 5024 oculos
2735 4965 3210 5038 compressissent,
3235 4962 3421 5019 statim

1833 5063 2182 5119 dormitabat.
2227 5060 2284 5116 Si
2327 5060 2414 5115 cui
2456 5074 2590 5115 vero
2627 5059 2682 5113 in
2719 5073 2784 5115 os
2832 5058 3108 5113 misissent
3159 5053 3424 5125 digitum,

1836 5155 2072 5209 oscitare
2096 5167 2218 5206 eum
2243 5150 2532 5207 faciebant.
2565 5147 2670 5207 Ubi
2714 5163 2848 5205 vero
2881 5155 3004 5218 post
3037 5145 3306 5217 psalmum
3357 5145 3427 5200 ad

1819 5246 2102 5301 orandum
2117 5243 2475 5314 proiecissent
2495 5258 2556 5298 se
2583 5240 2798 5305 fratres,
2814 5240 3205 5310 percurrebant
3231 5237 3429 5293 nihilo-

1820 5337 2020 5392 minus
2049 5335 2311 5408 singulos,
2357 5344 2413 5391 et
2441 5343 2567 5390 ante
2597 5335 2760 5389 alium
2783 5333 3054 5404 jacentem
3087 5330 3144 5384 in
3182 5329 3431 5384 oratione

1842 5430 1996 5500 quasi
2020 5430 2072 5483 in
2097 5428 2387 5483 mulierum
2415 5429 2652 5498 Speciem
2682 5424 3070 5487 vertebantur;
3109 5428 3236 5474 ante
3263 5417 3428 5474 alium

1842 5530 2024 5575 autem
2054 5520 2208 5590 quasi
2235 5519 2587 5581 aediﬁcantes,
2625 5521 2716 5569 aut
2746 5514 2949 5582 aliquid
2978 5518 3257 5584 portantes
3286 5551 3300 5575 ,
3366 5523 3434 5563 ac

1845 5613 2056 5667 diversa
2084 5625 2311 5681 qumque
2346 5615 2568 5680 agentes
2596 5607 2960 5676 apparebant;
3009 5613 3066 5659 et
3087 5613 3433 5672 quaecunque

121 5721 485 5778 termissione
530 5727 672 5771 orate
730 5716 905 5788 (Rom.
952 5732 989 5781 ι,
1022 5716 1098 5785 9).
1135 5714 1470 5782 Quapropter
1531 5715 1748 5778 oportet
1847 5707 2118 5762 daemones
2144 5707 2297 5775 quasi
2327 5703 2561 5758 ludendo
2589 5701 2934 5763 formassent,
2964 5701 3078 5754 haec
3098 5697 3171 5752 illi
3205 5705 3431 5750 orantes

127 5801 288 5876 nus,
316 5810 459 5865 sicut
494 5808 810 5880 prtedictum
832 5816 932 5874 est,
962 5823 1056 5862 ore
1076 5806 1163 5860 vel
1191 5805 1353 5860 corde
1375 5802 1748 5858 indesinenter
1847 5801 1904 5857 in
1933 5801 2113 5857 cordis
2139 5799 2222 5855 sui
2251 5797 2577 5867 cogitatione
2613 5795 2924 5850 versabant.
2977 5793 3024 5849 Α
3052 5790 3326 5848 nonnullis
3351 5797 3434 5842 ωε
