3972 6328
130 399 226 458 625

750 400 971 457 CODEX
1017 397 1473 458 REGULARUM.
1512 427 1581 441 —
1615 397 1796 454 PARS
1832 397 1896 454 ll.
1940 391 2245 454 REGULIE
2287 396 2390 456 PP.
2436 398 2712 455 ORIENT.

3251 403 3354 462 696

124 516 189 570 sit
206 515 484 582 unicuique
506 513 832 567 conscientia
854 527 972 578 sua,
995 513 1118 582 quia
1142 512 1330 576 Deum,
1354 526 1514 582 quem
1536 509 1681 565 nulla
1709 517 1762 576 Α
1786 523 1895 574 me,
1918 517 1972 562 et
1998 509 2295 564 retribuam
2317 508 2412 563 tibi
2442 509 2745 565 mercedem
2772 520 2938 565 tuam.
2963 511 3064 590 Qui
3091 529 3214 569 eum
3245 526 3367 584 post

124 604 300 658 fallunt
327 601 566 667 occulta,
611 603 967 672 inspectorem
999 604 1176 658 cordis
1214 604 1298 658 sui
1352 603 1499 658 omni
1550 602 1682 657 hora

121 695 346 751 habebit.
377 694 601 765 Oportet
641 703 901 766 prmterea
948 711 1048 752 nos
1107 710 1266 752 orare
1318 696 1686 752 indesinenter

120 803 213 859 pro
239 787 434 842 nostris
461 786 919 852 benefactoribus,
944 796 1001 842 et
1040 802 1139 858 pro
1163 788 1416 844 omnibus
1446 788 1683 842 homini-

119 881 234 943 bus,
257 894 351 948 pro
379 878 598 946 regibus
621 885 676 932 et
702 879 951 933 omnibus
976 880 1064 948 qui
1113 880 1164 933 in
1207 879 1537 934 sublimitate
1561 887 1687 934 sunt

121 969 408 1034 constituti,
435 979 497 1023 ut
539 969 779 1038 quietam
822 981 879 1025 et
907 970 1250 1041 tranquillam
1288 971 1455 1025 vitam
1487 970 1689 1026 habere

123 1064 404 1134 possimus.
439 1059 728 1118 Sciendum
773 1077 904 1117 vero
948 1072 1031 1118 est
1060 1063 1186 1132 quia
1211 1071 1416 1132 quanto
1458 1063 1689 1133 quisque

127 1156 290 1226 magis
309 1154 555 1209 assiduus
599 1151 759 1208 fuerit
788 1153 839 1207 in
869 1153 1142 1218 oratione,
1198 1162 1344 1208 tanto
1390 1151 1688 1209 feliciorem

120 1247 604 1303 remunerationem
651 1253 965 1316 recepturus
1009 1255 1092 1300 est
1133 1245 1187 1300 in
1219 1252 1422 1300 :eterna
1459 1244 1691 1300 beatitu-

121 1339 258 1394 dine.
286 1337 596 1393 Lumiuaria
641 1351 771 1396 vero
805 1354 928 1393 cum
971 1337 1120 1392 omni
1156 1337 1433 1406 diligentia
1478 1338 1593 1392 sive
1621 1335 1690 1394 de

119 1428 344 1500 propriis
389 1427 666 1484 laboribus
706 1444 798 1484 seu
831 1429 894 1484 de
950 1429 1187 1484 ﬁdelium
1231 1429 1593 1484 oblationibus
1633 1428 1688 1484 in

119 1522 227 1576 suis
251 1519 504 1577 oratoriis
532 1520 706 1576 noctis
737 1529 982 1590 tempore
1019 1519 1339 1592 provideant
1364 1519 1614 1576 solitarii.

645 1628 872 1686 CAPUT
911 1629 1149 1685 XXXVI.

118 1722 178 1777 Si
201 1721 426 1794 quotidie
451 1738 638 1794 corpus
669 1721 882 1802 Domini
910 1720 1123 1791 quilibet
1163 1720 1352 1774 audeat
1383 1737 1585 1774 sumere
1614 1719 1690 1775 rel

668 1801 881 1844 missam
911 1801 1145 1845 cantare.

1785 615 1957 656 annos
1983 610 2188 670 septem
2217 603 2332 672 ipso
2359 601 2604 657 natalitio
2633 603 2998 673 apostolorum
3047 606 3134 661 die
3182 610 3369 666 missa-

1784 708 1905 748 rum
1948 693 2206 748 solemnia
2267 695 2580 765 peregisset,
2611 705 2666 749 et
2713 698 2968 766 mysteria
3019 714 3186 754 saerze
3218 717 3368 756 com-

1785 784 2058 839 munionis
2091 785 2416 854 accepisset,
2475 801 2504 838 e
2558 800 2784 856 corpore
2815 787 3001 842 exivit.
3059 789 3175 856 Qua
3224 790 3276 844 in
3309 805 3368 846 re

1786 875 2117 945 pensandum
2148 882 2232 929 est
2260 884 2520 944 quantum
2546 875 2854 944 praesidium
2901 877 2974 932 sit
3007 877 3248 947 qumidie
3285 895 3370 934 sa-

1787 965 2058 1020 crosancti
2107 965 2352 1028 corporis
2397 972 2451 1019 et
2475 965 2754 1036 sanguinis
2783 966 2998 1022 Domini
3041 969 3210 1023 nostri
3240 967 3369 1024 Jesu

1787 1055 1988 1112 Christi
2045 1056 2252 1111 hostias
2303 1056 2613 1122 immolare;
2665 1065 2720 1111 et
2767 1067 3014 1128 patenter
3069 1061 3374 1115 ostenditur

1789 1162 1951 1218 quam
1972 1147 2188 1202 salubre
2206 1155 2292 1202 est
2311 1148 2452 1202 vesci
2483 1156 2634 1202 tanto
2658 1149 3037 1206 medicamine.
3071 1150 3224 1207 Unde
3252 1151 3370 1222 qui-

1790 1238 1915 1294 dam
1943 1239 2282 1295 venerandus
2304 1247 2460 1310 poeta
2487 1241 2624 1296 dixit
2650 1283 2662 1295 .

1858 1349 2085 1418 Magnum
2113 1351 2388 1418 praesidium
2411 1359 2642 1418 estsscro
2661 1354 2895 1418 libamine
2921 1358 3050 1418 psset

1916 1415 1969 1463 Si
1995 1427 2078 1462 cor
2099 1416 2352 1476 participia
2369 1416 2568 1463 cr.mina
2597 1416 2726 1465 nulla
2755 1415 3001 1479 premunt.

1790 1517 1930 1574 Hinc
1964 1519 2126 1573 etiam
2149 1519 2397 1590 egregius
2435 1519 2623 1575 doctor
2662 1519 2996 1593 Augustinus
3023 1523 3200 1579 dixit:
3235 1525 3376 1580 Nihil

1791 1611 1872 1664 sic
1911 1609 2070 1664 debet
2110 1608 2401 1664 formidare
2462 1610 2803 1668 Christianus
2839 1630 3001 1684 quam
3047 1618 3285 1685 separari
3341 1634 3373 1671 a

1791 1714 2019 1770 corpore
2040 1700 2261 1755 Christi.
2297 1699 2354 1755 Si
2393 1701 2536 1756 enim
2565 1712 2851 1772 separatur
2877 1721 2907 1758 a
2933 1721 3130 1775 copore
3148 1705 3374 1771 Christi,

1794 1807 1901 1846 non
1940 1801 2023 1846 est
2047 1792 2345 1846 membrum
2371 1792 2516 1862 ejus;
2555 1794 2600 1847 si
2644 1811 2749 1849 non
2797 1805 2883 1851 est
2911 1797 3213 1851 membrum
3236 1797 3376 1866 ejus,

187 1885 296 1940 Non
328 1901 445 1941 mea
470 1885 652 1955 itaque
684 1884 970 1953 opinione,
1013 1882 1107 1936 sed
1137 1889 1442 1937 sanctorum
1469 1881 1689 1936 Patrum
1718 1880 1765 1939 B
1794 1902 1899 1940 non
1940 1895 2219 1957 vegetatur
2256 1887 2476 1955 spiritus
2527 1886 2661 1956 ejus.
2723 1887 2875 1943 Unde
2922 1889 2996 1944 ait
3044 1889 3334 1959 Apostolus
3362 1931 3374 1942 .

115 1977 408 2033 assertione
432 1980 547 2034 haec
578 1985 807 2047 utraque
858 1991 982 2030 reor
1029 1975 1143 2029 ﬁeri
1193 1990 1368 2046 posse,
1395 1975 1446 2029 id
1476 1982 1591 2039 est,
1641 1982 1696 2030 et

114 2070 302 2126 missas
329 2070 567 2140 quotidie
595 2069 894 2134 celebrare,
918 2076 975 2123 et
1003 2078 1345 2123 sacrosancta
1368 2069 1610 2137 corporis
1641 2075 1696 2122 et

113 2163 386 2234 sanguinis
413 2161 628 2217 Domini
654 2160 910 2232 mysteria
942 2160 1184 2230 quotidie
1212 2175 1331 2214 cum
1360 2168 1594 2214 tremore
1640 2167 1695 2214 et

110 2255 306 2308 timore
333 2267 582 2317 sumere;
614 2251 683 2306 ab
724 2251 809 2306 his
853 2260 1056 2316 tamen,
1083 2251 1173 2320 qui
1215 2251 1397 2305 mundi
1449 2259 1576 2305 sunt
1626 2250 1694 2304 ab

103 2345 259 2398 omni
291 2343 699 2413 inquinamento
727 2342 910 2397 carnis
929 2358 992 2397 ac
1013 2341 1270 2412 spiritus,
1321 2350 1376 2396 et
1424 2343 1528 2396 hoc
1571 2357 1694 2397 cum

103 2439 257 2486 metu
289 2447 484 2501 magno
508 2441 561 2486 et
606 2445 806 2500 pavore
831 2425 850 2484 εὶ
875 2431 1002 2501 quia
1041 2431 1134 2500 qui
1168 2441 1376 2485 tantum
1425 2432 1695 2501 hospitem

108 2524 261 2596 cupit
287 2523 434 2578 intra
464 2539 524 2578 se
557 2524 854 2593 suscipere,
877 2531 1062 2577 castus
1089 2523 1250 2577 debet
1284 2539 1404 2578 esse
1456 2539 1564 2578 non
1607 2538 1695 2578 so-

109 2613 223 2669 lum
248 2615 299 2669 in
330 2627 580 2686 corpore,
610 2612 705 2669 sed
733 2623 786 2668 et
834 2615 1066 2669 mundus
1098 2614 1152 2668 in
1182 2616 1360 2669 corde.
1411 2613 1548 2670 Nam
1595 2614 1698 2670 fuit

112 2705 328 2776 quidam
353 2703 678 2759 venerabilis
711 2702 874 2759 Pater
921 2704 1140 2760 nomine
1185 2704 1502 2775 Apollonius
1529 2747 1544 2771 ,
1600 2705 1693 2776 qui

109 2796 218 2852 hoc
242 2796 488 2851 monebat
535 2794 868 2861 fratres,ut,
923 2797 968 2851 si
1001 2796 1120 2851 ﬁeri
1167 2806 1398 2866 posset,
1455 2797 1697 2868 quotidie

111 2886 572 2943 communicarent
613 2888 884 2958 mysteriis
907 2885 1133 2954 Christi,
1160 2904 1227 2942 ne
1248 2889 1407 2954 forte,
1432 2889 1522 2958 qui
1554 2903 1612 2942 se
1629 2887 1699 2942 ab

111 2980 202 3034 his
239 2979 393 3052 longe
414 2979 564 3046 facit,
591 2980 750 3051 longe
776 2981 870 3036 ﬁat
897 2998 926 3036 a
959 2983 1088 3036 Deo.
1123 2982 1224 3050 Qui
1268 2992 1471 3047 autem,
1503 2983 1696 3053 inquit,

109 3067 448 3140 frequentius
507 3072 610 3126 hoc
657 3071 914 3141 suscipit,
968 3071 1304 3142 frequentius
1358 3074 1532 3142 ipsum
1582 3073 1700 3128 sine

110 3157 277 3215 dubio
314 3159 654 3217 Salvatorem
678 3162 934 3232 suscipit;
975 3164 1099 3232 quia
1134 3164 1278 3219 idem
1307 3163 1420 3234 ipse
1441 3165 1517 3218 ait
1545 3183 1558 3218 :
1593 3163 1698 3231 Qui

1798 1977 2045 2049 Quisquis
2075 1980 2316 2049 spiritum
2345 1978 2540 2032 Christi
2588 1996 2691 2033 non
2727 1980 2899 2046 habet,
2918 1981 3002 2034 hic
3030 1998 3130 2034 non
3161 1992 3232 2035 est
3262 1981 3380 2051 ejus

1798 2067 1976 2141 (Rom.
2004 2085 2120 2132 vm,
2160 2069 2238 2139 9).

1867 2160 2212 2231 Quapmpter
2251 2161 2412 2216 faciat
2468 2164 2840 2234 unusquisque
2893 2164 3036 2234 quod
3088 2166 3383 2221 secundum

1796 2251 1957 2307 ﬁdem
1983 2268 2134 2306 suam
2175 2253 2260 2321 pie
2292 2253 2465 2308 credit
2495 2267 2616 2308 esse
2666 2253 2991 2309 faciendum.
3022 2253 3206 2325 Neque
3235 2257 3382 2311 enim

1796 2342 1938 2396 inter
1961 2358 2020 2397 se
2068 2342 2432 2412 litigaverunt,
2465 2354 2558 2398 aut
2584 2346 2870 2414 quisquam
2915 2361 3100 2400 eorum
3155 2347 3384 2402 altermn

1797 2432 1952 2487 alteri
2003 2448 2061 2487 se
2114 2435 2386 2503 praetulit,
2437 2434 2694 2490 Zaclueus
2743 2438 2948 2492 scilicet
2999 2448 3052 2492 et
3105 2441 3383 2505 centurio;

1797 2539 1920 2578 cum
1948 2523 2083 2578 alter
2105 2540 2291 2579 eorum
2323 2525 2562 2595 gaudens
2596 2528 2894 2598 susceperit
2919 2528 3226 2594 Dominum,
3250 2530 3388 2584 alter

1797 2629 1929 2669 vero
1968 2615 2205 2669 dixerit:
2240 2614 2364 2669 Non
2412 2632 2526 2669 sum
2558 2617 2778 2686 dignus,
2827 2617 3085 2684 Domine,
3133 2628 3190 2673 ut
3225 2620 3387 2674 intres

1797 2705 1893 2760 sub
1923 2715 2112 2761 tectum
2147 2722 2319 2760 meum
2365 2707 2518 2776 (Luc.
2558 2725 2632 2763 vn
2657 2750 2670 2774 ,
2698 2709 2774 2781 6).
2817 2709 2991 2766 Ambo
3044 2711 3386 2768 Salvatorem

1798 2798 2220 2854 honoriﬁeantes
2275 2799 2488 2855 diverso
2541 2809 2596 2855 et
2653 2801 2809 2871 quasi
2864 2803 3141 2858 contrario
3194 2806 3384 2870 modo;

1799 2889 1958 2943 ambo
1987 2889 2222 2958 peccatis
2254 2890 2474 2956 miseri,
2520 2893 2678 2946 ambo
2720 2893 3146 2949 misericordiam
3199 2910 3389 2951 conse-

1799 2979 1930 3033 cuti.
1963 2978 2051 3033 Sic
2075 2988 2127 3033 et
2154 2991 2550 3036 sacramentum
2599 2981 2862 3038 Dominiei
2890 2986 3133 3054 corporis
3160 2993 3215 3041 et
3259 3001 3386 3040 san-

1800 3067 1976 3138 guinis
2001 3083 2140 3122 unus
2170 3069 2484 3124 honorando
2525 3085 2630 3125 non
2679 3072 2841 3126 audet
2875 3073 3112 3141 quotidie
3150 3089 3385 3143 sumere,

1801 3157 1942 3212 alter
1962 3157 2212 3213 similiter
2235 3159 2550 3215 honorando
2576 3175 2680 3215 non
2710 3161 2872 3218 audet
2908 3162 3017 3218 ullo
3049 3163 3136 3221 die
3160 3175 3386 3236 prater‘

106 3249 396 3304 manducat
421 3266 590 3304 meam
614 3267 842 3316 carnem,
869 3261 916 3305 et
945 3251 1070 3306 bibit
1093 3270 1263 3308 meum
1285 3255 1617 3325 sanguinem,
1641 3256 1697 3309 in
1724 3237 1770 3302 (ἶ
1802 3249 2036 3306 mittere.

109 3357 196 3396 me
222 3351 414 3409 manet,
441 3350 490 3396 et
532 3358 624 3413 ego
647 3341 701 3396 in
739 3359 801 3396 eo
827 3339 1008 3414 (Joan.
1034 3357 1125 3410 vr,
1175 3343 1285 3417 55).
1329 3342 1437 3400 Sed
1482 3354 1538 3400 et
1580 3345 1699 3415 ipsa

107 3437 554 3494 commemoratio
581 3437 875 3493 Dominicae
903 3437 1176 3508 passionis
1207 3453 1333 3493 cum
1369 3439 1586 3494 assidue
1629 3439 1703 3494 sit

106 3543 142 3583 a
188 3529 362 3584 servis
385 3528 483 3585 Dei
513 3527 804 3594 celebrata,
833 3529 1070 3600 primum
1094 3544 1189 3600 per
1220 3531 1324 3586 hoc
1350 3531 1702 3586 commonitio

105 3619 299 3684 datur,
326 3626 385 3674 ut
410 3620 619 3676 studeat
673 3621 1050 3691 unusquisque
1076 3620 1150 3675 ita
1183 3630 1405 3692 paratus
1433 3623 1664 3677 inveniri
1684 3663 1700 3690 ,

101 3729 187 3772 ne
220 3713 470 3784 indignus
495 3712 785 3768 Dominicis
831 3712 1104 3785 mysteriis
1159 3712 1443 3768 habeatur.
1476 3712 1554 3769 De
1601 3714 1704 3770 hac

104 3805 352 3875 denique
406 3819 465 3860 re
495 3805 684 3861 beatus
721 3803 1016 3874 Gregorius
1060 3804 1117 3858 in
1165 3804 1304 3860 libro
1358 3804 1702 3877 Dialogorum

102 3899 232 3954 ait:
267 3897 535 3954 Debemus
583 3898 767 3967 itaque
805 3911 1047 3968 praesens
1091 3896 1344 3952 saeculum
1373 3906 1483 3953 tota
1525 3907 1705 3954 mente

102 3999 483 4054 contemnere,
513 3990 832 4062 quotidiana
862 3990 973 4044 Deo
1017 3989 1383 4060 laerymarum
1436 3989 1703 4045 sacriﬁcia

103 4081 335 4148 olferre,
364 4081 705 4153 quotidianas
739 4080 920 4136 carnis
947 4088 1002 4135 et
1045 4081 1326 4152 sanguinis
1351 4081 1469 4153 ejus
1495 4082 1706 4138 hostias

101 4171 420 4229 immolare.
481 4171 609 4227 Haec
666 4183 898 4241 namque
954 4171 1301 4241 singulariter
1353 4173 1571 4228 victima
1634 4173 1704 4228 ab

101 4274 324 4320 aeterno
352 4263 569 4318 interitu
612 4264 848 4317 animam
896 4261 1087 4317 salvat.
1119 4262 1225 4317 Sed
1279 4277 1502 4319 necesse
1529 4273 1613 4320 est
1645 4273 1705 4320 ut

103 4366 243 4407 cum
272 4352 386 4406 haec
417 4353 626 4424 agimus
651 4352 1012 4422 nosmetipsos
1053 4352 1107 4405 in
1159 4354 1339 4408 cordis
1374 4354 1702 4410 contritione

101 4452 439 4499 mactemus.
469 4443 536 4497 Et
556 4442 785 4497 ﬁdenter
806 4443 944 4507 dico,
975 4443 1102 4512 quia
1126 4443 1348 4498 salutari
1386 4445 1562 4500 hostia
1584 4453 1708 4516 post

98 4542 352 4588 mortem
377 4547 483 4588 non
513 4533 888 4623 indigebimus,
913 4533 958 4587 si
979 4541 1107 4588 ante
1133 4544 1362 4588 mortem
1391 4533 1502 4590 Deo
1527 4537 1705 4591 hostia

2325 3343 2551 3402 CAPUT
2591 3345 2851 3403 XXXVII.

1804 3431 1862 3487 Si
1887 3443 2002 3504 post
2029 3433 2364 3507 illusionem,
2417 3453 2533 3507 qua:
2561 3453 2654 3507 per
2680 3438 2940 3492 somnium
2968 3437 3098 3493 solet
3127 3438 3385 3504 accidere,

2013 3505 2196 3559 debeat
2231 3506 2347 3577 quis
2382 3505 2596 3561 missam
2633 3507 2891 3562 celebrare
2915 3525 2985 3562 an
3023 3509 3176 3562 non?

1875 3613 2032 3679 Nam,
2060 3623 2121 3668 ut
2155 3615 2232 3670 ait
2259 3616 2449 3672 beatus
2475 3617 2768 3689 Gregorius
2793 3660 2808 3684 ,
2853 3620 2908 3673 in
2953 3620 3067 3690 ipsa
3106 3618 3387 3689 illusione,

1804 3721 1926 3776 quae
1951 3720 2050 3776 per
2069 3709 2336 3762 somnium
2358 3708 2497 3764 solet
2520 3710 2786 3776 accidere,
2806 3711 3110 3767 necessaria
3131 3722 3216 3768 est
3234 3713 3389 3770 valde

1803 3795 2082 3863 discretio,
2113 3814 2233 3868 qua:
2255 3799 2528 3855 subtiliter
2563 3815 2795 3871 pensare
2843 3803 3038 3858 debeat
3087 3818 3156 3859 ex
3187 3819 3292 3874 qua
3327 3821 3388 3862 re

1804 3890 2015 3945 accidat
2044 3891 2210 3944 menti
2242 3892 2582 3948 dormientis.
2635 3892 2940 3963 Aliquando
2979 3895 3122 3950 enim
3156 3910 3223 3950 ex
3270 3912 3391 3952 cra-

1803 3982 1949 4053 pula,
1980 3983 2266 4052 aliquando
2289 3999 2358 4038 ex
2394 3992 2600 4039 naturze
2638 3984 3009 4054 superﬂuitate
3037 3985 3121 4042 vel
3166 3985 3391 4042 inﬁrmi-

1808 4081 1939 4138 tate,
1968 4072 2256 4144 aliquando
2284 4074 2549 4145 contingit
2576 4089 2642 4128 ex
2685 4075 3030 4145 cogitatione.
3064 4077 3132 4132 Et
3169 4077 3387 4147 quidem

1804 4181 1928 4222 cum
1975 4184 2041 4222 ex
2078 4176 2283 4222 naturae
2321 4165 2688 4237 superﬂuitate
2721 4169 2807 4224 ve'l
2847 4169 3162 4226 inﬁrmitate
3192 4184 3388 4225 evene-

1804 4263 1898 4329 rit,
1925 4262 2233 4317 omnimodo
2261 4263 2377 4318 htec
2397 4263 2578 4318 illusio
2605 4279 2711 4318 non
2741 4272 2820 4320 est
2847 4265 3106 4319 timenda.
3139 4265 3291 4319 Unde
3313 4264 3390 4318 ait

1807 4355 2101 4424 Propheta:
2149 4354 2414 4420 Quoniam
2467 4354 2725 4410 Dominus
2793 4357 3028 4424 cognovit
3083 4356 3389 4426 ﬁgmentum

1807 4458 2040 4502 nostrum
2066 4444 2240 4519 (Psal.
2271 4461 2366 4511 cn,
2400 4446 2508 4515 M).
2553 4447 2658 4501 Sed
2704 4447 2920 4515 quando
2955 4446 3057 4500 hoc
3090 4446 3388 4513 acciderit,

1808 4535 1950 4591 lotus
1981 4536 2352 4590 tantummodo
2380 4551 2540 4604 aqua,
2577 4535 2714 4589 valet
2749 4551 2807 4589 se
2841 4535 3049 4590 sociare
3077 4536 3274 4590 divinis
3299 4553 3388 4590 sa-

107 4625 230 4695 ipsi
264 4622 542 4679 fuerimus.
566 4607 902 4708 Quapropter
917 4623 1116 4678 bonum
1136 4635 1219 4678 est
1237 4625 1453 4694 utquod
1479 4628 1707 4698 quisque
1731 4607 1786 4668 D
1810 4627 2123 4682 cramentis.
2149 4624 2286 4680 Cum
2312 4638 2442 4679 vero
2466 4625 2736 4694 appetitus
2763 4624 2899 4694 gulze
2928 4624 3067 4678 ultra
3095 4623 3310 4679 modum
3335 4626 3390 4680 in

94 4723 244 4786 post
274 4723 503 4770 mortem
529 4729 683 4769 suam
710 4722 896 4784 sperat
927 4730 1029 4786 pro
1070 4730 1130 4771 se
1157 4716 1246 4786 agi
1273 4732 1371 4787 per
1405 4718 1559 4784 alios,
1586 4728 1711 4790 agat

95 4809 238 4877 ipse
268 4807 393 4860 dum
415 4806 553 4860 vivit
595 4821 692 4876 per
716 4821 795 4862 se.
832 4805 1053 4862 Beatius
1107 4809 1305 4879 quippe
1347 4818 1431 4864 est
1480 4809 1709 4866 liberum

93 4899 276 4955 exire
303 4899 370 4955 de
396 4914 636 4964 carcere,
660 4913 822 4969 quam
850 4907 971 4968 post
993 4899 1205 4954 vincula
1234 4900 1538 4958 libertatem
1565 4918 1712 4973 qua:-

92 5004 265 5047 rere.
299 4986 436 5046 Hinc
459 4989 656 5045 iterum
687 4988 829 5044 idem
856 5003 993 5059 papa
1017 4989 1071 5043 in
1099 4990 1288 5045 eodem
1317 4991 1453 5048 libro
1474 4995 1714 5050 adnectit

93 5081 313 5138 dicens
341 5099 354 5135 :
382 5079 517 5135 Nam
545 5081 629 5136 vir
655 5081 780 5135 vita:
801 5079 1124 5135 venerabilis
1148 5081 1368 5137 Cassius
1399 5082 1714 5142 Narniensis

89 5173 412 5245 episcopus
451 5173 572 5240 fuit,
595 5172 688 5244 qui
722 5171 1098 5243 quotidianum
1127 5174 1453 5231 sacriﬁcium
1499 5177 1609 5234 Deo
1631 5177 1715 5234 of‘

89 5267 274 5321 ferre
308 5269 686 5327 consueverat,
716 5261 790 5316 ita
821 5269 881 5315 ut
920 5277 1059 5332 pene
1088 5263 1268 5318 nullus
1298 5265 1414 5320 dies
1447 5267 1570 5323 vita:
1596 5268 1714 5338 ejus

87 5355 448 5411 abscederet
473 5353 604 5425 quin
644 5351 1000 5422 omnipotenti
1037 5353 1147 5408 Deo
1189 5354 1422 5410 hostiam
1453 5355 1714 5426 placatio-

83 5452 204 5511 nis
253 5448 578 5505 immolaret.
606 5446 744 5500 Dum
785 5453 964 5500 autem
1002 5461 1121 5502 sese
1169 5462 1290 5502 cum
1320 5448 1574 5520 lacrymis
1596 5466 1712 5506 ma-

81 5554 323 5612 ctaret,
356 5542 668 5601 mandatum
698 5539 910 5596 Domini
938 5557 1036 5612 per
1067 5540 1348 5610 cujusdam
1377 5543 1460 5598 sui
1487 5543 1712 5614 presby-

83 5638 216 5696 teri
282 5635 544 5691 visionem
593 5631 862 5699 suscepit,
917 5633 1150 5687 dicens:
1192 5632 1306 5704 Age
1361 5633 1506 5704 quod
1559 5634 1708 5703 agis,

80 5745 358 5803 operare
384 5727 526 5800 quod
547 5719 791 5794 operaris
817 5764 832 5789 ,
898 5740 1007 5779 non
1046 5734 1222 5781 cesset
1258 5741 1355 5796 pes
1393 5734 1516 5780 tuus
1538 5766 1554 5793 ,
1603 5743 1709 5782 non

79 5829 305 5883 cesset
333 5833 529 5877 manus
571 5825 682 5874 tua.
716 5812 971 5875 Natalitio
1003 5818 1372 5889 apostolorum
1410 5819 1593 5875 venies
1639 5818 1710 5878 ad

1806 4717 2082 4774 sumendis
2125 4715 2397 4771 alimentis
2452 4714 2694 4785 rapitur,
2755 4723 2918 4784 atque
2955 4715 3076 4770 ideo
3104 4717 3390 4771 lmmorum

1807 4809 2148 4880 receptacula
2179 4815 2494 4880 gravantur,
2525 4808 2687 4864 habet
2721 4808 2917 4864 exinde
2955 4810 3167 4864 animus
3196 4825 3389 4879 quem-

1808 4904 1932 4958 dam
1963 4911 2210 4968 reatum,
2257 4917 2364 4956 non
2411 4911 2591 4955 tamen
2635 4915 2809 4972 usque
2856 4902 2924 4956 ad
2971 4901 3391 4972 prohibitionem

1807 4998 2141 5068 percipiendi
2165 5005 2506 5052 sacramenta
2540 4997 2622 5051 vel
2651 4998 2937 5053 missarum
2965 4998 3224 5053 solemnia
3251 4998 3392 5053 cele-

1810 5089 2024 5153 brandi,
2059 5104 2182 5142 cum
2229 5087 2458 5143 fortasse
2486 5095 2580 5142 aut
2621 5087 2790 5144 festus
2816 5087 2932 5143 dies
2960 5088 3150 5158 exigit,
3181 5095 3272 5142 aut
3295 5103 3392 5143 ex-

1809 5178 1986 5234 hiberi
2014 5178 2394 5236 ministerium.
2431 5195 2528 5250 pro
2556 5195 2620 5234 eo
2663 5179 2809 5250 quod
2857 5178 3124 5234 Sacerdos
3163 5178 3301 5234 alius
3335 5179 3389 5234 in

1808 5269 1929 5326 loco
1963 5269 2132 5333 deest,
2171 5269 2286 5338 ipsa
2333 5271 2631 5326 necessitas
2675 5269 2951 5340 compulit,
2985 5268 3069 5324 vel
3124 5283 3277 5323 amor
3304 5283 3392 5324 sa-

1809 5359 2086 5416 criﬁcandi
2138 5360 2377 5414 animum
2413 5361 2480 5415 ad
2507 5361 2611 5416 hoc
2643 5361 2819 5430 ipsum
2854 5359 3147 5429 compellit.
3176 5359 3309 5414 Nam
3343 5359 3390 5416 si

1811 5451 2009 5505 adsunt
2033 5449 2122 5504 alii
2151 5451 2243 5521 qui
2283 5451 2506 5521 implere
2547 5452 2863 5523 mysterium
2912 5452 3161 5519 valeant,
3211 5453 3392 5510 illusio

1810 5557 1909 5612 per
1933 5541 2210 5611 crapulam
2242 5543 2379 5597 facta
2404 5559 2433 5596 a
2467 5545 2812 5612 perceptione
2839 5544 2981 5598 sacri
3002 5545 3244 5616 mysterii
3266 5559 3392 5614 pro-

1811 5634 2000 5690 hibere
2025 5649 2128 5688 non
2160 5635 2348 5699 debet;
2383 5637 2474 5688 sed
2504 5635 2572 5688 ab
2602 5633 2972 5689 immolatione
3006 5635 3171 5690 divini
3201 5633 3395 5692 Sacra-

1813 5727 1980 5782 menti
2027 5726 2317 5792 abstinere,
2365 5735 2426 5780 ut
2460 5725 2715 5790 arbitror,
2746 5711 3021 5781 humiliter
3048 5727 3224 5792 debet,
3251 5741 3390 5796 quoa

1811 5836 1982 5890 usque
2007 5819 2184 5890 dignis
2211 5819 2424 5879 fletibus
2453 5821 2834 5882 reconciliatus
2853 5830 2909 5877 et
2948 5838 3212 5886 aquarum
3256 5819 3393 5878 emu-
