3972 6328
192 275 291 337 6Ξ9

821 230 1051 336 conss
1088 274 1545 335 manusua.
1583 305 1655 318 —
1686 273 1867 335 rans
1900 275 1965 333 ιι.
2004 273 2312 361 secuta:
2349 274 2456 331 pp.
2497 272 2774 333 omnm.

3262 222 3434 328 .630

192 390 245 445 in
267 388 424 446 bonis
445 388 799 457 instruamur,
824 396 938 445 uta
966 389 1126 447 malis
1149 380 1267 446 Ded
1284 374 1581 459 auxiliante
1602 386 1758 445 illatsi
1782 394 1838 459 Α
1860 390 2133 460 penuriam
2166 389 2295 461 pati.
2321 386 2511 448 Omnia
2534 403 2746 460 possunt
2784 388 2840 442 in
2868 403 2928 442 eo
2946 426 2962 453 ,
2991 388 3083 458 qui
3108 404 3189 442 me
3231 385 3436 456 confor-

190 495 619 553 permaneamus.

325 658 405 737 De
428 664 738 738 quotidiana
770 682 921 737 opere
950 682 1205 720 manuum
1239 662 1631 720 soiitariorum.~

263 756 318 816 Si
354 758 570 830 quando
592 760 738 815 enim
765 759 833 815 ab
859 759 1106 815 oratione
1128 767 1183 815 et
1204 758 1436 813 lectione
1465 771 1761 823 cessemus,

191 864 443 907 manuum
489 851 894 923 operationibus
937 851 1191 906 insistere
1228 849 1517 916 debemus,
1546 855 1766 919 prOpter

190 938 289 996 hoc
318 936 461 1009 quod
490 941 755 1011 scriptum
773 949 858 997 est
884 959 896 993 :
928 938 1180 995 Otiositas
1204 940 1418 993 inimica
1446 948 1520 993 est
1550 937 1760 992 animat.

188 1033 451 1103 Antiquus
473 1032 675 1089 etenim
704 1035 876 1098 hostis
900 1050 1022 1089 eum
1046 1050 1207 1104 quem
1228 1036 1463 1090 otiosum
1499 1031 1766 1087 invenerit

190 1120 342 1178 facile
380 1122 449 1179 ad
490 1120 620 1177 vitia
666 1123 835 1194 rapit;
887 1140 1013 1179 nam
1062 1124 1234 1179 sancti
1263 1123 1454 1179 Patres
1500 1120 1671 1177 nostri
1710 1128 1766 1175 et

192 1211 413 1283 apostoli
441 1213 507 1269 de
534 1213 720 1269 labore
747 1230 1005 1269 manuum
1051 1230 1269 1270 suarum
1300 1212 1570 1268 vivebant.
1611 1210 1767 1267 Unde

189 1300 472 1374 Apostolus
489 1304 1062 1362 Tliessalonicensibus
1084 1305 1345 1374 scribens,
1369 1307 1471 1361 ait:
1492 1304 1604 1377 Ipsi
1625 1305 1764 1360 enim

190 1395 326 1449 scitis
355 1395 795 1467 quemadmodum
844 1408 1043 1470 oportet
1085 1398 1288 1452 imitari
1335 1415 1465 1464 nos;
1513 1398 1764 1470 quoniam

192 1503 291 1540 non
331 1486 546 1557 inquieti
579 1487 773 1556 fuimus
816 1490 952 1544 inter
992 1506 1117 1552 vos;
1159 1505 1320 1561 neque
1362 1504 1549 1560 panem
1600 1488 1764 1559 gratis

191 1576 613 1632 manducavimus
642 1581 706 1634 ab
735 1580 932 1653 aliqua,
964 1580 1054 1634 sed
1082 1581 1137 1635 in
1162 1579 1339 1636 labore
1358 1588 1407 1635 et
1430 1579 1761 1651 fatigatione,

193 1678 334 1723 nocte
364 1678 411 1724 et
438 1669 521 1725 die
556 1684 827 1742 operantes
865 1673 1105 1728 manibus
1132 1672 1354 1739 nostris,
1397 1690 1460 1727 ne
1496 1690 1647 1745 quem
1677 1690 1763 1727 ve-

1864 486 1962 534 tat.
2002 475 2371 534 Verumtamen
2397 494 2486 533 vos
2516 478 2639 533 bene
2666 476 2861 559 fecistis
2879 476 3082 532 mittere
3104 476 3285 532 usibus
3310 479 3439 533 meis

1865 568 2034 644 (Phil.
2072 588 2145 638 1v,
2179 570 2288 643 14).
2313 570 2413 628 Hic
2440 579 2620 627 autem
2660 567 2963 627 ostenditur
2994 564 3440 640 quiaaliquando

1864 660 2165 731 accipiebat
2211 661 2662 717 sustentationem
2705 658 3047 716 necessitatis
3093 670 3123 714 a
3169 658 3437 715 ﬁdelibus.

1864 750 1983 819 Qua
2007 752 2073 806 de
2112 764 2277 807 causa
2311 752 2501 808 beatus
2546 750 2876 825 Augustinus
2920 749 3079 807 nobis
3118 748 3218 825 dat
3263 750 3442 805 consi-
3548 796 3549 805 χ

1860 840 2029 910 lium,
2076 842 2303 899 dicens:
2335 841 2441 912 Qui
2485 857 2614 915 ergo
2660 858 2768 900 non
2813 852 3039 915 possunt
3073 838 3255 899 facere
3299 842 3442 897 sicut

1865 930 2094 998 Paulus,
2127 941 2186 989 ut
2218 937 2467 992 manibus
2493 937 2606 992 suis
2641 951 2700 992 se
2743 936 3074 1007 transigant,
3104 933 3370 1005 accipiant
3407 948 3442 991 a

1864 1028 2063 1098 populo
2091 1025 2235 1083 unde
2262 1036 2567 1084 sustentant
2595 1044 2749 1085 suam
2776 1028 3180 1095 necessitatem,
3205 1027 3300 1083 sed
3331 1040 3442 1082 non

1865 1118 2139 1190 negligant
2171 1133 2358 1176 eorum
2379 1120 2768 1177 inﬁrmitatem.
2806 1116 2864 1177 Si
2902 1122 2956 1176 in
2984 1130 3200 1186 nostra,
3234 1118 3439 1189 inquit,

1867 1211 2028 1266 domo
2070 1211 2159 1266 vel
2198 1212 2455 1268 societate
2502 1228 2643 1284 teges
2673 1222 2758 1269 est
2806 1213 3021 1283 aliquis,
3050 1229 3158 1269 non
3180 1212 3442 1284 prohibeo

1866 1301 2167 1372 religiosos,
2197 1302 2285 1357 vel
2312 1301 2590 1375 religiosas
2625 1302 2841 1359 mittere
2872 1304 2980 1370 illi,
3017 1304 3159 1375 quod
3186 1303 3265 1358 eis
3289 1301 3442 1358 vide-

1867 1401 1977 1459 tur,
2018 1400 2079 1448 ut
2113 1393 2360 1460 mittant;
2403 1408 2577 1463 neque
2617 1394 2739 1450 istis
2765 1394 3056 1467 prohibeo,
3081 1402 3141 1449 ut
3167 1409 3275 1449 non
3304 1391 3444 1449 reci-

1862 1487 2036 1558 piant.
2084 1486 2225 1542 Nam
2255 1496 2313 1545 et
2345 1488 2459 1559 ipse
2500 1486 2780 1554 Dominus,
2814 1488 2905 1543 cui
2950 1487 3126 1559 angeli
3171 1486 3446 1541 ministra—

1866 1588 2081 1647 verant,
2116 1580 2321 1639 loculos
2351 1580 2617 1646 habebat,
2646 1587 2703 1635 et
2738 1595 2773 1634 a
2807 1579 3052 1634 ﬁdelibus
3072 1578 3253 1634 oblata
3276 1577 3448 1635 susci-

1860 1673 2042 1743 piens,
2069 1680 2127 1728 et
2153 1674 2267 1729 suis
2290 1672 2567 1743 discipulis
2590 1678 2649 1729 et
2673 1671 2795 1729 aliis
2832 1670 3196 1743 indigentibus
3213 1709 3230 1737 ,
3257 1682 3447 1725 neces-

192 1767 351 1813 strum
379 1777 737 1831 gravarentus.
769 1763 894 1817 Non
915 1763 1068 1835 quasi
1112 1781 1216 1818 non
1251 1762 1588 1818 habuerimus
1616 1771 1762 1834 pote-
1791 1768 1841 1837 Β
1869 1764 2010 1820 saria
2043 1764 2334 1820 tribuebat.

191 1856 405 1916 atatem,
445 1852 579 1906 sicut
624 1861 673 1907 et
703 1854 913 1921 cwteri,
958 1853 1048 1908 sed
1079 1863 1134 1908 ut
1161 1856 1502 1925 nosmetipsos
1543 1852 1769 1923 formam

191 1937 429 1994 daremus
465 1940 606 2017 nobis
638 1941 708 1996 ad
737 1942 1050 1999 imitandum
1076 1961 1192 1999 nos.
1221 1941 1364 2000 Nam
1394 1958 1513 1997 cum
1537 1960 1767 1998 essemus

190 2030 330 2100 apud
355 2048 476 2098 vos,
502 2032 940 2089 denuntiabamus
959 2076 974 2101 ,
1000 2034 1249 2108 quoniam
1287 2035 1335 2091 si
1373 2035 1490 2107 quis
1531 2052 1633 2090 non
1662 2032 1770 2090 vult

191 2122 425 2190 operari,
470 2140 562 2177 nec
592 2124 871 2180 manducet
913 2123 1001 2201 (II
1045 2124 1227 2181 Thess.
1270 2142 1333 2182 ιιι
1360 2167 1376 2193 ,
1416 2124 1589 2201 7-10).
1635 2125 1771 2183 Cum

191 2212 335 2266 enim
364 2212 469 2268 iste
504 2224 727 2271 sanctus
757 2216 1052 2287 apostolus,
1084 2217 1179 2288 qui
1201 2215 1552 2287 Evangelium
1582 2213 1773 2286 praedi-

191 2302 372 2369 cabat,
404 2303 616 2359 nolebat
641 2320 837 2376 panem
864 2309 1031 2378 gratis
1068 2307 1398 2364 manducare
1421 2348 1436 2374 ,
1477 2309 1573 2363 sed
1609 2307 1663 2362 in
1692 2306 1772 2363 la-

182 2392 322 2448 bore
343 2402 397 2449 et
417 2393 733 2467 fatigatione
757 2400 961 2454 victum
982 2399 1263 2470 quaerebat
1278 2441 1293 2467 ,
1318 2414 1426 2471 quo
1448 2415 1550 2455 nos
1571 2397 1768 2457 ﬁducia

185 2485 381 2541 otiosis
410 2489 660 2544 manibus
688 2491 858 2560 gratis
893 2479 1089 2561 panem
1117 2492 1403 2549 comedere
1425 2491 1765 2560 audebimus,

186 2575 384 2645 quibus
411 2593 520 2633 non
546 2579 720 2635 solum
754 2579 902 2636 nulla
936 2582 1251 2653 praedicatio
1288 2582 1440 2639 verbi
1478 2580 1770 2639 commissa

185 2674 305 2732 est,
335 2667 428 2723 sed
469 2685 539 2725 ne
568 2669 676 2725 ulla
706 2670 957 2742 quidem,
985 2672 1092 2730 nisi
1127 2674 1321 2730 animae
1362 2680 1561 2730 nostrae
1603 2672 1769 2730 solius

185 2770 319 2813 cura
345 2758 665 2815 mandatur?
684 2759 920 2820 Proinde
953 2778 1178 2822 necesse
1207 2774 1293 2822 est
1329 2765 1485 2822 nobis
1521 2764 1772 2822 laborare

186 2849 441 2906 manibus
467 2852 667 2908 nostris
700 2854 847 2924 quod
871 2854 1072 2911 bonum
1092 2864 1198 2924 est,
1229 2864 1291 2912 ut
1310 2856 1608 2912 habeamus
1626 2854 1771 2912 unde

185 2941 465 3007 vivamus,
494 2950 550 2998 et
578 2945 725 3000 unde
762 2944 967 3016 aliquid
1011 2947 1396 3003 necessitatem
1438 2944 1771 3017 patientibus

186 3035 512 3092 tribuamus.
541 3032 694 3093 Unde
724 3047 945 3095 sanctus
960 3038 1229 3096 Cesarius
1259 3039 1428 3096 dixit:
1452 3039 1532 3095 sic
1548 3036 1769 3094 lectioni

1942 1855 2261 1925 Quanquam
2304 1864 2485 1911 autem
2534 1856 2610 1910 ita
2649 1854 2851 1912 dictum
2881 1853 2975 1920 sit,
3004 1858 3216 1923 oportet
3267 1858 3448 1905 tamen

1872 1945 2146 2002 solitarios
2158 1946 2393 2015 propriis
2412 1945 2661 2001 manibus
2681 1945 2947 2000 instanter
2975 1943 3243 2010 laborare,
3263 1941 3451 1997 etiam-

1871 2037 1922 2093 si
1958 2037 2175 2092 aliunde
2201 2035 2493 2092 habuerint
2522 2036 2664 2092 unde
2688 2036 2893 2092 vivant.
2920 2034 3013 2091 Sic
3045 2034 3278 2090 faciebat
3311 2030 3453 2088 Pau-

1871 2128 1958 2185 lus
1989 2130 2199 2200 primus
2222 2136 2277 2184 et
2312 2128 2725 2200 probatissimns
2743 2129 3116 2186 eremitarum.
3148 2124 3283 2181 Cum
3306 2130 3453 2181 esset

1872 2222 1931 2279 in
1960 2238 2146 2278 eremo
2178 2222 2446 2286 vastiore,
2479 2232 2711 2280 seCurus
2745 2228 2867 2279 erat
2906 2221 2974 2278 de
3013 2221 3181 2285 victu,
3222 2217 3349 2290 quia
3386 2215 3454 2272 de

1871 2314 2141 2371 fructibus
2172 2314 2477 2387 palmarum
2495 2353 2513 2381 ,
2555 2322 2611 2369 et
2652 2315 2719 2371 de
2754 2312 2993 2373 oleribus
3034 2312 3328 2369 herbarum
3359 2321 3455 2364 ve—

1872 2406 2133 2462 scebatur
2161 2414 2405 2473 tantum;
2434 2414 2615 2463 tamen
2645 2404 2930 2479 colligebat
2961 2402 3089 2462 folia
3114 2402 3450 2474 palmarum,

1872 2501 1929 2550 et
1952 2495 2326 2565 quotidianum
2350 2510 2579 2567 pensum
2598 2534 2614 2561 ,
2640 2493 2790 2550 velut
2832 2492 3027 2549 exinde
3071 2489 3454 2548 sustentandus

1870 2594 2041 2654 esset,
2082 2602 2117 2642 a
2156 2586 2447 2659 semetipso
2482 2585 2685 2659 jugiter
2714 2585 2986 2658 exigebat.
3012 2581 3257 2655 Cumque
3289 2593 3454 2651 opere

1872 2678 2044 2735 totius
2084 2678 2217 2733 anni
2257 2685 2479 2734 antrum
2515 2676 2634 2747 ejus
2662 2675 2855 2734 fuisset
2888 2674 3203 2748 impletum,
3229 2672 3287 2728 id
3309 2669 3454 2744 quod

1872 2770 2107 2831 sollicita
2137 2786 2269 2828 ctua
2294 2770 2638 2829 laboraverat
2674 2770 2834 2827 annis
2878 2768 3133 2840 singulis,
3168 2767 3293 2839 igne
3329 2779 3457 2836 sup-

1872 2865 2053 2936 posito
2077 2865 2480 2922 concremabat.
2510 2863 2619 2921 Iste
2645 2863 2792 2920 enim
2834 2877 2945 2919 non
2990 2876 3091 2934 pro
3127 2857 3454 2916 necessitate

1872 2954 2067 3021 victus,
2099 2963 2167 3011 ut
2199 2953 2409 3012 dictum
2453 2962 2569 3022 est,
2599 2952 2910 3020 laborabat,
2958 2952 3053 3010 sed
3082 2966 3183 3024 pro
3210 2948 3455 3021 corporis

1873 3047 2184 3114 aﬂctionc,
2213 3055 2272 3104 et
2295 3047 2478 3105 cordis
2500 3047 2841 3120 purgatione,
2865 3054 3026 3118 atque
3061 3043 3450 3117 cogitationum

187 3134 250 3181 et
273 3128 504 3183 orationi
527 3128 736 3185 debetis
749 3127 1084 3200 incumbere,
1101 3139 1166 3188 ut
1183 3132 1350 3189 etiam
1365 3130 1616 3189 manibus
1641 3146 1769 3207 pos-
1795 3130 1843 3201 C
1872 3142 2168 3209 soliditate,
2192 3156 2290 3198 seu
2307 3140 2714 3211 perseverantia
2744 3139 2898 3203 cellae
2935 3136 3193 3197 faciebat.
3228 3135 3453 3193 Dicebat

186 3216 313 3276 sitis
337 3217 541 3291 aliquid
565 3234 855 3290 exercere;
881 3223 1145 3296 majorem
1180 3237 1395 3297 quoque
1421 3224 1529 3282 diei
1556 3232 1768 3297 partem
1870 3242 2076 3302 autem,
2107 3234 2229 3291 sine
2253 3248 2420 3305 opere
2451 3248 2711 3292 manuum
2734 3248 2840 3293 nec
2878 3232 2936 3291 in
2978 3230 3100 3288 loco
3133 3243 3294 3301 posse
3324 3240 3454 3299 per-

182 3318 380 3368 εειηοιο
405 3312 559 3383 Operi
579 3311 848 3372 dedicare
874 3313 983 3373 Sed
1006 3317 1356 3389 quaerendum
1378 3317 1536 3374 nobis
1559 3325 1645 3375 est
1669 3332 1770 3375 cur
1873 3326 2073 3383 durare
2096 3323 2431 3392 solitarium,
2469 3339 2572 3393 nec
2597 3324 2670 3382 ad
2705 3320 3061 3396 perfectionis
3106 3319 3323 3376 culmen
3354 3316 3453 3372 ali-
3552 3306 3555 3313 ’

185 3403 382 3461 doctor
406 3406 647 3479 gentium
673 3415 731 3465 et
761 3409 1086 3480 praedicator
1104 3410 1381 3483 Evangelii
1412 3411 1544 3469 dicit
1569 3426 1629 3470 se
1656 3428 1769 3469 non
1871 3416 2092 3488 quando
2121 3415 2567 3473 conscendere.E
2592 3423 2784 3473 contra
2801 3430 2933 3472 vero
2956 3413 3060 3471 fuit
3088 3410 3228 3468 alius
3257 3408 3445 3474 frater,

183 3508 388 3567 panem
416 3499 484 3554 ab
511 3498 693 3571 aliquo
722 3500 892 3573 gratis
914 3502 1305 3571 manducasse,
1334 3504 1429 3574 qui
1467 3502 1620 3560 novit
1656 3502 1767 3560 Do-
1871 3509 1966 3579 qui
1994 3509 2220 3566 veniens
2256 3509 2325 3565 ad
2349 3509 2603 3567 abbatem
2635 3507 2920 3575 Silvanum
2970 3508 3028 3563 in
3074 3511 3256 3561 monte
3283 3502 3450 3571 Sina,

185 3588 405 3644 minam
424 3584 743 3664 pracepisse
761 3632 777 3663 ,
802 3603 867 3651 ut
905 3597 996 3667 qui
1027 3594 1377 3669 Evanget'ium
1418 3597 1767 3667 annuntiant,
1871 3598 2011 3655 vidit
2034 3598 2112 3654 ibi
2144 3596 2346 3655 fratres
2367 3605 2691 3669 operantes,
2721 3608 2777 3655 et
2806 3598 2946 3654 dixit
2968 3596 3049 3652 eis
3073 3614 3089 3651 :
3114 3594 3291 3650 Nolite
3330 3605 3456 3663 ope-

185 3678 569 3754 degEvangelio
596 3687 770 3742 vivant
791 3684 845 3760 (1
875 3684 1001 3744 Cor.
1032 3705 1109 3755 ιι,
1135 3688 1246 3762 ﬂ).
1268 3688 1350 3752 iEt
1372 3704 1592 3746 rursum
1622 3709 1636 3746 :
1667 3690 1769 3746 Di-
1868 3689 1986 3750 rari
2032 3691 2213 3747 cibum
2261 3691 2357 3762 qui
2403 3692 2569 3764 perit,
2611 3692 2709 3749 sed
2749 3691 2845 3761 qui
2879 3696 3163 3761 permanet
3195 3686 3254 3743 in
3286 3686 3455 3743 vitam

177 3788 327 3847 gnua
359 3784 435 3831 est
462 3781 734 3849 operarius
763 3782 1000 3838 mercede
1030 3797 1129 3839 sua
1163 3790 1211 3839 et
1240 3784 1353 3840 cibo
1386 3798 1482 3840 sua
1518 3783 1670 3858 (Luc.
1711 3798 1767 3853 ι,

180 3860 272 3937 7).
306 3863 429 3922 Ideo
457 3871 655 3942 quippe
696 3865 947 3929 manibus
980 3876 1310 3945 operabatur
1342 3876 1484 3932 unde
1514 3874 1769 3944 vivebat,

176 3959 319 4030 quia
348 3960 627 4035 indignum
646 3975 767 4023 erat
797 3966 867 4025 ab
903 3970 989 4025 his
1026 3968 1231 4043 aliquid
1266 3970 1514 4043 accipere
1546 3974 1641 4046 qui
1678 3982 1769 4030 er-

174 4053 304 4109 rori
334 4055 639 4114 studebant.
668 4054 865 4117 Peccat
898 4062 1045 4120 enim
1064 4103 1080 4131 ,
1123 4069 1178 4120 et
1218 4063 1528 4122 libertatem
1567 4063 1770 4137 praedi—

172 4146 352 4201 candi
400 4148 633 4219 amittit,
682 4151 776 4222 qui
819 4151 889 4209 ab
916 4167 981 4210 eo
1010 4153 1208 4226 accipit
1252 4170 1467 4223 munus,
1516 4156 1608 4229 qui
1648 4154 1770 4215 ideo

170 4236 283 4294 dat
309 4250 382 4293 ne
411 4242 758 4314 corripiatur.
800 4242 958 4302 Unde
997 4242 1143 4304 idem
1190 4248 1468 4319 apostolus
1513 4249 1767 4306 dicebat:

170 4326 385 4384 Omnia
417 4331 548 4387 mihi
594 4332 749 4389 ticam
770 4377 785 4403 ,
830 4328 927 4391 sed
952 4348 1057 4392 non
1086 4328 1277 4393 omnia
1316 4338 1446 4394 mihi
1488 4336 1771 4410 expediunt

164 4418 241 4493 (1
275 4417 399 4482 Cor.
424 4423 525 4497 vr).
567 4423 683 4483 Hoc
730 4426 853 4485 ideo
898 4426 1038 4485 dixit
1067 4424 1196 4502 quia
1236 4429 1434 4487 licebat
1460 4426 1539 4487 illi
1575 4434 1645 4489 ab
1682 4430 1770 4489 his

163 4514 346 4607 queis
387 4516 721 4607 praedicabat
761 4526 1011 4592 sumptus
1055 4523 1331 4593 accipere;
1378 4523 1475 4579 sed
1515 4524 1769 4593 quoniam

162 4603 394 4661 sciebat
412 4603 916 4682 pseudo-apostolos
936 4615 1280 4670 occasionem
1301 4614 1601 4686 accipiendi
1617 4630 1768 4687 quae-

161 4710 330 4763 rere,
362 4698 536 4756 noluit
565 4698 637 4758 ab
662 4702 750 4758 his
773 4700 1043 4775 accipere,
1076 4720 1146 4762 ne
1182 4718 1349 4763 causa
1371 4707 1580 4763 ventris
1615 4707 1771 4780 vigor

154 4792 514 4879 evangelicae
538 4794 786 4852 veritatis
807 4803 1161 4868 torpesceret.
1184 4794 1301 4855 Non
1329 4799 1476 4856 enim
1503 4800 1772 4856 instanter

154 4890 366 4959 potest
404 4886 586 4961 argui,
634 4904 667 4946 a
715 4902 824 4961 quo
853 4890 1137 4963 accipitur.
1166 4892 1426 4961 Quamvis
1450 4893 1595 4949 enim
1625 4894 1769 4950 idem

154 4977 462 5049 apostolus
494 4994 597 5053 pro
621 4983 908 5040 Occasione
937 4984 1187 5055 superius
1215 4986 1362 5042 dicta
1397 4985 1623 5058 elegerit
1660 4998 1771 5041 ma-

144 5067 345 5123 nibus
373 5069 486 5126 suis
512 5070 761 5129 laborare
782 5075 929 5130 unde
949 5073 1176 5141 viveret,
1218 5085 1402 5131 tamen
1446 5076 1659 5145 quoties
1691 5074 1768 5132 illi

152 5160 483 5217 necessitas
510 5171 651 5231 erat,
677 5180 709 5221 a
738 5164 990 5223 ﬁdelibus
1008 5167 1215 5223 victum
1234 5166 1557 5239 accipiebat.
1580 5166 1771 5241 Itaque

152 5259 311 5306 eum
345 5263 491 5311 esset
528 5257 763 5328 quodam
803 5266 1049 5332 tempore
1093 5260 1152 5317 in
1194 5273 1393 5333 magna
1439 5262 1766 5336 indigentia,

151 5346 415 5403 missum
440 5357 526 5407 est
552 5350 629 5408 illi
656 5367 687 5408 a
714 5350 973 5412 fratribus
1006 5352 1151 5411 unde
1178 5356 1497 5412 necessitati
1542 5362 1597 5412 et
1632 5352 1772 5411 indi-

150 5440 382 5509 gentiae
410 5455 529 5512 ejus
553 5445 978 5504 ministraretur.
1003 5445 1304 5519 Respondit
1321 5455 1503 5504 autem
1528 5447 1635 5503 illis
1658 5463 1775 5520 gra-

152 5530 291 5587 tias
314 5547 505 5605 agens,
533 5545 589 5593 et
613 5538 785 5595 dixit:
808 5539 951 5595 Bene
971 5540 1169 5611 fecistis
1191 5543 1579 5597 communicare
1600 5558 1776 5599 neces—

154 5625 437 5720 sitatibus
466 5635 614 5687 meis.
641 5633 754 5705 Ego
784 5634 922 5690 enim
957 5633 1123 5691 didici
1150 5636 1208 5691 in
1231 5637 1420 5707 quibus
1449 5654 1565 5692 sum
1585 5679 1599 5704 ,
1633 5639 1774 5720 sum:

162 5719 334 5776 ciens
375 5735 506 5782 esse.
544 5722 673 5784 Seio
715 5729 853 5786 enim
898 5729 1100 5788 esurire
1135 5738 1187 5791 et
1226 5729 1531 5803 abundare,
1571 5735 1687 5791 novi
1728 5745 1775 5792 et

1866 3794 2157 3843 sternam.
2187 3779 2358 3841 Maria
2383 3783 2649 3855 optimam
2668 3790 2877 3855 partem
2910 3780 3094 3850 elegit.
3114 3779 3185 3839 Et
3209 3777 3347 3836 dixit
3370 3790 3456 3837 se-

1873 3891 1981 3932 nex
2011 3874 2279 3946 (iscipulo
2323 3890 2422 3932 suo
2449 3892 2464 3930 :
2491 3874 2668 3943 Vade,
2715 3890 2851 3932 voca
2892 3874 3122 3945 fratrem
3166 3874 3364 3939 istum,
3398 3877 3457 3927 et

1871 3967 2031 4022 mitte
2057 3964 2208 4021 illum
2230 3966 2286 4021 in
2308 3965 2503 4022 cellam
2523 3965 2618 4023 ubi
2637 3965 2776 4022 nihil
2794 3972 2895 4022 est.
2920 3964 2988 4020 Et
3013 3979 3133 4021 cum
3162 3961 3302 4018 facta
3324 3959 3457 4016 fuis-

1871 4063 1958 4119 set
1976 4060 2112 4114 hora
2134 4068 2298 4124 nona.
2324 4057 2641 4115 intendebat
2668 4057 2810 4114 idem
2848 4056 3019 4113 frater
3058 4054 3131 4113 ad
3168 4053 3371 4111 usuum
3403 4051 3454 4109 si

1872 4153 2154 4211 mitterent
2180 4152 2309 4219 alii,
2341 4159 2399 4207 et
2424 4154 2683 4208 vocarent
2720 4162 2845 4207 eum
2879 4149 2949 4206 ad
2994 4146 3450 4205 manducandum.

1872 4242 2087 4299 Etcum
2113 4254 2279 4299 nemo
2296 4241 2611 4314 loqueretur
2629 4243 2703 4308 ei,
2734 4253 2965 4312 surgens
2987 4239 3137 4295 venit
3154 4238 3223 4293 ad
3244 4248 3451 4305 senem,

1872 4340 1932 4390 et
1961 4333 2102 4389 dixit
2145 4334 2199 4389 ei
2227 4351 2245 4366 ο
2272 4334 2461 4402 Abba,
2509 4334 2975 4409 manducavernpt
3024 4329 3184 4386 hodie
3223 4326 3458 4384 (Patres!

1875 4422 1946 4480 Et
1967 4424 2105 4482 dixit
2127 4426 2177 4481 ei
2216 4439 2423 4481 senex:
2453 4425 2633 4481 Etiam
2663 4424 2780 4494 jam
2819 4423 3189 4481 comederunt.
3225 4420 3295 4475 Et
3320 4419 3451 4476 ille:

1874 4514 1945 4575 Et
1979 4530 2172 4588 quare,
2202 4518 2395 4589 inquit,
2422 4532 2508 4573 me
2530 4530 2637 4574 non
2665 4516 2907 4573 vocasti?
2924 4512 2991 4570 Et
3022 4527 3188 4570 senex
3224 4524 3453 4583 πτεροπ-

1870 4606 1983 4669 dit:
2009 4608 2090 4667 Tu
2110 4611 2273 4667 homo
2299 4610 2594 4681 spirituaiis
2615 4622 2697 4677 es,
2721 4616 2778 4666 et
2802 4610 2907 4666 hoc
2927 4608 3049 4666 cibo
3068 4623 3179 4664 non
3203 4605 3450 4679 indiges;

1862 4708 1976 4759 nos
2001 4711 2183 4758 autem
2211 4700 2459 4758 carnales
2487 4714 2697 4768 sumus,
2725 4710 2781 4758 et
2816 4699 3147 4759 manducare
3172 4698 3450 4766 volumus,

1870 4795 1996 4853 ideo
2018 4794 2270 4852 manibus
2296 4794 2500 4852 nostris
2523 4806 2814 4866 operamur
2838 4814 2852 4851 :
2878 4802 2935 4852 tu
2955 4806 3086 4853 vero
3104 4795 3304 4851 bonam
3324 4806 3455 4864 par-

1867 4895 1981 4944 tem
2006 4885 2237 4959 elegisti,
2270 4890 2384 4944 tota
2413 4886 2499 4943 die
2527 4885 2742 4958 legens,
2766 4894 2822 4944 et
2851 4888 3040 4944 nolens
3082 4896 3300 4943 sumere
3325 4898 3451 4941 car-

1869 4980 2052 5036 nalem
2079 4979 2279 5035 cibum.
2310 4978 2415 5047 Qui
2448 4992 2571 5036 cum
2600 4979 2704 5035 hoc
2734 4979 2974 5036 audisset
2996 5020 3011 5046 ,
3049 4975 3349 5050 prostravit
3394 4989 3455 5031 se

1868 5069 1929 5124 in
1957 5077 2161 5125 terram
2203 5069 2480 5125 humiliter
2524 5070 2901 5141 paenitentiam
2949 5052 3163 5141 agens,“
3186 5072 3245 5123 et
3276 5065 3452 5122 dixit:

1871 5156 2096 5234 Ignosce
2142 5160 2309 5228 mihi,
2341 5161 2501 5218 abba.
2539 5162 2609 5219 Et
2643 5174 2807 5220 senex
2851 5160 2988 5217 dixit
3023 5158 3076 5215 ei
3101 5173 3116 5214 ε
3145 5154 3286 5214 Puto
3311 5154 3455 5228 quod

1868 5262 2009 5325 Opus
2029 5254 2194 5310 habet
2210 5253 2433 5310 omnino
2451 5253 2673 5310 Marthae
2688 5254 2875 5309 Maria.
2899 5251 3005 5309 Per
3022 5248 3288 5307 Martinam
3308 5249 3454 5306 enim

1871 5344 2043 5400 Maria
2064 5344 2331 5401 laudatur.
2346 5344 2685 5418 Quapropter
2697 5359 2834 5416 opus
2850 5342 3053 5399 habent
3074 5339 3301 5399 solitarii
3324 5354 3455 5413 pro-

1870 5438 2008 5510 priis
2021 5438 2266 5494 manibus
2280 5438 2526 5495 laborare
2545 5446 2601 5493 et
2610 5434 2821 5509 operari
2837 5435 2979 5491 unde
2998 5441 3316 5507 pascantur;
3329 5434 3456 5507 quia

1872 5529 1969 5603 qui
1989 5532 2165 5587 otiosa
2198 5531 2382 5602 quiete
2409 5529 2726 5602 perfruitur,
2757 5528 2862 5584 nisi
2897 5528 3048 5599 operi
3075 5540 3333 5583 manuum
3371 5528 3456 5581 ln-

1872 5625 2105 5692 stiterit,
2132 5632 2189 5680 et
2215 5624 2321 5680 nisi
2348 5620 2705 5696 spiritualiter
2739 5620 2973 5689 vixerit,
3006 5634 3159 5677 more
3190 5617 3455 5690 pecudum

1874 5728 1935 5774 se
1964 5715 2264 5790 componit.
