3972 6328
540 336 637 392 051

1546 325 1603 381 S.
1642 320 2006 379 BENEDICTI
2046 315 2338 375 ABBATIS
2374 312 2791 372 ANIANENSIS

3701 314 3817 372 632

609 451 668 506 Si
695 448 825 521 quid
858 459 990 503 vero
1014 460 1080 501 ex
1109 441 1362 515 operibus
1402 439 1773 496 solitariorum
1801 437 2117 492 venundan-
2146 438 2197 499 Α
2222 430 2372 486 cultu
2403 430 2519 485 sine
2538 429 2646 484 ulla
2673 426 3035 483 sollicitudine
3057 424 3327 497 corporali
3350 424 3723 499 proﬁcerent;
3746 443 3817 484 ne

540 547 668 602 dum
697 549 804 607 est,
830 541 1050 596 videant
1075 538 1176 609 ipsi
1203 552 1302 607 per
1321 551 1547 605 quorum
1566 527 1767 587 manus
1792 531 2124 586 transeunda

540 647 687 703 sunt,
712 651 782 693 ne
800 637 1039 707 aliquam
1067 633 1309 687 fraudem
1332 637 1659 700 przesumant
1677 625 1900 681 inferre.
1925 624 2128 679 Memo-

541 740 733 789 rentur
762 744 978 801 semper
1004 726 1227 781 Anania:
1253 733 1309 777 et
1333 721 1597 792 Saphirac,
1628 735 1697 775 ne
1728 720 1867 775 forte
1898 728 2126 773 mortem

542 838 705 893 quam
737 821 814 875 illi
848 821 902 875 in
934 832 1164 889 corpore
1187 814 1551 886 pertulerunt,
1578 812 1719 867 hanc
1749 812 1839 866 isti
1862 812 1917 865 in
1947 810 2128 864 anima

542 914 836 985 patiantur.
877 910 932 965 In
969 910 1099 978 ipsis
1125 918 1302 961 autem
1330 904 1520 976 pretiis
1550 920 1655 958 non
1690 902 1960 971 subripiat
2002 916 2131 955 ava-

544 1006 685 1061 ritias
711 1003 941 1067 malum,
974 1002 1065 1055 sed
1096 1014 1310 1066 semper
1339 995 1734 1067 aliquantulum
1774 995 1933 1048 vilius
1973 993 2132 1048 detur

542 1112 707 1168 quam
735 1097 803 1150 ab
830 1093 950 1148 aliis
978 1089 1326 1146 sarcularibus
1352 1090 1534 1154 datur,
1564 1097 1622 1142 ut
1659 1089 1714 1142 in
1739 1087 1991 1143 omnibus
2021 1084 2133 1156 glo-

542 1190 787 1244 riﬁcctur
813 1187 973 1241 Deus.

1137 1253 1367 1310 CAPUT
1406 1253 1520 1309 XL.

545 1350 698 1417 Quod
732 1350 884 1405 certis
919 1350 1063 1405 horis
1100 1349 1346 1415 occupari
1390 1348 1573 1401 debent
1604 1348 1832 1402 solitarii
1860 1348 1915 1402 in
1952 1347 2132 1403 labore

1197 1435 1474 1472 manuum.

612 1514 754 1585 Ergo
798 1513 1020 1569 statutis
1067 1512 1341 1581 certisque
1387 1512 1719 1580 temporibus
1749 1512 2006 1583 occupari
2044 1528 2132 1567 so-

541 1606 654 1660 lent
679 1605 910 1660 solitarii
936 1605 991 1659 in
1020 1603 1270 1675 oratione
1299 1610 1355 1657 et
1380 1602 1640 1667 lectione,
1663 1613 1716 1658 et
1738 1614 1905 1659 certis
1931 1604 2130 1658 iterum

540 1701 595 1754 in
630 1699 815 1755 labore
848 1714 1128 1753 manuum.
1159 1696 1391 1766 Ideoque
1419 1698 1524 1752 hac
1565 1697 1913 1766 dispositione
1950 1696 2129 1751 credi-

2226 524 2458 579 terrenis
2485 521 2931 592 occupationibus
2955 520 3252 591 implicati,
3283 520 3460 577 ofﬁcio
3484 536 3589 576 suo
3627 523 3818 592 dignas

2227 618 2484 673 excubias
2509 626 2728 673 strenue
2769 632 2963 672 curare
2989 630 3095 670 non
3122 624 3365 685 possent.
3397 614 3533 671 Item
3564 616 3641 671 ibi
3669 631 3686 670 :
3718 617 3818 671 De-

2227 713 2391 781 nique
2435 720 2653 766 sanctus
2696 710 2989 775 Paulinus,
3021 718 3076 763 et
3110 710 3302 765 beatus
3346 709 3592 764 Hilarius
3636 711 3819 765 omnia

2229 819 2325 858 sua
2353 812 2444 857 aut
2470 803 2785 873 parentibus
2827 802 3197 872 reliquerunt,
3229 808 3320 855 aut
3354 800 3583 855 vendita
3625 815 3822 870 paupe-

2229 893 2381 948 ribus
2426 903 2806 963 erogavesunt.
2850 892 2957 947 Sed
3002 902 3189 962 postea
3232 908 3356 947 cum
3407 890 3539 945 facti
3592 888 3821 945 fuissent

2230 987 2505 1056 episcopi,
2549 1004 2656 1041 non
2708 995 3150 1054 contempserunt
3191 983 3447 1040 Ecclesia:
3492 981 3819 1050 facultates,

2231 1080 2323 1133 sed
2362 1079 2674 1133 ﬁdelissime
2703 1079 3173 1149 dispensaverunt.
3206 1076 3298 1132 Isti
3337 1090 3468 1154 ergo
3502 1083 3621 1129 tam
3652 1076 3820 1129 sancti

2230 1170 2334 1224 viri
2366 1178 2579 1240 tamque
2600 1170 2825 1240 perfecti
2850 1168 3137 1239 pontiﬁces
3164 1166 3321 1221 factis
3344 1166 3707 1221 evidentibus
3725 1165 3821 1220 cla-

2229 1272 2384 1318 mant
2409 1277 2566 1332 posse
2590 1270 2643 1317 et
2666 1261 2867 1316 debere
2891 1262 3006 1315 ﬁeri
3035 1259 3178 1329 quod
3204 1258 3475 1313 fecerunt.
3500 1259 3612 1326 Qui
3644 1259 3819 1327 utique

2230 1354 2503 1419 homines,
2546 1362 2656 1408 tam
2695 1352 3034 1407 saecularium
3075 1366 3236 1420 quam
3262 1349 3581 1403 divinarum
3624 1349 3820 1404 littera-

2232 1463 2351 1501 rum
2381 1447 2498 1501 sine
2525 1446 2877 1515 ambiguitate
2908 1443 3243 1507 doctissimi,
3275 1442 3323 1497 si
3359 1443 3577 1497 scirent
3613 1457 3705 1496 res
3736 1442 3818 1495 Ec-

2233 1538 2417 1593 clesia:
2447 1538 2643 1593 debere
2670 1537 2965 1601 contemni,
2995 1550 3272 1604 nunquam
3300 1548 3394 1588 eas
3423 1534 3723 1595 haberent,
3742 1533 3818 1601 qui

2230 1630 2415 1684 omnia
2461 1644 2559 1683 sua
2610 1628 2967 1697 reliquerant.
3018 1625 3171 1681 Unde
3218 1626 3377 1679 datur
3424 1622 3666 1693 intelligi
3694 1622 3819 1693 quod

2233 1722 2368 1775 tanti
2395 1737 2460 1776 ac
2480 1721 2618 1775 tales
2640 1721 2742 1774 viri
2773 1720 2885 1789 qui,
2905 1717 3150 1773 volentes
3175 1717 3292 1771 ﬁeri
3324 1716 3586 1784 discipuli
3607 1714 3815 1779 Christi,

3826 660 3835 705 ς

539 1809 664 1848 mus
698 1803 929 1864 utraque
954 1800 1201 1864 tempora
1233 1792 1494 1854 ordinari,
1529 1792 1581 1847 id
1610 1803 1715 1857 est,
1741 1801 1799 1846 ut
1819 1793 1965 1847 omni
1991 1801 2125 1847 tem-

2236 1813 2689 1866 renuntiaverunt
2712 1810 2965 1865 omnibus
2997 1823 3118 1878 qum
3145 1806 3429 1868 habebant,
3464 1820 3581 1859 non
3612 1815 3679 1858 ut
3708 1818 3816 1873 pos-

537 1899 671 1955 pore
702 1900 733 1939 a
761 1892 924 1940 mane
957 1900 1130 1955 usque
1152 1885 1219 1939 ad
1246 1884 1435 1939 horam
1466 1899 1604 1954 pene
1645 1884 1861 1938 tertiam
1892 1882 2128 1939 orationi

541 1988 596 2031 et
624 1977 841 2032 lectioni
870 1986 1084 2033 vacent.
1125 1978 1208 2031 Ab
1249 1979 1382 2032 hora
1429 1987 1609 2030 autem
1648 1977 1807 2031 tertia
1851 1992 2023 2046 usque
2062 1976 2128 2031 ad

539 2067 730 2123 horam
777 2068 933 2138 quasi
982 2084 1180 2123 nonam
1230 2068 1508 2133 laborent,
1563 2068 1705 2137 quod
1756 2066 2127 2122 necessarium

541 2159 734 2226 fuerit,
778 2160 882 2213 nisi
935 2158 1075 2214 forte
1122 2159 1402 2229 paululum
1447 2159 1502 2212 in
1557 2159 1743 2213 stratis
1791 2158 1905 2212 suis
1939 2158 2129 2213 aestivo

540 2257 785 2317 tempore
811 2264 1042 2319 pausare
1074 2248 1386 2315 voluerint;
1423 2256 1477 2303 et
1504 2263 1719 2318 semper
1756 2248 2130 2304 intermiscea-

540 2346 629 2393 tur
672 2340 849 2394 oratio
898 2355 1021 2395 cum
1067 2355 1255 2410 opere.
1296 2339 1343 2394 Α
1390 2356 1535 2395 nona
1583 2355 1801 2410 quoque
1848 2340 1983 2395 hora
2033 2356 2129 2395 us-

542 2448 646 2502 que
702 2434 771 2488 ad
804 2448 1089 2504 vesperam
1139 2432 1338 2489 iterum
1384 2432 1622 2489 orationi
1668 2440 1724 2487 et
1772 2432 1993 2486 lectioni
2037 2447 2131 2487 va-

540 2531 687 2576 CCI".

612 2615 668 2671 Si
700 2631 830 2671 vero
865 2617 1167 2673 necessitas
1218 2616 1323 2672 loci
1371 2624 1467 2671 aut
1514 2624 1809 2687 paupertas
1855 2618 2126 2688 exegerit,

538 2702 712 2772 magis
741 2702 795 2756 in
825 2702 1012 2757 labore
1041 2718 1299 2757 manuum
1325 2702 1699 2757 demorentur.
1727 2699 1921 2756 Omnia
1944 2709 2130 2756 tamen

540 2801 851 2847 mensurate
868 2793 996 2847 ﬁant
1013 2800 1240 2864 propter
1258 2792 1654 2864 pusillanimes.
1684 2793 1980 2848 Dominicis
1997 2807 2130 2848 vero

539 2885 729 2941 diebus
776 2887 893 2943 sive
923 2888 1075 2943 festis
1098 2929 1112 2954 ,
1152 2888 1388 2943 orationi
1435 2895 1648 2942 tantum
1678 2896 1734 2942 et
1768 2886 1987 2942 lectioni
2028 2902 2130 2942 va-

539 2985 685 3031 cent.
718 2976 777 3031 In
807 2980 1056 3034 noctibus
1084 2995 1300 3049 quoque
1327 2978 1543 3050 vigilias
1569 2994 1755 3034 sacras
1775 2988 1831 3034 et
1857 2979 2130 3035 orationes

540 3070 861 3140 purissimas
908 3072 1257 3127 devotissime
1306 3080 1592 3142 peragant.
1644 3071 1847 3126 Inﬁrmi
1892 3088 2132 3140 namque

541 3160 772 3216 solitarii
817 3162 947 3216 talia
995 3179 1158 3234 opera
1205 3172 1400 3235 agant,
1449 3170 1509 3216 ut
1550 3176 1651 3216 nec
1676 3163 1835 3218 otiosi
1863 3167 1993 3227 sint,
2028 3178 2127 3218 nec
2154 3165 2198 3228 C

539 3252 799 3308 violentia
828 3252 1033 3309 laboris
1066 3254 1466 3324 opprimantur.
1500 3253 1604 3320 Qui
1630 3268 1762 3308 vero
1806 3253 1881 3306 ita
1925 3252 2130 3307 fuerint

540 3342 820 3408 inﬁrmati,
847 3352 943 3400 aut
968 3352 1250 3402 senectute
1273 3345 1504 3417 gravati,
1527 3352 1588 3399 ut
1607 3359 1784 3415 neque
1807 3343 2013 3413 legere,
2035 3359 2130 3399 ne-

539 3448 646 3505 que
673 3437 888 3507 operari
920 3444 1157 3507 queant,
1187 3437 1271 3491 vel
1304 3438 1537 3492 orationi
1566 3445 1776 3491 tantum
1799 3435 1955 3506 juxta
1984 3435 2129 3490 vires

537 3546 666 3586 suas
714 3531 1068 3588 devotissime
1100 3532 1322 3587 instent.
1371 3531 1488 3587 Hoc
1534 3545 1667 3585 sane
1709 3530 1977 3599 praecipue
2013 3542 2131 3583 mo-

538 3631 750 3688 nentes,
772 3632 834 3679 ut
857 3626 902 3679 si
927 3624 1068 3680 forte
1093 3624 1180 3680 cui
1210 3625 1326 3681 haec
1347 3624 1633 3694 dispositio
1655 3621 2011 3692 displicuerit,
2038 3635 2129 3676 or-

539 3716 691 3772 dinet
710 3717 754 3772 si
777 3717 973 3773 melius
993 3718 1157 3773 aliter
1171 3717 1519 3789 iudicaverit.
1537 3715 1747 3783 Quibus
1774 3721 1954 3769 autem
1977 3713 2129 3769 horis

536 3809 764 3864 reﬁcere
798 3810 1063 3875 debeant,
1110 3810 1167 3864 in
1196 3818 1358 3865 antea
1382 3849 1399 3875 ,
1427 3808 1660 3865 Domino
1687 3807 1982 3864 miserante
2000 3847 2016 3874 ,
2047 3807 2131 3862 di-

538 3901 680 3954 cturi
712 3915 919 3956 sumus.

1019 3965 1033 3979 ’
1129 3970 1357 4030 CAPUT
1401 3970 1535 4028 XLI.

540 4060 607 4114 Ut
632 4061 859 4117 solitarii
887 4064 1017 4119 nihil
1038 4067 1306 4135 proprium
1338 4067 1590 4134 habeant,
1614 4074 1663 4122 et
1686 4066 1978 4122 oblationes
2001 4065 2127 4135 ﬁds-

1095 4134 1227 4189 lium
1265 4136 1579 4207 suscipiant.
1614 4158 1626 4169 ε

610 4224 755 4280 Nihil
784 4239 915 4297 ergo
933 4227 1213 4297 proprium
1233 4228 1460 4283 solitarii
1481 4228 1718 4284 habeant
1747 4236 1947 4299 praeter
1971 4237 2125 4284 uten-

537 4314 654 4371 silia
682 4323 738 4372 et
764 4315 893 4371 vilia
939 4317 1291 4459 supéﬁectilia
1325 4318 1445 4373 sine
1479 4319 1677 4389 quibus
1721 4319 1908 4376 vivere
1951 4319 2125 4376 nulla-

537 4416 697 4459 tenus
738 4416 985 4459 possunt.
1080 4409 1249 4459 ictum
1282 4425 1412 4459 vero
1443 4409 1765 4459 rationalem
1787 4452 1802 4459 -
1830 4418 1885 4459 et
1912 4419 2120 4459 vestem

536 4416 697 4462 tenus
738 4416 985 4478 possunt.
1035 4409 1249 4463 Victum
1282 4425 1412 4465 vero
1443 4409 1766 4466 rationalem
1787 4452 1803 4477 ,
1830 4418 1885 4467 et
1912 4419 2121 4466 vestem

2231 1920 2511 1970 sessores,
2555 1904 2649 1958 sed
2696 1914 2757 1958 ut
2802 1910 3188 1973 procuratores
3230 1899 3495 1955 Ecclesia:
3548 1897 3821 1952 facultates

2229 1998 2601 2067 possidebant.
2630 1997 2699 2052 Et
2727 1997 2848 2052 ideo
2881 2010 2967 2051 res
3003 1996 3264 2049 Ecclesia:
3302 1995 3438 2049 nihil
3469 1993 3624 2048 aliud
3661 1994 3817 2048 scien-

2232 2098 2314 2143 tes
2341 2105 2461 2144 esse
2489 2090 2593 2143 nisi
2622 2097 2747 2143 vota
2777 2088 3037 2153 ﬁdelium,
3067 2087 3243 2157 pretia
3274 2094 3638 2156 peccatorum
3668 2093 3727 2139 et
3749 2100 3818 2153 pa—

2231 2182 2489 2237 trimonia
2515 2197 2849 2252 pauperum,
2882 2197 2987 2236 non
3032 2195 3128 2235 eas
3154 2180 3580 2235 vindicaverunt
3616 2181 3676 2233 in
3714 2194 3819 2232 usus

2232 2290 2364 2331 suos
2397 2283 2455 2328 ut
2484 2275 2750 2345 proprias,
2790 2273 2885 2328 sed
2928 2282 2989 2327 ut
3033 2272 3448 2327 commendatus
3494 2272 3818 2341 pauperibus

2232 2369 2554 2423 diviserunt.
2587 2368 2719 2423 Item
2753 2368 2865 2422 ibi:
2901 2366 3203 2433 Sacerdos,
3252 2367 3451 2437 inquit,
3494 2382 3613 2421 non
3661 2367 3815 2421 solum

2230 2459 2349 2515 sine
2376 2460 2688 2528 cupiditate,
2723 2460 2819 2514 sed
2846 2459 3010 2514 etiam
3036 2474 3159 2514 cum
3197 2457 3355 2512 laude
3378 2457 3612 2526 pietatis
3639 2457 3817 2526 accipit

2232 2569 2262 2607 a
2287 2554 2486 2625 populo
2512 2553 2899 2624 dispensanda,
2926 2561 2980 2606 et
3007 2551 3240 2607 ﬁdeliter
3265 2552 3553 2622 dispensat
3580 2560 3815 2620 accepta;

2233 2647 2360 2716 quia
2412 2647 2592 2701 omnia
2646 2662 2744 2701 sua
2797 2654 2893 2700 aut
2942 2644 3165 2714 reliquit
3217 2652 3311 2699 aut
3358 2644 3627 2699 Ecclesia:
3678 2645 3816 2697 rebus

2225 2737 2430 2807 iunxit,
2460 2747 2516 2792 et
2540 2754 2599 2794 se
2620 2740 2673 2793 in
2702 2752 2931 2793 numero
2953 2752 3253 2808 pauperum
3278 2738 3623 2807 paupertatis
3652 2750 3817 2790 amore

2234 2832 2545 2896 constituit,
2576 2832 2650 2886 ita
2673 2840 2735 2885 ut
2756 2832 2899 2886 unde
2919 2829 3252 2901 pauperibus
3275 2828 3686 2895 subministrat,
3716 2827 3817 2881 inde

2234 2924 2402 2980 etiam
2433 2932 2691 2994 tanquam
2716 2938 2921 2993 pauper
2942 2921 3282 2977 voluntarius
3307 2921 3474 2975 vivat.

2304 3017 2383 3072 De
2413 3016 2600 3072 eadem
2634 3030 2694 3070 re
2728 3017 2895 3070 etiam
2936 3016 2993 3070 in
3026 3014 3230 3085 Regula
3268 3014 3666 3068 canonicorum
3703 3015 3817 3083 legi-

2236 3119 2324 3165 tur
2361 3111 2439 3165 ita
2472 3129 2484 3164 :
2521 3109 2770 3165 Monacbi
2810 3124 3048 3179 namque
3084 3110 3197 3164 sive
3226 3108 3493 3174 solitarii,
3539 3111 3634 3178 qui
3667 3123 3816 3162 evan-

2232 3205 2464 3278 gelicum
2510 3213 2840 3275 praeceptum
2877 3216 3168 3273 sequentes
3204 3204 3484 3259 distractis
3534 3212 3707 3272 atque
3749 3216 3815 3257 re-

2231 3298 2499 3354 nuntiatis
2526 3297 2781 3352 omnibus
2808 3296 3136 3368 patrimonia
3170 3312 3268 3351 sua
3290 3296 3509 3352 Christo
3539 3298 3814 3363 dederunt,

2230 3388 2428 3443 merito
2472 3388 2538 3442 de
2574 3387 2925 3444 facultatibus
2970 3388 3229 3443 Ecclesia:
3266 3387 3570 3443 subsidium
3618 3397 3819 3458 tenipo-

2230 3478 2345 3533 rale
2375 3477 2679 3547 accipiunt;
2713 3486 2774 3533 ut
2803 3478 2933 3548 quia
2964 3487 3078 3533 toto
3108 3477 3309 3533 mentis
3351 3477 3609 3533 desiderio
3648 3477 3818 3532 eccle-

2230 3570 2333 3624 stia
2375 3576 2671 3640 appetunt,
2710 3570 2880 3627 sicin
2916 3570 3020 3625 hac
3062 3569 3527 3641 peregrinationis
3562 3569 3651 3622 via
3677 3584 3818 3624 sum-

2232 3665 2417 3736 ptibus
2453 3665 2756 3720 Dominicis
2786 3673 3186 3730 sustententur,
3211 3673 3483 3735 quatenus
3509 3666 3583 3720 ad
3606 3680 3671 3720 ea
3711 3679 3815 3733 qu:

2229 3766 2677 3830 contempserunt
2714 3758 2941 3814 minime
2984 3758 3160 3812 redire
3207 3757 3452 3828 qualibet
3488 3756 3815 3813 necessitatis

2229 3867 2392 3908 causa
2421 3852 2838 3922 compellantur.
2867 3851 3002 3906 Item
3029 3852 3103 3907 ibi
3130 3869 3144 3906 :
3171 3849 3432 3915 Clericos,
3467 3866 3613 3922 quos
3639 3850 3814 3905 volun-

2230 3952 2317 3999 tas
2344 3952 2437 3998 aut
2468 3943 2727 3999 nativitas
2772 3958 3039 4014 pauperes
3081 3942 3247 4008 fecit,
3297 3942 3354 3998 in
3403 3945 3813 4015 congregatione

2227 4038 2494 4102 viventes,
2524 4036 2837 4092 necessaria
2855 4037 2979 4091 vitze
3000 4036 3307 4106 accipiant;
3334 4036 3465 4105 quia
3492 4037 3568 4091 ad
3590 4052 3658 4091 ea
3689 4034 3811 4089 acci-

2226 4130 2425 4201 pienda
2471 4145 2581 4185 non
2628 4144 2724 4183 eos
2759 4126 2997 4183 habendi
3031 4127 3181 4183 ducit
3207 4128 3500 4196 cupiditas,
3543 4129 3643 4183 sed
3683 4126 3811 4197 cogit

2226 4223 2442 4280 vivendi
2493 4224 2815 4279 necessitas.
2859 4221 3030 4277 Porro
3080 4221 3127 4276 si
3175 4220 3310 4276 tales
3340 4220 3551 4277 fuerint
3600 4224 3693 4295 qui
3726 4235 3809 4277 nec

2226 4331 2354 4372 suas
2405 4331 2506 4372 nec
2550 4315 2809 4371 Ecclesiae
2848 4314 3019 4369 velint
3045 4314 3247 4369 habere
3286 4315 3705 4383 possessiones,
3730 4314 3815 4367 be-

2226 4424 2347 4464 rum
2383 4407 2803 4464 necessitatibus
2826 4404 3302 4477 providentissima
3335 4403 3737 4474 gubernatione
3756 4402 3813 4457 de

534 4498 859 4569 simplicem,
894 4508 989 4554 aut
1016 4500 1084 4555 de
1122 4492 1346 4571 proprio
1384 4500 1602 4568 labore,
1634 4510 1729 4557 aut
1770 4504 1838 4559 de
1881 4502 2121 4558 ﬁdelium
2146 4525 2202 4587 υ
2228 4504 2577 4561 facultatibus
2610 4502 2869 4559 Ecclesia:
2895 4500 3107 4572 praelati
3129 4501 3328 4557 debent
3347 4501 3670 4567 subvenire,
3692 4499 3812 4556 illud

533 4591 809 4668 oblatione
837 4593 1094 4648 habeant.
1122 4593 1395 4665 Quidquid
1429 4603 1612 4651 autem
1648 4596 1734 4651 his
1758 4595 2117 4668 superfuerit,

520 4664 864 4753 pauperibus
897 4684 1158 4739 tribuant.
1201 4664 1367 4752 Nam,
1409 4687 1553 4743 sicut
1594 4688 1649 4742 in
1677 4664 1943 4758 superiori
1973 4688 2122 4759 capi-

536 4775 647 4829 tulo
677 4776 1010 4841 continetur,
1041 4776 1251 4833 licitum
1280 4787 1367 4834 est
1408 4780 1489 4834 eis
1515 4797 1544 4834 a
1575 4780 1779 4850 populo
1798 4780 1975 4835 oblata
1997 4795 2119 4835 sus-

532 4868 737 4938 cipere,
768 4868 837 4923 ad
886 4885 1038 4925 suam
1075 4878 1130 4925 et
1167 4887 1466 4942 pauperum
1514 4872 1866 4942 indigentiam
1904 4881 2120 4928 susten-

532 4961 773 5015 tandam.
803 4961 959 5019 Unde
986 4963 1039 5017 in
1063 4963 1201 5020 libro
1222 4965 1475 5036 Prosperi
1500 4964 1574 5019 ita
1594 4965 1833 5036 legitur:
1862 4966 2119 5037 Propter-

529 5069 615 5121 ea,
655 5056 852 5128 inquit,
882 5059 1027 5115 Deus
1067 5059 1238 5114 voluit
1267 5060 1505 5117 cultores
1533 5078 1664 5118 suos
1696 5063 1954 5119 omnibus
1996 5079 2118 5135 quae

531 5150 802 5221 habentur
825 5153 880 5206 in
910 5154 1113 5207 mundo
1164 5154 1502 5220 renuntiare,
1551 5162 1612 5209 ut
1659 5155 1879 5213 exclusa
1928 5157 2116 5213 mundi

528 5242 858 5310 cupiditate,
885 5245 1065 5299 divina
1108 5247 1161 5299 in
1201 5244 1281 5300 eis
1330 5246 1571 5301 charitas
1604 5248 1776 5317 possit
1813 5248 1999 5320 augeri
2029 5248 2115 5303 vel

527 5331 739 5401 perﬁci.
788 5335 855 5389 Et
901 5336 1023 5391 ideo
1069 5336 1311 5392 decimas
1355 5345 1517 5407 atque
1556 5339 1826 5408 primitias
1860 5338 2112 5409 frugum,

526 5423 885 5497 primogenita
918 5436 974 5484 et
1008 5428 1275 5485 sacriﬁcia
1309 5445 1408 5499 pro
1447 5440 1702 5499 peccato,
1734 5438 1790 5485 et
1826 5439 1949 5485 vota
1995 5446 2116 5501 qua:

525 5514 627 5571 sibi
654 5515 914 5573 Dominus
933 5519 1096 5587 jussit
1118 5520 1327 5586 offerri,
1350 5521 1723 5576 sacerdotibus
1752 5536 1818 5576 ac
1842 5522 2113 5578 ministris

527 5612 781 5667 distribui
824 5614 1020 5669 debere
1066 5616 1374 5679 constituit,
1420 5622 1482 5667 ut
1532 5612 1885 5667 devotissimo
1910 5615 2112 5685 populo

527 5703 651 5758 vitae
681 5706 985 5760 necessaria
1016 5707 1380 5771 ministrante,
1415 5704 1515 5775 ipsi
1540 5704 1787 5759 Creatori
1811 5720 1876 5759 ac
1899 5706 2111 5774 pastori

526 5817 625 5860 suo
673 5799 857 5857 liberis
893 5801 1165 5857 mentibus
1216 5801 1622 5864 ministrarent,
1675 5805 1836 5868 atque
1887 5797 1941 5851 in
1992 5799 2109 5871 ejus

2224 4595 2479 4668 Prosperi
2516 4597 2862 4651 attendentes
2888 4611 2900 4647 :
2929 4591 3082 4660 Quod
3112 4593 3296 4657 habet,
3323 4592 3528 4662 inquit,
3552 4593 3813 4653 Eodem.

2225 4702 2347 4743 cum
2391 4687 2644 4741 omnibus
2696 4684 2833 4740 nihil
2883 4683 3212 4739 habentibus
3267 4698 3565 4739 commune
3603 4687 3812 4741 habeat.

2225 4775 2333 4832 Sed
2380 4784 2436 4831 et
2472 4790 2661 4831 eorum
2706 4790 2895 4830 curam
2940 4773 3291 4829 nihilominus
3338 4788 3535 4846 gerere
3588 4776 3815 4837 debent.

2223 4883 2359 4938 quos
2385 4876 2480 4923 aut
2510 4867 2797 4922 inﬁrmitas
2827 4874 2920 4921 aut
2955 4874 3207 4921 senectus
3231 4875 3509 4937 aggravat.
3537 4866 3673 4924 Post
3708 4870 3815 4923 hac

2224 4970 2405 5016 autem
2431 4958 2725 5015 memorari
2750 4966 2963 5027 oportet
3002 4957 3137 5023 hoc,
3164 4957 3306 5027 quod
3335 4956 3391 5011 in
3418 4956 3657 5015 Actibus
3697 4974 3818 5029 apo-

2221 5059 2484 5114 stolorum
2514 5056 2709 5128 legitur
2735 5074 2749 5110 :
2778 5054 3068 5124 Aﬁ'erentes
3087 5096 3101 5121 ,
3131 5055 3338 5126 inquit,
3378 5057 3553 5126 pretia
3594 5058 3818 5112 arcadis-

2220 5165 2337 5203 rum
2380 5160 2638 5202 suorum:
2669 5155 2718 5201 et
2761 5146 3021 5216 ponebant
3068 5154 3190 5200 ante
3236 5146 3390 5217 pedes
3432 5148 3817 5216 apostolorum.

2218 5240 2681 5296 Distribuebantur
2707 5249 2883 5295 autem
2911 5239 3129 5310 singuli,
3164 5249 3322 5311 prout
3360 5240 3649 5311 unicuique
3689 5256 3821 5310 opus

2216 5344 2328 5388 erat
2354 5333 2492 5405 (Act.
2526 5347 2596 5394 tv,
2628 5331 2738 5402 55).
2770 5331 2901 5386 Item
2929 5347 2940 5382 :
2972 5326 3155 5400 Neque
3183 5346 3335 5400 egens
3375 5331 3655 5401 quicquam
3706 5340 3824 5383 erat

2218 5425 2356 5478 inter
2381 5422 2501 5478 illos
2532 5423 2720 5494 (Ibid.,
2756 5440 2805 5477 υ.
2848 5420 2961 5493 54).
3001 5422 3067 5475 Et
3094 5437 3349 5476 rursum:
3378 5420 3490 5476 Nec
3527 5425 3821 5494 quin

2214 5532 2370 5569 suum
2399 5532 2509 5570 esse
2538 5514 2741 5585 aliquid
2764 5513 3001 5578 dicebat;
3028 5512 3118 5567 sed
3152 5523 3302 5567 erant
3329 5514 3436 5567 illis
3464 5516 3639 5567 omnia
3668 5530 3825 5567 cano

2217 5609 2399 5662 munia
2430 5606 2619 5678 (Ibid.,
2674 5623 2723 5659 v.
2766 5605 2879 5675 52).
2909 5604 2988 5659 Ita
3016 5620 3144 5673 ergo
3187 5613 3242 5659 et
3268 5604 3494 5659 solitarii
3516 5621 3619 5660 nec
3644 5620 3821 5659 suum

2213 5701 2507 5771 quidquam
2537 5700 2748 5761 dicant,
2779 5696 2872 5753 sed
2912 5698 3023 5752 sint
3062 5696 3247 5751 ﬁdeles
3285 5696 3733 5767 dispensatores,
3768 5706 3824 5751 et

2211 5812 2274 5852 ea
2304 5812 2423 5867 qua:
2450 5794 2775 5866 pauperibus
2802 5794 2931 5849 dare
2958 5792 3175 5859 debent,
3218 5807 3325 5847 non
3370 5792 3531 5848 nimis
3572 5791 3628 5847 in
3675 5802 3821 5849 sne!
