3972 6328
179 280 276 342 635

808 279 1041 338 CODEX
1078 280 1538 342 REGULARUM.
1573 314 1646 327 —
1678 283 1859 343 PARS
1898 288 1965 344 II.
2007 288 2315 349 REGULE
2356 294 2459 352 PP.
2501 297 2786 355 ORIENT.

3330 307 3442 366 634

176 421 295 464 usus
324 404 608 462 reﬂectant
628 421 643 458 :
667 417 737 460 ne
764 403 908 475 quod
931 404 1090 472 absit,
1121 420 1245 460 cum
1272 402 1441 469 Juda,
1474 405 1565 475 qui
1592 405 1744 461 locu-
1774 409 1826 470 Α
1852 409 2154 466 nullatenus
2182 415 2474 485 loquantur
2504 417 2708 490 aliquid
2737 420 2914 478 denuo
2938 464 2953 490 ,
2985 435 3215 497 excepto
3254 426 3299 485 si
3338 444 3437 487 ne-

176 500 247 555 los
289 499 501 555 Domini
545 498 756 554 furatus
800 497 995 564 fuerat,
1028 501 1350 555 sententiam
1388 501 1749 558 daninationis

1852 502 2120 557 cessitatis
2143 518 2305 560 causa
2342 508 2596 577 praelatus
2619 520 2713 566 aut
2738 512 2935 585 aliquis
2959 530 2990 570 e
3031 515 3296 576 fratribus
3339 522 3439 578 ali-

173 596 478 659 incurrant;
526 592 620 648 sed
658 594 839 662 potius
887 594 954 648 de
999 594 1140 649 ﬁdeli
1171 596 1638 653 administratione
1679 600 1714 652 aJ

1849 592 1977 659 quid
2006 593 2167 648 alicui
2198 594 2438 653 indicare
2462 599 2721 668 voluerit;
2761 604 2906 674 quod
2936 613 3119 663 tamen
3164 616 3220 662 et
3260 609 3437 679 ipsum

173 687 301 757 ipso,
330 684 485 755 cujus
510 685 745 740 ministri
777 700 899 741 esse
927 696 1247 753 noscuntur,
1280 688 1624 746 ineﬁ'ahiliter
1654 706 1743 746 re-

170 777 440 831 munerari
467 785 784 833 mereantur

730 868 957 927 CAPUT
1009 869 1163 926 XLII.

351 961 551 1029 Quibus
580 963 726 1018 horis
757 972 992 1035 oporteat
1021 964 1292 1021 solitarios
1318 966 1547 1035 reﬁcere.

230 1053 582 1111 Statuendum
614 1056 796 1126 itaque
834 1071 1031 1112 censeo
1078 1057 1273 1128 quibus
1319 1058 1469 1113 horis
1514 1059 1739 1115 reticere

159 1143 386 1201 debeant
418 1146 675 1213 solitarii,
706 1162 775 1202 ne
817 1147 957 1202 forte
995 1148 1119 1218 quis
1159 1149 1435 1219 propriam
1482 1158 1740 1219 sequatur

126 1237 518 1303 'voluntatem,
556 1246 613 1292 et
657 1238 940 1294 remissius
984 1239 1132 1293 vivat
1175 1254 1337 1308 quam
1383 1255 1604 1296 necesse
1642 1242 1733 1297 sit.

156 1326 488 1400 Quapropter
518 1330 609 1385 tali
654 1331 1007 1401 dispositione
1053 1346 1179 1387 reor
1212 1340 1441 1402 utraque
1490 1342 1734 1405 tempora

155 1419 417 1486 ordinari,
448 1423 551 1477 hoc
573 1430 690 1487 est,
718 1423 787 1477 ab
811 1424 1021 1480 octavis
1046 1423 1268 1481 Pascha:
1298 1442 1471 1496 usque
1496 1428 1565 1482 ad
1596 1427 1734 1483 Pen-

155 1518 394 1566 tecosten
423 1512 507 1566 his
538 1512 591 1567 in
624 1514 710 1568 die
736 1514 1003 1569 reﬁciant.
1036 1514 1130 1569 llis
1165 1530 1296 1587 ergo
1322 1517 1511 1572 diebus
1538 1525 1731 1587 quarta

152 1612 208 1659 et
231 1613 380 1660 sexta
411 1604 544 1661 feria
572 1622 740 1677 usque
770 1608 837 1663 ad
866 1624 1062 1664 nonam
1102 1608 1347 1679 jejunent
1378 1627 1392 1665 :
1422 1613 1547 1681 quia
1590 1613 1732 1667 sicut

149 1698 303 1767 equis
329 1696 482 1754 frena
522 1709 649 1754 sunt
677 1701 999 1772 imponenda
1024 1744 1039 1769 ,
1072 1704 1144 1757 ita
1174 1720 1402 1774 corpora
1430 1714 1615 1761 nostra
1645 1707 1731 1775 je-

1847 696 1970 736 cum
1998 700 2209 740 summa
2259 690 2523 755 gravitate
2549 701 2603 745 et
2631 693 3003 752 moderatione
3048 698 3438 756 honestissime

1846 771 1960 825 ﬁat.
1984 770 2040 827 Si
2069 783 2249 829 autem
2280 793 2421 834 unus
2451 779 2786 838 solummodo
2816 783 2981 841 fuerit
3018 787 3316 854 solitarius,
3361 791 3437 845 si-

1845 863 2049 918 militer
2076 863 2258 921 faciat.
2291 865 2450 924 Omni
2476 870 2743 941 siquidem
2779 881 3023 947 tempore
3063 879 3281 935 silentio
3322 889 3435 936 stu-

1842 952 1972 1008 dere
1997 955 2194 1011 debent
2222 958 2475 1028 solitarii,
2508 971 2561 1017 et
2586 965 2821 1021 maxime
2856 971 3136 1026 nocturnis
3169 971 3338 1028 horis.
3373 972 3431 1028 Si

1841 1044 1966 1114 quis
1983 1058 2165 1103 autem
2188 1063 2378 1106 eorum
2405 1061 2673 1110 nocturno
2700 1065 2943 1129 tempore
2969 1062 3316 1131 peculiariter
3342 1078 3434 1118 vo-

1840 1135 2003 1193 luerit
2040 1154 2218 1207 orare,
2252 1151 2347 1198 aut
2388 1144 2535 1201 aliud
2577 1146 2782 1217 aliquid
2834 1164 3030 1222 agere,
3076 1153 3155 1210 sic
3186 1162 3312 1225 agat
3360 1170 3430 1211 ne

1841 1226 2007 1283 alium
2046 1230 2334 1302 iuquietet.

2408 1328 2638 1388 CAPUT
2680 1332 2855 1391 XLIII.

2300 1419 2381 1475 De
2402 1438 2585 1478 mensa
2612 1425 2994 1484 solitariorum.

1908 1503 2346 1580 Quotiescunque
2380 1512 2610 1569 solitarii
2659 1525 2753 1572 aut
2777 1519 2845 1587 de
2870 1523 3090 1593 proprio
3116 1512 3426 1584 labore‘aut

1836 1596 1901 1651 de
1931 1598 2174 1654 ﬁdelium
2202 1602 2479 1660 oblatione
2502 1605 2738 1676 aliquam
2772 1609 3157 1677 sufficientiam
3180 1618 3426 1676 ciborum

1833 1695 1889 1741 et
1915 1696 2074 1757 potus
2103 1690 2415 1761 habuerint,
2446 1711 2662 1769 semper
2689 1701 2758 1756 ad
2784 1704 3086 1760 mensulam
3115 1722 3269 1764 suam
3296 1725 3429 1780 pau-

138 1787 309 1857 juniis
354 1799 480 1845 sunt
526 1792 869 1847 infrenanda.
900 1795 944 1848 A
973 1794 1295 1851 Pentecoste
1321 1796 1597 1867 usque'ad
1625 1799 1731 1854 Ka-
1758 1786 1806 1845 Β
1833 1794 1991 1848 Feres
2018 1790 2073 1837 et
2099 1786 2415 1855 Peregrinos
2457 1789 2713 1858 habeam,
2745 1800 2799 1847 εί
2834 1809 2959 1849 cum
3002 1795 3111 1852 ίυίδ
3148 1798 3424 1855 (ἶῙπίειῑιῑη

146 1878 333 1936 lendas
360 1879 696 1952 Septembris
725 1896 919 1953 quarta
944 1894 999 1941 et
1024 1896 1179 1942 sexta
1221 1889 1557 1959 septimaque
1593 1889 1730 1946 feria
1832 1872 2112 1928 θθηνίνδίη
2134 1890 2253 1931 esse
2284 1879 2554 1934 ηονθνίηι·
2584 1878 2642 1935 Si
2669 1896 2798 1937 vero
2829 1896 3091 1956 Pauper“
3116 1888 3298 1944 minus
3330 1891 3428 1944 ha‘

136 1968 383 2041 ieiunem
410 1989 582 2044 usque
628 1976 694 2030 ad
731 1991 948 2030 nonam.
982 1977 1226 2047 Reliquis
1269 1994 1399 2035 vero
1438 1981 1629 2037 diebus
1663 1984 1733 2039 ad
1830 1962 2071 2031 buerint,
2112 1982 2250 2036 quos
2277 1970 2344 2025 de
2389 1969 2649 2029 fratribus
2693 1975 2964 2032 voluerint
2989 1994 3209 2046 vocare,
3240 1982 3425 2037 chari-

139 2073 351 2118 sexiam
373 2065 641 2131 reﬁciani’
665 2074 720 2121 ει
750 2068 819 2120 ad
842 2083 1123 2138 vesperam
1145 2080 1380 2125 εωηεηι,
1403 2071 1450 2125 Α
1475 2073 1731 2131 Kalendis
1834 2059 1960 2113 tatis
1985 2075 2143 2116 causa
2174 2063 2229 2118 in
2278 2080 2469 2120 eorum
2517 2070 2753 2138 pendeat
2801 2074 3051 2130 arbitrio.
3099 2077 3194 2134 Eis
3242 2087 3423 2136 autem

138 2164 321 2210 autem
350 2155 687 2226 Septembris
708 2175 881 2230 usque
906 2161 973 2214 ad
998 2170 1159 2232 caput
1179 2162 1636 2235 Quadragesimre,
1662 2165 1730 2221 ad
1830 2165 1969 2220 quos
1999 2162 2217 2220 νοοίιηῐν
2242 2156 2346 2212 hoc
2373 2159 2517 2227 (ἰυοά
2543 2161 2687 2217 Deus
2712 2163 2792 2219 eis
2818 2165 3045 2232 dederit,
3089 2184 3213 2224 cum
3243 2171 3426 2226 Chari-

135 2260 339 2301 nomm
375 2264 590 2320 semper
614 2250 896 2318 reﬁciam;
930 2254 1032 2308 nisi
1066 2253 1205 2309 ioue
1233 2256 1355 2324 quiS
1387 2258 1618 2312 νοιυεγίι
1645 2257 1730 2327 ie.
1828 2243 1957 2298 tatis
1983 2243 2162 2301 cilicio
2199 2248 2510 2304 exhibeant.
2554 2251 2660 2322 Ipsi
2706 2262 2891 2312 tamen
2938 2257 3167 2314 solitarii
3198 2275 3305 2316 non
3332 2277 3425 2317 so-

126 2334 347 2403 junium
380 2354 549 2409 usque
584 2344 650 2397 ad
688 2358 973 2414 vesperum
999 2346 1290 2414 protelare.
1323 2347 1380 2401 In
1408 2348 1719 2421 Quadrage-

133 2428 282 2482 sima
310 2445 441 2486 vero
471 2448 642 2503 usque
670 2436 737 2489 ad
766 2436 1003 2501 Pascha,
1042 2438 1110 2492 ad
1142 2454 1425 2509 vesperam
1455 2442 1721 2499 reﬁciant.

130 2519 253 2590 Ipsa
284 2530 462 2578 tamen
495 2540 720 2595 vespera
767 2528 847 2583 sic
884 2536 1096 2599 agatur,
1135 2540 1194 2585 ut
1234 2532 1438 2587 lumine
1485 2534 1725 2591 lucernae

130 2626 240 2664 non
264 2613 543 2683 indigeant
568 2615 904 2679 reficientes,
939 2619 1034 2673 sed
1084 2620 1204 2675 luce
1233 2623 1413 2678 adhuc
1457 2623 1564 2679 diei
1608 2641 1724 2681 ma-

129 2710 296 2757 nente
323 2705 505 2759 omnia
526 2716 993 2763 consummentur.
1030 2708 1138 2765 Sed
1166 2718 1224 2765 et
1259 2712 1407 2766 omni
1446 2720 1718 2784 tempore,

129 2793 250 2849 sive
279 2807 473 2860 creare,
513 2796 629 2851 sive
660 2796 968 2855 refectionis
1010 2800 1142 2856 hora
1174 2804 1253 2858 sic
1283 2812 1632 2875 temperetur,
1667 2815 1725 2862 ut

127 2885 199 2940 de
227 2884 346 2940 luce
375 2885 511 2941 ﬁant
536 2890 739 2942 omnia.
771 2888 1039 2945 Praeterea
1070 2907 1285 2963 quoque
1312 2895 1358 2948 si
1389 2895 1512 2964 quis
1539 2895 1720 2952 volue-

123 2976 204 3030 rit
240 2977 388 3033 omni
431 2988 675 3049 tempore
708 2979 988 3051 jejunare,
1035 2986 1277 3055 exceptis
1329 2984 1624 3044 Dominicis
1664 2996 1720 3044 et

121 3068 357 3123 aliarum
407 3069 765 3127 festivitatum
814 3075 1037 3140 diebus,
1086 3092 1194 3131 non
1240 3078 1595 3146 prohibeatur
1634 3081 1713 3147 ei;

1825 2332 1937 2388 lum
1974 2351 2003 2389 a
2033 2338 2295 2405 qualitate
2343 2340 2614 2410 ciborum,
2644 2345 2740 2400 sed
2781 2346 2947 2401 etiam
2975 2364 3005 2402 a
3033 2351 3337 2420 quantitate
3366 2368 3427 2409 se

1825 2426 2154 2493 custodiant,
2185 2429 2314 2483 etin
2342 2433 2581 2500 pondere
2610 2442 2666 2489 et
2691 2450 2968 2505 mensura,
3000 2454 3125 2495 cum
3166 2443 3286 2498 sine
3328 2445 3429 2499 bo-

1825 2516 2052 2585 spitihus
2093 2516 2315 2585 fuerint,
2367 2522 2575 2577 vivant.
2623 2524 2760 2581 Cum
2798 2536 2981 2583 autem
3036 2531 3202 2602 aliqui
3258 2534 3422 2590 simul

1823 2607 2025 2663 fuerint
2056 2625 2180 2665 cum
2201 2612 2303 2677 eis,
2334 2627 2652 2671 communes
2689 2617 2744 2671 in
2772 2619 2895 2674 ciho
2922 2628 2977 2675 et
3015 2629 3145 2691 potu
3175 2637 3235 2678 se
3264 2625 3423 2679 exhi-

1823 2700 2005 2766 beant,
2033 2703 2105 2756 ob
2134 2718 2331 2758 vanam
2361 2705 2592 2776 gloriam
2638 2708 3010 2779 devitandam,
3038 2714 3134 2769 sed
3162 2715 3429 2771 constitu-

1826 2791 2025 2848 tionem
2051 2794 2271 2866 Regulae
2301 2814 2407 2852 non
2437 2802 2847 2857 transcendant.

1896 2881 2157 2939 Sutiicere
2186 2887 2331 2941 enim
2362 2889 2637 2947 credimus
2676 2893 2743 2948 ad
2770 2892 3123 2951 refectionem
3147 2897 3423 2968 quotidia-

1812 2970 1949 3030 nam
1975 2978 2081 3032 duo
2104 2978 2465 3070 pulmeniaria
2492 2992 2670 3051 cocta,
2713 2994 2937 3057 propter
2974 2989 3314 3045 diversorum
3338 2992 3424 3046 in-

1822 3064 2128 3134 ﬁrmitates,
2180 3079 2241 3125 ut
2276 3064 2417 3127 forte
2451 3074 2544 3143 qui
2576 3090 2643 3129 ex
2670 3091 2780 3131 uno
2821 3075 2982 3132 edere
3010 3086 3117 3134 non
3161 3081 3420 3149 potuerit,

118 3162 252 3232 quia
303 3161 384 3217 sic
424 3161 698 3219 faciebant
740 3167 913 3221 sancti
960 3166 1151 3223 Patres
1192 3170 1363 3224 nostri
1406 3171 1714 3240 Antonius,

1823 3170 1890 3209 ex
1920 3157 2027 3212 alio
2060 3158 2352 3215 reﬁciatur.
2380 3162 2448 3217 Et
2498 3163 2544 3217 si
2590 3163 2787 3221 fuerint
2831 3181 3011 3236 poma,
3058 3176 3153 3223 aut
3194 3169 3424 3242 legumi-

116 3264 177 3307 et
202 3252 547 3322 Benedictus,
586 3271 690 3312 nec
724 3273 832 3312 non
864 3257 1155 3326 Macarius,
1183 3270 1239 3316 et
1262 3264 1445 3318 caeteri
1467 3264 1577 3319 alii.

193 3345 304 3402 Sed
339 3348 465 3403 licet
488 3350 638 3404 omni
670 3358 912 3422 tempore
932 3352 1040 3406 vita
1067 3353 1442 3411 solitariorum
1475 3357 1717 3425 Quadra-

111 3439 343 3509 gesima:
382 3443 573 3498 debeat
605 3443 1039 3500 observationem
1074 3447 1309 3514 habere,
1363 3456 1546 3505 tamen
1583 3453 1713 3521 quia

108 3547 423 3603 paucorum
449 3543 531 3590 est
559 3536 663 3591 ista
691 3537 892 3603 virtus,
925 3539 1048 3594 ideo
1091 3522 1382 3597 suademus
1424 3542 1556 3613 ipsis
1598 3544 1714 3601 die-

104 3624 227 3679 bus
250 3623 683 3696 Quadragesimae
706 3634 854 3688 omni
882 3635 1121 3705 puritate
1153 3638 1319 3692 vitam
1348 3653 1501 3694 suam
1532 3628 1713 3697 custo-

102 3717 271 3781 dire,
299 3733 484 3776 omnes
511 3725 720 3793 pariter
746 3728 1104 3800 negligentias
1139 3732 1367 3789 aliorum
1404 3744 1709 3806 temporum

97 3809 201 3864 bis
232 3807 425 3866 diebus
453 3818 655 3872 sanctis
678 3819 903 3876 diluere.
928 3821 1082 3889 Quod
1106 3830 1234 3880 tunc
1261 3826 1421 3897 digne
1445 3828 1538 3894 ﬁt,
1565 3830 1612 3885 si
1642 3831 1711 3886 ab

94 3901 545 3967 omnibusvitiis
573 3924 672 3965 nos
703 3919 1103 3982 temperemus;
1133 3917 1366 3972 orationi
1406 3934 1528 3974 cum
1568 3919 1708 3977 ﬁcti-

92 3994 239 4059 bus,
272 3994 490 4053 lectioni
520 4009 576 4055 et
600 4008 1004 4075 compunctioni
1028 4011 1209 4067 cordis
1244 4021 1407 4082 atque
1428 4015 1707 4071 abstinen-

94 4087 200 4179 tia:
226 4101 449 4157 operam
474 4092 682 4151 demus.
701 4097 844 4169 Ergo
869 4100 952 4155 his
970 4101 1161 4158 diebus
1180 4120 1476 4177 augeamus
1501 4108 1707 4179 aliquid

91 4176 170 4232 ad
206 4190 443 4247 pensum
473 4181 691 4238 solitum
715 4188 994 4244 servitutis
1019 4200 1222 4246 nostra:
1239 4176 1269 4258 ,ν
1295 4196 1571 4252 orationes
1597 4176 1707 4266 vpe-

89 4268 373 4337 culiares,
403 4273 648 4330 ciborum
678 4285 733 4331 et
778 4287 939 4349 potus
981 4283 1403 4352 abstinentiam;
1432 4299 1493 4342 ut
1535 4305 1706 4345 unus-

91 4360 351 4432 quisque
369 4378 531 4434 super
557 4381 865 4425 mensuram
894 4373 1004 4429 sihi
1037 4374 1297 4431 indictam
1336 4378 1541 4449 aliquid
1582 4397 1705 4436 eum

85 4454 338 4525 propria
363 4458 640 4516 voluntate
679 4472 735 4518 et
761 4465 958 4534 gaudio
1002 4469 1180 4523 sancti
1229 4468 1466 4539 Spiritus
1509 4471 1705 4528 oﬁ‘erat

84 4548 224 4604 Deo
258 4563 272 4599 :
305 4547 363 4602 id
387 4558 492 4615 est,
520 4553 802 4609 subtrahat
827 4559 1039 4627 corpori
1072 4575 1171 4614 suo
1197 4561 1264 4615 de
1292 4561 1413 4617 cibo
1443 4571 1498 4617 et
1537 4573 1666 4633 potu
1685 4607 1699 4633 ,

82 4640 161 4696 de
206 4654 412 4696 somno
448 4655 504 4700 et
538 4648 752 4716 quiete,
784 4650 851 4705 de
883 4651 1211 4723 loquacitate
1239 4665 1293 4711 et
1332 4658 1700 4727 scurrilitate;

81 4749 143 4797 et
191 4754 334 4794 cum
373 4743 669 4812 spiritualis
706 4748 959 4805 desiderii
991 4753 1187 4831 gaudio
1215 4765 1463 4810 sanctum
1491 4756 1699 4811 Pascha

82 4841 414 4903 exspectet.

162 4923 393 4980 Deinde
422 4929 568 4983 omni
598 4938 870 5002 tempore,
900 4935 1014 4992 sive
1054 4940 1302 5007 prandii,
1339 4942 1455 4997 sive
1494 4956 1696 5008 ctenze,

82 5032 237 5071 mox
281 5025 345 5069 ut
387 5022 725 5079 surrexerint
757 5040 788 5079 a
816 5026 1149 5095 refectione,
1195 5033 1441 5099 sedeant,
1493 5036 1536 5089 si
1592 5036 1698 5090 duo

80 5109 319 5167 fuerint
366 5111 555 5181 simul,
600 5124 655 5171 et
687 5117 831 5189 legat
856 5136 997 5176 unus
1038 5122 1367 5181 Collationes
1407 5127 1495 5183 vel
1544 5127 1699 5185 Vitas

78 5202 361 5269 Patrum,
382 5213 476 5260 aut
497 5217 643 5266 certe
673 5211 874 5282 aliquid
904 5215 1047 5270 unde
1070 5218 1423 5275 aediﬁcentur.
1448 5222 1515 5278 Et
1540 5223 1699 5279 lectis

78 5306 351 5367 quatuor
372 5305 465 5351 aut
493 5300 731 5372 quinque
755 5303 920 5372 foliis,
947 5308 1028 5362 vel
1057 5320 1316 5379 quantum
1340 5315 1471 5369 hora
1497 5318 1698 5391 permi-

76 5389 264 5452 serit,
296 5387 345 5441 si
376 5390 629 5448 meridies
657 5391 839 5461 fuerit,
865 5406 959 5452 aut
986 5400 1263 5469 paululum
1298 5404 1352 5459 in
1379 5410 1562 5463 stratis
1584 5387 1699 5467 suis

76 5480 478 5551 requiescant,
502 5491 594 5536 aut
615 5484 827 5556 aliquod
843 5503 979 5559 opus
1002 5507 1256 5547 manuum
1280 5507 1459 5566 agant.
1483 5498 1538 5552 lu
1563 5510 1700 5555 tent-

76 5589 232 5643 μοι-ε
269 5579 455 5625 autem
480 5573 667 5644 jejunii
698 5578 926 5635 lectione
965 5580 1100 5637 lecta
1124 5624 1138 5648 ,
1165 5585 1210 5638 si
1239 5600 1461 5656 vespera
1498 5588 1660 5644 fuerit
1680 5632 1695 5656 ,

75 5664 405 5723 confestim
432 5674 491 5720 ut
515 5683 545 5721 a
575 5670 801 5725 lectione
821 5677 1178 5742 surrexerint,
1197 5679 1263 5732 ad
1284 5682 1697 5753 completorium

76 5761 504 5822 celebrandum
530 5765 766 5821 veniant.
798 5768 1068 5827 Exeuntes
1088 5781 1267 5829 autem
1293 5788 1323 5829 a
1343 5778 1699 5851 completorio

1823 3264 1951 3303 num
1982 3254 2283 3319 nascentia,
2314 3253 2546 3310 addatur
2584 3264 2640 3312 et
2671 3258 2914 3313 tertium.
2948 3259 3114 3315 Cibus
3140 3268 3322 3315 autem
3351 3260 3421 3314 il-

1818 3337 1993 3393 lorum
2014 3340 2138 3396 talis
2162 3342 2233 3397 sit
2256 3360 2269 3396 :
2297 3343 2586 3413 aliquando
2607 3346 2756 3402 olera
2776 3356 2832 3403 et
2853 3347 3144 3419 legumina,
3174 3348 3422 3418 aliquan-

1817 3430 1886 3484 do
1924 3446 2143 3486 caseum
2170 3442 2225 3487 et
2256 3449 2360 3489 ova
2386 3477 2400 3501 ,
2426 3436 2811 3508 interdumque
2831 3440 3125 3509 pisciculos
3143 3454 3244 3509 pro
3267 3455 3418 3495 sum-

1815 3521 1919 3576 mis
1944 3522 2153 3577 deliciis
2182 3518 2403 3580 ducant.
2443 3526 2715 3597 Quidquid
2737 3530 2908 3595 enim,
2943 3531 3120 3600 inquit
3149 3529 3415 3604 Hierony-

1814 3626 1957 3676 mus,
1983 3622 2104 3681 post
2138 3613 2317 3683 gulam
2343 3632 2453 3671 non
2483 3619 2739 3686 sentitur,
2770 3621 2915 3676 idem
2948 3621 3042 3676 tibi
3082 3623 3227 3692 quod
3254 3625 3414 3695 panis

1813 3711 1868 3758 et
1896 3703 2188 3775 legumina.
2220 3706 2383 3763 Panis
2411 3718 2590 3765 autem
2637 3711 2776 3766 libra
2822 3728 2932 3767 una
2970 3729 3242 3786 propensa
3268 3717 3416 3773 suﬁi—

1813 3796 1922 3850 ciat
1964 3797 2017 3851 in
2049 3797 2159 3864 die,
2207 3801 2321 3854 sive
2367 3817 2473 3857 una
2523 3789 2595 3857 sit
2640 3803 2886 3874 refectio,
2929 3806 3044 3863 sive
3101 3810 3314 3879 prandii
3359 3820 3415 3868 et

1812 3903 2001 3945 coenae.
2037 3889 2175 3946 Sunt
2202 3894 2345 3947 eiiim
2376 3897 2466 3964 qui
2502 3896 2646 3967 plus,
2677 3908 2731 3952 et
2777 3911 2902 3955 sunt
2929 3901 3022 3972 qui
3065 3902 3247 3960 minus
3271 3905 3414 3961 indi-

1811 3992 1941 4054 gent
1966 4000 1980 4045 ;
2005 3985 2128 4053 quia
2156 4001 2254 4040 nec
2277 3990 2443 4042 robur
2466 4006 2631 4045 unum
2656 3992 2796 4047 inest
2817 3996 3028 4049 cunctis
3049 3996 3406 4065 corporibus:

1808 4084 1864 4130 et
1894 4076 2015 4130 ideo
2044 4079 2110 4131 de
2133 4080 2376 4134 ciborum
2405 4082 2667 4151 qualitate
2696 4093 2751 4139 et
2780 4088 3083 4155 quantitate
3111 4104 3217 4144 non
3248 4089 3409 4146 facile

1810 4182 1839 4219 a
1863 4167 2019 4221 nobis
2045 4177 2259 4239 oportet
2281 4170 2569 4239 disiiutari,
2596 4176 2721 4243 quia
2746 4192 2845 4232 nec
2873 4179 2938 4232 ab
2957 4180 3210 4235 omnibus
3229 4188 3411 4251 potest

1809 4258 2099 4315 uniformis
2148 4263 2330 4333 regula
2374 4266 2654 4320 custodiri.
2706 4267 2910 4322 Tamen
2957 4270 3279 4326 studendum
3322 4278 3409 4325 est

1809 4357 1870 4402 ut
1900 4364 2006 4404 non
2034 4368 2248 4420 semper
2278 4357 2538 4410 saturitas
2563 4372 2594 4410 e
2619 4358 2754 4412 Tcndi
2788 4359 2947 4414 ﬁnem
2978 4359 3161 4426 faciat,
3187 4362 3282 4417 sed
3311 4377 3406 4417 vo—

1808 4439 2030 4507 lunias;
2086 4458 2185 4496 nec
2239 4444 2459 4514 impleat.
2509 4448 2719 4501 ventris
2767 4450 3106 4503 saturitatem
3136 4450 3401 4521 edacitas,

1807 4535 1901 4589 sed
1947 4537 2272 4605 comprimat
2322 4539 2581 4607 parcitas.
2638 4538 2790 4594 Unde
2824 4540 2903 4594 ait
2951 4540 3278 4612 Apostolus:
3330 4543 3402 4602 Et

1803 4629 1980 4681 carnis
2007 4644 2189 4681 curam
2220 4645 2283 4683 ne
2303 4630 2533 4700 feceritis
2565 4630 2619 4683 in
2641 4629 2917 4687 desideriis
2940 4631 3118 4703 (Rom.
3142 4651 3261 4702 xm,
3288 4635 3397 4710 14).

1804 4718 1919 4773 l\'on
1951 4720 2095 4773 enim
2138 4721 2321 4774 carnis
2352 4737 2538 4775 curam
2592 4722 2920 4779 omnimodis
2970 4724 3271 4794 interdixit,
3305 4728 3401 4784 sed

1802 4821 1861 4865 ut
1892 4813 1943 4865 in
1979 4814 2265 4868 desideriis
2296 4829 2363 4869 ne
2391 4814 2566 4880 ﬁeret,
2595 4815 2891 4885 prohibuit.
2919 4816 2966 4870 A
2991 4821 3245 4876 carnibus
3270 4836 3398 4876 vero

1805 4913 1911 4959 tam
1975 4909 2383 4977 quadrupedum
2437 4922 2597 4977 quam
2650 4910 3192 4967 volucrum‘omnino
3230 4914 3398 4967 absti-

1801 5006 1966 5050 neant
1983 5038 1997 5062 ,
2016 4999 2116 5052 nisi
2144 4998 2280 5053 forte
2297 5000 2462 5069 aliqui
2491 5002 2545 5055 in
2565 5003 2715 5073 gravi
2736 5003 3057 5073 mgritudine
3078 5004 3281 5058 fuerint
3306 5004 3396 5060 de-

1801 5090 1955 5142 ιμηιί.
1988 5090 2121 5159 Ipsis
2152 5092 2296 5146 enim
2320 5108 2419 5164 pro
2441 5095 2782 5163 reparatione
2808 5103 3014 5149 tantum
3042 5096 3392 5153 concedatur.

1799 5179 1946 5235 Illico
1972 5192 2149 5237 autem
2184 5196 2243 5239 ut
2273 5184 2562 5241 validiores
2605 5185 2784 5241 effecti
2818 5183 3037 5251 fuerint,
3066 5201 3098 5241 a
3139 5186 3392 5244 carnibus

1800 5288 1951 5330 more
1973 5275 2132 5331 solito
2151 5278 2474 5335 abstineant.

2380 5392 2609 5449 CAPUT
2638 5393 2821 5450 XLIV.

2298 5482 2378 5539 De
2401 5486 2621 5557 crapula
2642 5484 2893 5541 cavenda.

1812 5630 1815 5635 -
1871 5594 1927 5650 In
1954 5604 2215 5665 quantum
2242 5613 2371 5669 ergo
2412 5599 2636 5654 solitarii
2678 5607 2927 5668 possunt,
2974 5599 3195 5659 delicias
3222 5613 3277 5663 et
3302 5607 3387 5662 ci-

1799 5685 1991 5740 borum
2020 5688 2322 5756 opulentias
2353 5686 2554 5760 fugiant
2580 5706 2594 5751 ;
2627 5696 2682 5742 et
2708 5705 2815 5745 non
2839 5691 3011 5746 solum
3037 5709 3068 5748 a
3087 5698 3387 5767 cupiditate

1800 5783 2158 5853 pretiosorum
2188 5782 2455 5851 ciborum,
2480 5783 2575 5836 sed
2597 5782 2761 5837 etiam
2789 5800 2819 5839 a
2848 5785 3014 5842 nimia
3036 5792 3385 5862 perceptione
