3972 6328
581 304 687 371 635
1579 308 1640 367 S.
1680 306 2046 375 BENEDICTI
2080 303 2376 364 ABBATIS
2412 302 2825 364 AMANENSIS
3522 352 3534 368 ,
3622 360 3633 363 _
3766 312 3871 370 ως

578 424 771 483 vilium
797 437 865 483 se
887 425 1237 482 contineant:
1270 430 1480 480 remota
1507 436 1618 494 prae
1645 421 1896 478 omnibus
1925 422 2167 493 crapula,
2197 426 2252 487 Α
2273 418 2421 475 licite
2448 435 2507 476 se
2539 434 2754 491 semper
2780 414 3066 490 aspiciant,
3096 434 3169 477 ne
3209 422 3337 478 dum
3377 422 3520 496 gulae
3550 422 3763 482 vitium
3801 428 3855 485 fu

579 525 643 575 ut
668 532 947 592 nunquam
977 518 1248 589 subripiat
1292 518 1373 573 eis
1420 514 1728 588 indigeries,
1758 515 1883 587 quia
1932 516 2066 571 nihil
2094 516 2173 572 sic
2274 511 2443 581 sitim,
2473 512 2527 565 in
2558 511 2866 581 superbiam
2893 522 2987 568 aut
3011 529 3207 570 Vanam
3256 515 3480 586 gloriam
3506 516 3786 576 incidant.
3818 521 3867 577 EI

582 612 921 671 contrarium
959 621 1045 670 est
1072 613 1219 670 omni
1268 611 1577 668 Christiano
1625 610 1895 680 quomodo
1924 611 2166 679 crapula.

581 705 740 763 Unde
770 705 1030 764 Dominus
1050 706 1127 762 ait
1154 725 1167 761 :
1214 702 1394 759 Videte
1416 720 1477 758 ne
1500 713 1784 774 graventur
1812 703 1973 756 corda
2001 712 2171 757 vestra

577 796 636 853 in
664 797 882 871 crapula
911 806 961 853 et
991 797 1234 852 ebrietate
1262 790 1411 868 (Luc.
1447 809 1558 859 xxr,
1589 791 1701 866 54).
1750 791 1895 848 Nihil
1921 795 2065 848 enim
2089 793 2169 848 sic

579 886 880 949 inﬂammat
907 897 962 943 et
986 887 1166 943 titillat
1192 884 1431 942 membra
1456 884 1710 956 genitalia
1734 882 2003 955 quomodo
2026 882 2170 938 indi-

577 986 763 1053 gestus
791 980 941 1035 cibus
967 988 1258 1048 ructusque
1284 975 1597 1031 conmlsus.
1632 974 1782 1030 Escae
1809 975 1951 1029 enim
1986 974 2167 1029 multze

576 1083 685 1124 non
710 1068 880 1125 solum
903 1069 1065 1124 corda
1093 1074 1297 1133 nostra,
1323 1068 1419 1122 sed
1440 1066 1604 1121 etiam
1630 1080 1825 1136 corpus
1851 1074 1904 1121 et
1928 1067 2166 1120 animam

575 1156 878 1215 debilitant.
906 1159 1059 1231 Saepe
1084 1160 1228 1214 enim
1258 1174 1355 1229 per
1402 1154 1645 1214 ciborum
1689 1158 2001 1213 aviditatem
2049 1167 2165 1213 sto-

575 1250 754 1305 machi
781 1249 1105 1320 franguntur
1131 1249 1297 1315 vires,
1328 1264 1540 1303 necnon
1566 1257 1620 1302 et
1640 1248 2023 1304 abundantiam
2046 1262 2168 1303 san-

573 1343 772 1413 guinis,
800 1353 856 1399 et
878 1344 1172 1411 choleram,
1224 1350 1278 1398 et
1321 1342 1580 1413 plurimas
1620 1344 1968 1414 aegritudines
2009 1328 2165 1399 esca-4

569 1452 692 1492 rum
727 1437 1007 1491 nimietate
1033 1436 1288 1507 patimur.
1316 1436 1523 1491 idcirco
1554 1445 1762 1491 tantum
1791 1437 1969 1490 cibum
2001 1452 2165 1492 unus-

567 1530 800 1600 quisque
823 1528 926 1584 sibi
954 1529 1235 1594 concedat,
1259 1537 1519 1599 quantum
1547 1530 1867 1583 sustentatio
1894 1529 2161 1598 corporis,

568 1634 677 1677 non
729 1630 993 1692 quantum
1041 1622 1364 1677 desiderium
1408 1623 1590 1677 carnis
1623 1621 1883 1692 exposcit.
1935 1620 2163 1692 Oportet

566 1712 752 1785 itaque
776 1721 832 1768 ut
860 1727 989 1769 caro
1020 1721 1204 1767 nostra
1237 1711 1479 1781 subjecta
1523 1714 1593 1767 sit
1632 1713 1823 1766 animae
1853 1720 2073 1775 nostrm,
2107 1718 2163 1766 et

2272 616 2487 655 rursum
2532 602 2855 659 admonendi
2887 614 3032 671 sunt,
3066 614 3127 660 ut
3171 606 3557 664 abstinentiam
3609 625 3783 666 suam
3832 624 3866 668 ει

2271 707 2486 763 semper
2522 695 2641 749 sine
2666 695 3105 753 intermutatione
3133 698 3466 766 custodiant,
3494 708 3555 756 et
3591 717 3867 774 umquam

2270 783 2409 839 hanc
2455 787 2597 854 apud
2646 788 2916 842 occultum
2955 788 3194 857 iudicem
3236 791 3452 846 eximite
3484 793 3722 849 virtutis
3766 810 3860 852 ere
3900 810 3904 814 ·

2270 876 2401 928 dant
2426 890 2441 940 ;
2473 891 2540 929 ne
2568 874 2707 930 forte
2730 879 2911 950 magni
2934 881 3113 934 meriti
3136 896 3196 936 se
3214 897 3338 938 esse
3360 885 3739 951 :estimantes,
3769 903 3866 943 cor-

2269 965 2338 1019 da
2366 967 2419 1020 in
2440 966 2731 1023 elationem
2756 966 2956 1025 levent.
2992 970 3084 1026 Sic
3113 974 3260 1029 enim
3285 987 3515 1045 corpora
3546 986 3774 1041 nostra,
3802 981 3866 1033 vel

2266 1061 2433 1115 etiam
2456 1075 2742 1131 corporum
2786 1062 3059 1119 incentiva
3102 1065 3282 1135 rigore
3314 1066 3680 1123 districtioris
3706 1070 3865 1124 absti-

2264 1153 2466 1208 nentiae
2502 1154 2849 1226 castigemus,
2876 1162 2988 1210 uta
3017 1157 3329 1215 carnalibus
3371 1158 3673 1216 desideriis
3724 1163 3861 1217 abs}

2263 1243 2385 1314 luti,
2413 1248 2619 1302 sanctis
2646 1248 2939 1302 virtutibus
2969 1246 3280 1303 ﬂoreamus.

2846 1339 3075 1396 CAPUT
3107 1341 3265 1397 XLV.

2621 1432 2700 1486 De
2725 1448 2971 1487 mensura
2998 1443 3150 1503 potus
3172 1434 3555 1489 solitariortmt.

2335 1521 2593 1577 Eamdem
2624 1523 2822 1593 quippe
2868 1538 3178 1579 mensuram
3219 1534 3378 1595 potus
3427 1542 3605 1597 quam
3644 1540 3859 1585 eam

2258 1614 2596 1672 Benedictus
2620 1618 2903 1672 constituit
2925 1619 3229 1683 monachis,
3272 1619 3522 1675 eamdem
3558 1629 3617 1676 et
3644 1637 3757 1677 nos
3798 1623 3857 1677 ia-

2263 1709 2542 1764 ﬁrmorum
2572 1718 2895 1765 contuentes
2922 1710 3345 1766 imbecillitatem
3365 1713 3770 1770 constituimus
3792 1731 3856 1770 so-

566 1807 708 1862 sicut
737 1805 931 1861 ancilla
959 1805 1245 1861 famnictur
1273 1803 1507 1861 dominre
1544 1822 1672 1861 sure.
1705 1805 1820 1860 Non
1850 1798 2159 1862 enim‘bene
2185 1808 2235 1869 B
2262 1801 2476 1867 lilariiS,
2508 1803 2563 1856 id
2610 1812 2717 1868 est,
2753 1803 3045 1871 unicuiqoo
3088 1804 3362 1859 heminam
3408 1805 3524 1859 vini
3573 1822 3679 1876 per
3708 1807 3853 1862 dies.

564 1912 855 1968 possumus
882 1896 1124 1970 vigilare,
1150 1914 1270 1952 cum
1303 1897 1531 1968 dapibus
1561 1894 1725 1953 fuerit
1752 1904 1944 1952 venter
1971 1906 2159 1952 noster

564 1996 845 2057 onustus;
903 1991 996 2045 sed
1047 2004 1238 2044 somno
1286 1989 1529 2061 oppressi
1585 1988 1895 2057 vigiliarum
1948 1988 2156 2044 fructus

566 2079 884 2144 amittimus,
909 2085 965 2133 et
988 2080 1285 2133 maximum
1313 2079 1699 2133 detrimentum
1735 2080 1929 2132 animate
1954 2087 2154 2134 nostra:

563 2168 918 2239 acquirimus.
949 2166 1084 2223 Nam
1112 2168 1249 2224 sicut
1289 2168 1445 2223 miles
1466 2168 1700 2240 plurimo
1730 2183 1895 2223 onere
1919 2183 2153 2240 praegra-

561 2269 722 2315 vatur
747 2268 803 2316 et
827 2258 1156 2331 praepeditur
1195 2260 1263 2315 ad
1289 2259 1509 2326 bellum,
1554 2260 1628 2314 ita
1672 2260 2001 2331 praepeditur
2026 2258 2151 2315 soli-

560 2351 735 2407 tarius
757 2351 825 2407 ad
850 2351 1061 2424 vigilias
1088 2366 1209 2409 cum
1233 2366 1482 2407 escarum
1512 2352 1763 2424 largitate
1783 2350 2057 2407 fervescit.

634 2442 745 2499 Sed
772 2452 828 2499 et
848 2441 1094 2500 diabolus
1133 2443 1429 2514 plurimum
1478 2443 1603 2499 inde
1643 2444 1857 2515 gaudet,
1903 2458 2026 2499 cum
2054 2443 2149 2499 Dei

557 2544 746 2590 servos
774 2534 973 2591 viderit
1010 2534 1178 2590 nimio
1219 2534 1340 2590 cibo
1382 2533 1632 2600 refertos,
1680 2537 1820 2590 sicut
1848 2534 2047 2605 legitur
2081 2535 2149 2591 de

557 2624 795 2696 quodam
818 2627 937 2683 viro
958 2626 1270 2690 venerabili,
1314 2636 1503 2682 sancto
1533 2625 1852 2681 Pliiliberto.
1899 2625 1999 2682 Hic
2022 2640 2147 2681 cum

557 2725 705 2774 esset
727 2718 784 2773 in
812 2720 1045 2790 quodam
1073 2719 1427 2785 monasterio,
1456 2726 1511 2773 et
1538 2718 1727 2789 iugum
1754 2718 1955 2774 Christi
1983 2734 2147 2775 suave

556 2817 614 2864 et
646 2825 784 2865 onus
825 2810 943 2880 ejus
978 2812 1095 2867 leve
1143 2811 1467 2880 susciperet,
1514 2812 1571 2866 in
1617 2820 1827 2866 tantum
1872 2810 2146 2883 religionis

562 2900 769 2955 cultum
807 2903 1072 2968 excrevit,
1094 2911 1154 2957 ut
1173 2904 1336 2958 etiam
1361 2902 1495 2958 viris
1524 2901 1939 2974 perfectioribus
1966 2903 2022 2957 in
2046 2904 2145 2958 ab-

561 2996 826 3051 stinentia
850 3002 905 3051 et
931 2998 1141 3052 caeteris
1164 2998 1452 3052 virtutibus
1478 2996 1755 3052 imitabilis
1784 2995 1956 3051 fieret.
1986 2994 2147 3051 Cum-

554 3096 663 3155 que
714 3086 966 3156 antiquus
1024 3088 1196 3142 hostis
1248 3085 1364 3156 ejus
1411 3087 1677 3143 invideret
1733 3086 2138 3154 abstinentiam,

2257 1891 2465 1959 Quibus
2491 1903 2671 1949 autem
2700 1896 2863 1949 donat
2898 1895 3047 1951 Deus
3093 1896 3441 1952 tolerantiam
3484 1899 3853 1963 abstinentia,

2254 1986 2533 2055 propriam
2560 2000 2617 2041 se
2648 1986 2932 2041 habituros
2956 1988 3264 2042 mercedem
3304 1988 3483 2043 sciant
3508 2006 3525 2042 :
3562 1988 3852 2061 Unusquis-

2252 2091 2355 2146 que
2382 2078 2540 2144 enim,
2572 2086 2633 2131 ut
2674 2078 2752 2131 ait
2798 2077 3107 2147 Apostolus,
3150 2080 3423 2149 proprium
3475 2080 3690 2136 Mum
3718 2083 3849 2137 hist

2252 2180 2319 2220 ea:
2340 2167 2473 2233 Deo,
2501 2167 2638 2223 alius
2665 2168 2875 2239 quidem
2905 2171 2999 2235 sic,
3028 2168 3166 2224 alius
3192 2184 3311 2224 vero
3329 2172 3405 2224 sic
3427 2170 3479 2242 (I
3503 2171 3634 2226 Cor.
3666 2189 3771 2239 vn,
3791 2178 3847 2245 7).

2252 2258 2409 2324 Quod
2439 2259 2485 2313 si
2532 2258 2639 2314 loci
2688 2260 3011 2327 necessitas,
3056 2261 3141 2316 vel
3189 2261 3369 2327 labor,
3422 2272 3522 2317 aut
3570 2264 3847 2321 inﬁt-Ilit-

2252 2349 2486 2418 amplius
2533 2350 2864 2420 poposcerit,
2913 2352 2970 2407 in
3017 2366 3209 2408 eorum
3256 2352 3532 2408 consistat
3587 2355 3842 2421 arbitrio;

2249 2442 2663 2498 considerantes
2694 2452 2877 2500 tamen
2905 2445 2961 2500 in
2988 2446 3244 2501 omnibus
3270 2461 3341 2502 ne
3379 2447 3466 2503 eis
3496 2449 3738 2505 satietas
3768 2460 3844 2503 an

2248 2532 2490 2589 ebrietas
2515 2535 2799 2604 subripiat.
2831 2535 2984 2592 Licet
3012 2536 3158 2592 enim
3185 2536 3434 2609 legamus
3465 2540 3659 2595 vinum
3683 2542 3843 2597 omni

2250 2638 2322 2678 no
2347 2626 2737 2681 monachorum
2766 2627 2851 2682 vel
2886 2628 3255 2685 solitariorum
3284 2644 3395 2686 non
3420 2640 3571 2701 ease,
3606 2635 3707 2691 sed
3729 2634 3840 2704 qia

2249 2718 2457 2772 nostris
2490 2719 2828 2788 temporibus
2855 2719 2910 2774 id
2955 2723 3240 2778 monachis
3283 2733 3380 2779 aut
3426 2725 3702 2782 solitarii:
3734 2740 3841 2795 per»

2247 2810 2466 2865 suaderi
2509 2825 2618 2867 non
2646 2821 2847 2883 potest,
2891 2813 3086 2869 saltem
3116 2824 3171 2870 et
3220 2816 3326 2872 hoc
3358 2819 3840 2874 consentiamus

2248 2914 2358 2956 non
2390 2916 2563 2971 usque
2600 2904 2669 2957 ad
2714 2891 3024 2960 satietatem
3062 2908 3272 2973 bibant,
3306 2907 3401 2963 sed
3453 2912 3699 2979 nscius,
3732 2911 3837 2982 quis

2245 2991 2434 3047 vinum
2465 3002 2778 3063 apostatare
2807 2995 2939 3051 facit
2978 2998 3145 3053 etiam
3193 2999 3491 3069 sapientes.
3528 3001 3636 3057 Ubi
3675 3012 3840 3057 ante.

2247 3087 2546 3142 necessitas
2568 3087 2671 3143 loci
2698 3090 2963 3160 exposcit,
2990 3101 3052 3146 ut
3069 3108 3171 3149 nec
3196 3095 3577 3167 suprascripta
3599 3112 3838 3153 mensula

555 3172 788 3247 quadam
810 3173 898 3230 die
917 3176 1150 3246 pulsavit
1171 3178 1413 3233 animum
1438 3177 1582 3233 illius
1602 3187 1661 3233 ut
1687 3178 1949 3249 ampliora
1971 3194 2144 3234 sume-
2169 3156 2215 3224 ε
2247 3175 2479 3231 inveniri
2508 3186 2711 3247 posset,
2740 3156 2834 3237 sed
2862 3156 3031 3238 multo
3074 3156 3279 3251 minus;
3308 3192 3404 3240 aut
3432 3156 3498 3240 er
3535 3194 3657 3243 toto
3700 3187 3838 3248 nihil.

552 3270 642 3317 ret
666 3263 887 3319 cibaria.
920 3262 1050 3320 Post
1079 3266 1195 3321 haec
1221 3280 1352 3321 vero
1376 3267 1432 3321 in
1454 3267 1569 3338 ipsa
1592 3275 1773 3334 nocte,
1802 3267 1930 3323 dum
1951 3266 2143 3325 fuisset

551 3351 677 3407 cibo
702 3361 996 3422 saturatus,
1037 3364 1170 3410 nutu
1220 3355 1318 3411 Dei
1360 3356 1607 3415 detectus
1660 3360 1915 3415 inimicus
1956 3369 2144 3416 sancto

549 3440 852 3502 Philiberto
876 3461 974 3518 per
1001 3446 1270 3504 somnium
1315 3459 1397 3506 est
1438 3460 1708 3521 ostensus,
1742 3461 1797 3509 et
1822 3453 1988 3523 coepit
2015 3469 2145 3509 ven-

550 3542 691 3592 trem
721 3538 838 3608 ejus
865 3537 1012 3593 velut
1054 3541 1295 3610 gaudens
1341 3542 1564 3615 palpare
1611 3558 1675 3599 ac
1719 3544 1938 3601 dicere:
1988 3542 2144 3602 Modo

548 3622 643 3680 hic
664 3624 823 3693 bene,
855 3624 1017 3684 modo
1039 3626 1128 3684 hic
1152 3630 1308 3686 bene.
1351 3630 1505 3689 Tunc
1544 3633 1698 3689 miles
1735 3633 1949 3690 Domini
1976 3651 2143 3707 agno-

552 3728 711 3772 scens
756 3715 936 3785 iacula
988 3720 1217 3787 inimici,
1266 3723 1447 3787 crucis
1478 3738 1536 3779 se
1566 3724 1785 3780 vallavit
1816 3726 2139 3792 munimine,

547 3807 788 3879 rigorem
814 3809 1151 3867 abstinentia:
1180 3814 1433 3886 deinceps
1460 3818 1668 3873 studuit
1697 3816 1992 3888 triplicare.
2023 3818 2139 3888 Qua

547 3899 607 3955 in
631 3917 691 3957 re
718 3905 1021 3959 ostenditur
1048 3906 1299 3981 qualibus
1346 3912 1632 3980 quantisve
1678 3912 1996 3983 muscipulis
2027 3914 2140 3970 dia-

545 3988 710 4046 bolus
732 3991 827 4049 Dei
856 4009 1041 4051 servos
1066 4000 1366 4070 prmpedire
1400 4004 1639 4071 molitur,
1669 4012 1931 4075 quantum
1952 4005 2019 4062 de
2049 4006 2137 4061 ni-

547 4079 661 4135 mia
691 4081 953 4141 edacitate
978 4084 1192 4142 laetatur

619 4170 853 4245 Ideoque
884 4177 1197 4235 studeamus
1222 4192 1322 4235 nos
1349 4178 1530 4237 taliter
1554 4181 1623 4238 ab
1641 4184 1783 4240 escis
1808 4191 2133 4257 temperare,

2244 3268 2571 3326 benedicant
2614 3274 2783 3329 Deum
2808 3275 2905 3345 qui
2952 3277 3028 3333 ibi
3066 3276 3339 3347 habitant,
3384 3287 3443 3336 et
3488 3294 3603 3335 non
3643 3281 3840 3336 amtti-

2244 3369 2498 3431 stentur;
2548 3366 2643 3421 sed
2695 3370 2987 3439 gaudeant,
3036 3383 3103 3425 eo
3149 3371 3297 3442 quod
3335 3385 3369 3426 ε
3419 3371 3513 3426 tali
3539 3381 3846 3443 pestesnnt

2244 3451 2479 3510 liberati.
2540 3455 2667 3513 Haec
2716 3467 2899 3515 autem
2943 3469 3071 3518 ante
3124 3464 3312 3519 omnia
3361 3464 3733 3521 admonentes.
3788 3474 3847 3520 ω

2243 3545 2448 3635 absque
2472 3553 2990 3609 murmuratienibus
3018 3554 3147 3611 sint.

2315 3643 2394 3699 De
2426 3644 2555 3699 vino
2578 3654 2760 3702 autem
2794 3648 3119 3705 abstinendo
3155 3648 3452 3721 Apostolus
3485 3658 3705 3709 ωηι-
3732 3652 3837 3707 ω

2242 3733 2506 3802 tegulam,
2546 3735 2774 3792 dicens:
2831 3738 3016 3795 Nolite
3053 3740 3311 3796 inebriari
3339 3744 3480 3809 sino,
3536 3746 3596 3798 in
3623 3761 3731 3815 quo
3770 3754 3834 3798 tl

2239 3823 2460 3881 luxuria
2482 3825 2698 3899 (Ephes.
2722 3844 2778 3894 γ,
2810 3829 2922 3903 l8).
2955 3830 3121 3898 Quasi
3146 3833 3376 3900 diceret,
3410 3835 3691 3891 luxuriam
3717 3835 3836 3890 facit

2239 3925 2297 3972 et
2322 3917 2496 3972 nutrit
2522 3919 2634 3973 vini
2662 3922 2940 3993 perceptio
2973 3922 3166 3990 nimia,
3214 3936 3323 3981 non
3358 3935 3583 3981 natura.
3615 3927 3689 3983 Et
3726 3929 3835 3982 ideo

2239 4014 2513 4069 solitarios
2532 4030 2640 4069 non
2662 4016 2743 4069 uti
2765 4016 2915 4088 vino,
2946 4015 3041 4072 sed
3064 4017 3321 4073 inebriari
3343 4018 3651 4089 prohibeo;
3675 4033 3833 4090 qua»

2238 4104 2527 4173 doqnidem
2554 4105 2832 4161 inﬁrmum
2858 4109 3197 4164 stomachum
3225 4123 3360 4165 usus
3385 4112 3709 4168 moderatu
3732 4110 3830 4165 vii

2238 4195 2536 4261 confortat,
2567 4197 2804 4254 ebrietas
2832 4214 2966 4255 vero
3006 4202 3245 4256 animum
3293 4212 3609 4273 corpusque
3648 4202 3834 4261 hbi-

545 4271 613 4321 ut
755 4267 971 4365 quando
1021 4270 1272 4365 inimicus
1298 4272 1365 4329 de
1418 4273 1581 4329 nimia
1635 4285 1822 4333 nostra
1869 4279 2135 4339 edacitate
2237 4292 2338 4339 tat.
2376 4284 2620 4357 Denique
2650 4286 2932 4347 Timotheo
2957 4291 3223 4361 discipulo
3262 4307 3364 4347 suo
3392 4260 3660 4364 .prz'eipit
3700 4294 3835 4365 Ap

545 4359 817 4453 exstiterit
850 4361 1180 4453 gavisus,gde
1211 4374 1395 4421 nostra
1424 4367 1622 4423 iterum
1650 4372 1976 4429 abstinentia
2005 4374 2130 4431 abs-
2236 4377 2409 4433 stolus
2437 4377 2661 4434 dicens:
2696 4378 2826 4434 Noli
2854 4397 3049 4453 aquam
3090 4359 3303 4448 titan;
3339 4359 3433 4438 sed
3465 4359 3683 4440 mod—ito
3716 4359 3831 4440 ὦ

542 4451 703 4548 @dat
748 4449 1025 4548 confusus.
1075 4451 1267 4511 Omnia
1313 4465 1493 4513 tamen
1548 4471 1859 4519 meosurate
1904 4472 1961 4519 et
2006 4480 2128 4521 cum
2155 4514 2210 4548 η
2235 4478 2400 4535 utere,
2432 4478 2645 4540 propter
2666 4449 2925 4526 stomachi
2945 4471 3180 4527 dolorem
3207 4484 3260 4529 et
3294 4485 3509 4547 propter
3540 4477 3833 4548 fregi-ta

544 4542 868 4638 discretione
912 4540 1085 4614 ﬁant;
1131 4548 1257 4618 quia
1303 4550 1470 4607 nimia
1509 4553 1837 4610 abstinentia
1883 4557 2129 4614 ciborum
2154 4514 2210 4579 Β
2235 4568 2355 4615 tuas
2385 4514 2733 4630 ,iriﬁn'ititates
2779 4560 2833 4635 (I
2862 4561 2997 4618 Tim.
3029 4580 3086 4631 ν,
3118 4564 3233 4638 23).
3279 4514 3360 4622 Kc
3391 4514 3501 4637 ,ἓν
3540 4514 3657 4624 Ilion
3704 4562 3835 4624 ..ω

542 4642 652 4731 non
683 4633 859 4689 solum
884 4637 1031 4693 vires
1074 4641 1317 4711 corporis
1361 4642 1581 4716 frangit,
1627 4650 1718 4703 sed
1749 4648 1913 4703 etiam
1954 4651 2133 4706 inten-
2234 4660 2427 4707 contra
2480 4633 2863 4709 abstinentiam
2913 4654 3141 4723 faciunt,
3189 4633 3289 4727 qui
3333 4633 3523 4714 vinum
3574 4674 3682 4715 non
3740 4674 3833 4731 pro

540 4727 748 4823 tionem
774 4730 967 4823 animae
1009 4732 1220 4801 minuit,
1267 4739 1573 4810 mentisque
1621 4742 1893 4811 ingenium
1923 4758 2134 4802 marce-
2234 4743 2522 4811 ebrietate,
2546 4746 2642 4802 sed
2667 4754 2878 4803 tantum
2906 4763 3007 4820 pro
3031 4750 3277 4821 corporis
3294 4750 3473 4806 salute
3492 4727 3837 4823 percipiunt;

542 4834 696 4916 scere
723 4820 871 4916 facit,
899 4826 955 4878 et
980 4824 1222 4895 vigorem
1245 4829 1511 4885 orationis
1533 4830 1750 4886 amittit.
1786 4831 2129 4904 Quapropter
2230 4853 2331 4893 nec
2355 4838 2460 4895 hoc
2493 4840 2573 4895 eis
2598 4841 2756 4896 otl'ert
2786 4843 3062 4911 voluntas,
3095 4845 3190 4900 sed
3222 4820 3833 4916 permittit—inﬁrmis.-

541 4909 960 5003 quidquidcum
993 4920 1420 4984 temperamento
1448 4918 1529 4985 ﬁt,
1560 4920 1794 4979 salutare
1834 4932 1917 4979 est
1941 4941 1955 4992 ;
1981 4926 2126 4996 quod
2233 4930 2293 4986 Si
2328 4939 2511 4986 autem
2546 4932 2837 4990 inﬁrmitas
2877 4909 3130 5003 defuerit,
3174 4909 3381 4992 .-γίηο
3422 4947 3512 4994 est
3554 4940 3844 4995 abstinu-

538 5010 671 5100 vero
698 5001 862 5057 nimis
889 5011 945 5060 et
980 5003 1122 5100 ultra
1149 5010 1367 5064 modum
1394 5007 1474 5077 fit,
1512 5013 1871 5081 perniciosum
1899 5025 1983 5073 est
2013 5026 2126 5073 stu-
2225 5024 2383 5092 dum;
2414 5039 2483 5079 ne
2502 5024 2613 5083 vini
2633 5027 2934 5096 perceptio,
2955 5043 3074 5097 qua:
3094 5001 3367 5084 inﬁrmum
3391 5040 3842 5100 comesum-

538 5090 795 5189 diumque
836 5108 991 5189 suum
1026 5097 1087 5189 in
1125 5103 1459 5157 contrarium
1484 5106 1668 5160 vertit.
1710 5105 1862 5163 Unde
1903 5117 2127 5166 sanctus
2222 5104 2321 5180 tat,
2353 5090 2545 5170 sanum
2587 5090 2857 5172 incendat.
2892 5090 3157 5184 Quoniam
3204 5119 3424 5189 quidem
3473 5090 3610 5177 v'mo
3646 5122 3743 5176 uti
3787 5128 3843 5175 ει

535 5179 809 5281 Antonius
849 5186 1021 5281 dixit:
1066 5186 1206 5246 Sunt
1252 5193 1473 5263 quidam
1516 5205 1858 5255 conterentes
1896 5212 2124 5271 corpora
2221 5208 2570 5264 usuibabere
2600 5209 2777 5265 oleum
2820 5179 3002 5264 nullus
3030 5179 3239 5265 dixerit
3253 5225 3377 5266 esse
3402 5220 3697 5281 peccatum
3724 5228 3747 5274 :
3788 5211 3843 5264 il

538 5288 638 5371 sua
665 5275 720 5330 in
762 5275 1109 5349 abstinentia,
1154 5292 1210 5339 et
1250 5286 1379 5355 quia
1419 5302 1527 5343 non
1570 5288 1877 5345 habuerunt
1918 5292 2124 5349 discre-
2222 5301 2310 5356 his
2340 5308 2520 5355 autem
2563 5300 2874 5371 regionibus
2911 5300 3004 5356 ubi
3036 5299 3272 5356 defuerit
3313 5275 3522 5368 oleum,
3550 5302 3601 5358 si
3636 5315 3843 5357 Iaca-

536 5364 762 5464 tionem,
793 5372 951 5464 longe
975 5375 1100 5431 iacti
1125 5387 1251 5435 sunt
1285 5396 1317 5434 a
1353 5380 1481 5437 Deo.
1514 5380 1651 5437 Hinc
1690 5385 1882 5438 beatus
1910 5384 2116 5454 Grcgo-
2222 5394 2356 5450 sitas
2389 5364 2713 5464 exposcerit,
2744 5393 2905 5461 adlpe
2936 5401 3163 5448 utantur
3190 5394 3484 5451 interdum.

480 5469 485 5473 ‘
534 5457 650 5513 rius
674 5460 788 5515 ait:
821 5462 1144 5537 Plerumque
1183 5471 1331 5526 enim
1357 5475 1483 5528 dum
1529 5476 1649 5544 plus
1692 5492 1854 5546 quam
1898 5494 2119 5534 necesse
2458 5457 2477 5464 ’
2699 5457 2706 5459 ὴ
2789 5457 3018 5541 CAPUT
3060 5486 3241 5543 XLVI.

534 5558 621 5606 est
643 5566 741 5622 per
779 5554 1162 5618 abstinentiam
1193 5581 1323 5621 caro
1367 5569 1640 5634 atteritur,
1680 5569 1956 5627 humilitas
1987 5571 2119 5629 foris
2346 5575 2425 5630 De
2452 5578 2699 5630 ebrietate
2728 5576 2981 5641 carenda,
3011 5586 3060 5630 et
3083 5578 3147 5632 de
3182 5576 3344 5633 laude
3365 5579 3703 5636 sobrietatis.

534 5644 861 5714 ostenditur,
887 5650 982 5705 sed
1003 5651 1069 5707 de
1096 5654 1199 5712 bac
1221 5658 1335 5728 ipsa
1370 5660 1671 5716 humilitate
1710 5661 1945 5731 graviter
1973 5663 2121 5720 intus
2297 5666 2439 5723 Ante
2465 5669 2646 5723 omnia
2688 5676 2871 5723 autem
2900 5668 3181 5724 ebrietatis
3223 5670 3414 5727 vitium
3456 5671 3707 5727 solitarii
3740 5690 3841 5729 c.-

534 5737 867 5806 Wt‘bitur.
893 5741 1021 5807 [deo
1041 5747 1363 5811 admonendi
1383 5763 1510 5812 sunt
1535 5755 1889 5827 abstinentes,
1922 5763 1982 5812 ut
2007 5756 2118 5815 sol-
2226 5768 2408 5829 veant,
2445 5760 2576 5831 quia
2613 5760 2876 5831 scriptum
2904 5768 2990 5817 est
3012 5778 3025 5814 :
3065 5757 3239 5818 Hosto
3265 5761 3505 5820 ebriosus
3530 5779 3739 5824 tunc
3760 5776 3847 5825 σε
