3972 6328
846 321 1076 380 consx
1109 322 1568 382 sesumam.
1603 350 1677 367 -
1712 316 1898 381 rtus
1932 325 1997 380 n.
2020 306 2346 383 "necum
2381 324 2487 381 rp.
2528 325 2806 384 ORIENT.

3348 334 3453 394 658

203 438 447 494 muniam
491 438 756 492 vitiorum.
801 436 1021 492 Nullum
1061 441 1207 494 cutim
1235 448 1518 510 peccatum
1559 438 1780 494 vincere
1804 438 1860 500 Α
1881 439 2007 510 qttja
2038 440 2123 493 vir
2150 439 2240 495 ille
2275 447 2421 494 esset
2451 439 2518 495 de
2562 439 2787 507 deliciis,
2814 452 2883 497 ex
2925 443 3033 499 hoc
3067 445 3212 513 quod
3238 446 3381 503 Deus
3407 451 3460 506 ei

206 526 375 592 valet,
402 526 495 595 qui
522 526 692 581 multo
714 527 844 583 vino
863 537 1052 600 captus
1086 538 1189 586 est.
1237 531 1388 587 Unde
1418 530 1672 586 Salomon
1701 529 1783 584 di-

202 619 290 673 xit
312 634 328 673 :
353 617 653 675 Luxuriosa
668 634 749 676 res
769 622 970 687 uiuum,
983 633 1032 677 et
1053 622 1375 679 tumultuosa
1396 625 1648 689 ebrietas;
1669 624 1786 693 qui-

200 728 411 783 cunque
428 714 485 767 in
502 712 584 767 bis
600 713 908 781 delectatur,
931 732 1035 770 non
1052 718 1148 770 erit
1161 718 1369 787 sapiens
1389 715 1572 790 (Prov.
1597 731 1689 781 xx,
1706 712 1780 786 1).

200 803 277 859 Et
298 804 497 859 iterum
521 821 536 857 :
579 804 703 859 Non
736 807 991 860 intmris
1026 807 1083 860 in
1108 808 1224 860 vino
1246 806 1506 877 quomodo
1531 805 1783 875 ﬂauescit,

204 897 335 951 dunt
364 896 685 968 splenduerit
706 899 764 951 in
784 900 915 953 uitro
934 898 1079 954 color
1101 900 1236 969 ejus,
1258 899 1550 970 ingreditur
1574 898 1783 964 blande,

204 992 301 1045 sed
325 992 601 1045 nouissime
648 991 901 1046 mordebit
928 1001 986 1045 ut
1025 991 1278 1057 coluber;
1307 1001 1355 1046 et
1397 993 1533 1046 sicut
1578 991 1787 1061 regulus

204 1096 459 1136 uenenum
503 1082 761 1152 dilundet
810 1082 990 1154 (Prov.
1024 1083 1310 1152 nimbi).
1355 1081 1576 1135 Nullum
1621 1097 1789 1135 secre-

205 1182 321 1226 tum
368 1183 460 1233 est,
499 1173 585 1227 ubi
636 1174 857 1227 ebrietas
902 1182 1081 1244 regnat
1125 1174 1307 1245 (Prov.
1348 1190 1497 1238 χχιι,
1524 1174 1599 1244 4).
1650 1173 1789 1229 Hinc

204 1262 401 1318 beatus
426 1264 779 1335 Hieronymus
804 1266 915 1319 ait:
952 1264 1198 1320 Ebrietas
1224 1280 1439 1335 semper
1462 1264 1788 1337 ﬂagitiorum

206 1365 388 1410 mater
433 1364 536 1423 est,
569 1355 725 1411 radix
754 1358 1063 1422 criminum,
1111 1359 1337 1413 materia
1382 1358 1684 1428 culparum,
1732 1366 1790 1413 et

206 1445 362 1515 origo
386 1446 622 1499 omnium
645 1445 917 1501 vitiorum.
960 1446 1158 1501 Venter
1195 1448 1338 1502 enim
1370 1463 1521 1525 mero
1553 1455 1789 1503 aestuans

206 1536 321 1590 cito
361 1535 644 1605 despumat
688 1538 741 1591 in
779 1537 1047 1593 libidines.
1103 1540 1442 1609 Quapropter
1468 1539 1790 1595 ebrietatem

190 1624 496 1696 -fugiamus,
521 1641 588 1682 ne
624 1628 832 1682 crimen
860 1628 1089 1683 luxuriae
1136 1630 1495 1684 incuri-amns.
1540 1631 1791 1699 Plerique

1884 532 2120 587 donabat
2148 532 2397 587 mittebat
2431 532 2501 588 ei.
2535 531 2782 599 Quicum
2807 533 2993 605 viginti
3020 535 3260 605 quinque
3287 554 3459 597 annos

1883 618 2103 676 fecisset
2123 621 2175 675 in
2200 620 2357 688 Sciti,
2369 621 2543 678 factus
2555 630 2637 678 est
2660 624 2741 677 vir
2753 625 3142 694 contemplator
3158 628 3459 695 praevidens

1885 718 1942 766 et
1965 710 2448 767 nominatissimus.
2495 712 2733 773 Audiens
2778 723 2958 770 autem
2983 716 3201 787 quidam
3235 718 3302 773 de
3350 735 3466 775 ma-

1885 804 2007 874 gnis
2050 805 2333 861 monachis
2378 805 2754 878 Egyptiorum
2797 809 3102 878 opinionem
3133 811 3274 882 ejus,
3317 815 3469 869 venit

1884 896 2071 951 videre
2090 912 2237 962 eum,
2263 912 2488 967 sperans
2515 900 2974 955 conversationem
3014 903 3353 972 corporalem
3380 906 3467 960 in~

1884 990 2069 1044 venire
2097 989 2238 1060 apud
2264 1004 2389 1045 eum
2430 991 2549 1060 plus
2580 992 2825 1048 arduam.
2876 993 2977 1060 Qui
3022 1008 3149 1050 cum
3190 995 3467 1062 intrasset,

1885 1079 2140 1136 salutavit
2181 1096 2326 1147 eum,
2357 1088 2414 1136 et
2442 1081 2700 1137 facientes
2725 1083 3028 1140 orationem
3057 1085 3328 1140 sederunt.
3369 1085 3468 1142 Vi-

1886 1174 2023 1229 dens
2050 1181 2234 1229 autem
2260 1187 2385 1228 eum
2414 1172 2702 1245 Egyptius
2729 1178 2982 1232 vestitum
3008 1178 3255 1234 mollibus
3282 1178 3465 1244 rebus,

1884 1272 1944 1320 et
1984 1263 2181 1335 pellem
2234 1272 2464 1327 stratam
2512 1265 2613 1320 sub
2664 1265 2802 1335 ipso,
2840 1275 2896 1321 et
2931 1267 3200 1323 modicum
3237 1268 3469 1339 capitale

1886 1356 1988 1412 sub
2013 1362 2176 1424 caput
2204 1353 2344 1424 ejus,
2367 1354 2462 1410 sed
2489 1363 2543 1409 et
2581 1357 2745 1425 pedes
2764 1357 2994 1413 mundos
3018 1358 3310 1415 habentem
3344 1372 3469 1413 cum

1886 1448 2172 1519 galliculis,
2204 1447 2600 1503 scandalizatus
2630 1454 2714 1503 est
2758 1448 2902 1504 intra
2944 1464 3004 1504 se
3029 1450 3099 1505 de
3138 1464 3224 1515 eo,
3255 1448 3381 1519 quia
3410 1448 3468 1504 in

1886 1542 1981 1599 illo
2010 1543 2127 1597 loco
2176 1556 2283 1597 non
2322 1550 2443 1596 erat
2483 1542 2819 1597 consuetudo
2862 1543 3047 1597 taliter
3093 1540 3469 1607 conversandl,

1888 1634 1984 1689 sed
2006 1633 2179 1703 magis
2204 1633 2393 1687 duram
2420 1631 2803 1688 abstinentiam
2827 1632 3031 1687 habere
3057 1639 3468 1688 consueverant.

209 1715 458 1771 homines
485 1731 583 1787 per
605 1718 789 1773 vinum
837 1719 1129 1774 maximam
1175 1720 1506 1774 debilitatem
1548 1722 1794 1791 corporis
1819 1786 1855 1795 Δ
1894 1724 2070 1780 Senex
2100 1733 2280 1779 autem
2304 1725 2393 1780 ille
2421 1724 2697 1779 Romanus
2715 1724 2921 1779 habens
2942 1723 3471 1795 contemplationem,

204 1786 641 1870 contraxerunt.
698 1822 798 1861 nec
847 1815 1140 1877 potuerunt
1193 1810 1453 1877 consequi
1506 1786 1791 1879 pristinam
1817 1786 1867 1853 Β
1893 1819 2006 1872 sive
2028 1818 2390 1887 praevidentite
2411 1818 2660 1886 gratiam,
2688 1817 2954 1874 intellexit
2974 1818 3101 1888 quia
3143 1786 3477 1873 scandaliza-

204 1894 518 1958 sanitatem,
548 1894 673 1963 quia
716 1909 822 1949 non
868 1904 1306 1965 temperaverunt
1345 1897 1482 1966 gulae
1519 1899 1786 1953 ardorem.

1893 1917 1981 1965 tus
2008 1908 2203 1963 fuisset
2227 1909 2512 1980 [Egyptius
2534 1910 2830 1964 monachus
2859 1909 2912 1963 in
2938 1908 3075 1978 ipso,
3121 1915 3177 1963 et
3213 1907 3346 1962 dixit
3373 1906 3474 1961 mi-

206 1985 317 2041 Per
355 1987 707 2043 vinolentiam
731 1989 876 2043 enim
921 1998 1167 2045 armatur
1208 2005 1271 2045 os
1311 1990 1379 2045 ad
1428 1992 1711 2047 maledicta
1739 2000 1795 2047 et
1892 2000 2064 2054 nistro
2088 2012 2224 2053 suo:
2276 1997 2386 2053 Fac
2432 1997 2587 2052 nobis
2622 1998 2781 2053 hodie
2828 2006 3045 2068 propter
3091 1997 3343 2054 abbatem
3379 1996 3475 2066 qui

203 2079 457 2149 convicia
505 2080 895 2150 proximarum,
941 2089 999 2136 et
1052 2096 1209 2137 mens
1266 2083 1584 2139 immutatur
1631 2095 1792 2156 atque
1890 2090 2040 2144 venit
2066 2090 2262 2144 bonam
2311 2088 2474 2142 diem.
2520 2086 2679 2143 Coxit
2726 2096 2905 2142 autem
2947 2096 3115 2157 parra
3159 2087 3308 2143 olera
3355 2098 3477 2156 quae

203 2170 443 2226 balbutit
480 2171 679 2242 lingua.
728 2171 1044 2240 ilujusmodi
1069 2175 1215 2229 enim
1240 2174 1326 2228 vir
1369 2190 1492 2231 cum
1538 2191 1598 2231 se
1639 2186 1793 2249 putat
1891 2181 2147 2245 habebat,
2171 2189 2227 2235 et
2271 2189 2555 2250 surgentes
2582 2180 2717 2235 hora
2751 2179 3081 2248 competenti
3106 2179 3474 2234 comederunt.

203 2262 418 2329 bibere,
467 2262 708 2329 bibitur;
759 2265 921 2320 sicut'
945 2266 1109 2335 piscis
1155 2280 1278 2321 cum
1323 2268 1497 2322 avidis
1544 2268 1792 2324 faucibus
1889 2270 2090 2326 Habuit
2114 2272 2279 2327 ctiam
2322 2272 2594 2326 modicum
2645 2270 2755 2325 vini
2796 2267 2959 2325 senex
2989 2277 3213 2341 propter
3248 2269 3480 2324 inﬁrmi-

200 2363 465 2424 properat
489 2364 550 2409 ut
573 2356 763 2427 glutiat
790 2370 988 2421 escam,
1016 2367 1249 2441 repente
1264 2358 1484 2414 hamum
1510 2361 1655 2416 inter
1672 2360 1790 2415 fau—
1889 2369 2057 2417 tatem
2089 2378 2263 2426 suam,
2295 2369 2350 2416 et
2377 2361 2511 2415 illud
2541 2361 2818 2416 biberunt.
2862 2361 2930 2415 Et
2954 2361 3082 2416 dum
3104 2360 3311 2415 factum
3332 2367 3478 2416 esset

203 2461 298 2503 ces
329 2449 549 2519 reperit,
578 2449 654 2504 ita
683 2458 737 2504 et
760 2450 1007 2506 ebriosus
1035 2452 1312 2507 inimicum
1346 2454 1489 2508 intra
1518 2469 1577 2508 se
1604 2453 1791 2523 vinum
1886 2469 2130 2524 vespere,
2178 2454 2435 2509 dixerunt
2470 2452 2755 2509 duodecim
2778 2453 3013 2524 psalmos
3039 2460 3094 2507 et
3120 2454 3472 2509 dormierunt.

205 2539 455 2609 suscipit,
487 2546 560 2603 et,
593 2540 694 2594 heu
719 2541 733 2594 ι
782 2540 943 2596 homo
968 2542 1306 2598 rationabilis
1334 2550 1395 2597 ut
1422 2543 1790 2599 irrationabile
1888 2544 2153 2601 Similiter
2172 2553 2229 2600 et
2254 2546 2311 2600 in
2339 2553 2517 2601 nocte.
2545 2544 2786 2616 Surgens
2807 2551 2985 2599 autem
3007 2559 3166 2599 mane
3189 2542 3475 2616 Egyptius

206 2632 407 2687 animal
428 2633 660 2703 capitur.
692 2633 837 2688 Nihil
872 2643 956 2690 est
984 2635 1125 2690 aliud
1150 2637 1390 2692 ebrietas
1418 2653 1580 2708 quam
1616 2640 1789 2693 mani—
1889 2635 1979 2691 ille
2009 2636 2150 2691 dixit
2177 2637 2264 2691 ei:
2293 2635 2402 2692 Ora
2425 2651 2526 2707 pro
2561 2651 2670 2691 me.
2702 2635 2770 2690 Et
2797 2650 3047 2707 egressus
3081 2643 3168 2691 est
3207 2650 3317 2690 non
3344 2635 3476 2691 mdi-

205 2719 530 2779 feetissimus
555 2724 787 2780 daemon.
812 2724 1021 2781 Idcirco
1042 2742 1149 2781 non
1174 2737 1433 2797 quantum
1456 2728 1581 2799 gula
1598 2729 1786 2799 exigit,
1887 2727 2082 2783 ﬁcatus
2108 2728 2160 2782 in
2187 2741 2272 2785 eo.
2302 2728 2372 2782 Et
2413 2743 2539 2783 cum
2584 2727 2863 2799 paululum
2902 2728 3261 2793 discessisset,
3282 2727 3478 2783 volens

206 2815 304 2871 sed
349 2825 609 2886 quantum
638 2824 843 2873 natura;
894 2819 1234 2875 imbecillitas
1277 2820 1473 2890 poscit,
1517 2820 1785 2876 bibamus.
1889 2834 2014 2874 eum
2045 2835 2212 2875 senex
2237 2820 2328 2875 ille
2355 2819 2635 2874 Romanus
2678 2834 2892 2885 sanare,
2923 2819 3072 2874 misit
3096 2824 3219 2889 post
3246 2818 3399 2873 illum
3423 2824 3481 2874 et

208 2904 407 2961 Vinum
432 2909 576 2963 enim
604 2909 759 2988 nobis
802 2908 1062 2965 Dominus
1085 2924 1191 2965 non
1216 2910 1284 2964 ad
1308 2912 1653 2977 ebrietatem,
1695 2912 1790 2967 sed
1888 2911 2166 2965 revocavit
2213 2923 2358 2966 eum.
2390 2906 2495 2978 Qui
2542 2924 2664 2965 cum
2691 2910 2949 2975 venisset,
2999 2911 3194 2965 iterum
3244 2908 3481 2978 suscepit

208 3000 278 3053 ad
307 3000 545 3054 laetitiam
565 2999 745 3055 cordis
769 3001 992 3056 creavit.
1018 2990 1151 3055 Nam
1187 3002 1329 3058 sicut
1353 3003 1588 3059 ebrietas
1612 3011 1790 3059 mater
1889 3014 2014 3055 eum
2045 3016 2169 3056 cum
2199 3000 2416 3072 gaudio.
2462 2999 2529 3057 Et
2579 3002 2933 3071 interrogavit
2971 3015 3097 3056 eum
3135 3001 3355 3057 dicens:
3396 3001 3476 3055 Ex

206 3097 292 3143 est
313 3089 551 3165 omnium
572 3089 851 3157 vitiorum,
868 3092 943 3146 ita
967 3091 1233 3148 sobrietas
1251 3101 1428 3148 mater
1447 3102 1529 3148 est
1548 3095 1788 3150 omnium
1815 3139 1860 3203 Ο
1889 3106 2005 3160 qua
2025 3092 2303 3161 provincia
2330 3092 2434 3148 es?
2458 3092 2526 3147 Et
2553 3091 2644 3146 ille
2664 3092 2977 3163 respondit:
3017 3091 3303 3163 [Egyptius
3330 3106 3473 3147 sum.

206 3178 463 3203 —!_4..s....
534 3177 808 3203 ΕΑΒ-ἕλε--
852 3180 1043 3203 ...Ζ-..κ-
1094 3188 1171 3203 --ι
1221 3181 1456 3203 -Α..-..2-
1499 3188 1547 3203 Α..
1598 3183 1785 3203 -..ιμμ
1891 3182 1953 3203 Π.
1990 3182 2115 3203 Δξ-ξι
2145 3201 2153 3203 _
2183 3181 2345 3203 n__:_x-
2382 3182 2652 3203 -:_-:.-A!-a
2690 3182 2744 3203 Δ.
2778 3182 2865 3203 :II-
2896 3181 3024 3203 ,εξ-,ΞΑ
3053 3200 3063 3203 -
3113 3181 3219 3203 π..-
3262 3180 3473 3203 -.μ-ΞΑ,

206 3178 487 3232 virtutum.
534 3177 1046 3250 Sobrietasiquippe
1090 3188 1174 3235 est
1217 3181 1458 3251 corporis
1495 3188 1550 3236 et
1596 3183 1789 3237 animae
1815 3177 1860 3203 υ
1888 3182 1958 3237 Et
1983 3182 2157 3237 dixit:
2182 3181 2349 3251 Cujus
2375 3182 2652 3238 civitatis?
2676 3182 2747 3237 At
2778 3182 2871 3237 ille
2890 3181 3064 3237 dixit:
3113 3181 3224 3252 Ego
3255 3180 3478 3236 omnino

208 3266 363 3323 utilis
388 3268 673 3323 medicina.
709 3268 1004 3324 Conservat
1046 3278 1223 3327 autem
1267 3273 1608 3339 memoriam,
1646 3274 1791 3329 acuit
1888 3289 1998 3329 non
2019 3272 2097 3327 fui
2119 3273 2186 3328 de
2208 3273 2449 3340 civitate,
2474 3288 2576 3329 nec
2593 3273 2833 3328 habitari
2863 3274 2918 3329 in
2938 3288 3025 3328 ea.
3054 3272 3124 3327 Et
3151 3284 3317 3328 senex
3343 3270 3481 3326 dixit

209 3377 451 3428 sensum,
477 3362 712 3427 sincerat
739 3362 854 3436 (sic)
884 3372 1137 3431 mentem,
1164 3366 1375 3436 mitigat
1396 3368 1549 3433 vitia,
1590 3368 1791 3440 frangit
1888 3365 1938 3420 ei
1963 3383 1978 3418 :
2004 3364 2308 3433 Antequam
2353 3365 2650 3419 monachus
2688 3376 2861 3429 esses,
2907 3363 3036 3432 quid
3064 3360 3383 3429 operabaris
3423 3361 3479 3416 in

208 3452 509 3521 libidinem,
532 3464 793 3527 propagat
820 3465 1174 3524 senectutem,
1194 3459 1401 3513 revelat
1419 3460 1585 3516 divini
1607 3477 1791 3517 sacra—
1886 3457 2228 3526 possessione
2289 3471 2397 3525 qua
2449 3454 2747 3510 manebas?
2796 3454 2863 3509 Et
2911 3454 3001 3509 ille
3036 3467 3052 3506 :
3090 3452 3285 3508 Custos
3325 3464 3477 3511 eram

213 3545 385 3599 menti
408 3561 619 3610 arcana,
645 3556 808 3618 atque
846 3557 1078 3605 stantem
1130 3559 1185 3605 et
1230 3552 1282 3605 in
1307 3552 1559 3608 omnibus
1581 3562 1791 3609 castum
1888 3561 2146 3617 agrorum
2187 3562 2201 3599 :
2255 3545 2324 3600 Et
2376 3545 2514 3600 dixit
2542 3546 2593 3600 ei
2620 3563 2632 3598 :
2674 3544 2771 3599 tibi
2801 3542 3107 3601 dormiebas
3133 3544 3156 3597 Ἰ
3183 3541 3481 3611 Respondit

211 3634 487 3690 hominem
528 3635 676 3693 facit.
719 3637 906 3708 Itaque
935 3640 991 3694 in
1020 3640 1270 3695 omnibus
1311 3641 1663 3698 exbibeamus
1691 3658 1790 3699 nos
1886 3635 2214 3707 Egyptius:
2254 3636 2313 3693 In
2358 3645 2509 3706 881⁸οο
2540 3635 2607 3690 Et
2643 3634 2923 3691 Romanus
2947 3634 3066 3688 ait:
3100 3631 3348 3689 Habebas
3381 3632 3480 3686 313‘

206 3724 447 3793 sobrios,
480 3735 541 3783 ut
580 3728 847 3786 sobrietas
884 3744 985 3786 nos
1006 3744 1106 3802 per
1132 3732 1315 3787 omnia
1352 3733 1606 3789 exhibeat
1629 3749 1790 3791 sanos
1886 3730 2031 3799 quod
2060 3727 2333 3785 stratum?
2374 3728 2444 3783 Et
2471 3727 2601 3787 illo:
2646 3726 2761 3798 Ego
2798 3727 2857 3782 in
2898 3738 3032 3795 agro
3072 3724 3232 3780 debui
3274 3722 3475 3779 habere

204 3825 267 3871 et
287 3824 484 3875 astes.
1887 3821 2220 3876 stramenta?
2248 3820 2316 3874 Et
2337 3806 2502 3875 senex
2523 3837 2536 3873 :
2560 3818 2842 3886 Quomodo
2864 3816 3211 3873 dormiebas‘i
3237 3813 3477 3885 Respon-

762 3909 991 3968 CAPUT
1025 3910 1229 3969 XLVII.
1889 3909 1967 3965 dit
1990 3910 2275 3982 Egyptius
2301 3929 2313 3965 :
2339 3910 2397 3965 In
2425 3918 2570 3965 terra
2596 3910 2761 3964 nuda.
2786 3908 2855 3964 Et
2885 3908 3163 3963 Romanus
3186 3905 3263 3959 ait
3286 3919 3301 3958 :
3333 3904 3474 3971 Quid

205 3994 273 4053 Si
303 4012 482 4054 omnes
506 4000 778 4071 wqualiter
818 4006 1112 4059 necessaria
1153 4004 1272 4059 eius
1317 4004 1501 4059 debent
1533 4006 1784 4076 acciper..
1886 4001 2336 4065 manducabasin
2362 4016 2513 4073 agro,
2562 4009 2658 4056 aut
2688 4000 2850 4071 quale
2875 4000 3060 4055 vinum
3103 3997 3367 4055 bibebas?
3410 3997 3477 4051 Et

277 4087 477 4145 Beatus
500 4091 666 4162 igitur
683 4092 1042 4164 Augustinus,
1068 4094 1153 4148 vir
1176 4109 1273 4164 per
1294 4096 1476 4150 omnia
1499 4096 1786 4163 discretus,
1884 4093 2010 4150 ille:
2039 4094 2429 4151 Manducabam
2467 4109 2662 4164 panem
2706 4095 2933 4159 siccum,
2981 4099 3038 4147 et
3064 4092 3110 4146 si
3136 4088 3475 4147 inveniebam

198 4178 324 4234 ait:
355 4179 542 4237 Victus
564 4188 620 4236 et
663 4192 1031 4252 tegumentum
1070 4200 1179 4240 non
1221 4185 1502 4255 aequaliter
1538 4188 1790 4244 omnibus
1887 4186 2091 4255 aliquid
2119 4186 2189 4242 de
2212 4186 2580 4251 salsamentis,
2609 4193 2665 4241 et
2703 4186 2956 4240 bibebam
2992 4197 3206 4252 aquam.
3249 4181 3332 4236 Ad
3358 4182 3474 4236 haec

199 4270 498 4337 tribuatur,
529 4271 625 4327 sed
673 4273 853 4344 potius
902 4273 1043 4329 sicut
1086 4273 1380 4345 unicuique
1421 4291 1557 4347 opus
1604 4276 1784 4331 fuerit.
1885 4291 2049 4332 senex
2076 4278 2354 4335 Romanus
2378 4278 2516 4333 dixit
2537 4277 2623 4332 ei:
2651 4277 2883 4331 Grandis
2910 4275 3008 4330 tibi
3047 4274 3200 4327 labor
3237 4279 3373 4326 erat.
3404 4271 3475 4325 Et

197 4361 303 4419 Sic
317 4362 462 4418 enim
491 4363 688 4435 legitur
712 4365 767 4420 in
787 4363 1012 4422 Actibus
1043 4367 1447 4438 apostolorum:
1495 4366 1789 4422 Distribue—
1887 4365 2122 4434 adjecit:
2173 4366 2305 4421 Erat
2342 4368 2442 4421 tibi
2485 4367 2572 4422 vel
2611 4366 2866 4421 balneum
2908 4366 2965 4418 in
3010 4361 3352 4432 possessione
3380 4362 3471 4417 ubi

197 4456 366 4510 batur
403 4456 625 4527 singulis
667 4467 821 4528 prout
849 4458 1128 4531 unicuique
1165 4476 1295 4532 Opus
1339 4468 1451 4515 erat
1474 4477 1495 4528 ;
1535 4470 1582 4514 et
1608 4459 1785 4515 nullus
1807 4492 1864 4554 Β
1888 4458 2145 4514 levares?
2172 4459 2241 4513 Et
2260 4458 2548 4529 ASgyptius
2574 4476 2588 4512 :
2617 4457 2773 4522 Non;
2803 4456 2896 4512 sed
2914 4456 2969 4510 in
2990 4453 3209 4554 ﬂumine
3228 4451 3472 4554 lavabam

196 4562 363 4617 egens
387 4557 503 4603 erat
525 4548 663 4603 inter
682 4548 801 4605 illos
828 4548 966 4620 (Act.
1000 4566 1076 4617 iv,
1104 4550 1193 4617 54,
1220 4550 1333 4624 55).
1366 4549 1470 4608 Ubi
1515 4566 1624 4606 non
1653 4551 1787 4607 dici-
1807 4545 1854 4554 "
1885 4551 2102 4623 quando
2129 4550 2397 4607 volebam.
2427 4549 2563 4606 Cum
2591 4564 2722 4621 ergo
2750 4548 2869 4604 haec
2891 4547 3075 4605 omnia
3102 4560 3267 4602 senex
3312 4545 3380 4600 ab
3407 4560 3474 4601 eo

194 4653 329 4695 inus
354 4639 870 4710 quodpersonarum
890 4641 964 4696 sit
1002 4642 1142 4711 apud
1182 4640 1353 4696 Deum
1396 4642 1657 4713 acceptio,
1691 4642 1788 4698 sed
1886 4643 2202 4713 inquisisset
2223 4649 2282 4697 et
2318 4641 2659 4713 cognovisset
2703 4641 2923 4697 modum
2963 4638 3161 4710 prioris
3188 4638 3313 4693 vita:
3357 4635 3474 4707 ejus

195 4731 580 4788 inﬁrmitatum
629 4733 990 4790 consideratio
1022 4752 1035 4788 :
1087 4741 1148 4789 ut
1191 4734 1286 4804 qui
1330 4734 1509 4791 minus
1558 4734 1785 4806 indiget,
1886 4744 2053 4806 atque
2080 4736 2313 4802 labores,
2362 4734 2550 4791 volens
2574 4749 2698 4790 eum
2730 4732 3016 4805 proﬁcere,
3044 4733 3290 4788 narravit
3318 4731 3369 4786 ei
3392 4731 3474 4785 vi-

192 4822 415 4894 gratias
450 4831 575 4895 agat
597 4823 748 4891 Deo;
793 4825 885 4895 qui
916 4838 1046 4880 vero
1072 4825 1195 4895 plus
1219 4825 1444 4896 indiget,
1472 4825 1788 4880 humilietur

192 4929 305 4986 pro
330 4913 663 4983 inﬁrmitate,
689 4923 747 4970 et
788 4932 897 4971 non
942 4916 1229 4973 extollatur
1250 4932 1351 4987 pro
1389 4917 1783 4984 misericordia,

192 5012 259 5060 et
287 5006 469 5061 tamen
515 5006 627 5063 Deo
669 5006 876 5077 gratias
922 5015 1065 5077 agat,
1115 5015 1383 5078 quatenus
1426 5009 1483 5062 in
1533 5008 1784 5064 omnibus

195 5098 557 5155 benedicatur
598 5098 761 5156 Deus.
809 5099 927 5168 Qua
954 5100 1022 5156 de
1046 5116 1106 5156 re
1150 5100 1206 5155 in
1250 5100 1640 5156 Collationibus
1679 5100 1783 5156 Pa—

198 5198 356 5244 trum
380 5189 484 5246 tate
510 5190 670 5248 datur
695 5190 1024 5262 exemplum,
1054 5197 1110 5245 et
1135 5190 1264 5246 licet
1292 5192 1365 5246 sit
1387 5191 1675 5262 prolixum,
1699 5199 1786 5247 est

198 5282 471 5338 tamenin
494 5284 603 5340 hac
625 5297 687 5340 re
724 5282 1049 5353 proﬁcuum,
1078 5291 1139 5340 ut
1177 5284 1311 5340 mihi
1357 5284 1586 5339 videtur.
1621 5283 1785 5339 Venit

200 5372 501 5443 aliquando
537 5376 757 5446 quidam
785 5376 1084 5432 monachus
1108 5376 1177 5432 ab
1205 5375 1340 5431 urbe
1369 5374 1560 5443 Roma,
1607 5375 1700 5445 qui
1724 5375 1781 5429 in

199 5461 410 5533 palatio
434 5478 687 5538 magnum
713 5464 892 5521 locum
933 5460 1139 5533 bituit,
1185 5474 1240 5522 et
1266 5465 1546 5521 habitabat
1570 5466 1625 5522 in
1654 5464 1788 5521 Sciti

200 5555 567 5615 invicinitate
603 5558 866 5616 ecclesiae.
906 5555 1151 5617 Habebat
1191 5567 1374 5615 autem
1414 5573 1598 5616 secum
1624 5574 1791 5614 unum

198 5661 277 5704 ex
318 5650 493 5707 servis
548 5652 660 5708 suis
712 5652 805 5722 qui
854 5651 1196 5708 ministrabat
1248 5653 1320 5708 ei.
1366 5652 1567 5710 Videns
1610 5660 1792 5709 autem

198 5742 495 5818 presbyter
511 5744 757 5806 ecclesiae
774 5745 1147 5807 inﬁrmitatem
1163 5744 1305 5822 ejus,
1324 5753 1382 5806 et
1398 5759 1794 5823 recognoscens

1885 4836 2000 4884 tam
2047 4844 2201 4884 suam
2248 4827 2602 4898 preteritam,
2654 4841 2821 4896 quam
2865 4824 3120 4891 habebat,
3169 4824 3296 4879 dum
3330 4828 3476 4878 esset

1889 4921 2181 4987 saecularis,
2205 4921 2393 4976 dicens
2417 4938 2430 4974 :
2464 4919 2547 4975 Me
2574 4920 2833 4976 miserum
2858 4933 3019 4989 quem
3054 4916 3224 4980 vides,
3254 4915 3321 4969 de
3357 4928 3474 4968 ma-

1890 5031 1992 5087 gna
2020 5015 2239 5069 civitate
2271 5013 2516 5069 Romana
2558 5028 2695 5076 sum,
2728 5011 2934 5067 habens
2970 5009 3026 5063 in
3070 5006 3273 5077 palatio
3302 5006 3474 5061 maxi-

1889 5121 2038 5162 mum
2084 5105 2262 5160 locum
2310 5102 2452 5174 apud
2496 5103 2896 5174 imperatorem.
2949 5098 3192 5167 Cumque
3234 5095 3475 5150 audisset

1888 5195 2174 5267 Egyptius
2206 5195 2364 5249 initia
2388 5194 2675 5250 verborum
2704 5192 2845 5263 ejus,
2891 5189 3077 5245 statim
3117 5194 3473 5257 compunctus

1885 5295 1993 5351 est,
2020 5293 2075 5341 et
2113 5285 2341 5341 sollicite
2364 5300 2486 5356 qua:
2511 5283 2827 5339 dicebantur
2866 5280 2936 5335 ab
2972 5292 3063 5344 eo,
3110 5274 3469 5333 auscultabat.

1886 5379 1953 5434 Et
1980 5393 2146 5434 senex
2177 5377 2411 5447 adjecit:
2464 5376 2677 5447 Reliqui
2717 5388 2846 5447 ergo
2887 5371 3141 5439 Romam,
3185 5376 3242 5426 et
3264 5369 3388 5426 veni
3415 5367 3472 5423 in

1886 5468 2230 5525 solitudinem
2254 5469 2436 5524 istam.
2469 5467 2538 5522 Et
2560 5467 2759 5521 iterum
2787 5463 2960 5522 dixit:
3005 5461 3090 5518 Me
3114 5475 3274 5532 quem
3298 5458 3469 5524 vides,

1888 5560 2052 5617 habui
2090 5560 2278 5616 domos
2302 5558 2510 5629 amplas
2531 5565 2588 5613 et
2618 5570 2864 5628 magnas,
2886 5562 2943 5611 et
2962 5554 3223 5626 pecunias
3251 5551 3471 5616 multas,

1890 5661 1945 5710 et
1972 5662 2326 5709 contemnens
2352 5665 2445 5705 eas
2495 5648 2640 5716 veni,
2689 5656 2747 5705 et
2787 5661 2982 5704 maneo
3011 5646 3069 5701 in
3111 5645 3214 5701 ista
3249 5640 3511 5714 parvula-

1889 5760 2057 5803 curva
2099 5743 2258 5804 cella.
2308 5741 2451 5805 Audi
2498 5740 2718 5804 adhuc;
2757 5738 2936 5802 Habui
2985 5737 3154 5799 etiam
3188 5736 3369 5815 lectos
3403 5745 3471 5790 ex
