3972 6328
530 361 635 421 639

1529 360 1588 416 S.
1628 358 1996 416 BENEDICTI
2032 357 2334 417 ABBATIS
2374 361 2788 420 ANIANENSIS

529 491 664 532 auro
694 475 939 540 vestitos,
969 481 1025 530 et
1044 473 1433 546 pretiosissima
1454 480 1753 527 stramenta
1779 490 1791 526 :
1823 480 2004 543 etpro
2028 471 2116 527 his
2142 472 2196 533 Α
2220 473 2326 530 Sed
2367 485 2423 531 et
2446 477 2691 532 carnium
2724 492 2874 542 esus,
2914 479 2961 535 si
3004 479 3293 547 voluerint,
3325 495 3426 552 pro
3466 488 3829 556 reparatione

529 571 677 626 dedit
701 570 835 624 mihi
864 569 1008 624 Deus
1034 578 1390 625 stramentum
1419 570 1521 623 hoc
1563 568 1630 624 de
1659 584 1862 640 papyro
1883 578 1937 624 et
1978 569 2120 624 hanc

527 663 743 736 pellem.
771 660 878 718 Sed
899 671 954 717 et
996 670 1177 717 vestes
1203 676 1337 716 mea:
1362 660 1719 715 inmstimabili
1744 662 1921 730 pretio
1943 668 2117 727 erant,

529 765 586 813 et
607 772 705 827 pro
742 755 827 810 his
857 763 982 809 utor
1000 754 1101 809 has
1135 753 1270 809 viles
1303 752 1580 813 rescellas.
1628 753 1685 807 In
1731 753 1959 824 prandio
1989 768 2123 823 quo-

534 862 641 917 que
676 862 799 901 meo
842 846 1071 901 multum
1104 860 1296 901 aurum
1340 845 1769 915 expendebatur,
1800 853 1857 898 et
1894 860 1994 915 pro
2029 846 2123 900 illo

533 938 683 993 dedit
703 938 836 993 mihi
873 939 1015 993 Deus
1043 936 1252 992 modica
1288 935 1436 991 olera
1463 935 1578 990 haec
1603 944 1659 990 et
1682 935 1965 1005 parvulum
1990 934 2123 990 cali-

533 1045 652 1085 cem
680 1030 811 1085 vini.
835 1031 1003 1085 Erant
1024 1038 1079 1083 et
1099 1029 1191 1099 qui
1217 1030 1525 1085 serviebant
1553 1029 1685 1084 mihi
1711 1029 1930 1099 plurimi
1957 1029 2120 1097 servi,

533 1128 589 1176 et
618 1136 718 1190 pro
743 1121 994 1177 omnibus
1015 1120 1139 1187 illis,
1169 1119 1333 1175 istum
1371 1121 1515 1177 Deus
1540 1122 1853 1192 compunxit
1872 1129 1934 1176 ut
1959 1122 2124 1177 mini-

533 1218 734 1267 straret
758 1212 913 1266 mihi.
945 1210 1052 1266 Pro
1079 1210 1272 1266 balneo
1299 1220 1479 1266 autem
1521 1211 1811 1282 profundo,
1842 1227 1982 1282 aqua
2009 1228 2126 1269 mo-

450 1368 459 1372 ⁴
534 1300 657 1355 dica
678 1308 802 1355 utor
821 1301 889 1355 ad
909 1301 1073 1371 pedes
1094 1316 1264 1365 meos,
1289 1310 1345 1357 et
1373 1302 1637 1374 galliculis
1660 1312 1881 1374 propter
1902 1304 2127 1360 inﬁrmi-

533 1397 699 1444 tatem
729 1404 925 1444 meam.
968 1391 1035 1445 Et
1084 1408 1299 1447 rursum
1342 1408 1443 1462 pro
1491 1394 1714 1450 calamis
1740 1403 1796 1449 et
1838 1396 2045 1450 cithara
2072 1402 2129 1451 et

532 1481 639 1537 alio
663 1482 874 1538 musico
897 1497 1062 1553 opere
1084 1499 1192 1553 quo
1222 1483 1532 1539 delectabar
1559 1486 1612 1540 in
1662 1486 1927 1541 conviviis
1968 1487 2124 1553 meis,

531 1572 764 1629 decanto
815 1574 869 1629 in
920 1576 1007 1631 die
1051 1576 1336 1631 duodecim
1381 1577 1636 1646 psalmos,
1687 1578 1936 1633 similiter
1984 1591 2039 1634 et
2072 1580 2146 1649 in,

531 1670 692 1718 nocte
717 1680 732 1728 ;
763 1665 857 1719 sed
880 1672 937 1718 et
962 1679 1061 1734 pro
1091 1665 1330 1735 peccatis
1364 1668 1501 1722 meis
1547 1683 1667 1737 quae
1709 1676 1835 1723 ante
1862 1668 2128 1724 faciebam

532 1755 766 1810 exhibeo
792 1754 904 1810 Deo
936 1757 1206 1811 modicum
1236 1758 1538 1814 servitium.
1567 1760 1718 1816 Unde
1755 1777 1888 1832 rogo
1927 1771 1998 1827 te,
2034 1764 2130 1818 ab.

2220 573 2430 621 tantum
2453 582 2622 638 usque
2650 569 2775 624 dum
2803 569 3072 627 meliorati
3100 571 3323 640 fuerint,
3350 579 3674 635 comedent.
3708 580 3830 638 Cel-

2218 656 2341 713 Iulre
2369 658 2706 716 inﬁrmorum
2730 661 3061 721 infirmitatis
3094 673 3338 738 tempore
3365 667 3472 724 sub
3511 671 3708 743 sigillo
3737 676 3833 731 mi-

2219 749 2366 805 nime
2394 751 2716 818 habeantur,
2747 765 3018 823 quatenus
3046 772 3077 810 a
3121 756 3385 816 fratribus
3428 762 3652 819 visitari
3704 782 3830 837 pos-

2222 839 2351 894 sint.
2384 840 2488 909 lpsi
2530 849 2711 899 tamen
2738 854 2968 901 caveant
2994 862 3063 903 ne
3085 847 3232 905 foras
3270 850 3416 907 ultra
3458 857 3831 915 constitutum

2221 931 2515 987 terminum
2535 944 2750 997 exeant,
2778 936 2823 991 si
2847 938 2917 991 ab
2935 938 3190 1010 episcopo
3210 949 3333 996 sunt
3362 943 3561 1000 reclusi
3592 956 3659 1001 et
3688 949 3813 1020 sigil

2221 1019 2337 1075 lati.
2369 1021 2486 1077 Non
2522 1025 2666 1079 enim
2693 1041 2787 1081 eos
2821 1035 3005 1084 teneat
3043 1030 3274 1102 sigillum
3305 1048 3447 1090 certe
3472 1035 3559 1091 vel
3590 1019 3827 1107 plumbi,

2222 1115 2321 1169 sed
2353 1116 2587 1188 sigillum
2631 1118 2855 1175 Christi.
2909 1119 3003 1177 Sic
3045 1138 3280 1194 namque
3330 1125 3532 1197 legitur
3585 1129 3648 1183 in
3693 1129 3831 1187 libro

2223 1207 2570 1279 Dialogorum
2593 1208 2791 1268 fecisse
2811 1214 3086 1282 quondam
3107 1216 3473 1273 venerabilem
3492 1220 3713 1283 virum,
3740 1236 3831 1277 no-

2226 1299 2371 1354 mine
2396 1300 2688 1357 Martinum
2717 1320 2731 1355 :
2762 1303 2855 1374 qui
2883 1314 3017 1359 cum
3038 1305 3093 1359 in
3121 1306 3352 1375 quodam
3373 1316 3566 1364 monte
3593 1312 3829 1367 necdum

2227 1388 2409 1445 clauso
2429 1406 2591 1461 specu
2618 1392 2914 1461 habitaret,
2944 1404 3137 1452 catena
3165 1396 3267 1453 sibi
3314 1397 3493 1455 ferrea
3540 1402 3751 1471 pedem
3776 1403 3833 1457 li-

2227 1481 2394 1551 gavit,
2435 1497 2666 1554 eamque
2713 1501 2848 1541 saxo
2888 1502 2956 1543 ex
3001 1498 3159 1559 parte
3203 1491 3375 1546 altera
3417 1492 3617 1558 atIixit,
3666 1510 3743 1550 ne
3784 1497 3831 1551 ei

2228 1577 2372 1631 ultra
2401 1577 2589 1634 liceret
2615 1583 2864 1652 progredi
2909 1600 3071 1654 quam
3099 1593 3308 1640 catenae
3335 1584 3585 1657 ejusdem
3610 1590 3831 1658 quanti-

2234 1672 2321 1721 tas
2353 1668 2690 1724 tendebatur.
2715 1672 2868 1737 Quod
2893 1675 2977 1728 vir
2998 1675 3126 1730 vitae
3153 1678 3478 1733 venerabilis
3502 1678 3831 1737 Benedictis

2235 1759 2477 1824 audiens,
2505 1761 2554 1815 ei
2594 1777 2693 1832 per
2714 1763 3038 1834 discipulum
3085 1783 3243 1823 suum
3271 1770 3539 1825 mandare
3576 1773 3830 1827 curavit:

532 1848 620 1910 ba,
654 1854 714 1900 ut
735 1863 841 1900 non
866 1847 1254 1904 scandalizeris
1280 1860 1500 1921 prepter
1524 1852 1897 1909 inﬁrmitatem
1927 1870 2125 1911 meam.

2234 1846 2290 1902 Si
2312 1862 2499 1903 servus
2523 1826 2973 1919 es'Christi,-non
3003 1864 3055 1911 te
3091 1865 3274 1913 teneat
3311 1868 3507 1914 catena
3550 1859 3717 1926 ferri,
3750 1863 3829 1918 sed

536 1936 605 1991 Et
624 1937 742 1992 haec
766 1936 993 1993 audiens
1029 1937 1317 2010 {Egyptius
1345 1950 1507 2011 atque
1530 1943 1584 1996 in
1611 1945 1905 2015 semetipso
1951 1962 2131 2002 rever-

534 2043 628 2083 sus
653 2028 825 2083 dixit:
858 2030 948 2084 Vac
995 2031 1149 2095 mihi,
1193 2032 1319 2101 quia
1366 2032 1435 2088 de
1474 2033 1643 2088 multa
1690 2036 2046 2092 tribulatione
2076 2045 2133 2093 et

536 2118 726 2175 labore
756 2122 937 2176 saeculi
968 2125 1140 2195 magis
1187 2125 1256 2179 ad
1304 2129 1702 2194 repausandum
1748 2130 1802 2184 in
1839 2146 2133 2187 conversa—

535 2209 738 2266 tionem
780 2212 1026 2267 monachi
1073 2215 1219 2280 veni,
1251 2223 1307 2270 et
1346 2232 1467 2286 qum
1516 2234 1623 2273 non
1666 2221 1931 2277 habebam
1979 2231 2130 2289 tunc,

533 2301 696 2356 modo
717 2301 890 2357 habeo
917 2321 929 2356 :
966 2312 1020 2358 tu
1048 2313 1229 2359 autem
1256 2322 1321 2360 ex
1345 2308 1510 2363 multa
1540 2310 1899 2367 delectatione
1928 2314 2128 2378 saeculi,

534 2389 814 2446 voluntate
844 2393 1084 2462 propria,
1130 2395 1182 2447 in
1214 2396 1615 2459 tribulationem
1657 2400 1796 2455 hanc
1836 2403 2052 2468 venisti,
2079 2411 2135 2458 et

536 2495 606 2535 ex
637 2482 803 2535 multa
844 2481 1014 2552 gloria
1044 2500 1106 2539 ac
1130 2486 1363 2555 copiosis
1402 2488 1625 2557 divitiis,
1676 2491 1816 2548 hanc
1860 2495 2135 2551 humilita-

537 2578 646 2624 tem
673 2579 836 2638 atque
873 2581 1244 2643 paupertatem
1293 2578 1589 2647 arripuisti.
1639 2581 1718 2636 Ex
1759 2600 1866 2653 quo
1908 2586 2134 2641 multum

536 2661 825 2731 proﬁciens
845 2662 1152 2735 Egyptius,
1182 2668 1300 2722 vale
1337 2669 1481 2724 dicto
1512 2671 1801 2741 discessit;
1853 2685 1909 2731 et
1937 2677 2134 2732 dehinc

539 2752 714 2810 factus
747 2756 795 2810 ei
823 2758 1030 2812 amicus
1052 2774 1194 2829 saepe
1222 2763 1290 2816 ad
1322 2779 1444 2817 eum
1468 2766 1717 2821 veniebat
1744 2782 1855 2822 sua:
1884 2768 2135 2825 utilitatis

540 2860 725 2900 causa.
770 2847 899 2902 Erat
922 2858 1103 2904 autem
1145 2852 1287 2907 idem
1322 2852 1599 2911 Romanus
1626 2858 1710 2911 vir
1738 2859 2051 2914 discernens
2079 2860 2135 2914 in

539 2934 718 3001 bonis,
750 2948 804 2991 et
834 2939 1073 3009 repletus
1095 2943 1300 3010 optimo
1320 2944 1486 3000 odore
1511 2945 1746 3015 Spiritus
1771 2950 1963 3004 sancti.
1991 2950 2137 3016 Qua-

537 3037 762 3099 propter
787 3033 1030 3087 habenzla
1074 3043 1154 3089 est
1191 3035 1339 3090 inter
1362 3038 1572 3093 nobiles
1598 3048 1655 3093 et
1682 3040 1965 3110 ignobiles,
1997 3043 2136 3097 inter

540 3138 704 3178 sanos
731 3133 787 3179 et
818 3125 1083 3193 inﬁrmos,
1115 3130 1257 3185 inter
1279 3146 1437 3186 senes
1460 3140 1516 3187 et
1553 3132 1783 3202 juvenes
1822 3151 2014 3206 magna
2055 3137 2135 3192 di-

2231 1946 2421 1992 catena
2447 1938 2670 1996 Christi.
2716 1942 2801 1998 Ad
2841 1960 3005 2016 quam
3036 1963 3226 2003 vocem
3271 1948 3542 2007 Martinus
3583 1955 3829 2010 eamdan

2231 2030 2480 2099 protinus
2501 2032 2664 2087 solvit
2691 2038 3026 2106 compedem,
3053 2041 3148 2094 sed
3172 2056 3447 2111 nunquam
3468 2047 3829 2115 postmodum

2233 2123 2464 2177 tetendit
2504 2125 2696 2194 pedem
2734 2127 2877 2182 ultra
2904 2129 3082 2186 locum
3114 2148 3222 2203 quo
3252 2132 3397 2190 hunc
3443 2138 3684 2191 tendere
3707 2153 3827 2193 con-

2234 2221 2486 2268 sueverat
2527 2214 2772 2285 ligatum.
2809 2217 2986 2290 Atque
3028 2232 3215 2291 postea
3263 2224 3318 2280 in
3362 2234 3519 2281 tanto
3557 2243 3617 2283 se
3663 2230 3829 2300 spatio

2235 2302 2351 2358 sine
2378 2313 2569 2359 catena
2595 2309 2857 2376 coercuit,
2883 2310 2938 2365 in
2963 2322 3167 2380 quanto
3206 2322 3263 2369 et
3290 2324 3453 2371 antea
3476 2316 3693 2388 ligatus
3714 2334 3828 2391 per-

2235 2395 2454 2450 mansit.
2495 2396 2569 2451 lta
2594 2413 2725 2470 ergo
2765 2410 2821 2456 et
2849 2403 3047 2459 reclusi
3095 2403 3318 2463 faciant.
3360 2407 3515 2465 Illico
3550 2420 3743 2466 autem
3778 2420 3824 2466 at

2236 2484 2305 2539 ab
2339 2485 2654 2544 inﬁrmitate
2702 2492 3081 2551 convalescere
3131 2497 3421 2568 cmperint,
3469 2515 3631 2557 more
3675 2502 3828 2558 solito

2236 2576 2434 2630 ostium
2462 2577 2668 2635 cellulae
2700 2580 2984 2652 sigilletur,
3014 2594 3068 2639 et
3095 2585 3194 2641 soli
3218 2587 3419 2643 iterum
3440 2600 3730 2646 maneant.

2309 2665 2507 2722 Curam
2536 2678 2719 2727 autem
2748 2672 2989 2731 habeant
3012 2679 3309 2734 maximam
3338 2681 3578 2751 praelati,
3607 2692 3675 2738 ut
3700 2684 3828 2739 dixi-

2239 2774 2382 2825 mus,
2421 2776 2490 2815 ne
2539 2777 2569 2816 a
2620 2763 2859 2821 cellariis
2907 2768 3253 2840 negligantur
3294 2785 3456 2827 senes
3495 2782 3558 2829 et
3598 2773 3825 2838 inﬁrmi;

2238 2853 2364 2921 quia
2402 2855 2469 2909 ad
2495 2857 2787 2926 magistros
2819 2860 3044 2932 respicit
3073 2860 3336 2933 quidquid
3359 2878 3391 2917 a
3419 2864 3714 2936 discipulis
3740 2867 3826 2921 de-

2239 2942 2520 3013 linquitur.
2554 2946 2945 3005 Consideretur
2978 2961 3159 3007 autem
3197 2967 3415 3025 semper
3442 2970 3635 3011 eorum
3666 2958 3829 3013 imbe-

2239 3037 2459 3103 cillitas,
2507 3047 2561 3094 et
2601 3040 2910 3098 nullatenus
2938 3044 2991 3099 in
3017 3045 3098 3101 eis
3119 3046 3390 3102 districtio
3420 3049 3625 3121 regula:
3652 3059 3828 3107 tenea-

2241 3141 2331 3184 tur
2364 3132 2421 3186 in
2448 3131 2722 3189 alimentis
2757 3135 2872 3191 sive
2897 3137 3111 3193 cteteris
3137 3140 3465 3195 necessariis
3508 3158 3525 3203 ;
3560 3143 3656 3197 sed
3678 3143 3754 3197 sit
3776 3144 3827 3197 in

539 3216 759 3270 scretio.
788 3217 903 3273 Non
931 3222 1077 3275 enim
1101 3231 1329 3291 possunt
1358 3223 1413 3279 bi
1436 3227 1527 3294 qui
1558 3226 1625 3283 de
1651 3227 1863 3284 deliciis
1888 3230 2130 3298 veniunt,

2241 3223 2321 3278 eis
2344 3224 2434 3293 pia
2458 3226 2847 3295 consideratio,
2870 3237 2928 3284 et
2946 3230 3305 3300 praeveniant,
3326 3232 3375 3288 si
3393 3248 3623 3289 necesse
3639 3232 3824 3301 fuerit,

539 3316 596 3362 et
610 3307 665 3363 hi
704 3311 794 3380 qui
821 3328 1096 3382 nunquam
1121 3313 1173 3368 in
1188 3314 1397 3371 deliciis
1417 3316 1654 3383 fuerunt,
1670 3320 1931 3389 mqualem
1955 3329 2141 3378 tenere

537 3402 776 3472 rigorem
805 3405 1165 3460 abstinentiae
1213 3405 1397 3478 Neque
1419 3410 1535 3464 sani
1556 3419 1612 3465 et
1636 3410 1836 3467 inﬁrmi
1860 3414 2141 3484 atqualiter

539 3492 817 3550 abstinere
837 3504 1081 3565 possunt.
1113 3496 1322 3555 Idcirco
1351 3502 1646 3557 secundum
1679 3504 1966 3561 consilium
1996 3506 2142 3578 Apo-

537 3591 665 3646 stoli
692 3610 705 3646 :
737 3591 796 3646 Is
835 3594 926 3663 qui
953 3610 1058 3649 non
1101 3597 1404 3663 manducat,
1437 3598 1843 3656 manducantem
1873 3619 1976 3658 non
1996 3620 2140 3675 sper-

540 3689 632 3734 nat
656 3697 674 3743 ;
704 3693 755 3735 et
777 3683 868 3752 qui
898 3683 1183 3740 manduca:
1224 3703 1329 3743 non
1354 3687 1760 3744 manducantem
1788 3708 1892 3748 non
1930 3693 2138 3764 judicet

539 3769 718 3841 (Rom.
745 3788 857 3837 XIV,
879 3773 956 3844 '5).
986 3773 1096 3829 Sed
1117 3776 1441 3833 alterutrum
1477 3777 1565 3848 pie
1596 3790 1980 3851 supportantes
2008 3799 2139 3840 con-

538 3864 779 3921 siderent
804 3867 1149 3925 inﬁrmitates
1178 3872 1411 3927 illorum.

1090 3959 1319 4016 CAPUT
1351 3963 1578 4019 XLVIII.

860 4046 937 4101 De
974 4050 1199 4118 inﬁrmis
1229 4064 1274 4106 et
1311 4057 1521 4111 senibus
1547 4057 1816 4114 solitariis.

609 4131 956 4192 Inﬁrmornm
999 4147 1180 4195 autem
1209 4152 1264 4196 et
1306 4158 1497 4200 senum
1544 4164 1673 4202 cura
1706 4156 1833 4205 ante
1871 4152 2053 4207 omnia
2080 4160 2136 4210 et

540 4239 702 4296 super
734 4228 917 4299 omnia
945 4229 1250 4286 adhibenda
1284 4243 1385 4299 est,
1429 4237 1649 4292 utsicut
1677 4255 1862 4295 revera
1893 4242 2132 4312 Christo,

540 4318 613 4372 ita
636 4318 716 4373 eis
737 4322 1008 4381 serviatur
1031 4339 1044 4375 :
1070 4321 1301 4393 Ipsemet
1326 4326 1469 4380 enim
1493 4328 1546 4382 in
1562 4327 1769 4397 judicio
1788 4333 1919 4388 dicit
1938 4334 2129 4406 jus.is:

537 4405 797 4478 Inﬁrmus
843 4411 942 4480 fui,
988 4422 1037 4468 et
1077 4416 1325 4470 risitaslis
1372 4436 1453 4473 me
1500 4420 1716 4491 (Matth.
1745 4440 1869 4489 xxv,
1896 4426 2006 4499 56).
2042 4429 2130 4498 Ει,

535 4504 675 4574 quod
700 4506 793 4559 uni
817 4523 883 4561 ex
904 4508 1134 4565 minimis
1158 4513 1285 4567 meis
1306 4513 1523 4582 fecistis,
1543 4518 1671 4572 mihi
1690 4519 1891 4589 fecistis
1919 4520 2128 4595 (υἱώ).

2241 3315 2407 3372 horas
2427 3318 2737 3376 canonicas.

2794 3414 3023 3475 CAPUT
3057 3416 3244 3474 XLIX.

2383 3513 2463 3562 de
2485 3509 2800 3564 vestimentis
2831 3520 2878 3564 et
2910 3511 3276 3566 caiceameutis
3293 3511 3676 3567 solitariam.

2310 3593 2537 3669 Oportet
2567 3600 2753 3670 itaque
2778 3602 3051 3659 solitarius
3078 3610 3393 3659 sanctarum
3418 3602 3824 3675 Scriptura-In

2240 3691 2553 3746 auctoritati
2610 3708 2839 3761 parere,
2896 3703 3318 3765 sanctorumque
3378 3694 3612 3751 Palmm
3665 3696 3825 3751 docn-

2238 3792 2420 3838 menta
2458 3784 2743 3854 vigilanter
2775 3788 3130 3856 perpendere,
3155 3794 3215 3841 ut
3242 3786 3637 3853 humilitatem,
3666 3802 3820 3858 qm

2240 3875 2401 3928 corde
2429 3884 2668 3945 gestant,
2703 3888 2852 3931 actu.
2891 3878 3098 3942 habitu,
3125 3879 3289 3934 etiam
3316 3880 3435 3947 ipso
3461 3879 3685 3936 incessu
3714 3879 3824 3935 τῶ-

2239 3965 2547 4036 ςίοείεκίιιιθ
2575 3972 2949 4026 demonstrent
2977 3991 2989 4026 :
3021 3971 3249 4042 plusque
3273 3972 3444 4027 velint
3468 3983 3666 4030 sancta
3696 3990 3819 4029 can-

2240 4059 2546 4113 versatione
2573 4060 2896 4131 eximiisque
2920 4063 3162 4117 tnoribus
3184 4078 3349 4132 quam
3369 4074 3576 4119 ornatu
3597 4067 3817 4121 vestita

2236 4153 2461 4225 fulgere.
2494 4158 2765 4222 Quantum
2806 4160 2970 4231 igitur
3007 4177 3036 4213 a
3075 4160 3350 4232 superﬂuo
3377 4172 3435 4217 et
3464 4163 3820 4221 immoderata

2237 4246 2384 4302 cultu
2411 4251 2642 4305 vestium
2665 4267 2722 4307 se
2745 4267 3092 4323 compescere
3116 4254 3369 4318 debeant,
3401 4255 3597 4313 multis
3619 4265 3822 4314 sancto-

2237 4355 2359 4395 rum
2393 4339 2613 4396 Patrum
2659 4340 2922 4415 exemplis
2967 4345 3248 4416 perdoceri
3287 4355 3489 4416 potest.
3542 4349 3640 4406 Ait
3685 4350 3819 4405 enin

2234 4432 2428 4490 beatus
2451 4434 2745 4507 Gregorius
2770 4456 2782 4492 :
2811 4437 2980 4494 Nemo
3013 4440 3246 4495 aestimet
3272 4441 3327 4494 in
3357 4440 3485 4496 luxu
3514 4450 3689 4513 atque
3712 4452 3819 4498 stu-

2237 4525 2328 4580 dio
2360 4526 2723 4596 pretiosarum
2750 4530 2985 4584 vestium
3024 4539 3307 4601 peccatum
3347 4532 3586 4599 deesse;
3628 4534 3753 4604 quia
3779 4531 3821 4585 si

538 4591 646 4648 Sed
668 4603 722 4649 et
746 4595 821 4649 illi
859 4597 1156 4656 imbecilles
1174 4610 1231 4656 et
1252 4602 1453 4659 inﬁrmi
1483 4610 1834 4666 considerent
1873 4591 1935 4668 in
1957 4591 2132 4669 hono-
2154 4604 2209 4665 D
2233 4615 2340 4671 hoc
2360 4591 2527 4688 culpa
2559 4634 2665 4674 non
2699 4628 2868 4688 esset,
2895 4591 3046 4677 nullo
3071 4624 3232 4678 modo
3261 4621 3530 4679 Dominus
3560 4591 3818 4681 Joanne!-

536 4700 652 4741 rem
674 4687 768 4743 Dei
794 4689 895 4744 sibi
919 4693 1112 4748 serviri
1139 4710 1155 4761 ;
1187 4703 1242 4750 et
1270 4711 1377 4752 non
1421 4700 1794 4769 superﬂuitate
1834 4719 1928 4759 sua
1968 4714 2132 4776 atque

534 4780 847 4851 nugacitate
889 4784 1180 4841 verborum
1222 4791 1549 4847 contristent
1593 4792 1790 4850 fratres
1835 4797 2132 4854 servientes

534 4869 659 4925 sibi.
704 4870 807 4938 Qui
833 4880 1034 4940 tamen,
1068 4877 1114 4931 si
1141 4882 1492 4949 excesserint,
1541 4885 1811 4954 patienter
1853 4898 1978 4944 sunt
2004 4904 2131 4959 por-

533 4964 723 5031 tandi;
771 4967 900 5035 quia
924 4967 990 5022 de
1032 4969 1231 5027 talibus
1260 4974 1535 5042 copiosior
1570 4993 1781 5035 merces
1831 4983 2132 5053 acquiritur

533 5053 588 5107 in
611 5069 780 5124 regno
805 5055 926 5112 Dei.
962 5058 1106 5130 Ergo
1134 5076 1263 5116 cura
1304 5067 1542 5121 maxima
1574 5069 1643 5122 sit
1679 5070 1919 5138 praelatis
1942 5088 2004 5129 ac
2027 5089 2131 5130 ca:-

534 5142 668 5199 teris
697 5143 982 5214 fratribus,
1016 5164 1086 5205 ne
1127 5150 1364 5222 aliquam
1390 5156 1772 5229 negligentiam
1813 5163 2127 5231 patiantur;

533 5234 629 5289 sed
652 5236 732 5292 eis
772 5241 1150 5310 compatiendo
1186 5247 1525 5312 subveniant,
1561 5258 1616 5305 et
1663 5253 1896 5308 assiduis
1941 5255 2128 5311 visita-

532 5325 775 5384 tionibus
848 5341 1271 5407 sanctarumque
1326 5337 1737 5412 Scripturarum
1804 5346 2127 5402 consolatio-

532 5417 711 5484 nibus,
741 5436 949 5481 necnon
978 5438 1032 5483 et
1056 5432 1401 5501 propriarum
1448 5451 1628 5490 rerum
1657 5435 2003 5495 facultatibus
2031 5442 2126 5496 ad-

483 5510 786 5569 ’minicula
842 5521 1123 5586 prazbeant
1183 5526 1517 5580 necessaria.
1581 5528 1883 5597 Deputetur
1942 5540 2121 5587 autem

532 5601 704 5660 frater
734 5610 930 5667 timens
957 5615 1150 5682 Deum,
1174 5629 1227 5674 et
1252 5620 1479 5689 diligens
1522 5630 1680 5693 atque
1722 5624 2001 5691 sollicitus,
2032 5628 2123 5697 qui

532 5696 613 5751 eis
650 5711 713 5752 ea
742 5703 941 5770 quibus
983 5721 1120 5779 opus
1147 5710 1437 5766 habuerint
1486 5715 1912 5774 misericorditer
1953 5696 2125 5776 admi-

531 5788 748 5860 ttistret,
777 5802 834 5850 et
860 5794 1176 5856 balnearum
1203 5818 1332 5861 usus
1372 5807 1586 5876 quoties
1626 5811 1863 5882 expedit,
1891 5812 2120 5870 offerat:

2234 4707 2301 4764 de
2337 4710 2647 4766 vestimenti
2680 4713 2762 4767 sui
2793 4714 3089 4782 asperitate
3125 4712 3422 4772 laudasset.
3454 4715 3606 4775 Hinc
3640 4733 3824 4774 mrsu

2234 4800 2310 4854 ait
2335 4819 2347 4854 :
2374 4800 2545 4857 Nemo
2578 4803 2779 4873 quippe
2815 4805 3137 4861 vestimenta
3171 4808 3444 4878 praecipua
3475 4810 3589 4865 nisi
3617 4810 3686 4866 ad
3714 4812 3822 4865 ina-

2232 4904 2357 4945 nem
2391 4890 2619 4962 gloriam
2645 4894 2862 4963 quaerit,
2890 4895 3142 4951 videlicet
3165 4906 3226 4951 ut
3256 4898 3644 4955 honorabilior
3669 4910 3823 4955 caete-

2234 4983 2310 5038 ris
2333 4998 2454 5038 esse
2493 4984 2762 5041 videatur.
2804 4986 2973 5043 Nemo
3012 4987 3128 5044 vult
3168 4989 3240 5045 ibi
3276 4990 3540 5060 pretiosis
3581 4992 3824 5047 vestibus

2234 5074 2411 5140 indui,
2474 5077 2566 5131 ubi
2621 5078 2689 5131 ab
2740 5076 2863 5133 aliis
2905 5094 3014 5133 non
3066 5080 3240 5151 possit
3280 5080 3475 5136 videri.
3538 5080 3657 5138 Pro
3710 5080 3821 5136 sala

2232 5167 2376 5222 enim
2412 5168 2561 5223 inani
2606 5170 2775 5240 gloria
2821 5171 3147 5228 vestimenta
3193 5173 3430 5244 pretiosa
3475 5183 3823 5244 quaeruntur.

2232 5258 2370 5315 IIinc
2401 5260 2630 5317 Basilius
2671 5263 2845 5318 dixit:
2877 5264 2935 5320 Si
2964 5265 3110 5321 enim
3149 5267 3385 5323 studium
3416 5268 3583 5324 nobis
3617 5268 3823 5325 habu-

2232 5352 2358 5405 dum
2385 5361 2471 5407 est
2498 5355 2741 5410 omnium
2768 5371 2867 5411 nos
2893 5373 3015 5413 esse
3044 5359 3320 5424 minimos,
3353 5366 3407 5415 et
3442 5360 3688 5415 omnium
3722 5374 3825 5414 no-

2229 5442 2501 5510 vissimos,
2547 5455 2758 5501 certum
2802 5455 2888 5503 est
2917 5449 3044 5519 quia
3089 5457 3145 5505 et
3196 5450 3528 5505 indumentis
3577 5450 3821 5506 omnium

2229 5549 2331 5588 nos
2378 5544 2571 5604 putare
2619 5536 2881 5593 debemus
2935 5540 3279 5596 novissimos.
3341 5539 3482 5597 Hinc
3520 5538 3825 5596 Cassims

2230 5624 2363 5679 dicit
2393 5643 2404 5678 :
2438 5623 2664 5696 Oportet
2705 5618 2764 5682 ut
2803 5629 2925 5685 talis
2981 5630 3052 5686 sit
3080 5633 3249 5687 vestis
3271 5630 3519 5698 solitarii,
3551 5644 3827 5701 quem

2228 5732 2328 5787 pus
2366 5726 2680 5787 contegens,
2726 5728 2936 5776 tantum
2975 5724 3359 5779 verecundiam
3392 5724 3661 5779 nuditatis
3688 5737 3825 5777 cuo-

2227 5812 2424 5883 periat,
2451 5820 2507 5867 et
2536 5811 2756 5885 frigoris
2785 5814 3038 5885 iniuriam
3065 5818 3311 5890 repellat,
3354 5834 3464 5875 non
3496 5834 3620 5889 quae
3646 5832 3828 5881 0cm:
