3972 6328
149 400 234 459 bu
750 389 996 478 .CODEX
1033 388 1486 449 REGULARUM.
1527 418 1598 433 —
1632 384 1814 441 PARS
1851 385 1915 441 ll.
1960 384 2262 443 REGULIE
2302 385 2407 440 PP.
2449 383 2728 444 ORIENT.

3269 392 3380 448 642

142 516 330 572 sionem
359 510 617 567 vanitatis
643 509 899 563 enutriat.
935 509 1064 576 Quae
1093 508 1166 561 ita
1195 508 1264 561 sit
1285 507 1426 569 vilis,
1467 514 1525 558 ut
1549 501 1694 557 nulla
1722 501 1775 561 Α
1800 493 2086 557 scretionis
2131 503 2356 558 tenenda
2401 514 2502 557 est.
2561 502 2841 559 Sulliciant
2893 518 3072 560 autem
3115 509 3194 564 eis
3231 518 3377 565 stra-

139 605 318 662 coloris
347 602 431 656 vel
461 599 864 671 compositionis
897 600 1134 653 novitate
1169 599 1308 653 inter
1339 607 1562 652 exteros
1593 594 1701 648 fra-

139 708 240 754 tres
267 694 577 766 spirituales
605 693 832 764 insignis
860 694 1142 748 habeatur.
1176 691 1312 746 Hinc
1337 691 1570 746 Isidorus
1595 689 1696 741 ait:

143 787 454 842 Vestimenta
513 783 883 838 solitariorum
947 797 1048 838 nec
1107 782 1334 836 multum
1389 779 1552 842 vilia,
1603 791 1704 832 nec

136 878 347 934 multum
394 877 504 931 sint
554 875 828 945 pretiosa:
860 874 986 944 quia
1039 873 1203 928 nimis
1251 871 1485 940 pretiosa
1536 867 1702 923 vestis

133 971 362 1024 animum
401 967 467 1021 ad
506 967 784 1022 lasciviam
815 966 1112 1034 permittit;
1139 965 1300 1020 nimis
1340 964 1457 1018 vilis
1484 971 1576 1016 aut
1607 962 1704 1016 do-

130 1058 290 1114 lorem
321 1055 500 1112 cordis
534 1056 698 1124 parit,
742 1068 835 1108 aut
879 1055 1125 1108 morbum
1171 1069 1321 1106 vanae
1363 1051 1547 1122 gloriae
1572 1065 1703 1104 con-

132 1149 308 1204 trahit.
390 1146 660 1201 Hactenus
712 1145 777 1200 de
833 1145 1098 1214 qualitate
1149 1144 1378 1197 vestium
1432 1141 1698 1204 diximus,

130 1252 268 1292 nunc
287 1244 468 1290 autem
499 1243 554 1289 et
581 1235 645 1289 de
672 1233 973 1303 quantitate
1000 1233 1200 1302 aliquid
1233 1231 1496 1286 dicamus.
1525 1229 1700 1284 Vesti-

128 1334 302 1382 menta
331 1325 529 1394 quippe
572 1338 679 1377 non
725 1323 914 1386 multa,
953 1337 1054 1376 nec
1082 1319 1351 1390 superﬂua
1377 1320 1485 1374 sint
1515 1317 1699 1372 solita-

125 1417 240 1480 riis,
271 1415 542 1468 imitantes
565 1413 769 1466 dictum
794 1413 886 1466 Dei
921 1411 1090 1465 nostri
1119 1411 1187 1464 ad
1217 1409 1510 1479 discipulos
1539 1423 1693 1462 suos:

128 1504 304 1575 Neque
327 1504 460 1557 duas
487 1503 691 1556 tunicas
718 1503 955 1556 habeatis
988 1501 1138 1572 (Luc.
1165 1518 1238 1564 ιχ,
1283 1503 1340 1572 5)
1393 1500 1537 1567 Quas
1563 1499 1698 1554 duas

126 1599 329 1654 tunicas
356 1613 463 1652 non
485 1612 711 1652 numero
741 1597 1042 1666 intelligere
1074 1596 1353 1658 debemus,
1394 1595 1486 1648 sed
1520 1593 1566 1648 si
1593 1592 1698 1646 alia

122 1699 410 1764 gestamus,
451 1699 504 1745 et
537 1689 639 1744 alia
661 1705 822 1744 causa
863 1689 1104 1742 avaritia:
1137 1702 1437 1751 servamus,
1469 1686 1584 1740 haec
1612 1700 1698 1739 su-

120 1779 321 1851 perﬂua
363 1787 507 1841 sunt,
550 1787 605 1833 et
644 1779 757 1832 bare
799 1777 1127 1847 pauperibus
1167 1777 1296 1831 dare
1330 1774 1692 1844 przecipimur.

1801 603 1984 648 menta
2014 595 2296 657 lectorum,
2333 605 2498 649 tnatta
2527 606 2583 650 et
2611 595 2864 658 cilicium,
2901 613 3112 668 sagum,
3136 600 3221 654 vel
3252 610 3378 657 toxa

1801 695 1857 740 et
1908 687 2159 754 capitale.
2198 689 2384 742 Vestiti
2414 703 2625 757 quoque
2669 689 2940 743 dormiant
2988 699 3042 745 et
3089 691 3271 755 cincti,
3318 702 3381 748 ut

1802 792 2016 848 semper
2057 779 2165 832 sint
2206 781 2399 850 parari.
2448 779 2796 846 Quiescentes
2839 789 3016 836 autem
3068 783 3120 836 in
3164 783 3375 839 lectulis

1801 870 1916 924 suis
1961 868 2273 939 frequenter
2314 871 2599 926 decantent
2640 887 2761 925 cum
2798 870 3066 942 Propheta
3111 891 3123 925 :
3169 872 3376 928 Lavabo

1799 976 1890 1031 per
1917 960 2153 1030 singulas
2179 971 2350 1015 noctes
2377 961 2566 1015 lectum
2590 977 2780 1027 meum,
2819 961 3064 1032 lacrymis
3095 966 3221 1018 meis
3242 972 3380 1018 stra-

1801 1062 1912 1106 tum
1941 1069 2114 1106 meum
2140 1054 2320 1124 rigabo
2343 1053 2513 1126 (Psal.
2538 1070 2608 1117 vt,
2636 1054 2710 1124 6).
2737 1054 2804 1108 Et
2825 1055 3019 1110 iterum
3043 1075 3054 1108 :
3076 1055 3274 1110 Memor
3298 1056 3378 1124 fui

1800 1151 1948 1194 nocte
1992 1142 2214 1196 nominis
2246 1143 2346 1208 tui,
2377 1143 2616 1206 Domine,
2661 1154 2708 1198 et
2737 1146 2992 1200 custodiri
3033 1147 3194 1216 legem
3229 1156 3376 1202 tuam

1801 1230 1974 1304 (Psal.
2021 1248 2209 1298 cxvttt,
2253 1233 2366 1304 55).
2405 1234 2472 1288 Et
2513 1235 2558 1290 si
2600 1244 2726 1290 ante
2761 1253 2866 1291 non
2901 1238 3256 1304 surrexerint,
3293 1240 3377 1294 vel

1798 1321 1942 1376 facto
1965 1323 2118 1394 signo
2135 1325 2345 1402 absque
2367 1341 2518 1379 mora
2542 1336 2848 1396 surgentes,
2873 1327 3131 1383 festinent
3155 1331 3222 1384 ad
3246 1346 3380 1402 opus

1799 1413 1914 1476 Dei,
1960 1430 2083 1468 cum
2129 1395 2276 1469 omni
2325 1425 2503 1469 tamen
2543 1420 2807 1487 gravitate
2836 1427 2890 1472 et
2922 1420 3204 1474 modestia.
3246 1420 3380 1476 Cum

1799 1514 1979 1560 autem
2010 1506 2368 1570 surrexerint,
2397 1507 2631 1577 primum
2668 1508 2879 1579 signum
2907 1511 3086 1564 crucis
3115 1509 3383 1567 frontibus

1800 1594 1914 1649 suis
1960 1595 2295 1664 imprimant,
2353 1606 2407 1651 et
2452 1611 2578 1651 cum
2629 1598 2847 1654 silentio
2883 1601 3101 1655 dicant:
3133 1601 3294 1667 Deus,
3327 1605 3384 1658 in

1799 1684 2127 1754 adjutorium
2154 1703 2326 1740 meum
2350 1687 2601 1742 intende:
2631 1689 2872 1756 Domine,
2917 1691 2986 1744 ad
3021 1693 3384 1761 atljuvandum

1799 1789 1880 1826 me
1897 1774 2086 1843 festina
2101 1773 2272 1847 (Psal.
2290 1794 2437 1841 ιχιχ,
2452 1779 2526 1846 1).
2548 1779 2613 1832 Et
2630 1780 2731 1833 hoc
2745 1787 3026 1836 cantantes
3043 1798 3167 1836 ιιιοχ
3183 1783 3250 1837 ad
3265 1798 3385 1838 ora-

121 1845 274 1928 lJnde
330 1879 552 1926 sanctus
603 1845 965 1938 Hieronymus
1013 1867 1088 1919 ait
1119 1883 1130 1918 :
1164 1865 1422 1934 quidquid
1469 1877 1697 1932 corpora
1727 1845 1774 1904 Β
1804 1867 2000 1921 torium
2037 1845 2287 1939 pergant,
2320 1879 2375 1924 et
2402 1872 2658 1941 prostrati
2691 1873 2745 1926 in
2775 1883 2920 1927 terra
2955 1874 3233 1930 humiliter
3262 1891 3384 1930 cum

119 1971 301 2017 nostra
336 1961 624 2017 defendere
648 1967 845 2029 potest,
883 1967 938 2011 et
973 1957 1222 2010 humana:
1263 1967 1582 2010 succurrere
1604 1953 1698 2006 itn-

117 2053 419 2118 becillitati,
474 2053 578 2106 hoc
619 2066 726 2104 una
762 2049 1081 2119 appellanda
1111 2055 1195 2101 est
1227 2046 1438 2109 tunica;
1465 2053 1519 2098 et
1548 2043 1702 2111 quid-

121 2145 249 2216 quid
272 2146 324 2198 in
348 2125 706 2214 praesentibus
731 2139 1002 2194 alimentis
1023 2137 1392 2192 necessarium
1417 2145 1518 2198 est,
1541 2133 1702 2187 unius

116 2237 228 2293 diei
252 2237 428 2290 victus
454 2233 776 2304 appellatur.
811 2229 962 2286 Unde
988 2237 1043 2283 et
1071 2236 1399 2298 przeceptum
1422 2241 1452 2278 a
1473 2224 1701 2278 Domino

115 2334 206 2382 est
251 2341 319 2380 ne
362 2325 660 2394 cogitemus
708 2323 774 2376 de
819 2321 1078 2382 crastino,
1123 2319 1225 2372 hoc
1251 2325 1353 2382 est,
1406 2316 1473 2370 de
1522 2314 1701 2368 futuro

115 2425 384 2484 tempore.
416 2415 483 2468 Et
518 2412 840 2482 Apostolus:
868 2410 1155 2474 Habentes,
1192 2407 1386 2476 inquit,
1428 2407 1618 2460 victum
1651 2411 1700 2456 et

113 2508 511 2571 vestimentum,
564 2507 645 2559 his
683 2505 911 2559 contenti
956 2505 1138 2558 simus.
1187 2502 1330 2556 Nunt
1385 2501 1473 2572 qui
1525 2499 1700 2554 volunt

115 2599 304 2653 divites
346 2598 495 2666 ﬁeri,
546 2598 784 2652 incidunt
824 2598 878 2651 in
919 2597 1258 2649 tentationem
1285 2603 1331 2648 et
1376 2595 1430 2646 in
1456 2593 1701 2662 laqueum

113 2688 335 2750 diaboli,
361 2698 407 2742 et
434 2687 693 2742 desideria
719 2686 906 2751 multa,
929 2696 976 2740 et
1003 2685 1233 2747 inutilia,
1267 2694 1314 2738 et
1345 2685 1550 2746 nociva,
1583 2697 1701 2752 qua:

113 2781 380 2835 hominem
402 2790 639 2850 mergunt
663 2780 718 2832 in
741 2781 1010 2833 interitum
1033 2788 1078 2832 et
1098 2778 1442 2848 perditionem
1479 2774 1533 2847 (1
1561 2773 1698 2828 Tim.

114 2886 192 2935 vt,
234 2870 312 2941 8).
354 2869 468 2937 Qua
516 2871 582 2924 de
624 2885 788 2924 causa
829 2869 896 2924 ad
942 2868 1203 2939 Regulam
1239 2867 1385 2922 beati
1428 2863 1702 2920 Benedicti

115 2964 475 3030 recurrimus,
504 2973 558 3019 et
579 2973 841 3035 quantum
867 2965 983 3036 ipse
1007 2964 1274 3019 concessit
1302 2962 1581 3017 monachis
1608 2961 1704 3015 ha-

112 3057 248 3112 bere
288 3056 356 3112 de
395 3056 756 3120 vestimentis,
785 3065 840 3110 et
870 3071 970 3110 nos
1010 3056 1371 3111 concedamus
1402 3053 1700 3109 solitariis:

111 3147 172 3205 id
216 3155 322 3212 est,
369 3156 591 3217 propter
629 3155 838 3211 noctes,
886 3155 942 3200 et
985 3153 1208 3216 propter
1237 3146 1352 3214 ipsa
1381 3144 1702 3199 vestimenta

110 3242 350 3296 lavanda
387 3240 655 3305 habeant,
693 3240 740 3294 si
770 3240 1022 3294 monachi
1054 3247 1202 3303 sunt,
1235 3238 1369 3292 duas
1400 3237 1610 3292 tunicas
1644 3243 1702 3290 et

112 3336 256 3392 duas
286 3335 543 3391 cucullas.
593 3333 649 3387 Si
685 3348 814 3388 vero
857 3332 1095 3386 nondum
1135 3335 1544 3400 assumpserunt
1572 3343 1703 3397 pro-

107 3425 356 3497 positum
381 3424 717 3489 monachale,
748 3423 988 3478 cucullas
1019 3437 1126 3476 non
1154 3422 1402 3485 induant,
1441 3421 1535 3474 sed
1571 3433 1701 3488 cap-

106 3535 250 3590 pas;
293 3519 350 3574 in
381 3527 566 3574 testate
602 3533 816 3588 puram,
847 3518 901 3572 in
931 3518 1111 3573 hieme
1150 3517 1416 3572 villosam.
1455 3515 1704 3570 Habeant

103 3610 269 3665 enim
316 3609 591 3679 pelliceam
627 3625 789 3664 unam
838 3609 905 3664 de
951 3608 1202 3679 pellibus,
1258 3616 1313 3662 et
1353 3610 1488 3661 duas
1522 3605 1705 3661 stami-

103 3716 278 3766 neas,
329 3709 383 3757 et
429 3701 532 3757 duo
574 3701 874 3757 femoralia.
929 3699 1295 3755 Femoralium
1349 3709 1528 3752 autem
1575 3712 1705 3754 usus

99 3793 375 3863 Cuiquam
397 3793 792 3863 permittendus
815 3799 918 3856 est,
947 3799 1003 3846 et
1028 3791 1265 3845 maxime
1292 3790 1376 3844 bis
1400 3791 1494 3860 qui
1521 3789 1576 3844 in
1606 3789 1706 3843 mi-

99 3886 345 3942 nisterio
391 3885 578 3940 altaris
630 3885 994 3955 implicantur.
1051 3882 1268 3952 Reliqui
1321 3897 1452 3936 vero
1503 3881 1705 3954 gradus

99 3987 302 4032 utrum
343 3992 409 4032 ea
449 3977 617 4031 velint
650 3986 884 4048 gestare,
927 3991 996 4029 an
1040 3989 1168 4036 non,
1204 3973 1256 4027 in
1291 3974 1422 4044 ipsis
1455 3973 1544 4027 sit.
1585 3972 1706 4027 Sint

96 4070 281 4125 etiam
315 4070 422 4124 illis
454 4070 767 4125 indumenta
798 4069 1015 4139 pedum,
1049 4068 1256 4138 caligae,
1295 4077 1350 4122 et
1379 4067 1621 4138 pedules,
1649 4074 1704 4122 et

95 4161 431 4216 subtelaria.
475 4161 601 4220 Haec
634 4171 812 4217 autem
843 4162 1209 4216 consideratio
1251 4162 1304 4216 in
1348 4179 1535 4216 eorum
1572 4178 1704 4232 pen-

93 4252 237 4306 deat
285 4253 530 4316 arbitrio,
565 4261 626 4307 ut
665 4253 959 4308 secundum
993 4252 1310 4322 qualitatem
1331 4253 1574 4306 locorum
1602 4254 1695 4307 ubi

93 4343 363 4400 habitant
398 4353 453 4398 et
490 4359 676 4399 aerum
715 4344 1032 4414 temperiem
1082 4343 1403 4398 vestimenta
1441 4343 1700 4408 habeant,

90 4437 241 4510 quia
272 4437 328 4491 in
358 4436 572 4508 frigidis
600 4437 912 4502 regionibus
961 4437 1190 4507 amplius
1235 4437 1506 4508 indigetur
1535 4453 1697 4508 quam

1801 1958 2058 2031 lacrymis
2085 1969 2141 2016 et
2169 1963 2369 2032 gemitu
2410 1973 2584 2018 orent.
2622 1965 2844 2034 Expleta
2890 1974 3070 2021 autem
3113 1968 3384 2033 oratione,

1803 2052 2112 2106 necessaria
2148 2067 2435 2122 corporum
2474 2070 2696 2109 suorum
2736 2057 3075 2126 provideant.
3132 2057 3262 2113 Inde
3302 2073 3389 2113 re-

1801 2153 2080 2200 vertentes
2130 2145 2272 2201 illico
2320 2158 2649 2201 nocmrnum
2693 2146 2927 2202 cilicium
2977 2151 3290 2204 soletnniter
3335 2159 3391 2205 et

1803 2237 1997 2291 devote
2025 2237 2306 2306 incipiant.
2342 2238 2546 2292 Euntes
2569 2246 2748 2292 autem
2776 2239 2957 2308 aliquo
2983 2239 3070 2294 vel
3101 2240 3390 2296 redeuntes

1802 2344 2017 2398 semper
2071 2346 2167 2384 ore
2221 2340 2276 2385 et
2331 2333 2494 2386 corde
2549 2333 2752 2403 aliquid
2800 2333 3066 2404 psallunt,
3122 2343 3391 2404 quatenus

1801 2436 1923 2476 cum
1962 2420 2230 2490 Propheta
2269 2422 2590 2477 fiducialiter
2633 2424 2817 2478 dicere
2857 2431 3061 2494 queant
3102 2443 3114 2479 :
3153 2423 3384 2479 Benedi-

1801 2529 1918 2566 cam
1953 2511 2236 2566 Dominum
2266 2514 2322 2566 in
2352 2515 2492 2568 omni
2531 2524 2776 2585 tempore,
2809 2533 3013 2587 semper
3041 2516 3159 2570 laus
3189 2517 3303 2586 ejus
3334 2517 3391 2570 in

1802 2620 1890 2658 ore
1911 2620 2023 2658 meo
2048 2601 2223 2675 (Psal.
2250 2620 2445 2670 χχχιιι,
2479 2605 2546 2677 l).

2429 2694 2655 2752 CAPUT
2695 2696 2780 2751 LI.

1923 2784 1992 2839 Ut
2022 2795 2160 2840 certo
2189 2795 2418 2857 tempore
2444 2804 2554 2841 sese
2583 2797 2795 2855 raaant,
2821 2805 2884 2842 ne
2909 2790 3014 2844 sint
3048 2791 3255 2846 comati.

1872 2878 1931 2932 In
1971 2880 2155 2934 barbis
2201 2894 2416 2948 quoque
2463 2881 2719 2935 radendis
2754 2888 2810 2935 et
2842 2881 3051 2952 capillis
3103 2883 3387 2939 tondendis
3457 2925 3462 2928 -

1805 2970 2072 3024 tenendus
2102 2977 2186 3023 est
2213 2970 2377 3024 etiam
2423 2988 2451 3024 a
2496 2971 2753 3026 solitariis
2794 2974 2985 3028 modus
3021 2973 3388 3032 discretionis.

1807 3059 1965 3125 Nam,
2003 3061 2142 3115 sicut
2171 3061 2370 3131 legitur
2397 3061 2451 3115 in
2481 3061 2622 3117 Vitis
2649 3062 2895 3129 Patrum,
2935 3063 3036 3120 fuit
3066 3066 3283 3134 quidam
3309 3065 3394 3121 vir

1809 3160 2052 3216 sanctus,
2081 3152 2298 3206 nomine
2323 3151 2664 3222 Apollonius,
2689 3156 2782 3224 qui
2807 3169 2901 3209 eos
2925 3156 3080 3210 valde
3107 3157 3393 3228 reprehen-

1807 3243 1988 3307 debat,
2020 3243 2112 3312 qui
2149 3242 2376 3297 barbam
2405 3252 2461 3299 et
2488 3258 2698 3298 comam
2719 3244 2916 3314 capitis
2945 3245 3279 3302 nutriebant.
3305 3246 3391 3302 Di-

1803 3335 1964 3390 cebat
2000 3342 2181 3389 autem
2215 3353 2226 3388 :
2261 3334 2482 3390 Certum
2522 3344 2607 3392 est
2655 3338 2799 3405 quod
2831 3338 2921 3392 isti
2966 3339 3035 3393 ab
3076 3339 3392 3394 hominibus

1802 3425 2020 3480 laudem
2048 3434 2322 3494 qumrunt,
2355 3435 2410 3481 et
2435 3428 2818 3482 ostentationis
2845 3443 3011 3482 causa
3047 3427 3273 3484 barbam
3305 3428 3394 3484 vel

1804 3532 2017 3572 comam
2047 3517 2246 3586 capitis
2275 3519 2550 3583 nutriunt;
2587 3534 2713 3572 cum
2751 3520 3066 3574 mandatum
3107 3520 3181 3574 sit
3223 3519 3389 3575 etiam

1804 3608 1919 3677 ipsa
1949 3603 2160 3678 jejunia
2206 3609 2262 3662 in
2290 3609 2502 3664 occulto
2536 3609 2882 3675 celebranda,
2915 3619 2975 3664 ut
3005 3612 3117 3666 Deo
3145 3610 3246 3665 soli
3278 3612 3392 3666 sint

1805 3699 2045 3770 cognita,
2075 3700 2167 3768 qui
2201 3699 2348 3754 videt
2381 3716 2502 3769 qua:
2533 3700 2586 3754 in
2619 3700 2834 3756 occulto
2860 3709 3008 3767 sunt,
3044 3709 3101 3758 et
3128 3701 3307 3757 reddit
3337 3704 3394 3758 in

1805 3789 2002 3859 palam.
2037 3788 2144 3844 Sed
2173 3797 2234 3844 ut
2280 3791 2410 3845 mihi
2452 3791 2684 3856 videtur,
2728 3792 2818 3848 isti
2858 3809 2967 3848 non
2998 3803 3125 3849 sunt
3153 3795 3396 3850 contenti

1806 3879 1924 3949 ejus
1955 3883 2396 3937 remuneratione
2424 3884 2515 3952 qui
2546 3883 2692 3938 videt
2719 3885 2772 3938 in
2805 3885 3040 3951 occulto,
3082 3886 3178 3940 sed
3216 3887 3394 3942 mani-

1806 3969 1994 4026 festari
2043 3988 2101 4028 se
2141 3973 2283 4044 apud
2331 3975 2581 4030 homines
2627 3975 2836 4030 volunt.
2903 3975 3057 4032 Unde
3116 3977 3280 4032 etiam
3329 3977 3396 4033 ad

1809 4065 2098 4133 quemdam
2134 4065 2439 4121 Romanum
2481 4067 2652 4121 fertur
2697 4068 2901 4124 dixisse
2942 4069 3135 4125 beatus
3184 4067 3394 4141 Grego-

1804 4158 1918 4212 rius
1942 4158 2086 4213 istud
2109 4160 2455 4228 proverbium
2482 4179 2494 4212 :
2525 4159 2581 4215 Si
2611 4162 2890 4228 sanctitas,
2925 4162 3118 4233 inquit,
3143 4163 3198 4216 in
3223 4164 3392 4218 barba

1805 4256 1909 4311 est,
1942 4257 2066 4303 tunc
2098 4265 2257 4304 nemo
2287 4253 2528 4306 sanctior
2553 4261 2636 4307 est
2667 4254 2840 4309 hirco.
2874 4254 3214 4325 Quapropter
3232 4255 3392 4324 juxta

1806 4340 2297 4395 considerationem
2334 4343 2561 4397 rationis
2597 4345 2832 4399 arbitror
2863 4359 3161 4414 congruum
3191 4344 3307 4400 fore
3334 4352 3395 4400 ut

1806 4428 2056 4495 solitarii,
2109 4439 2164 4484 et
2207 4433 2480 4503 praecipue
2523 4433 2600 4488 illi
2638 4435 2730 4504 qui
2773 4449 2930 4489 sacra
2972 4436 3231 4506 mysteria
3259 4449 3390 4490 con-

86 4529 155 4584 in
190 4527 408 4583 calidis.
453 4529 718 4584 Praeterea
763 4544 980 4599 quoque
1024 4528 1332 4584 sacerdotes
1377 4529 1698 4585 vestimenta
1723 4545 1778 4606 D
1809 4529 2066 4587 tremant.
2111 4521 2178 4576 de
2225 4524 2583 4596 quadraginta
2624 4526 2677 4580 in
2715 4526 3073 4597 quadraginta
3107 4525 3298 4582 diebus
3332 4543 3393 4584 se

85 4619 479 4677 sacerdotalia
519 4628 574 4676 et
607 4620 796 4676 altaris
831 4621 1124 4676 lineamina
1167 4637 1291 4676 cutn
1329 4638 1537 4677 summa
1582 4623 1704 4677 dili-
1804 4615 2018 4678 radanl.
2060 4623 2117 4670 et
2153 4615 2378 4686 capillos
2422 4619 2701 4684 tondeant,
2732 4627 2792 4672 ut
2822 4617 2978 4687 juxta
3021 4620 3386 4690 Apostolum:

80 4711 294 4784 gentia
329 4720 654 4766 conservent
688 4711 888 4777 nitida;
923 4711 977 4765 id
1005 4721 1108 4778 est,
1147 4713 1520 4782 unusquisque
1547 4729 1704 4768 casu-
1802 4707 2174 4777 Exspatiantes
2207 4725 2301 4762 nos
2333 4718 2554 4763 veterem
2595 4710 2853 4765 hominem
2881 4727 3000 4766 cum
3026 4711 3230 4766 actibus
3257 4713 3389 4778 suis,

81 4803 217 4858 lam
246 4816 435 4866 unam,
474 4801 625 4857 albas
661 4802 819 4868 duas,
865 4803 1101 4858 amictus
1149 4803 1324 4868 duos,-
1353 4805 1526 4859 stolas
1569 4806 1704 4860 duas
1799 4798 2084 4852 induantus
2112 4815 2230 4852 eum
2267 4799 2356 4869 qui
2392 4808 2671 4853 renovatur
2700 4801 2755 4854 in
2784 4799 3099 4871 agnitionem
3129 4800 3226 4855 Dei
3267 4801 3391 4874 (Co-

75 4907 234 4950 cum
273 4893 590 4964 manipulis,
627 4893 764 4950 duos
797 4896 964 4951 etiam
994 4895 1324 4966 corporales,
1352 4905 1408 4952 et
1437 4897 1574 4952 duos
1602 4898 1703 4953 lin-
1802 4886 1926 4942 Ιοδδο
1959 4905 2041 4955 ιιι,
2071 4889 2148 4959 5)ο
2185 4889 2243 4944 1d
2270 4898 2374 4953 εει,
2411 4891 2730 4946 Criminibus
2756 4893 2938 4948 carnis
2977 4903 3196 4956 DOSU'IB.
3231 4890 3390 4960 (ιιιειδί

79 4998 224 5042 reos
275 4999 496 5055 semper
545 4985 781 5042 habeant
827 4986 1056 5052 nitidos,
1109 4987 1250 5043 sicut.
1296 4996 1504 5043 tantum
1545 4990 1701 5046 decet,
1806 4981 2053 5035 crinibus
2080 4982 2274 5049 capitis
2299 4996 2584 5050 exuamur,
2613 4994 2775 5055 atque
2807 4986 2933 5040 inde
2960 4985 3231 5040 innovatis
3270 5000 3392 5040 sen-

75 5075 500 5136 ministerium.
1437 5079 1442 5084 ’
1806 5073 1958 5128 sibus
2005 5074 2390 5129 enitescamus.
2435 5075 2607 5144 Quam
2654 5080 3064 5134 renovationem
3111 5079 3166 5132 in
3212 5085 3394 5134 mente

1804 5171 2022 5234 oportet
2072 5165 2210 5228 fieri,
2258 5167 2352 5220 sed
2394 5166 2447 5220 in
2485 5168 2663 5237 capite
2703 5168 3084 5228 demonstrari,
3141 5168 3233 5223 ubi
3274 5169 3391 5240 ipsa

1803 5270 1960 5310 mens
1989 5257 2234 5310 noscitur
2270 5257 2536 5313 habitare.
2572 5258 2819 5313 Habeant
2848 5259 3014 5313 etiam
3043 5257 3188 5313 infra
3223 5259 3392 5317 cellu-

1805 5347 1914 5401 lam
1941 5349 2262 5402 retrusionis
2290 5348 2518 5412 dolium,
2552 5358 2603 5404 et
2635 5351 2848 5419 quoties
2868 5351 3106 5420 expedit,
3139 5353 3392 5410 sacerdo-

1803 5448 1884 5495 tes
1905 5455 2004 5509 pro
2025 5443 2287 5495 munditia
2311 5443 2554 5512 corporis
2576 5443 2888 5498 balneorum
2913 5446 3096 5500 usibus
3114 5444 3386 5500 fruantur.

1806 5532 1914 5588 Sed
1960 5532 2194 5589 fortasse
2242 5535 2409 5604 aliqui
2446 5536 2627 5590 dicent
2657 5554 2669 5589 :
2707 5537 2941 5592 Sanctus
2964 5536 3233 5593 An.onius
3259 5555 3390 5593 nun-

1805 5643 1965 5698 quam
1997 5645 2056 5684 se
2083 5628 2377 5682 balneuvit.
2423 5626 2631 5692 Quibus
2673 5627 2908 5682 breviter
2954 5629 3388 5698 respondendum

1803 5720 2015 5778 est:Si
2063 5733 2286 5776 sanctus
2336 5719 2605 5773 Antonius
2655 5734 2933 5792 nunquam
2987 5737 3046 5778 se
3090 5719 3382 5786 balneavit,

1804 5829 1904 5872 nec
1921 5823 2172 5890 funquam
2215 5813 2440 5870 missam
2481 5813 2756 5880 cantavit;
2795 5813 3027 5887 ideoque
3067 5813 3385 5872 balneorum

744 5169 973 5228 CAPUT
1007 5169 1070 5227 L.

495 5265 574 5322 De
604 5263 934 5319 lectisterniis
968 5262 1348 5319 solitariorum.

157 5356 425 5416 Solitarii
453 5366 634 5412 autem
663 5357 802 5412 sicut
829 5358 881 5410 in
904 5355 1136 5422 caeteris,
1161 5356 1238 5412 ita
1267 5356 1432 5411 etiam
1458 5355 1512 5411 in
1543 5356 1698 5412 lecti-

71 5449 338 5509 sterniis
374 5451 595 5505 modum
643 5456 828 5503 tenere
873 5448 1070 5503 debent
1115 5448 1478 5509 discretionis,
1518 5448 1568 5503 id
1593 5456 1692 5511 est,

71 5560 206 5603 non
239 5543 483 5613 pretiosa
526 5543 694 5598 velint
737 5543 938 5598 habere
989 5541 1258 5606 lectualia,
1289 5541 1382 5596 sed
1412 5542 1537 5596 vilia
1567 5559 1578 5595 :
1608 5557 1698 5597 ve-

71 5637 375 5696 stimenta
415 5635 614 5708 quippe
655 5644 711 5691 et
757 5634 1144 5699 calceamenta,
1194 5633 1279 5689 vel
1327 5633 1572 5690 lectualia
1605 5650 1696 5691 eo-

73 5739 258 5790 rum,
307 5739 413 5780 nec
461 5725 626 5781 nitida
671 5725 918 5789 nimium,
969 5738 1069 5780 nec
1115 5723 1325 5794 abjecta
1373 5724 1480 5779 sint
1528 5723 1697 5796 pluri-

75 5829 290 5878 mum.
336 5813 485 5873 lnter
513 5824 803 5888 utrumque
830 5815 998 5884 enim,
1039 5823 1101 5874 ut
1128 5816 1384 5883 diximus,
1416 5816 1590 5873 virtus
1615 5817 1695 5876 di-
