3972 6328
564 328 668 389 645

1563 322 1627 383 S.
1662 318 2030 381 BENEDICTI
2068 316 2364 383 ABBATIS
2398 317 2811 387 ANIANENSlS

3719 324 3823 382 θα

565 458 696 500 usus
732 441 787 497 in
830 438 1176 498 sacerdotum
1213 436 1542 511 relinquitur
1578 435 1828 502 arbitrio,
1868 444 1927 491 ut
1956 433 2141 490 mundi
2167 436 2215 501 Α
2245 431 2611 503 responsionis
2653 431 2966 506 porrigatur
3004 430 3200 492 bonus.
3238 434 3392 493 Sicut
3418 438 3686 510 scriptum
3714 451 3823 499 est:

564 546 620 594 et
639 536 784 607 digni
812 534 1121 590 habeantur
1151 548 1307 588 sacra
1342 529 1601 604 mysteria
1633 528 1929 585 celebrare.

1164 622 1391 679 CAPUT
1436 619 1522 676 LII

567 717 646 775 De
693 716 965 789 discipulis
1007 713 1386 778 solitariorum,
1424 721 1473 767 et
1512 711 1578 766 de
1615 724 1793 766 eorum
1827 708 2141 765 obedientia.

638 809 896 880 Discipuli
922 822 1051 879 ergo
1084 805 1447 861 solitariorum
1473 818 1616 875 saepe
1644 801 1970 858 admonendi
1997 806 2143 867 sunt,

569 913 629 956 ut
658 902 737 956 sic
761 901 963 965 vivant,
1002 907 1267 969 quatenus
1294 895 1414 949 aliis
1444 895 1647 949 bonum
1680 892 1985 963 exemplum
2013 907 2149 963 prae-

569 993 766 1057 beant,
813 997 869 1047 et
908 986 1189 1046 humiliter
1239 986 1621 1058 magistrorum
1672 984 1914 1054 imperiis
1968 978 2149 1051 subia-

571 1089 747 1138 ceant.
785 1078 908 1136 Mox
941 1095 1070 1151 ergo
1111 1082 1172 1133 ut
1216 1077 1421 1148 aliquid
1467 1077 1549 1134 eis
1597 1076 1921 1147 imperatum
1956 1089 1987 1129 a
2030 1088 2147 1130 ma-

570 1171 755 1244 gistris
781 1169 962 1237 i‘uerit,
1008 1185 1071 1225 ac
1101 1168 1148 1225 si
1178 1168 1438 1225 divinitus
1474 1166 1771 1238 imperetur
1797 1180 2004 1220 moram
2032 1162 2147 1235 pati

570 1264 816 1319 nesciant
855 1262 908 1316 in
950 1260 1217 1317 faciendo.
1263 1259 1369 1315 Sed
1403 1259 1519 1329 ipsa
1554 1247 1858 1313 obedientia
1900 1264 2029 1314 tunc
2057 1273 2147 1312 ac-

570 1354 849 1427 ceptabilis
876 1353 983 1408 erit
1020 1352 1155 1419 Deo,
1203 1360 1258 1408 ct
1300 1351 1475 1406 dulcis
1519 1349 1852 1415 hominibus,
1906 1350 1952 1404 si
2003 1347 2148 1418 quod

562 1445 801 1519 jubetur,
847 1460 956 1500 non
1004 1442 1176 1510 tarde,
1221 1458 1330 1500 non
1370 1441 1549 1514 tepide
1588 1448 1681 1497 aut
1717 1456 1841 1495 cum
1884 1448 2147 1512 responso

568 1537 805 1597 uolentis
842 1534 1135 1602 elliciatur;
1191 1535 1319 1606 quia
1367 1532 1675 1589 obedientia
1706 1547 1826 1602 qua:
1854 1529 2148 1600 majoribus

566 1628 869 1705 praebetur,
919 1628 1030 1683 Deo
1073 1624 1395 1690 exhibetur;
1445 1624 1561 1698 ipse
1618 1624 1765 1679 enim
1813 1623 1949 1679 dixit
1990 1642 2003 1677 :
2044 1621 2149 1689 Qui

568 1739 655 1777 vos
682 1720 854 1788 audit,
908 1737 990 1775 me
1036 1718 1211 1783 audit,
1262 1726 1368 1773 etc.
1420 1715 1571 1789 (Luc.
1612 1733 1668 1784 x,
1710 1716 1819 1788 16).
1858 1715 1994 1771 Nam
2024 1731 2149 1772 cum

2245 524 2428 593 Sermo
2475 527 2641 582 bonus
2687 543 2844 599 super
2887 526 3072 583 datum
3122 530 3377 601 Optimum
3422 528 3621 603 (Eccli.
3673 550 3824 603 mn,

2245 614 2333 684 16,
2368 616 2478 689 17).
2510 615 2703 673 Omnia
2732 624 2912 673 autem
2940 633 3072 674 vasa
3101 633 3290 675 eorum
3317 629 3687 694 cunctamque
3706 627 3826 681 sub-

2245 709 2503 765 stantiam
2529 723 2593 765 ac
2613 709 2659 765 si
2681 708 2871 765 altaris
2891 724 3021 766 vasa
3044 719 3260 767 sacrata
3289 713 3657 785 conspiciant.
3688 714 3828 772 Nihil

2246 798 2443 855 ducant
2486 800 2889 872 negligendum,
2940 815 3117 872 neque
3154 803 3396 860 avaritia:
3427 806 3709 871 studeant,
3738 823 3827 864 ne-

2245 907 2352 963 que
2389 892 2499 948 sint
2535 891 2765 964 prodigi,
2809 898 2864 948 et
2904 893 3295 964 exstirpatores
3340 897 3669 953 substantiae
3712 898 3825 955 illo—

2245 1001 2401 1051 rum;
2450 983 2543 1041 sed
2593 980 2775 1041 omnia
2818 994 3133 1041 mensurate
3190 986 3414 1053 faciant,
3445 995 3503 1043 et
3529 990 3826 1045 secundum

2238 1073 2538 1145 iussionem
2582 1078 2988 1149 magistrorum.
3044 1076 3162 1134 Non
3212 1080 3356 1135 enim
3399 1079 3573 1137 velint
3631 1081 3826 1139 habere

2248 1170 2476 1227 solitarii
2506 1172 2691 1242 plures
2720 1171 3032 1244 discipulos,
3071 1173 3197 1244 quia
3225 1188 3574 1246 nequaquam
3612 1175 3825 1229 vincere

2248 1264 2534 1318 avaritiam
2572 1271 2798 1333 possunt
2855 1264 3071 1335 quando
3109 1264 3176 1321 ad
3220 1265 3520 1319 multorum
3564 1273 3825 1320 sustenta-

2250 1352 2449 1409 tionem
2476 1352 2779 1411 intendunt.
2810 1352 3019 1411 Habeat
3043 1361 3224 1412 autem
3244 1354 3627 1426 unusquisque
3647 1372 3823 1422 unum,

2250 1452 2345 1498 aut
2369 1443 2525 1511 duos,
2570 1444 2657 1500 vel
2705 1445 2774 1499 ad
2814 1445 3105 1516 plurimum
3133 1452 3247 1501 tres
3275 1444 3596 1519 discipulos.
3629 1445 3824 1505 Paucos

2248 1545 2431 1591 tamen
2476 1536 2875 1608 condiscipulos
2917 1539 2985 1594 ad
3023 1538 3417 1595 convivendum
3458 1545 3521 1594 et
3554 1537 3742 1610 plures
3771 1541 3824 1597 ad

2251 1624 2573 1683 docendum.
2623 1625 2742 1682 Non
2789 1635 2968 1684 tamen
3013 1629 3243 1686 dicimus
3269 1637 3329 1685 ut
3354 1629 3580 1688 scholas
3621 1639 3826 1705 genera-

2251 1720 2376 1777 liter
2404 1729 2663 1787 teneant;
2705 1723 2953 1794 quamvis
2992 1721 3175 1791 liceat,
3226 1740 3333 1779 non
3371 1732 3565 1780 tamen
3603 1726 3821 1797 expedit.

569 1812 712 1870 malo
739 1813 921 1868 animo
947 1811 993 1868 si
1021 1808 1238 1865 obediat
1264 1806 1580 1880 discipulus,
1613 1810 1668 1863 et
1694 1823 1803 1862 non
1828 1806 2000 1862 solum
2029 1820 2144 1871 ore,
2176 1808 2224 1873 Β
2253 1810 2407 1871 Unde
2446 1810 2737 1883 Apostolus
2763 1831 2775 1866 ε
2806 1811 3022 1882 omnia,
3069 1813 3261 1887 inquit,
3310 1815 3443 1870 mihi
3491 1813 3680 1882 ιίεεηι,
3729 1815 3825 1875 δας

569 1906 666 1961 sed
695 1904 861 1962 etiam
890 1902 1054 1959 corde
1094 1902 1141 1957 si
1180 1899 1617 1963 murmuraverit,
1653 1897 1902 1968 quamvis
1931 1896 2153 1969 impleat

565 1994 865 2066 jussionem
890 1992 1158 2067 magistri,
1191 1998 1372 2048 tamen
1401 1991 1731 2062 acceptabile
1755 2006 1863 2045 non
1885 1990 1993 2045 erit
2014 1990 2145 2060 Deo,

569 2088 664 2161 qui
697 2103 794 2143 cor
820 2086 1045 2159 respicit
1068 2087 1477 2144 murmurantis.
1518 2085 1587 2141 Et
1609 2099 1710 2157 pro
1741 2085 1834 2141 tali
1863 2083 2006 2141 facto
2031 2084 2153 2140 nul-

562 2176 676 2237 lam
708 2178 1061 2250 consequitur
1102 2178 1357 2249 gratiam,
1406 2178 1516 2232 imo
1550 2192 1769 2250 pmnam
1804 2192 2153 2232 murmuran-

565 2271 702 2327 tium
727 2266 984 2336 incurrit,
1012 2269 1057 2327 si
1083 2284 1196 2323 non
1219 2285 1342 2327 cum
1363 2268 1736 2324 satisfactione
1758 2268 2146 2324 emendaverit.

568 2363 911 2439 Quapropter
960 2363 1017 2419 hi
1065 2362 1200 2419 tales
1244 2364 1614 2437 relinquentes
1662 2364 1847 2418 statim
1889 2378 2009 2433 qua:
2053 2377 2151 2416 sua

567 2469 719 2527 Sunt,
748 2469 804 2516 et
827 2458 1159 2514 voluntatem
1186 2462 1463 2532 pr0priam
1489 2459 1821 2527 deserentes,
1852 2459 2151 2515 secundum

564 2544 785 2606 Domini
830 2548 1152 2604 sententiam
1180 2548 1275 2619 qui
1304 2548 1439 2604 dixit
1469 2568 1482 2603 :
1520 2547 1645 2603 Non
1686 2549 1799 2604 veni
1832 2548 2151 2610 uoluntatem

565 2655 739 2698 meam
768 2638 960 2709 facere,
1002 2639 1093 2693 sed
1129 2639 1246 2709 ejus
1284 2641 1375 2710 qui
1416 2640 1558 2695 misit
1598 2657 1677 2694 me
1711 2638 1892 2709 (Joan.
1924 2656 2003 2705 vr,
2032 2640 2145 2708 58);

565 2744 692 2785 mox
726 2729 1074 2800 exoceupatis
1110 2728 1383 2795 manibus,
1418 2737 1473 2784 et
1504 2731 1647 2800 quod
1690 2730 1923 2801 agebant
1950 2731 2152 2800 imper-

566 2818 768 2877 fectum
794 2816 1185 2890 relinquentes,
1228 2816 1407 2875 vicino
1443 2816 1765 2875 obedientiae
1794 2817 1929 2889 pede
1954 2816 2151 2888 juben-

566 2911 641 2966 tis
669 2926 857 2968 vocem
898 2909 1060 2966 factis
1104 2917 1421 2981 sequantur.
1472 2906 1627 2966 Unde
1670 2910 1727 2965 in
1761 2902 2150 2965 Collationibus

562 3002 795 3059 Patrum
834 3001 942 3059 tale
980 3002 1140 3059 datur
1178 2999 1487 3074 exemplum
1516 3019 1529 3055 :
1554 3000 1737 3056 Abbas
1761 2996 2023 3072 Sylvanus
2054 3001 2152 3057 ha-

2254 1920 2361 1960 non
2387 1904 2563 1958 omnia
2592 1903 2873 1975 expediunt
2905 1903 2957 1976 (1
2988 1902 3111 1959 Cor.
3138 1920 3216 1973 vr,
3239 1902 3345 1977 i2).

2837 2016 3067 2075 CAPUT
3105 2017 3238 2075 LIII.

2322 2110 2402 2167 De
2428 2109 2539 2166 zelo
2567 2109 2704 2166 bono
2735 2109 3122 2235 quanddecbeatl
3154 2108 3345 2234 fabers
3373 2108 3619 2168 solitarii
3654 2126 3775 2186 ergo

2936 2198 2977 2233 ιδ
3011 2198 3099 2251 tpu
3124 2198 3153 2236 0
3187 2219 3201 2234 .

2324 2272 2399 2331 Ut
2424 2283 2607 2330 autem
2638 2272 2715 2329 ait
2752 2281 2976 2329 sanctus
3008 2272 3349 2341 Benedictus,
3396 2274 3549 2331 sicut
3580 2284 3671 2331 est
3704 2275 3821 2333 zelus

2251 2365 2431 2423 bonus
2452 2366 2546 2436 qui
2569 2372 2785 2436 separat
2810 2364 3082 2419 hominem
3103 2379 3133 2417 a
3154 2363 3303 2418 vitiis
3324 2372 3380 2419 et
3405 2364 3567 2420 ducit
3588 2367 3662 2420 ad
3681 2364 3819 2422 Deoia

2252 2464 2311 2513 et
2354 2454 2425 2511 ad
2462 2455 2633 2509 vitam
2666 2462 2948 2519 aeternam,
2980 2453 3054 2508 ita
3081 2462 3165 2508 est
3189 2459 3244 2507 et
3278 2453 3431 2509 zelus
3456 2455 3819 2510 amaritudinis

2251 2546 2346 2618 qui
2390 2553 2607 2617 separat
2634 2559 2665 2598 a
2695 2543 2807 2599 Deo
2835 2551 2892 2599 et
2919 2543 3067 2600 ducit
3101 2544 3169 2599 ad
3198 2543 3500 2601 infernum.
3529 2545 3684 2601 Hunc
3706 2560 3817 2618 ergo

2251 2636 2427 2694 zelum
2470 2636 2564 2707 qui
2593 2634 2662 2690 ad
2693 2635 2859 2689 vitam
2902 2633 3051 2689 ducit
3095 2644 3379 2701 aeternam,
3431 2634 3821 2692 ferventissimo

2252 2742 2439 2782 amore
2475 2734 2768 2782 exerceant
2817 2722 3047 2779 solitarii
3098 2740 3227 2796 erga
3278 2724 3607 2796 discipulos,
3655 2727 3819 2795 idest,

2251 2826 2312 2873 ut
2341 2816 2690 2872 inﬁrmitates
2721 2814 2932 2870 illorum
2962 2815 3076 2873 sive
3099 2830 3414 2886 corporum,
3445 2817 3568 2871 sive
3606 2834 3823 2886 morum,

2251 2909 2644 2980 patientissime
2676 2908 2926 2973 tolerent,
2980 2915 3033 2961 et
3074 2906 3120 2963 si
3161 2905 3298 2962 forte
3344 2906 3559 2978 aliquid
3607 2910 3824 2982 delique-

2256 3002 2385 3069 rint,
2416 3016 2539 3057 cum
2570 2999 2717 3054 omni
2750 2998 3119 3055 moderatione
3155 3013 3249 3054 eos
3288 3000 3615 3071 corripiant.
3644 3002 3704 3058 In
3731 3002 3824 3072 ipsa

566 3090 688 3152 buit
714 3093 1038 3166 discipulum
1077 3094 1389 3166 quemdam,
1432 3092 1652 3148 nomine
1689 3092 1950 3159 Marcum,
1980 3101 2034 3147 et
2060 3091 2151 3148 hic
2184 3155 2222 3167 _
2255 3106 2438 3149 autem
2482 3094 2828 3165 correptione
2863 3093 3158 3165 prudenter
3206 3102 3404 3167 agant,
3453 3102 3515 3149 et
3563 3096 3691 3167 plus
3734 3104 3825 3150 stn-

568 3184 748 3243 l'uerat
795 3155 1001 3256 magna:
1043 3155 1403 3251 obedientize',
1464 3183 1665 3257 quique
1710 3184 1874 3241 etiam
1917 3155 2223 3254 scriptorG
2254 3186 2419 3241 deant
2465 3155 3101 3256 amariquam'timeri.
3150 3183 3219 3238 Et
3240 3155 3335 3239 Vne
3362 3155 3496 3256 quid
3551 3155 3738 3251 nimis,
3772 3199 3826 3243 ne

569 3285 710 3333 erat.
738 3276 1007 3349 Diligebat
1053 3283 1234 3331 autem
1264 3291 1388 3331 eum
1416 3290 1585 3330 senex
1621 3282 1844 3346 propter
1887 3274 2148 3332 obedien-

568 3368 701 3424 tiam
726 3385 901 3425 suam.
930 3368 1176 3424 Habebat
1201 3376 1382 3423 autem
1404 3366 1539 3422 alios
1560 3366 1809 3422 undecim
1835 3365 2148 3438 discipulos,

567 3460 661 3532 qui
694 3457 1158 3516 contristabantur
1190 3472 1290 3529 pro
1324 3472 1390 3513 eo
1423 3456 1567 3528 quod
1601 3472 1727 3512 eum
1754 3456 2002 3530 diligeret
2029 3457 2152 3528 plus

567 3551 668 3609 eis.
703 3550 859 3620 Quod
883 3567 1005 3613 cum
1038 3550 1315 3607 audissent
1352 3548 1517 3606 vicini
1564 3551 1833 3616 seniores,
1875 3549 2001 3621 quia
2031 3549 2153 3621 plus

569 3657 695 3700 eum
722 3643 935 3701 caeteris
977 3643 1091 3699 suis
1125 3642 1407 3715 discipulis
1445 3640 1717 3716 diligeret,
1752 3641 1981 3700 moleste
2007 3642 2151 3698 tule-

569 3740 713 3801 runt.
740 3730 861 3793 Una
887 3740 1070 3791 autem
1106 3732 1193 3793 die
1228 3740 1497 3793 venerunt
1533 3734 1604 3793 ad
1641 3751 1763 3795 eum
1792 3754 1805 3790 :
1836 3748 1974 3807 quos
2001 3750 2153 3791 assu-

567 3842 724 3883 mens
767 3843 951 3885 secum
993 3826 1162 3881 abbas
1206 3825 1498 3898 Sylvanus,
1535 3841 1787 3898 egressus
1824 3824 1988 3898 cmpit
2034 3827 2149 3881 sin-

569 3914 818 3988 gulorum
862 3913 1247 3985 discipulorum
1296 3930 1521 3971 suorum
1568 3913 1736 3969 cellas
1785 3913 2023 3990 pulsare,
2071 3915 2153 3973 di-

571 4022 703 4062 cens
728 4005 984 4073 :Frater,
1020 4002 1170 4073 veni,
1200 4008 1328 4077 quia
1356 4022 1492 4080 opus
1522 4016 1574 4064 te
1598 4007 1807 4077 habeo;
1841 4017 1897 4065 et
1921 4027 2060 4065 unus
2085 4026 2153 4065 ex

570 4094 652 4151 eis
679 4110 787 4150 non
835 4102 919 4151 est
963 4110 1087 4153 mox
1118 4104 1336 4153 secutus
1359 4113 1505 4155 eum.
1538 4094 1700 4153 Venit
1740 4106 1923 4153 autem
1952 4098 2020 4154 ad
2048 4098 2153 4155 cel~

567 4183 679 4240 lam
726 4184 915 4253 Marci,
957 4193 1013 4242 et
1062 4184 1197 4242 dixit
1244 4186 1293 4244 ei
1321 4206 1334 4242 :
1367 4187 1525 4256 Veni,
1556 4186 1749 4256 frater,
1777 4188 1903 4259 quia
1937 4203 2073 4259 opus
2100 4195 2154 4243 te

565 4275 758 4334 habeo.
790 4275 883 4332 llle
919 4283 1098 4333 autem
1142 4276 1435 4345 scribebat,
1478 4284 1533 4333 et
1580 4291 1689 4333 non
1730 4276 1960 4349 perfecit
2000 4277 2152 4333 litte-

554 4370 684 4422 ‘t‘am
731 4364 797 4435 0,
837 4372 892 4424 et
935 4368 1104 4425 venit.
1144 4364 1216 4424 Et
1261 4368 1517 4427 dixerunt
1544 4385 1704 4427 senes
1736 4388 1747 4424 :
1778 4369 1938 4438 Vere,
1989 4370 2149 4438 abba,

569 4466 733 4534 Quem
756 4468 813 4517 tu
843 4460 1039 4533 diligis,
1082 4458 1377 4534 diligimus,
1409 4461 1665 4532 quoniam
1694 4468 1749 4517 et
1776 4460 2040 4517 Dominus
2072 4458 2153 4517 di-

2252 3277 2381 3333 dum
2431 3277 2593 3332 nimis
2636 3276 2863 3332 eradere
2910 3276 3135 3347 cupiunt
3182 3277 3511 3351 rubiginem,
3563 3277 3826 3351 frangatur

2250 3352 2379 3437 vas;
2423 3383 2688 3438 suamque
2738 3364 3089 3439 fragilitatem
3139 3382 3353 3440 semper
3405 3371 3643 3440 suspecti
3692 3373 3828 3437 sint;

2255 3459 2711 3528 meminerintque
2752 3456 3025 3513 calamum
3066 3468 3383 3528 quassatum
3415 3474 3516 3513 non
3546 3470 3833 3515 conteren.

2253 3548 2398 3606 dum.
2427 3548 2486 3603 In
2516 3549 2713 3621 quibus
2743 3563 2853 3603 non
2897 3548 3131 3604 dicimus
3173 3556 3235 3602 ut
3274 3549 3595 3618 permittant
3636 3548 3829 3604 nutriti

2253 3640 2405 3705 vitia,
2436 3654 2613 3710 neque
2638 3637 2978 3694 dissimulent
3011 3646 3236 3708 peccata
3267 3637 3725 3708 delinquentium,
3752 3639 3828 3694 ad

2254 3748 2379 3787 mox
2405 3740 2465 3790 ut
2486 3733 2619 3788 oriri
2641 3732 2932 3804 cmperint,
2954 3739 3218 3805 quantum
3241 3730 3564 3802 praevalent,
3586 3731 3827 3786 radicitus

2255 3838 2319 3878 ea
2351 3830 2671 3893 amputent;
2718 3837 2989 3878 memores
3025 3832 3241 3892 semper
3273 3822 3401 3892 quia
3432 3819 3557 3876 Heli
3590 3819 3828 3878 sacerdos

2250 3928 2353 3986 pro
2403 3913 2634 3971 ﬁliorum
2682 3913 2972 3984 iniquitate
3020 3914 3311 3970 damnatus
3361 3920 3447 3969 est
3495 3912 3555 3984 (Ι
3593 3912 3729 3985 Reg.
3756 3911 3825 3981 π).

2256 4006 2598 4079 Quapropter
2654 4015 2877 4062 teneant
2930 4005 3216 4062 consilium
3262 4003 3515 4076 Apostoli
3576 4003 3827 4061 dictum:

2255 4096 2451 4168 Argue,
2488 4096 2724 4163 obsecra,
2764 4097 2977 4168 increpa
3005 4097 3061 4151 in
3088 4097 3231 4151 omni
3255 4096 3514 4167 patientia
3536 4105 3588 4151 et
3609 4097 3827 4151 doctrin

2258 4184 2309 4258 (I
2346 4186 2486 4241 Tim.
2530 4186 2625 4258 1v).
2674 4186 2734 4242 ld
2777 4195 2884 4255 est,
2940 4186 3367 4258 indisciplinatos
3405 4186 3606 4244 durius
3656 4201 3826 4262 ιιι-τ,

2257 4280 2572 4337 obedientes
2598 4287 2656 4336 et
2683 4281 2865 4348 mites,
2906 4289 2968 4336 ut
3006 4281 3061 4335 in
3099 4281 3292 4337 melius
3330 4280 3655 4352 proﬁciant,
3694 4281 3831 4337 obse-

2256 4385 2378 4440 cra;
2425 4373 2762 4447 negligentes
2800 4380 2856 4429 et
2896 4380 3304 4430 contemnentes
3346 4374 3615 4445 increpa;
3670 4373 3830 4430 om

2248 4468 2439 4522 tamen
2467 4476 2589 4521 cum
2618 4466 2899 4539 patientia.
2939 4464 3217 4538 Improbos
3251 4472 3454 4534 autem,
3487 4475 3549 4522 et
3577 4469 3767 4533 duros,
3786 4472 3831 4521 et

560 4514 689 4622 figit
713 4562 856 4606 eum.
884 4514 1009 4607 iugo
1032 4514 1301 4607 lstudohic
1324 4514 1477 4622 positi
1500 4552 1827 4623 exemplum,
1855 4560 1916 4608 u't
1940 4514 2230 4611 discantD
2256 4561 2537 4633 superbos,
2585 4514 2670 4615 νὲι
2716 4514 3109 4627 ἰῇοιδθὰἰθηιὲε,
3147 4560 3193 4621 si
3232 4567 3366 4615 tetas
3394 4514 3616 4631 siverit,
3664 4514 3834 4617 rgu-

572 4638 821 4711 discipull
857 4654 1019 4713 agere
1052 4643 1419 4700 obedientiam
1448 4644 1567 4700 sine
1602 4658 1774 4699 mora.
1803 4645 1907 4715 Ipsi
1938 4660 2153 4716 quoque

571 4730 821 4804 discipuli
844 4748 952 4788 non
979 4734 1088 4793 sint
1108 4735 1347 4806 superbi,
1370 4752 1480 4792 non
1506 4736 1667 4801 tardi,
1699 4751 1806 4791 non
1834 4736 2151 4808 turbulenti,

571 4840 681 4883 non
712 4824 990 4895 vinolenti,
1029 4842 1139 4883 non
1184 4826 1413 4885 multum
1453 4829 1674 4894 edaces;
1718 4828 1814 4885 sed
1848 4829 1958 4887 sint
1988 4831 2154 4887 mori-

556 4916 670 4975 bus
700 4917 950 4986 honesti,
993 4934 1058 4977 ac
1090 4915 1260 4975 Deum
1302 4919 1577 4976 timentes.
1610 4918 1715 4988 Qui
1744 4921 1910 4977 etiam
1936 4938 2002 4979 ea
2030 4940 2153 4997 quae

568 5004 714 5065 Deus
740 5008 951 5066 dederit
971 5016 1213 5080 tempore
1238 5017 1542 5083 opportuno
1564 5010 1852 5085 diligenter
1876 5014 2153 5087 magistris

572 5100 974 5169 administrent,
1016 5110 1071 5157 et
1100 5102 1156 5157 in
1182 5101 1541 5163 ministrando
1571 5103 1878 5163 nullatenus
1904 5121 1999 5161 eos
2024 5122 2154 5161 con-

570 5194 821 5264 tristent;
850 5208 1119 5251 memores
1149 5206 1364 5267 semper
1391 5193 1561 5251 divini
1600 5196 1888 5263 sermonis,
1917 5196 2009 5252 ubi
2037 5196 2149 5250 ait:

576 5282 679 5353 Qui
729 5287 1165 5343 scandalizaverit
1208 5294 1373 5342 unum
1419 5286 1484 5343 de
1528 5288 1772 5361 pusillis,
1821 5291 1912 5361 qui
1959 5291 2016 5344 in
2071 5306 2152 5347 me

570 5380 808 5448 credunt,
840 5387 944 5436 etc.
976 5378 1191 5453 (Matth.
1230 5396 1385 5447 xvul,
1411 5381 1491 5455 6.)
1538 5380 1672 5436 Illud
1713 5383 1879 5439 etiam
1926 5382 1996 5439 ad
2037 5399 2152 5439 me-

566 5472 797 5527 moriam
841 5481 1097 5530 revocent
1137 5474 1280 5545 quod
1312 5475 1387 5529 ait
1412 5473 1742 5544 Apostolus:
1776 5473 1881 5541 Qui
1907 5475 2031 5530 bene
2053 5476 2147 5530 mi-

568 5566 777 5635 nistrat,
815 5567 1039 5639 gradum
1078 5569 1269 5624 bonum
1310 5569 1409 5624 sibi
1440 5568 1662 5639 acquirit
1692 5566 1777 5641 (II
1806 5567 1927 5622 Cor.
1958 5586 2033 5634 Ix,
2070 5569 2139 5641 7).

566 5654 636 5717 Ει
687 5675 936 5715 rursum:
969 5659 1210 5715 Hilarem
1265 5660 1503 5715 datorem
1543 5657 1716 5730 diligit
1759 5657 1901 5713 Deus
1956 5657 2144 5732 (Ibid).
2232 5666 2235 5673 '

525 5778 535 5789 -
570 5742 672 5810 Cui
699 5760 881 5811 autem
910 5754 1211 5811 substantia
1248 5770 1359 5812 non
1384 5761 1469 5811 est
1490 5768 1610 5828 quae
1638 5751 1928 5823 tribuatur,
1968 5766 2148 5811 sermo
2178 5835 2191 5839 ν

2256 4660 2377 4707 rum
2411 4652 2765 4727 castigatione
2794 4660 2849 4707 et
2879 4667 3167 4722 corporum
3198 4651 3492 4708 aliiictione
3532 4659 3832 4713 coerceant.

2255 4745 2395 4801 sicut
2445 4743 2708 4817 scriptum
2738 4751 2859 4800 est:
2890 4740 3113 4799 Percute
3162 4742 3336 4814 ﬁlium
3378 4753 3539 4801 tuum
3595 4748 3769 4820 virga,
3798 4748 3837 4797 α

2254 4840 2490 4895 animam
2516 4839 2630 4910 ejus
2662 4836 2727 4894 de
2754 4837 2963 4910 inferno
3002 4836 3247 4893 liberabis
3300 4837 3488 4910 (Prov.
3529 4856 3702 4905 xxm,
3744 4838 3837 4909 ﬂ).

2254 4926 2370 4985 Hoc
2416 4944 2759 5003 summopere
2806 4928 3203 5003 perpendentes
3246 4937 3307 4985 ut
3334 4929 3494 5002 juxta
3528 4931 3844 5005 qualitates

2254 5022 2538 5078 vulnerum
2577 5022 2869 5078 exhibeant
2910 5021 3149 5078 fomenta
3190 5023 3569 5079 curationum.
3611 5024 3843 5080 Carum

2257 5123 2439 5171 autem
2473 5123 2556 5182 ut,
2598 5116 2726 5171 dum
2762 5115 2897 5171 alios
2926 5116 2995 5179 de
3019 5115 3478 5175 admonitionibus
3512 5120 3630 5174 suis
3662 5134 3843 5174 emen-

2254 5204 2383 5260 dare
2409 5213 2726 5276 procurant,
2768 5206 2871 5279 ipsi
2902 5206 2969 5261 ab
2997 5207 3252 5265 omnibus
3275 5208 3431 5269 vitiis
3452 5211 3751 5266 emendati
3777 5212 3848 5264 in-

2253 5296 2575 5361 veniantur;
2606 5311 2675 5351 ne
2705 5294 2845 5355 forte
2866 5295 2985 5352 aliis
3005 5294 3384 5371 prmdicantes,
3405 5298 3510 5379 ipsi
3539 5301 3725 5381 (quod
3752 5302 3845 5367 ιδ-

2257 5389 2348 5461 sit)
2377 5388 2591 5460 reprobi
2616 5386 2940 5445 efﬁciantur.

2845 5479 3075 5538 CAPUT
3109 5480 3244 5538 LIV.

2498 5571 2771 5639 Quomodo
2797 5572 3045 5644 jejunare
3086 5573 3305 5629 debeant
3346 5575 3592 5633 solitarii.

2328 5659 2419 5716 Sic
2446 5664 2590 5719 enim
2628 5664 2940 5720 necessaria
2974 5663 3132 5719 nobis
3168 5674 3296 5720 sunt
3318 5664 3525 5737 jejuni:
3553 5666 3715 5723 sicut
3746 5666 3855 5721 rul-

2256 5756 2477 5813 neribus
2504 5756 2798 5830 medicina,
2827 5759 2900 5817 ita
2934 5765 3115 5819 tamen
3134 5768 3194 5815 ut
3218 5757 3447 5818 duarum
3472 5775 3677 5825 rerum
3714 5762 3855 5821 testi-
