  <div class='ocr_page' id='page_1' title='image "/cluster/home/n/w/nwhite01/storage/ocr_20150623/103/hvd.32044015466816/328.png"; bbox 0 0 3972 6328; ppageno 0'>
   <div class='ocr_carea' id='block_1_1' title="bbox 160 358 261 418">
    <p class='ocr_par' dir='ltr' id='par_1_1' title="bbox 160 358 261 418">
     <span class='ocr_line' id='line_1_1' title="bbox 160 358 261 418; baseline 0 0"><span class='ocrx_word' id='word_1_1' title='bbox 160 358 261 418; x_wconf 66' lang='grc' dir='ltr'><strong>ϐιό</strong></span> 
     </span>
    </p>
   </div>
   <div class='ocr_carea' id='block_1_2' title="bbox 788 338 2749 408">
    <p class='ocr_par' dir='ltr' id='par_1_2' title="bbox 788 338 2749 408">
     <span class='ocr_line' id='line_1_2' title="bbox 788 338 2749 408; baseline -0.006 1"><span class='ocrx_word' id='word_1_2' title='bbox 788 349 1017 408; x_wconf 80' lang='lat' dir='ltr'><strong>CODEX</strong></span> <span class='ocrx_word' id='word_1_3' title='bbox 1058 343 1513 405; x_wconf 73' lang='lat' dir='ltr'><strong>REGULARUM.</strong></span> <span class='ocrx_word' id='word_1_4' title='bbox 1550 372 1623 384; x_wconf 89' lang='lat'><strong>-—</strong></span> <span class='ocrx_word' id='word_1_5' title='bbox 1661 339 1842 398; x_wconf 76' lang='lat' dir='ltr'><strong>PARS</strong></span> <span class='ocrx_word' id='word_1_6' title='bbox 1878 340 1943 396; x_wconf 88' lang='lat' dir='ltr'><strong>ll.</strong></span> <span class='ocrx_word' id='word_1_7' title='bbox 1985 339 2291 399; x_wconf 64' lang='lat' dir='ltr'><strong>REGULE</strong></span> <span class='ocrx_word' id='word_1_8' title='bbox 2326 340 2432 397; x_wconf 78' lang='lat' dir='ltr'><strong>PP.</strong></span> <span class='ocrx_word' id='word_1_9' title='bbox 2473 338 2749 399; x_wconf 80' lang='lat' dir='ltr'><strong>ORIENT.</strong></span> 
     </span>
    </p>
   </div>
   <div class='ocr_carea' id='block_1_3' title="bbox 3298 351 3414 408">
    <p class='ocr_par' dir='ltr' id='par_1_3' title="bbox 3298 351 3414 408">
     <span class='ocr_line' id='line_1_3' title="bbox 3298 351 3414 408; baseline 0 0"><span class='ocrx_word' id='word_1_10' title='bbox 3298 351 3414 408; x_wconf 64' lang='lat'><strong>846</strong></span> 
     </span>
    </p>
   </div>
   <div class='ocr_carea' id='block_1_4' title="bbox 160 454 3413 538">
    <p class='ocr_par' dir='ltr' id='par_1_4' title="bbox 160 454 3413 538">
     <span class='ocr_line' id='line_1_4' title="bbox 160 454 3413 538; baseline 0 -14"><span class='ocrx_word' id='word_1_11' title='bbox 160 469 339 529; x_wconf 82' lang='lat' dir='ltr'><strong>muuio</strong></span> <span class='ocrx_word' id='word_1_12' title='bbox 365 466 804 538; x_wconf 78' lang='lat' dir='ltr'><strong>comprobantur,</strong></span> <span class='ocrx_word' id='word_1_13' title='bbox 829 464 881 518; x_wconf 99' lang='lat' dir='ltr'><strong>id</strong></span> <span class='ocrx_word' id='word_1_14' title='bbox 904 472 1008 530; x_wconf 88' lang='lat' dir='ltr'><strong>est,</strong></span> <span class='ocrx_word' id='word_1_15' title='bbox 1039 462 1285 518; x_wconf 86' lang='lat' dir='ltr'><strong>oratione</strong></span> <span class='ocrx_word' id='word_1_16' title='bbox 1303 469 1359 516; x_wconf 89' lang='lat' dir='ltr'><strong>et</strong></span> <span class='ocrx_word' id='word_1_17' title='bbox 1378 458 1737 526; x_wconf 81' lang='lat' dir='ltr'><strong>elecmosyna.</strong></span> <span class='ocrx_word' id='word_1_18' title='bbox 1768 459 1819 521; x_wconf 81' lang='grc' dir='ltr'>Α</span> <span class='ocrx_word' id='word_1_19' title='bbox 1847 454 2109 523; x_wconf 84' lang='lat' dir='ltr'><strong>Quoniam</strong></span> <span class='ocrx_word' id='word_1_20' title='bbox 2142 455 2258 526; x_wconf 84' lang='lat' dir='ltr'><strong>ipsa</strong></span> <span class='ocrx_word' id='word_1_21' title='bbox 2299 465 2425 511; x_wconf 80' lang='lat' dir='ltr'><strong>sunt</strong></span> <span class='ocrx_word' id='word_1_22' title='bbox 2458 471 2580 527; x_wconf 68' lang='lat' dir='ltr'><strong>qua)</strong></span> <span class='ocrx_word' id='word_1_23' title='bbox 2619 456 2828 522; x_wconf 74' lang='lat' dir='ltr'><strong>faciunt</strong></span> <span class='ocrx_word' id='word_1_24' title='bbox 2849 461 3128 521; x_wconf 74' lang='lat' dir='ltr'><strong>humiliari</strong></span> <span class='ocrx_word' id='word_1_25' title='bbox 3157 468 3413 525; x_wconf 84' lang='lat' dir='ltr'><strong>animam.</strong></span> 
     </span>
    </p>
   </div>
   <div class='ocr_carea' id='block_1_5' title="bbox 166 549 1732 630">
    <p class='ocr_par' dir='ltr' id='par_1_5' title="bbox 166 549 1732 630">
     <span class='ocr_line' id='line_1_5' title="bbox 166 549 1732 630; baseline -0.011 -11"><span class='ocrx_word' id='word_1_26' title='bbox 166 564 310 620; x_wconf 86' lang='lat' dir='ltr'><strong>Unde</strong></span> <span class='ocrx_word' id='word_1_27' title='bbox 349 562 541 616; x_wconf 87' lang='lat' dir='ltr'><strong>beatus</strong></span> <span class='ocrx_word' id='word_1_28' title='bbox 590 556 923 630; x_wconf 72' lang='lat' dir='ltr'><strong>Augustinus</strong></span> <span class='ocrx_word' id='word_1_29' title='bbox 952 556 1067 610; x_wconf 90' lang='lat' dir='ltr'><strong>ait:</strong></span> <span class='ocrx_word' id='word_1_30' title='bbox 1098 555 1309 609; x_wconf 87' lang='lat' dir='ltr'><strong>Bonum</strong></span> <span class='ocrx_word' id='word_1_31' title='bbox 1348 559 1432 607; x_wconf 89' lang='lat' dir='ltr'><strong>est</strong></span> <span class='ocrx_word' id='word_1_32' title='bbox 1462 549 1732 622; x_wconf 87' lang='lat' dir='ltr'><strong>jejunare,</strong></span> 
     </span>
    </p>
   </div>
   <div class='ocr_carea' id='block_1_6' title="bbox 162 639 1737 722">
    <p class='ocr_par' dir='ltr' id='par_1_6' title="bbox 162 639 1737 722">
     <span class='ocr_line' id='line_1_6' title="bbox 162 639 1737 722; baseline -0.012 -9"><span class='ocrx_word' id='word_1_33' title='bbox 162 656 253 713; x_wconf 87' lang='lat' dir='ltr'><strong>sed</strong></span> <span class='ocrx_word' id='word_1_34' title='bbox 278 652 473 708; x_wconf 86' lang='lat' dir='ltr'><strong>melius</strong></span> <span class='ocrx_word' id='word_1_35' title='bbox 495 658 579 706; x_wconf 90' lang='lat' dir='ltr'><strong>est</strong></span> <span class='ocrx_word' id='word_1_36' title='bbox 605 649 1006 722; x_wconf 81' lang='lat' dir='ltr'><strong>eleemosynam</strong></span> <span class='ocrx_word' id='word_1_37' title='bbox 1034 647 1186 703; x_wconf 89' lang='lat' dir='ltr'><strong>dare.</strong></span> <span class='ocrx_word' id='word_1_38' title='bbox 1212 644 1568 715; x_wconf 78' lang='lat' dir='ltr'><strong>Eleemosyna</strong></span> <span class='ocrx_word' id='word_1_39' title='bbox 1591 639 1737 696; x_wconf 88' lang='lat' dir='ltr'><strong>enim</strong></span> 
     </span>
    </p>
   </div>
   <div class='ocr_carea' id='block_1_7' title="bbox 169 732 1741 813">
    <p class='ocr_par' dir='ltr' id='par_1_7' title="bbox 169 732 1741 813">
     <span class='ocr_line' id='line_1_7' title="bbox 169 732 1741 813; baseline -0.011 -8"><span class='ocrx_word' id='word_1_40' title='bbox 169 745 361 805; x_wconf 79' lang='lat' dir='ltr'><strong>suﬂicit</strong></span> <span class='ocrx_word' id='word_1_41' title='bbox 383 745 502 803; x_wconf 82' lang='lat' dir='ltr'><strong>sine</strong></span> <span class='ocrx_word' id='word_1_42' title='bbox 522 740 750 813; x_wconf 77' lang='lat' dir='ltr'><strong>jejunio,</strong></span> <span class='ocrx_word' id='word_1_43' title='bbox 775 740 1042 813; x_wconf 74' lang='lat' dir='ltr'><strong>jejunium</strong></span> <span class='ocrx_word' id='word_1_44' title='bbox 1086 754 1216 796; x_wconf 88' lang='lat' dir='ltr'><strong>vero</strong></span> <span class='ocrx_word' id='word_1_45' title='bbox 1236 754 1348 794; x_wconf 89' lang='lat' dir='ltr'><strong>non</strong></span> <span class='ocrx_word' id='word_1_46' title='bbox 1389 735 1583 792; x_wconf 83' lang='lat' dir='ltr'><strong>sutlicit</strong></span> <span class='ocrx_word' id='word_1_47' title='bbox 1621 732 1741 789; x_wconf 91' lang='lat' dir='ltr'><strong>sine</strong></span> 
     </span>
    </p>
   </div>
   <div class='ocr_carea' id='block_1_8' title="bbox 160 831 1742 913">
    <p class='ocr_par' dir='ltr' id='par_1_8' title="bbox 160 831 1742 913">
     <span class='ocr_line' id='line_1_8' title="bbox 160 831 1742 913; baseline -0.011 -15"><span class='ocrx_word' id='word_1_48' title='bbox 160 841 520 913; x_wconf 78' lang='lat' dir='ltr'><strong>eleemosyna.</strong></span> <span class='ocrx_word' id='word_1_49' title='bbox 550 836 679 892; x_wconf 83' lang='lat' dir='ltr'><strong>Tale</strong></span> <span class='ocrx_word' id='word_1_50' title='bbox 704 842 787 890; x_wconf 88' lang='lat' dir='ltr'><strong>est</strong></span> <span class='ocrx_word' id='word_1_51' title='bbox 807 833 1073 907; x_wconf 80' lang='lat' dir='ltr'><strong>jejunium</strong></span> <span class='ocrx_word' id='word_1_52' title='bbox 1097 833 1216 889; x_wconf 81' lang='lat' dir='ltr'><strong>sine</strong></span> <span class='ocrx_word' id='word_1_53' title='bbox 1240 831 1581 905; x_wconf 80' lang='lat' dir='ltr'><strong>eleemosyua</strong></span> <span class='ocrx_word' id='word_1_54' title='bbox 1607 842 1742 898; x_wconf 80' lang='lat' dir='ltr'><strong>qua—</strong></span> 
     </span>
    </p>
   </div>
   <div class='ocr_carea' id='block_1_9' title="bbox 160 919 1741 1007">
    <p class='ocr_par' dir='ltr' id='par_1_9' title="bbox 160 919 1741 1007">
     <span class='ocr_line' id='line_1_9' title="bbox 160 919 1741 1007; baseline -0.009 -18"><span class='ocrx_word' id='word_1_55' title='bbox 160 934 229 989; x_wconf 84' lang='lat' dir='ltr'><strong>lis</strong></span> <span class='ocrx_word' id='word_1_56' title='bbox 257 939 342 987; x_wconf 88' lang='lat' dir='ltr'><strong>est</strong></span> <span class='ocrx_word' id='word_1_57' title='bbox 380 929 497 987; x_wconf 84' lang='lat' dir='ltr'><strong>sine</strong></span> <span class='ocrx_word' id='word_1_58' title='bbox 524 927 643 984; x_wconf 90' lang='lat' dir='ltr'><strong>oleo</strong></span> <span class='ocrx_word' id='word_1_59' title='bbox 684 926 929 1007; x_wconf 70' lang='lat' dir='ltr'><strong>lucerna.</strong></span> <span class='ocrx_word' id='word_1_60' title='bbox 964 924 1034 981; x_wconf 83' lang='lat' dir='ltr'><strong>Et</strong></span> <span class='ocrx_word' id='word_1_61' title='bbox 1066 924 1207 980; x_wconf 87' lang='lat' dir='ltr'><strong>sicut</strong></span> <span class='ocrx_word' id='word_1_62' title='bbox 1227 922 1449 977; x_wconf 79' lang='lat' dir='ltr'><strong>hiceraa</strong></span> <span class='ocrx_word' id='word_1_63' title='bbox 1471 935 1595 991; x_wconf 76' lang='lat' dir='ltr'><strong>qum</strong></span> <span class='ocrx_word' id='word_1_64' title='bbox 1622 919 1741 976; x_wconf 82' lang='lat' dir='ltr'><strong>sine</strong></span> 
     </span>
    </p>
   </div>
   <div class='ocr_carea' id='block_1_10' title="bbox 160 1014 1740 1091">
    <p class='ocr_par' dir='ltr' id='par_1_10' title="bbox 160 1014 1740 1091">
     <span class='ocr_line' id='line_1_10' title="bbox 160 1014 1740 1091; baseline -0.009 -10"><span class='ocrx_word' id='word_1_65' title='bbox 160 1025 279 1082; x_wconf 87' lang='lat' dir='ltr'><strong>oleo</strong></span> <span class='ocrx_word' id='word_1_66' title='bbox 306 1021 639 1085; x_wconf 70' lang='lat' dir='ltr'><strong>accenditur,</strong></span> <span class='ocrx_word' id='word_1_67' title='bbox 678 1017 945 1090; x_wconf 75' lang='lat' dir='ltr'><strong>fumigare</strong></span> <span class='ocrx_word' id='word_1_68' title='bbox 971 1026 1167 1091; x_wconf 89' lang='lat' dir='ltr'><strong>potest,</strong></span> <span class='ocrx_word' id='word_1_69' title='bbox 1199 1015 1374 1073; x_wconf 85' lang='lat' dir='ltr'><strong>lucem</strong></span> <span class='ocrx_word' id='word_1_70' title='bbox 1400 1014 1603 1069; x_wconf 83' lang='lat' dir='ltr'><strong>habere</strong></span> <span class='ocrx_word' id='word_1_71' title='bbox 1630 1027 1740 1067; x_wconf 89' lang='lat' dir='ltr'><strong>non</strong></span> 
     </span>
    </p>
   </div>
   <div class='ocr_carea' id='block_1_11' title="bbox 118 1101 1740 1187">
    <p class='ocr_par' dir='ltr' id='par_1_11' title="bbox 118 1101 1740 1187">
     <span class='ocr_line' id='line_1_11' title="bbox 118 1101 1740 1187; baseline -0.01 -15"><span class='ocrx_word' id='word_1_72' title='bbox 118 1120 121 1121; x_wconf 64' lang='grc'><strong><em>⁷</em></strong></span> <span class='ocrx_word' id='word_1_73' title='bbox 160 1121 370 1187; x_wconf 82' lang='lat' dir='ltr'><strong>potest;</strong></span> <span class='ocrx_word' id='word_1_74' title='bbox 404 1114 481 1169; x_wconf 85' lang='lat' dir='ltr'><strong>ita</strong></span> <span class='ocrx_word' id='word_1_75' title='bbox 508 1109 775 1181; x_wconf 78' lang='lat' dir='ltr'><strong>jejunium</strong></span> <span class='ocrx_word' id='word_1_76' title='bbox 809 1110 926 1165; x_wconf 84' lang='lat' dir='ltr'><strong>sine</strong></span> <span class='ocrx_word' id='word_1_77' title='bbox 944 1109 1322 1176; x_wconf 61' lang='lat' dir='ltr'><strong>plcemosyna,</strong></span> <span class='ocrx_word' id='word_1_78' title='bbox 1365 1118 1586 1159; x_wconf 86' lang='lat' dir='ltr'><strong>carnem</strong></span> <span class='ocrx_word' id='word_1_79' title='bbox 1612 1101 1740 1170; x_wconf 86' lang='lat' dir='ltr'><strong>qui-</strong></span> 
     </span>
    </p>
   </div>
   <div class='ocr_carea' id='block_1_12' title="bbox 161 1194 1741 1269">
    <p class='ocr_par' dir='ltr' id='par_1_12' title="bbox 161 1194 1741 1269">
     <span class='ocr_line' id='line_1_12' title="bbox 161 1194 1741 1269; baseline -0.009 -8"><span class='ocrx_word' id='word_1_80' title='bbox 161 1206 285 1262; x_wconf 84' lang='lat' dir='ltr'><strong>dem</strong></span> <span class='ocrx_word' id='word_1_81' title='bbox 329 1202 573 1269; x_wconf 76' lang='lat' dir='ltr'><strong>cruciat,</strong></span> <span class='ocrx_word' id='word_1_82' title='bbox 624 1201 721 1255; x_wconf 89' lang='lat' dir='ltr'><strong>sed</strong></span> <span class='ocrx_word' id='word_1_83' title='bbox 764 1197 1051 1255; x_wconf 83' lang='lat' dir='ltr'><strong>charitatis</strong></span> <span class='ocrx_word' id='word_1_84' title='bbox 1096 1195 1301 1250; x_wconf 77' lang='lat' dir='ltr'><strong>lumine</strong></span> <span class='ocrx_word' id='word_1_85' title='bbox 1344 1194 1582 1249; x_wconf 86' lang='lat' dir='ltr'><strong>animam</strong></span> <span class='ocrx_word' id='word_1_86' title='bbox 1631 1206 1741 1247; x_wconf 89' lang='lat' dir='ltr'><strong>non</strong></span> 
     </span>
    </p>
   </div>
   <div class='ocr_carea' id='block_1_13' title="bbox 160 1280 1741 1364">
    <p class='ocr_par' dir='ltr' id='par_1_13' title="bbox 160 1280 1741 1364">
     <span class='ocr_line' id='line_1_13' title="bbox 160 1280 1741 1364; baseline -0.013 -8"><span class='ocrx_word' id='word_1_87' title='bbox 160 1297 417 1356; x_wconf 83' lang='lat' dir='ltr'><strong>illustrat.</strong></span> <span class='ocrx_word' id='word_1_88' title='bbox 444 1294 553 1351; x_wconf 88' lang='lat' dir='ltr'><strong>Sed</strong></span> <span class='ocrx_word' id='word_1_89' title='bbox 574 1292 922 1364; x_wconf 64' lang='lat' dir='ltr'><strong>quaerendum</strong></span> <span class='ocrx_word' id='word_1_90' title='bbox 942 1288 1099 1345; x_wconf 85' lang='lat' dir='ltr'><strong>nobis</strong></span> <span class='ocrx_word' id='word_1_91' title='bbox 1118 1294 1202 1343; x_wconf 88' lang='lat' dir='ltr'><strong>est</strong></span> <span class='ocrx_word' id='word_1_92' title='bbox 1219 1285 1490 1356; x_wconf 79' lang='lat' dir='ltr'><strong>quomodo</strong></span> <span class='ocrx_word' id='word_1_93' title='bbox 1510 1280 1741 1341; x_wconf 81' lang='lat' dir='ltr'><strong>solitarii</strong></span> 
     </span>
    </p>
   </div>
   <div class='ocr_carea' id='block_1_14' title="bbox 163 1378 1744 1459">
    <p class='ocr_par' dir='ltr' id='par_1_14' title="bbox 163 1378 1744 1459">
     <span class='ocr_line' id='line_1_14' title="bbox 163 1378 1744 1459; baseline -0.009 -13"><span class='ocrx_word' id='word_1_94' title='bbox 163 1390 562 1459; x_wconf 72' lang='lat' dir='ltr'><strong>eleemosynam</strong></span> <span class='ocrx_word' id='word_1_95' title='bbox 586 1386 723 1445; x_wconf 72' lang='lat' dir='ltr'><strong>dare</strong></span> <span class='ocrx_word' id='word_1_96' title='bbox 746 1383 1027 1453; x_wconf 75' lang='lat' dir='ltr'><strong>iubentur,</strong></span> <span class='ocrx_word' id='word_1_97' title='bbox 1053 1382 1145 1451; x_wconf 82' lang='lat' dir='ltr'><strong>qui</strong></span> <span class='ocrx_word' id='word_1_98' title='bbox 1173 1396 1281 1437; x_wconf 83' lang='lat' dir='ltr'><strong>non</strong></span> <span class='ocrx_word' id='word_1_99' title='bbox 1306 1379 1481 1436; x_wconf 81' lang='lat' dir='ltr'><strong>solum</strong></span> <span class='ocrx_word' id='word_1_100' title='bbox 1514 1378 1744 1435; x_wconf 84' lang='lat' dir='ltr'><strong>faculta-</strong></span> 
     </span>
    </p>
   </div>
   <div class='ocr_carea' id='block_1_15' title="bbox 165 1468 1739 1548">
    <p class='ocr_par' dir='ltr' id='par_1_15' title="bbox 165 1468 1739 1548">
     <span class='ocr_line' id='line_1_15' title="bbox 165 1468 1739 1548; baseline -0.009 -12"><span class='ocrx_word' id='word_1_101' title='bbox 165 1488 267 1548; x_wconf 84' lang='lat' dir='ltr'><strong>tes,</strong></span> <span class='ocrx_word' id='word_1_102' title='bbox 299 1480 394 1537; x_wconf 80' lang='lat' dir='ltr'><strong>sed</strong></span> <span class='ocrx_word' id='word_1_103' title='bbox 419 1478 586 1535; x_wconf 86' lang='lat' dir='ltr'><strong>etiam</strong></span> <span class='ocrx_word' id='word_1_104' title='bbox 630 1477 838 1546; x_wconf 77' lang='lat' dir='ltr'><strong>seipsos</strong></span> <span class='ocrx_word' id='word_1_105' title='bbox 886 1474 1115 1531; x_wconf 81' lang='lat' dir='ltr'><strong>Domino</strong></span> <span class='ocrx_word' id='word_1_106' title='bbox 1147 1472 1380 1528; x_wconf 80' lang='lat' dir='ltr'><strong>ﬁdeliter</strong></span> <span class='ocrx_word' id='word_1_107' title='bbox 1407 1468 1739 1525; x_wconf 84' lang='lat' dir='ltr'><strong>obtulerunt.</strong></span> 
     </span>
    </p>
   </div>
   <div class='ocr_carea' id='block_1_16' title="bbox 161 1559 1743 1637">
    <p class='ocr_par' dir='ltr' id='par_1_16' title="bbox 161 1559 1743 1637">
     <span class='ocr_line' id='line_1_16' title="bbox 161 1559 1743 1637; baseline -0.008 -11"><span class='ocrx_word' id='word_1_108' title='bbox 161 1570 244 1626; x_wconf 80' lang='lat' dir='ltr'><strong>Ad</strong></span> <span class='ocrx_word' id='word_1_109' title='bbox 282 1571 403 1626; x_wconf 63' lang='lat' dir='ltr'><strong>hac</strong></span> <span class='ocrx_word' id='word_1_110' title='bbox 446 1583 557 1633; x_wconf 83' lang='lat' dir='ltr'><strong>non</strong></span> <span class='ocrx_word' id='word_1_111' title='bbox 586 1581 723 1637; x_wconf 73' lang='lat' dir='ltr'><strong>ego,</strong></span> <span class='ocrx_word' id='word_1_112' title='bbox 753 1565 847 1622; x_wconf 90' lang='lat' dir='ltr'><strong>sed</strong></span> <span class='ocrx_word' id='word_1_113' title='bbox 890 1564 1150 1621; x_wconf 83' lang='lat' dir='ltr'><strong>Dominus</strong></span> <span class='ocrx_word' id='word_1_114' title='bbox 1173 1576 1271 1633; x_wconf 89' lang='lat' dir='ltr'><strong>per</strong></span> <span class='ocrx_word' id='word_1_115' title='bbox 1295 1559 1613 1630; x_wconf 75' lang='lat' dir='ltr'><strong>prophetam</strong></span> <span class='ocrx_word' id='word_1_116' title='bbox 1655 1572 1743 1613; x_wconf 86' lang='lat' dir='ltr'><strong>re-</strong></span> 
     </span>
    </p>
   </div>
   <div class='ocr_carea' id='block_1_17' title="bbox 162 1652 1738 1730">
    <p class='ocr_par' dir='ltr' id='par_1_17' title="bbox 162 1652 1738 1730">
     <span class='ocr_line' id='line_1_17' title="bbox 162 1652 1738 1730; baseline -0.011 -14"><span class='ocrx_word' id='word_1_117' title='bbox 162 1659 404 1730; x_wconf 80' lang='lat' dir='ltr'><strong>spondit,</strong></span> <span class='ocrx_word' id='word_1_118' title='bbox 432 1658 656 1714; x_wconf 85' lang='lat' dir='ltr'><strong>dieens:</strong></span> <span class='ocrx_word' id='word_1_119' title='bbox 690 1654 901 1725; x_wconf 75' lang='lat' dir='ltr'><strong>Frange</strong></span> <span class='ocrx_word' id='word_1_120' title='bbox 929 1652 1182 1709; x_wconf 79' lang='lat' dir='ltr'><strong>esurienti</strong></span> <span class='ocrx_word' id='word_1_121' title='bbox 1208 1666 1397 1722; x_wconf 84' lang='lat' dir='ltr'><strong>panem</strong></span> <span class='ocrx_word' id='word_1_122' title='bbox 1431 1659 1601 1713; x_wconf 79' lang='lat' dir='ltr'><strong>tuum,</strong></span> <span class='ocrx_word' id='word_1_123' title='bbox 1631 1656 1738 1703; x_wconf 76' lang='lat' dir='ltr'><strong>etc.</strong></span> 
     </span>
    </p>
   </div>
   <div class='ocr_carea' id='block_1_18' title="bbox 1844 547 3415 625">
    <p class='ocr_par' dir='ltr' id='par_1_18' title="bbox 1844 547 3415 625">
     <span class='ocr_line' id='line_1_18' title="bbox 1844 547 3415 625; baseline 0.008 -21"><span class='ocrx_word' id='word_1_124' title='bbox 1844 548 1997 604; x_wconf 86' lang='lat' dir='ltr'><strong>Unde</strong></span> <span class='ocrx_word' id='word_1_125' title='bbox 2020 547 2235 604; x_wconf 89' lang='lat' dir='ltr'><strong>dicebat</strong></span> <span class='ocrx_word' id='word_1_126' title='bbox 2259 548 2426 604; x_wconf 83' lang='lat' dir='ltr'><strong>David</strong></span> <span class='ocrx_word' id='word_1_127' title='bbox 2456 568 2469 605; x_wconf 85' lang='lat'><strong>:</strong></span> <span class='ocrx_word' id='word_1_128' title='bbox 2498 548 2859 609; x_wconf 69' lang='lat' dir='ltr'><strong>Humiiiabam</strong></span> <span class='ocrx_word' id='word_1_129' title='bbox 2888 553 2942 608; x_wconf 85' lang='lat' dir='ltr'><strong>in</strong></span> <span class='ocrx_word' id='word_1_130' title='bbox 2961 554 3169 625; x_wconf 66' lang='lat' dir='ltr'><strong>jejunio</strong></span> <span class='ocrx_word' id='word_1_131' title='bbox 3187 560 3415 616; x_wconf 75' lang='lat' dir='ltr'><strong>animam</strong></span> 
     </span>
    </p>
   </div>
   <div class='ocr_carea' id='block_1_19' title="bbox 1839 643 3417 722">
    <p class='ocr_par' dir='ltr' id='par_1_19' title="bbox 1839 643 3417 722">
     <span class='ocr_line' id='line_1_19' title="bbox 1839 643 3417 722; baseline 0.006 -24"><span class='ocrx_word' id='word_1_132' title='bbox 1839 658 2046 708; x_wconf 83' lang='lat' dir='ltr'><strong>meam;</strong></span> <span class='ocrx_word' id='word_1_133' title='bbox 2092 643 2266 698; x_wconf 85' lang='lat' dir='ltr'><strong>oratio</strong></span> <span class='ocrx_word' id='word_1_134' title='bbox 2299 659 2416 699; x_wconf 70' lang='lat' dir='ltr'><strong>mea</strong></span> <span class='ocrx_word' id='word_1_135' title='bbox 2462 643 2517 696; x_wconf 87' lang='lat' dir='ltr'><strong>in</strong></span> <span class='ocrx_word' id='word_1_136' title='bbox 2556 644 2677 698; x_wconf 71' lang='lat' dir='ltr'><strong>sinit</strong></span> <span class='ocrx_word' id='word_1_137' title='bbox 2716 662 2831 701; x_wconf 78' lang='lat' dir='ltr'><strong>meo</strong></span> <span class='ocrx_word' id='word_1_138' title='bbox 2870 656 3196 703; x_wconf 69' lang='lat' dir='ltr'><strong>convertatur</strong></span> <span class='ocrx_word' id='word_1_139' title='bbox 3245 650 3417 722; x_wconf 80' lang='lat' dir='ltr'><strong>(Psal.</strong></span> 
     </span>
    </p>
   </div>
   <div class='ocr_carea' id='block_1_20' title="bbox 1840 732 3417 810">
    <p class='ocr_par' dir='ltr' id='par_1_20' title="bbox 1840 732 3417 810">
     <span class='ocr_line' id='line_1_20' title="bbox 1840 732 3417 810; baseline 0.002 -16"><span class='ocrx_word' id='word_1_140' title='bbox 1840 750 1998 801; x_wconf 73' lang='lat' dir='ltr'><strong>suis,</strong></span> <span class='ocrx_word' id='word_1_141' title='bbox 2029 733 2142 805; x_wconf 74' lang='lat' dir='ltr'><strong>i5).</strong></span> <span class='ocrx_word' id='word_1_142' title='bbox 2173 733 2311 789; x_wconf 87' lang='lat' dir='ltr'><strong>Nam</strong></span> <span class='ocrx_word' id='word_1_143' title='bbox 2333 732 2468 802; x_wconf 90' lang='lat' dir='ltr'><strong>justi</strong></span> <span class='ocrx_word' id='word_1_144' title='bbox 2497 741 2551 789; x_wconf 88' lang='lat' dir='ltr'><strong>et</strong></span> <span class='ocrx_word' id='word_1_145' title='bbox 2584 737 2860 806; x_wconf 66' lang='lat' dir='ltr'><strong>propbem</strong></span> <span class='ocrx_word' id='word_1_146' title='bbox 2898 739 3095 806; x_wconf 85' lang='lat' dir='ltr'><strong>nostri,</strong></span> <span class='ocrx_word' id='word_1_147' title='bbox 3142 742 3359 810; x_wconf 89' lang='lat' dir='ltr'><strong>quando</strong></span> <span class='ocrx_word' id='word_1_148' title='bbox 3386 756 3417 797; x_wconf 89' lang='lat' dir='ltr'><strong>a</strong></span> 
     </span>
    </p>
   </div>
   <div class='ocr_carea' id='block_1_21' title="bbox 1840 823 3519 903">
    <p class='ocr_par' dir='ltr' id='par_1_21' title="bbox 1840 823 3519 903">
     <span class='ocr_line' id='line_1_21' title="bbox 1840 823 3519 903; baseline 0.003 -22"><span class='ocrx_word' id='word_1_149' title='bbox 1840 825 1953 881; x_wconf 77' lang='lat' dir='ltr'><strong>Deo</strong></span> <span class='ocrx_word' id='word_1_150' title='bbox 1999 823 2204 893; x_wconf 77' lang='lat' dir='ltr'><strong>aliquid</strong></span> <span class='ocrx_word' id='word_1_151' title='bbox 2245 824 2539 894; x_wconf 79' lang='lat' dir='ltr'><strong>impetrare</strong></span> <span class='ocrx_word' id='word_1_152' title='bbox 2579 825 2854 892; x_wconf 77' lang='lat' dir='ltr'><strong>volebant,</strong></span> <span class='ocrx_word' id='word_1_153' title='bbox 2887 826 3094 897; x_wconf 77' lang='lat' dir='ltr'><strong>jejunio</strong></span> <span class='ocrx_word' id='word_1_154' title='bbox 3122 843 3181 885; x_wconf 85' lang='lat' dir='ltr'><strong>se</strong></span> <span class='ocrx_word' id='word_1_155' title='bbox 3211 830 3418 903; x_wconf 69' lang='lat' dir='ltr'><strong>alllige~</strong></span> <span class='ocrx_word' id='word_1_156' title='bbox 3510 866 3519 871; x_wconf 58' lang='grc' dir='ltr'><strong>η</strong></span> 
     </span>
    </p>
   </div>
   <div class='ocr_carea' id='block_1_22' title="bbox 1841 914 3419 992">
    <p class='ocr_par' dir='ltr' id='par_1_22' title="bbox 1841 914 3419 992">
     <span class='ocr_line' id='line_1_22' title="bbox 1841 914 3419 992; baseline 0.004 -19"><span class='ocrx_word' id='word_1_157' title='bbox 1841 916 2004 981; x_wconf 80' lang='lat' dir='ltr'><strong>bant;</strong></span> <span class='ocrx_word' id='word_1_158' title='bbox 2043 922 2099 969; x_wconf 91' lang='lat' dir='ltr'><strong>et</strong></span> <span class='ocrx_word' id='word_1_159' title='bbox 2125 914 2205 970; x_wconf 85' lang='lat' dir='ltr'><strong>sic</strong></span> <span class='ocrx_word' id='word_1_160' title='bbox 2235 915 2380 984; x_wconf 86' lang='lat' dir='ltr'><strong>quod</strong></span> <span class='ocrx_word' id='word_1_161' title='bbox 2412 914 2774 985; x_wconf 76' lang='lat' dir='ltr'><strong>postulabant,</strong></span> <span class='ocrx_word' id='word_1_162' title='bbox 2816 917 3110 988; x_wconf 54' lang='lat' dir='ltr'><strong>instrare</strong></span> <span class='ocrx_word' id='word_1_163' title='bbox 3137 936 3197 976; x_wconf 84' lang='lat' dir='ltr'><strong>se</strong></span> <span class='ocrx_word' id='word_1_164' title='bbox 3222 922 3419 992; x_wconf 76' lang='lat' dir='ltr'><strong>gaude-</strong></span> 
     </span>
    </p>
   </div>
   <div class='ocr_carea' id='block_1_23' title="bbox 1838 1002 3422 1073">
    <p class='ocr_par' dir='ltr' id='par_1_23' title="bbox 1838 1002 3422 1073">
     <span class='ocr_line' id='line_1_23' title="bbox 1838 1002 3422 1073; baseline 0.003 -8"><span class='ocrx_word' id='word_1_165' title='bbox 1838 1004 1992 1065; x_wconf 76' lang='lat' dir='ltr'><strong>bant.</strong></span> <span class='ocrx_word' id='word_1_166' title='bbox 2025 1004 2107 1063; x_wconf 72' lang='lat' dir='ltr'><strong>lta</strong></span> <span class='ocrx_word' id='word_1_167' title='bbox 2130 1013 2192 1059; x_wconf 87' lang='lat' dir='ltr'><strong>et</strong></span> <span class='ocrx_word' id='word_1_168' title='bbox 2219 1018 2319 1060; x_wconf 87' lang='lat' dir='ltr'><strong>nos</strong></span> <span class='ocrx_word' id='word_1_169' title='bbox 2343 1002 2636 1073; x_wconf 81' lang='lat' dir='ltr'><strong>jejunando</strong></span> <span class='ocrx_word' id='word_1_170' title='bbox 2684 1006 3030 1064; x_wconf 82' lang='lat' dir='ltr'><strong>humiliemus</strong></span> <span class='ocrx_word' id='word_1_171' title='bbox 3076 1012 3284 1067; x_wconf 80' lang='lat' dir='ltr'><strong>animas</strong></span> <span class='ocrx_word' id='word_1_172' title='bbox 3326 1029 3422 1069; x_wconf 85' lang='lat' dir='ltr'><strong>no-</strong></span> 
     </span>
    </p>
   </div>
   <div class='ocr_carea' id='block_1_24' title="bbox 1840 1092 3422 1170">
    <p class='ocr_par' dir='ltr' id='par_1_24' title="bbox 1840 1092 3422 1170">
     <span class='ocr_line' id='line_1_24' title="bbox 1840 1092 3422 1170; baseline 0.003 -19"><span class='ocrx_word' id='word_1_173' title='bbox 1840 1103 2005 1159; x_wconf 84' lang='lat' dir='ltr'><strong>stras,</strong></span> <span class='ocrx_word' id='word_1_174' title='bbox 2053 1104 2111 1151; x_wconf 82' lang='lat' dir='ltr'><strong>et</strong></span> <span class='ocrx_word' id='word_1_175' title='bbox 2154 1101 2288 1149; x_wconf 91' lang='lat' dir='ltr'><strong>tunc</strong></span> <span class='ocrx_word' id='word_1_176' title='bbox 2317 1092 2458 1163; x_wconf 87' lang='lat' dir='ltr'><strong>quod</strong></span> <span class='ocrx_word' id='word_1_177' title='bbox 2488 1095 2916 1164; x_wconf 76' lang='lat' dir='ltr'><strong>poposeorlmus,</strong></span> <span class='ocrx_word' id='word_1_178' title='bbox 2947 1112 2978 1152; x_wconf 87' lang='lat' dir='ltr'><strong>a</strong></span> <span class='ocrx_word' id='word_1_179' title='bbox 3005 1098 3117 1155; x_wconf 85' lang='lat' dir='ltr'><strong>Deo</strong></span> <span class='ocrx_word' id='word_1_180' title='bbox 3162 1101 3422 1170; x_wconf 82' lang='lat' dir='ltr'><strong>impetra-</strong></span> 
     </span>
    </p>
   </div>
   <div class='ocr_carea' id='block_1_25' title="bbox 1840 1183 3428 1262">
    <p class='ocr_par' dir='ltr' id='par_1_25' title="bbox 1840 1183 3428 1262">
     <span class='ocr_line' id='line_1_25' title="bbox 1840 1183 3428 1262; baseline 0.004 -22"><span class='ocrx_word' id='word_1_181' title='bbox 1840 1184 2040 1241; x_wconf 56' lang='lat' dir='ltr'><strong>bimus</strong></span> <span class='ocrx_word' id='word_1_182' title='bbox 2087 1183 2204 1243; x_wconf 77' lang='lat' dir='ltr'><strong>Non</strong></span> <span class='ocrx_word' id='word_1_183' title='bbox 2239 1198 2369 1253; x_wconf 79' lang='lat' dir='ltr'><strong>ergo</strong></span> <span class='ocrx_word' id='word_1_184' title='bbox 2396 1200 2497 1241; x_wconf 85' lang='lat' dir='ltr'><strong>nos</strong></span> <span class='ocrx_word' id='word_1_185' title='bbox 2524 1184 2877 1254; x_wconf 65' lang='lat' dir='ltr'><strong>praeferamus</strong></span> <span class='ocrx_word' id='word_1_186' title='bbox 2898 1188 2981 1244; x_wconf 87' lang='lat' dir='ltr'><strong>eis</strong></span> <span class='ocrx_word' id='word_1_187' title='bbox 3002 1190 3096 1259; x_wconf 85' lang='lat' dir='ltr'><strong>qui</strong></span> <span class='ocrx_word' id='word_1_188' title='bbox 3119 1190 3307 1262; x_wconf 75' lang='lat' dir='ltr'><strong>jejunii</strong></span> <span class='ocrx_word' id='word_1_189' title='bbox 3336 1208 3428 1247; x_wconf 85' lang='lat' dir='ltr'><strong>no-</strong></span> 
     </span>
    </p>
   </div>
   <div class='ocr_carea' id='block_1_26' title="bbox 1842 1273 3429 1351">
    <p class='ocr_par' dir='ltr' id='par_1_26' title="bbox 1842 1273 3429 1351">
     <span class='ocr_line' id='line_1_26' title="bbox 1842 1273 3429 1351; baseline 0.004 -22"><span class='ocrx_word' id='word_1_190' title='bbox 1842 1274 1942 1330; x_wconf 85' lang='lat' dir='ltr'><strong>stri</strong></span> <span class='ocrx_word' id='word_1_191' title='bbox 1983 1287 2090 1328; x_wconf 83' lang='lat' dir='ltr'><strong>non</strong></span> <span class='ocrx_word' id='word_1_192' title='bbox 2124 1273 2304 1328; x_wconf 85' lang='lat' dir='ltr'><strong>valent</strong></span> <span class='ocrx_word' id='word_1_193' title='bbox 2344 1274 2592 1331; x_wconf 81' lang='lat' dir='ltr'><strong>obtinere</strong></span> <span class='ocrx_word' id='word_1_194' title='bbox 2625 1288 2961 1343; x_wconf 59' lang='lat' dir='ltr'><strong>monstrum,</strong></span> <span class='ocrx_word' id='word_1_195' title='bbox 3007 1294 3078 1334; x_wconf 89' lang='lat' dir='ltr'><strong>ne</strong></span> <span class='ocrx_word' id='word_1_196' title='bbox 3118 1279 3261 1335; x_wconf 78' lang='lat' dir='ltr'><strong>forte</strong></span> <span class='ocrx_word' id='word_1_197' title='bbox 3304 1283 3429 1351; x_wconf 82' lang='lat' dir='ltr'><strong>plus</strong></span> 
     </span>
    </p>
   </div>
   <div class='ocr_carea' id='block_1_27' title="bbox 1843 1351 3428 1433">
    <p class='ocr_par' dir='ltr' id='par_1_27' title="bbox 1843 1351 3428 1433">
     <span class='ocr_line' id='line_1_27' title="bbox 1843 1351 3428 1433; baseline 0.002 -13"><span class='ocrx_word' id='word_1_198' title='bbox 1843 1364 2170 1423; x_wconf 83' lang='lat' dir='ltr'><strong>humilitatis</strong></span> <span class='ocrx_word' id='word_1_199' title='bbox 2211 1351 2860 1433; x_wconf 62' lang='lat' dir='ltr'><strong>aliaruquqvirtutum</strong></span> <span class='ocrx_word' id='word_1_200' title='bbox 2903 1368 3145 1425; x_wconf 78' lang='lat' dir='ltr'><strong>habeant</strong></span> <span class='ocrx_word' id='word_1_201' title='bbox 3178 1368 3254 1423; x_wconf 84' lang='lat' dir='ltr'><strong>illi</strong></span> <span class='ocrx_word' id='word_1_202' title='bbox 3287 1369 3428 1423; x_wconf 85' lang='lat' dir='ltr'><strong>unde</strong></span> 
     </span>
    </p>
   </div>
   <div class='ocr_carea' id='block_1_28' title="bbox 1834 1456 3429 1527">
    <p class='ocr_par' dir='ltr' id='par_1_28' title="bbox 1834 1456 3429 1527">
     <span class='ocr_line' id='line_1_28' title="bbox 1834 1456 3429 1527; baseline -0.001 -12"><span class='ocrx_word' id='word_1_203' title='bbox 1834 1456 1962 1527; x_wconf 73' lang='lat' dir='ltr'><strong>jure</strong></span> <span class='ocrx_word' id='word_1_204' title='bbox 1990 1458 2150 1513; x_wconf 87' lang='lat' dir='ltr'><strong>nobis</strong></span> <span class='ocrx_word' id='word_1_205' title='bbox 2180 1456 2555 1526; x_wconf 86' lang='lat' dir='ltr'><strong>jejunantibus</strong></span> <span class='ocrx_word' id='word_1_206' title='bbox 2590 1464 2653 1512; x_wconf 85' lang='lat' dir='ltr'><strong>et</strong></span> <span class='ocrx_word' id='word_1_207' title='bbox 2688 1458 3088 1517; x_wconf 73' lang='lat' dir='ltr'><strong>abstinentibus</strong></span> <span class='ocrx_word' id='word_1_208' title='bbox 3130 1459 3429 1527; x_wconf 74' lang='lat' dir='ltr'><strong>praeferan-</strong></span> 
     </span>
    </p>
   </div>
   <div class='ocr_carea' id='block_1_29' title="bbox 1844 1547 3427 1621">
    <p class='ocr_par' dir='ltr' id='par_1_29' title="bbox 1844 1547 3427 1621">
     <span class='ocr_line' id='line_1_29' title="bbox 1844 1547 3427 1621; baseline -0.001 -16"><span class='ocrx_word' id='word_1_209' title='bbox 1844 1558 1951 1605; x_wconf 86' lang='lat' dir='ltr'><strong>tur.</strong></span> <span class='ocrx_word' id='word_1_210' title='bbox 2014 1548 2202 1618; x_wconf 84' lang='lat' dir='ltr'><strong>Neque</strong></span> <span class='ocrx_word' id='word_1_211' title='bbox 2265 1549 2412 1605; x_wconf 83' lang='lat' dir='ltr'><strong>enim</strong></span> <span class='ocrx_word' id='word_1_212' title='bbox 2473 1549 2621 1604; x_wconf 86' lang='lat' dir='ltr'><strong>istud</strong></span> <span class='ocrx_word' id='word_1_213' title='bbox 2673 1547 2941 1616; x_wconf 78' lang='lat' dir='ltr'><strong>jejunium</strong></span> <span class='ocrx_word' id='word_1_214' title='bbox 3000 1552 3284 1621; x_wconf 79' lang='lat' dir='ltr'><strong>corporale</strong></span> <span class='ocrx_word' id='word_1_215' title='bbox 3360 1551 3427 1605; x_wconf 87' lang='lat' dir='ltr'><strong>ad</strong></span> 
     </span>
    </p>
   </div>
   <div class='ocr_carea' id='block_1_30' title="bbox 1843 1639 3431 1711">
    <p class='ocr_par' dir='ltr' id='par_1_30' title="bbox 1843 1639 3431 1711">
     <span class='ocr_line' id='line_1_30' title="bbox 1843 1639 3431 1711; baseline 0.002 -17"><span class='ocrx_word' id='word_1_216' title='bbox 1843 1640 2231 1711; x_wconf 84' lang='lat' dir='ltr'><strong>perfectionem</strong></span> <span class='ocrx_word' id='word_1_217' title='bbox 2272 1640 2430 1696; x_wconf 85' lang='lat' dir='ltr'><strong>nobis</strong></span> <span class='ocrx_word' id='word_1_218' title='bbox 2466 1639 2714 1710; x_wconf 83' lang='lat' dir='ltr'><strong>proﬁcit,</strong></span> <span class='ocrx_word' id='word_1_219' title='bbox 2762 1641 2870 1697; x_wconf 83' lang='lat' dir='ltr'><strong>nisi</strong></span> <span class='ocrx_word' id='word_1_220' title='bbox 2915 1640 3082 1698; x_wconf 80' lang='lat' dir='ltr'><strong>fuerit</strong></span> <span class='ocrx_word' id='word_1_221' title='bbox 3132 1644 3259 1699; x_wconf 85' lang='lat' dir='ltr'><strong>huic</strong></span> <span class='ocrx_word' id='word_1_222' title='bbox 3313 1642 3431 1698; x_wconf 73' lang='lat' dir='ltr'><strong>ani-</strong></span> 
     </span>
    </p>
   </div>
   <div class='ocr_carea' id='block_1_31' title="bbox 164 1729 3431 1823">
    <p class='ocr_par' dir='ltr' id='par_1_31' title="bbox 164 1729 3431 1823">
     <span class='ocr_line' id='line_1_31' title="bbox 164 1729 3431 1823; baseline -0.006 -16"><span class='ocrx_word' id='word_1_223' title='bbox 164 1751 320 1823; x_wconf 83' lang='lat' dir='ltr'><strong>(Isai.</strong></span> <span class='ocrx_word' id='word_1_224' title='bbox 347 1766 504 1816; x_wconf 78' lang='lat' dir='ltr'><strong>Lvm,</strong></span> <span class='ocrx_word' id='word_1_225' title='bbox 531 1748 607 1821; x_wconf 87' lang='lat'><strong>7).</strong></span> <span class='ocrx_word' id='word_1_226' title='bbox 642 1747 759 1804; x_wconf 77' lang='lat' dir='ltr'><strong>Non</strong></span> <span class='ocrx_word' id='word_1_227' title='bbox 780 1747 929 1802; x_wconf 87' lang='lat' dir='ltr'><strong>enim</strong></span> <span class='ocrx_word' id='word_1_228' title='bbox 946 1744 1084 1801; x_wconf 81' lang='lat' dir='ltr'><strong>dixit</strong></span> <span class='ocrx_word' id='word_1_229' title='bbox 1112 1760 1126 1799; x_wconf 91' lang='lat'><strong>:</strong></span> <span class='ocrx_word' id='word_1_230' title='bbox 1157 1743 1237 1799; x_wconf 86' lang='lat' dir='ltr'><strong>Da</strong></span> <span class='ocrx_word' id='word_1_231' title='bbox 1270 1739 1533 1797; x_wconf 88' lang='lat' dir='ltr'><strong>esurienti</strong></span> <span class='ocrx_word' id='word_1_232' title='bbox 1568 1745 1743 1793; x_wconf 87' lang='lat' dir='ltr'><strong>totum</strong></span> <span class='ocrx_word' id='word_1_233' title='bbox 1846 1747 1949 1789; x_wconf 69' lang='lat' dir='ltr'><strong>mae</strong></span> <span class='ocrx_word' id='word_1_234' title='bbox 1999 1747 2214 1802; x_wconf 91' lang='lat' dir='ltr'><strong>quoque</strong></span> <span class='ocrx_word' id='word_1_235' title='bbox 2268 1729 2535 1802; x_wconf 88' lang='lat' dir='ltr'><strong>jejunium</strong></span> <span class='ocrx_word' id='word_1_236' title='bbox 2579 1731 2913 1801; x_wconf 70' lang='lat' dir='ltr'><strong>copulatum.</strong></span> <span class='ocrx_word' id='word_1_237' title='bbox 2966 1731 3141 1788; x_wconf 83' lang='lat' dir='ltr'><strong>liabet</strong></span> <span class='ocrx_word' id='word_1_238' title='bbox 3194 1747 3431 1803; x_wconf 81' lang='lat' dir='ltr'><strong>namque</strong></span> 
     </span>
    </p>
   </div>
   <div class='ocr_carea' id='block_1_32' title="bbox 159 1822 3432 1916">
    <p class='ocr_par' dir='ltr' id='par_1_32' title="bbox 159 1822 3432 1916">
     <span class='ocr_line' id='line_1_32' title="bbox 159 1822 3432 1916; baseline -0.006 -15"><span class='ocrx_word' id='word_1_239' title='bbox 159 1822 355 1916; x_wconf 83' lang='lat' dir='ltr'><strong>panem</strong></span> <span class='ocrx_word' id='word_1_240' title='bbox 378 1851 555 1907; x_wconf 87' lang='lat' dir='ltr'><strong>tuum,</strong></span> <span class='ocrx_word' id='word_1_241' title='bbox 581 1840 677 1897; x_wconf 86' lang='lat' dir='ltr'><strong>sed</strong></span> <span class='ocrx_word' id='word_1_242' title='bbox 699 1840 814 1895; x_wconf 89' lang='lat' dir='ltr'><strong>ait:</strong></span> <span class='ocrx_word' id='word_1_243' title='bbox 844 1836 1057 1907; x_wconf 79' lang='lat' dir='ltr'><strong>Frange</strong></span> <span class='ocrx_word' id='word_1_244' title='bbox 1079 1834 1329 1891; x_wconf 75' lang='lat' dir='ltr'><strong>esurienti</strong></span> <span class='ocrx_word' id='word_1_245' title='bbox 1353 1848 1542 1903; x_wconf 78' lang='lat' dir='ltr'><strong>panem</strong></span> <span class='ocrx_word' id='word_1_246' title='bbox 1569 1839 1739 1885; x_wconf 80' lang='lat' dir='ltr'><strong>tuum.</strong></span> <span class='ocrx_word' id='word_1_247' title='bbox 1771 1822 1821 1885; x_wconf 92' lang='lat' dir='ltr'><strong>B</strong></span> <span class='ocrx_word' id='word_1_248' title='bbox 1848 1823 2029 1916; x_wconf 82' lang='lat' dir='ltr'><strong>anima</strong></span> <span class='ocrx_word' id='word_1_249' title='bbox 2098 1838 2226 1879; x_wconf 89' lang='lat' dir='ltr'><strong>suos</strong></span> <span class='ocrx_word' id='word_1_250' title='bbox 2292 1823 2488 1880; x_wconf 78' lang='lat' dir='ltr'><strong>noxios</strong></span> <span class='ocrx_word' id='word_1_251' title='bbox 2536 1823 2724 1888; x_wconf 83' lang='lat' dir='ltr'><strong>cibos,</strong></span> <span class='ocrx_word' id='word_1_252' title='bbox 2775 1839 2807 1878; x_wconf 92' lang='lat' dir='ltr'><strong>a</strong></span> <span class='ocrx_word' id='word_1_253' title='bbox 2849 1824 3048 1894; x_wconf 82' lang='lat' dir='ltr'><strong>quibus</strong></span> <span class='ocrx_word' id='word_1_254' title='bbox 3099 1825 3432 1897; x_wconf 61' lang='lat' dir='ltr'><strong>inminguata</strong></span> 
     </span>
    </p>
   </div>
   <div class='ocr_carea' id='block_1_33' title="bbox 162 1921 1746 2003">
    <p class='ocr_par' dir='ltr' id='par_1_33' title="bbox 162 1921 1746 2003">
     <span class='ocr_line' id='line_1_33' title="bbox 162 1921 1746 2003; baseline -0.008 -11"><span class='ocrx_word' id='word_1_255' title='bbox 162 1934 318 1993; x_wconf 86' lang='lat' dir='ltr'><strong>Uade</strong></span> <span class='ocrx_word' id='word_1_256' title='bbox 358 1930 652 2003; x_wconf 83' lang='lat' dir='ltr'><strong>Apostolus</strong></span> <span class='ocrx_word' id='word_1_257' title='bbox 682 1947 695 1983; x_wconf 88' lang='lat'><strong>:</strong></span> <span class='ocrx_word' id='word_1_258' title='bbox 730 1928 879 1994; x_wconf 85' lang='lat' dir='ltr'><strong>Non,</strong></span> <span class='ocrx_word' id='word_1_259' title='bbox 917 1927 1113 1996; x_wconf 86' lang='lat' dir='ltr'><strong>inquit,</strong></span> <span class='ocrx_word' id='word_1_260' title='bbox 1150 1934 1206 1981; x_wconf 76' lang='lat' dir='ltr'><strong>ut</strong></span> <span class='ocrx_word' id='word_1_261' title='bbox 1252 1924 1373 1980; x_wconf 84' lang='lat' dir='ltr'><strong>aliis</strong></span> <span class='ocrx_word' id='word_1_262' title='bbox 1410 1924 1478 1978; x_wconf 84' lang='lat' dir='ltr'><strong>sit</strong></span> <span class='ocrx_word' id='word_1_263' title='bbox 1529 1921 1746 1991; x_wconf 73' lang='lat' dir='ltr'><strong>refrige-</strong></span> 
     </span>
    </p>
   </div>
   <div class='ocr_carea' id='block_1_34' title="bbox 159 2013 1745 2092">
    <p class='ocr_par' dir='ltr' id='par_1_34' title="bbox 159 2013 1745 2092">
     <span class='ocr_line' id='line_1_34' title="bbox 159 2013 1745 2092; baseline -0.01 -9"><span class='ocrx_word' id='word_1_264' title='bbox 159 2029 323 2092; x_wconf 81' lang='lat' dir='ltr'><strong>rium,</strong></span> <span class='ocrx_word' id='word_1_265' title='bbox 346 2024 489 2082; x_wconf 69' lang='lat' dir='ltr'><strong>vobis</strong></span> <span class='ocrx_word' id='word_1_266' title='bbox 510 2030 685 2079; x_wconf 79' lang='lat' dir='ltr'><strong>autem</strong></span> <span class='ocrx_word' id='word_1_267' title='bbox 708 2018 1005 2077; x_wconf 79' lang='lat' dir='ltr'><strong>tribulatio.</strong></span> <span class='ocrx_word' id='word_1_268' title='bbox 1032 2017 1139 2072; x_wconf 81' lang='lat' dir='ltr'><strong>Sed</strong></span> <span class='ocrx_word' id='word_1_269' title='bbox 1162 2032 1229 2073; x_wconf 69' lang='lat' dir='ltr'><strong>ea:</strong></span> <span class='ocrx_word' id='word_1_270' title='bbox 1250 2013 1553 2085; x_wconf 68' lang='lat' dir='ltr'><strong>equalitste</strong></span> <span class='ocrx_word' id='word_1_271' title='bbox 1577 2020 1745 2073; x_wconf 79' lang='lat' dir='ltr'><strong>uestra</strong></span> 
     </span>
    </p>
   </div>
   <div class='ocr_carea' id='block_1_35' title="bbox 158 2103 1747 2178">
    <p class='ocr_par' dir='ltr' id='par_1_35' title="bbox 158 2103 1747 2178">
     <span class='ocr_line' id='line_1_35' title="bbox 158 2103 1747 2178; baseline -0.009 -2"><span class='ocrx_word' id='word_1_272' title='bbox 158 2117 490 2175; x_wconf 70' lang='lat' dir='ltr'><strong>abundantia</strong></span> <span class='ocrx_word' id='word_1_273' title='bbox 524 2113 757 2172; x_wconf 63' lang='lat' dir='ltr'><strong>aliorum</strong></span> <span class='ocrx_word' id='word_1_274' title='bbox 793 2118 1042 2165; x_wconf 74' lang='lat' dir='ltr'><strong>sustentet</strong></span> <span class='ocrx_word' id='word_1_275' title='bbox 1068 2107 1338 2178; x_wconf 81' lang='lat' dir='ltr'><strong>inopiam;</strong></span> <span class='ocrx_word' id='word_1_276' title='bbox 1369 2114 1427 2160; x_wconf 73' lang='lat' dir='ltr'><strong>ut</strong></span> <span class='ocrx_word' id='word_1_277' title='bbox 1458 2114 1504 2159; x_wconf 84' lang='lat' dir='ltr'><strong>et</strong></span> <span class='ocrx_word' id='word_1_278' title='bbox 1530 2103 1747 2161; x_wconf 69' lang='lat' dir='ltr'><strong>illorum</strong></span> 
     </span>
    </p>
   </div>
   <div class='ocr_carea' id='block_1_36' title="bbox 158 2192 1745 2269">
    <p class='ocr_par' dir='ltr' id='par_1_36' title="bbox 158 2192 1745 2269">
     <span class='ocr_line' id='line_1_36' title="bbox 158 2192 1745 2269; baseline -0.01 -8"><span class='ocrx_word' id='word_1_279' title='bbox 158 2206 493 2261; x_wconf 78' lang='lat' dir='ltr'><strong>abundantia</strong></span> <span class='ocrx_word' id='word_1_280' title='bbox 533 2211 714 2258; x_wconf 65' lang='lat' dir='ltr'><strong>vestrae</strong></span> <span class='ocrx_word' id='word_1_281' title='bbox 752 2200 947 2269; x_wconf 69' lang='lat' dir='ltr'><strong>inopia:</strong></span> <span class='ocrx_word' id='word_1_282' title='bbox 972 2198 1038 2252; x_wconf 89' lang='lat' dir='ltr'><strong>sit</strong></span> <span class='ocrx_word' id='word_1_283' title='bbox 1066 2195 1478 2267; x_wconf 72' lang='lat' dir='ltr'><strong>supplementum</strong></span> <span class='ocrx_word' id='word_1_284' title='bbox 1510 2193 1598 2265; x_wconf 86' lang='lat' dir='ltr'><strong>(II</strong></span> <span class='ocrx_word' id='word_1_285' title='bbox 1618 2192 1745 2249; x_wconf 82' lang='lat' dir='ltr'><strong>Cor.</strong></span> 
     </span>
    </p>
   </div>
   <div class='ocr_carea' id='block_1_37' title="bbox 157 2282 1746 2366">
    <p class='ocr_par' dir='ltr' id='par_1_37' title="bbox 157 2282 1746 2366">
     <span class='ocr_line' id='line_1_37' title="bbox 157 2282 1746 2366; baseline -0.009 -17"><span class='ocrx_word' id='word_1_286' title='bbox 157 2295 403 2366; x_wconf 78' lang='lat' dir='ltr'><strong>vui,l&#39;5).</strong></span> <span class='ocrx_word' id='word_1_287' title='bbox 429 2293 497 2347; x_wconf 88' lang='lat' dir='ltr'><strong>Et</strong></span> <span class='ocrx_word' id='word_1_288' title='bbox 518 2290 653 2346; x_wconf 87' lang='lat' dir='ltr'><strong>alias</strong></span> <span class='ocrx_word' id='word_1_289' title='bbox 678 2289 940 2359; x_wconf 85' lang='lat' dir='ltr'><strong>scriptum</strong></span> <span class='ocrx_word' id='word_1_290' title='bbox 962 2293 1049 2342; x_wconf 86' lang='lat' dir='ltr'><strong>est</strong></span> <span class='ocrx_word' id='word_1_291' title='bbox 1074 2303 1089 2340; x_wconf 86' lang='lat'>:</span> <span class='ocrx_word' id='word_1_292' title='bbox 1120 2283 1178 2341; x_wconf 87' lang='lat' dir='ltr'><strong>Si</strong></span> <span class='ocrx_word' id='word_1_293' title='bbox 1196 2282 1420 2337; x_wconf 84' lang='lat' dir='ltr'><strong>multum</strong></span> <span class='ocrx_word' id='word_1_294' title='bbox 1446 2282 1538 2336; x_wconf 81' lang='lat' dir='ltr'><strong>tibi</strong></span> <span class='ocrx_word' id='word_1_295' title='bbox 1562 2282 1746 2351; x_wconf 78' lang='lat' dir='ltr'><strong>fuerit,</strong></span> 
     </span>
    </p>
   </div>
   <div class='ocr_carea' id='block_1_38' title="bbox 156 2377 1750 2449">
    <p class='ocr_par' dir='ltr' id='par_1_38' title="bbox 156 2377 1750 2449">
     <span class='ocr_line' id='line_1_38' title="bbox 156 2377 1750 2449; baseline -0.008 -8"><span class='ocrx_word' id='word_1_296' title='bbox 156 2386 386 2441; x_wconf 79' lang='lat' dir='ltr'><strong>multum</strong></span> <span class='ocrx_word' id='word_1_297' title='bbox 421 2386 628 2449; x_wconf 86' lang='lat' dir='ltr'><strong>tribue;</strong></span> <span class='ocrx_word' id='word_1_298' title='bbox 667 2385 712 2438; x_wconf 87' lang='lat' dir='ltr'><strong>si</strong></span> <span class='ocrx_word' id='word_1_299' title='bbox 750 2391 927 2437; x_wconf 71' lang='lat' dir='ltr'><strong>autem</strong></span> <span class='ocrx_word' id='word_1_300' title='bbox 965 2379 1213 2449; x_wconf 62' lang='lat' dir='ltr'><strong>exiguum</strong></span> <span class='ocrx_word' id='word_1_301' title='bbox 1242 2377 1421 2447; x_wconf 81' lang='lat' dir='ltr'><strong>fuerit,</strong></span> <span class='ocrx_word' id='word_1_302' title='bbox 1451 2378 1607 2430; x_wconf 87' lang='lat' dir='ltr'><strong>etiam</strong></span> <span class='ocrx_word' id='word_1_303' title='bbox 1638 2377 1750 2430; x_wconf 73' lang='lat' dir='ltr'><strong>exi-</strong></span> 
     </span>
    </p>
   </div>
   <div class='ocr_carea' id='block_1_39' title="bbox 154 2467 1747 2551">
    <p class='ocr_par' dir='ltr' id='par_1_39' title="bbox 154 2467 1747 2551">
     <span class='ocr_line' id='line_1_39' title="bbox 154 2467 1747 2551; baseline -0.009 -17"><span class='ocrx_word' id='word_1_304' title='bbox 154 2493 323 2551; x_wconf 65' lang='lat' dir='ltr'><strong>gunt</strong></span> <span class='ocrx_word' id='word_1_305' title='bbox 357 2478 427 2532; x_wconf 87' lang='lat' dir='ltr'><strong>da</strong></span> <span class='ocrx_word' id='word_1_306' title='bbox 459 2476 611 2548; x_wconf 83' lang='lat' dir='ltr'><strong>(Tob.</strong></span> <span class='ocrx_word' id='word_1_307' title='bbox 643 2489 719 2540; x_wconf 80' lang='lat' dir='ltr'><strong>tv,</strong></span> <span class='ocrx_word' id='word_1_308' title='bbox 743 2472 821 2543; x_wconf 88' lang='lat'><strong>8).</strong></span> <span class='ocrx_word' id='word_1_309' title='bbox 868 2471 996 2527; x_wconf 89' lang='lat' dir='ltr'><strong>Tria</strong></span> <span class='ocrx_word' id='word_1_310' title='bbox 1036 2477 1163 2526; x_wconf 90' lang='lat' dir='ltr'><strong>sunt</strong></span> <span class='ocrx_word' id='word_1_311' title='bbox 1199 2469 1348 2524; x_wconf 85' lang='lat' dir='ltr'><strong>enim</strong></span> <span class='ocrx_word' id='word_1_312' title='bbox 1378 2483 1576 2539; x_wconf 76' lang='lat' dir='ltr'><strong>genera</strong></span> <span class='ocrx_word' id='word_1_313' title='bbox 1603 2467 1747 2523; x_wconf 88' lang='lat' dir='ltr'><strong>elec-</strong></span> 
     </span>
    </p>
   </div>
   <div class='ocr_carea' id='block_1_40' title="bbox 156 2561 1745 2641">
    <p class='ocr_par' dir='ltr' id='par_1_40' title="bbox 156 2561 1745 2641">
     <span class='ocr_line' id='line_1_40' title="bbox 156 2561 1745 2641; baseline -0.009 -12"><span class='ocrx_word' id='word_1_314' title='bbox 156 2582 513 2641; x_wconf 80' lang='lat' dir='ltr'><strong>tnosyuarum</strong></span> <span class='ocrx_word' id='word_1_315' title='bbox 534 2583 654 2637; x_wconf 70' lang='lat' dir='ltr'><strong>quae</strong></span> <span class='ocrx_word' id='word_1_316' title='bbox 679 2565 1051 2622; x_wconf 81' lang='lat' dir='ltr'><strong>indesinenter</strong></span> <span class='ocrx_word' id='word_1_317' title='bbox 1073 2577 1234 2633; x_wconf 68' lang='lat' dir='ltr'><strong>agere</strong></span> <span class='ocrx_word' id='word_1_318' title='bbox 1257 2561 1516 2617; x_wconf 83' lang='lat' dir='ltr'><strong>debemus</strong></span> <span class='ocrx_word' id='word_1_319' title='bbox 1534 2599 1552 2624; x_wconf 85' lang='lat'><strong>,</strong></span> <span class='ocrx_word' id='word_1_320' title='bbox 1577 2576 1745 2615; x_wconf 85' lang='lat' dir='ltr'><strong>unum</strong></span> 
     </span>
    </p>
   </div>
   <div class='ocr_carea' id='block_1_41' title="bbox 156 2650 1751 2730">
    <p class='ocr_par' dir='ltr' id='par_1_41' title="bbox 156 2650 1751 2730">
     <span class='ocr_line' id='line_1_41' title="bbox 156 2650 1751 2730; baseline -0.007 -12"><span class='ocrx_word' id='word_1_321' title='bbox 156 2659 477 2730; x_wconf 84' lang='lat' dir='ltr'><strong>corporale,</strong></span> <span class='ocrx_word' id='word_1_322' title='bbox 521 2657 703 2729; x_wconf 72' lang='lat' dir='ltr'><strong>egenti</strong></span> <span class='ocrx_word' id='word_1_323' title='bbox 751 2656 884 2711; x_wconf 87' lang='lat' dir='ltr'><strong>dare</strong></span> <span class='ocrx_word' id='word_1_324' title='bbox 926 2653 1188 2723; x_wconf 83' lang='lat' dir='ltr'><strong>quidquid</strong></span> <span class='ocrx_word' id='word_1_325' title='bbox 1239 2651 1540 2722; x_wconf 82' lang='lat' dir='ltr'><strong>poterimus</strong></span> <span class='ocrx_word' id='word_1_326' title='bbox 1571 2669 1584 2704; x_wconf 89' lang='lat'><strong>:</strong></span> <span class='ocrx_word' id='word_1_327' title='bbox 1610 2650 1751 2707; x_wconf 81' lang='lat' dir='ltr'><strong>alte-</strong></span> 
     </span>
    </p>
   </div>
   <div class='ocr_carea' id='block_1_42' title="bbox 159 2740 1750 2822">
    <p class='ocr_par' dir='ltr' id='par_1_42' title="bbox 159 2740 1750 2822">
     <span class='ocr_line' id='line_1_42' title="bbox 159 2740 1750 2822; baseline -0.006 -14"><span class='ocrx_word' id='word_1_328' title='bbox 159 2767 286 2808; x_wconf 87' lang='lat' dir='ltr'><strong>rum</strong></span> <span class='ocrx_word' id='word_1_329' title='bbox 315 2749 577 2822; x_wconf 84' lang='lat' dir='ltr'><strong>spiritale,</strong></span> <span class='ocrx_word' id='word_1_330' title='bbox 607 2748 886 2804; x_wconf 80' lang='lat' dir='ltr'><strong>dimittere</strong></span> <span class='ocrx_word' id='word_1_331' title='bbox 914 2761 946 2800; x_wconf 88' lang='lat' dir='ltr'><strong>a</strong></span> <span class='ocrx_word' id='word_1_332' title='bbox 981 2760 1090 2815; x_wconf 90' lang='lat' dir='ltr'><strong>quo</strong></span> <span class='ocrx_word' id='word_1_333' title='bbox 1136 2743 1248 2799; x_wconf 81' lang='lat' dir='ltr'><strong>laesi</strong></span> <span class='ocrx_word' id='word_1_334' title='bbox 1298 2740 1596 2807; x_wconf 85' lang='lat' dir='ltr'><strong>fuerimus;</strong></span> <span class='ocrx_word' id='word_1_335' title='bbox 1638 2749 1750 2799; x_wconf 77' lang='lat' dir='ltr'><strong>ter-</strong></span> 
     </span>
    </p>
   </div>
   <div class='ocr_carea' id='block_1_43' title="bbox 160 2832 1751 2910">
    <p class='ocr_par' dir='ltr' id='par_1_43' title="bbox 160 2832 1751 2910">
     <span class='ocr_line' id='line_1_43' title="bbox 160 2832 1751 2910; baseline -0.006 -13"><span class='ocrx_word' id='word_1_336' title='bbox 160 2843 326 2908; x_wconf 86' lang='lat' dir='ltr'><strong>tium,</strong></span> <span class='ocrx_word' id='word_1_337' title='bbox 376 2840 754 2910; x_wconf 87' lang='lat' dir='ltr'><strong>delinquentes</strong></span> <span class='ocrx_word' id='word_1_338' title='bbox 790 2837 1084 2908; x_wconf 75' lang='lat' dir='ltr'><strong>corrigere,</strong></span> <span class='ocrx_word' id='word_1_339' title='bbox 1132 2843 1189 2890; x_wconf 90' lang='lat' dir='ltr'><strong>et</strong></span> <span class='ocrx_word' id='word_1_340' title='bbox 1223 2841 1470 2889; x_wconf 83' lang='lat' dir='ltr'><strong>errantes</strong></span> <span class='ocrx_word' id='word_1_341' title='bbox 1508 2834 1563 2887; x_wconf 91' lang='lat' dir='ltr'><strong>in</strong></span> <span class='ocrx_word' id='word_1_342' title='bbox 1604 2832 1751 2887; x_wconf 87' lang='lat' dir='ltr'><strong>viam</strong></span> 
     </span>
    </p>
   </div>
   <div class='ocr_carea' id='block_1_44' title="bbox 155 2922 1748 2995">
    <p class='ocr_par' dir='ltr' id='par_1_44' title="bbox 155 2922 1748 2995">
     <span class='ocr_line' id='line_1_44' title="bbox 155 2922 1748 2995; baseline -0.008 -7"><span class='ocrx_word' id='word_1_343' title='bbox 155 2933 411 2989; x_wconf 78' lang='lat' dir='ltr'><strong>veritatis</strong></span> <span class='ocrx_word' id='word_1_344' title='bbox 456 2932 736 2987; x_wconf 84' lang='lat' dir='ltr'><strong>reducere.</strong></span> <span class='ocrx_word' id='word_1_345' title='bbox 781 2929 862 2983; x_wconf 87' lang='lat' dir='ltr'><strong>Ad</strong></span> <span class='ocrx_word' id='word_1_346' title='bbox 898 2930 1015 2985; x_wconf 79' lang='lat' dir='ltr'><strong>haec</strong></span> <span class='ocrx_word' id='word_1_347' title='bbox 1044 2934 1226 2981; x_wconf 88' lang='lat' dir='ltr'><strong>autem</strong></span> <span class='ocrx_word' id='word_1_348' title='bbox 1257 2924 1520 2995; x_wconf 79' lang='lat' dir='ltr'><strong>jungatur</strong></span> <span class='ocrx_word' id='word_1_349' title='bbox 1548 2922 1748 2989; x_wconf 89' lang='lat' dir='ltr'><strong>oratio,</strong></span> 
     </span>
    </p>
   </div>
   <div class='ocr_carea' id='block_1_45' title="bbox 156 3010 1750 3094">
    <p class='ocr_par' dir='ltr' id='par_1_45' title="bbox 156 3010 1750 3094">
     <span class='ocr_line' id='line_1_45' title="bbox 156 3010 1750 3094; baseline -0.009 -15"><span class='ocrx_word' id='word_1_350' title='bbox 156 3034 220 3080; x_wconf 88' lang='lat' dir='ltr'><strong>et</strong></span> <span class='ocrx_word' id='word_1_351' title='bbox 244 3023 349 3078; x_wconf 90' lang='lat' dir='ltr'><strong>erit</strong></span> <span class='ocrx_word' id='word_1_352' title='bbox 372 3021 639 3094; x_wconf 89' lang='lat' dir='ltr'><strong>jejunium</strong></span> <span class='ocrx_word' id='word_1_353' title='bbox 676 3018 1004 3090; x_wconf 86' lang='lat' dir='ltr'><strong>perfectum.</strong></span> <span class='ocrx_word' id='word_1_354' title='bbox 1038 3014 1192 3072; x_wconf 86' lang='lat' dir='ltr'><strong>Unde</strong></span> <span class='ocrx_word' id='word_1_355' title='bbox 1219 3015 1425 3070; x_wconf 86' lang='lat' dir='ltr'><strong>dictum</strong></span> <span class='ocrx_word' id='word_1_356' title='bbox 1451 3020 1534 3068; x_wconf 86' lang='lat' dir='ltr'><strong>est</strong></span> <span class='ocrx_word' id='word_1_357' title='bbox 1560 3031 1571 3065; x_wconf 89' lang='lat'>:</span> <span class='ocrx_word' id='word_1_358' title='bbox 1597 3010 1750 3067; x_wconf 80' lang='lat' dir='ltr'><strong>Bona</strong></span> 
     </span>
    </p>
   </div>
   <div class='ocr_carea' id='block_1_46' title="bbox 156 3096 1746 3180">
    <p class='ocr_par' dir='ltr' id='par_1_46' title="bbox 156 3096 1746 3180">
     <span class='ocr_line' id='line_1_46' title="bbox 156 3096 1746 3180; baseline -0.01 -11"><span class='ocrx_word' id='word_1_359' title='bbox 156 3122 240 3169; x_wconf 80' lang='lat' dir='ltr'><strong>est</strong></span> <span class='ocrx_word' id='word_1_360' title='bbox 260 3112 430 3167; x_wconf 84' lang='lat' dir='ltr'><strong>oratio</strong></span> <span class='ocrx_word' id='word_1_361' title='bbox 455 3127 575 3165; x_wconf 83' lang='lat' dir='ltr'><strong>cum</strong></span> <span class='ocrx_word' id='word_1_362' title='bbox 595 3108 804 3180; x_wconf 81' lang='lat' dir='ltr'><strong>jejunio</strong></span> <span class='ocrx_word' id='word_1_363' title='bbox 832 3105 985 3178; x_wconf 88' lang='lat' dir='ltr'><strong>(Tob.</strong></span> <span class='ocrx_word' id='word_1_364' title='bbox 1012 3121 1114 3170; x_wconf 80' lang='lat' dir='ltr'><strong>xu,</strong></span> <span class='ocrx_word' id='word_1_365' title='bbox 1138 3105 1216 3174; x_wconf 90' lang='lat'><strong>8).</strong></span> <span class='ocrx_word' id='word_1_366' title='bbox 1243 3103 1347 3157; x_wconf 82' lang='lat' dir='ltr'><strong>Per</strong></span> <span class='ocrx_word' id='word_1_367' title='bbox 1365 3096 1575 3171; x_wconf 85' lang='lat' dir='ltr'><strong>jejunia</strong></span> <span class='ocrx_word' id='word_1_368' title='bbox 1600 3100 1746 3154; x_wconf 81' lang='lat' dir='ltr'><strong>etiitn</strong></span> 
     </span>
    </p>
   </div>
   <div class='ocr_carea' id='block_1_47' title="bbox 1848 1913 3431 1987">
    <p class='ocr_par' dir='ltr' id='par_1_47' title="bbox 1848 1913 3431 1987">
     <span class='ocr_line' id='line_1_47' title="bbox 1848 1913 3431 1987; baseline 0 -16"><span class='ocrx_word' id='word_1_369' title='bbox 1848 1914 2011 1971; x_wconf 81' lang='lat' dir='ltr'><strong>etiam</strong></span> <span class='ocrx_word' id='word_1_370' title='bbox 2038 1914 2155 1969; x_wconf 82' lang='lat' dir='ltr'><strong>sine</strong></span> <span class='ocrx_word' id='word_1_371' title='bbox 2178 1928 2432 1971; x_wconf 79' lang='lat' dir='ltr'><strong>escarum</strong></span> <span class='ocrx_word' id='word_1_372' title='bbox 2459 1913 2791 1969; x_wconf 84' lang='lat' dir='ltr'><strong>abundantia</strong></span> <span class='ocrx_word' id='word_1_373' title='bbox 2811 1916 2882 1970; x_wconf 86' lang='lat' dir='ltr'><strong>ad</strong></span> <span class='ocrx_word' id='word_1_374' title='bbox 2902 1915 3134 1979; x_wconf 66' lang='lat' dir='ltr'><strong>luxuria:</strong></span> <span class='ocrx_word' id='word_1_375' title='bbox 3157 1925 3431 1987; x_wconf 72' lang='lat' dir='ltr'><strong>praerupta</strong></span> 
     </span>
    </p>
   </div>
   <div class='ocr_carea' id='block_1_48' title="bbox 1846 2007 3431 2078">
    <p class='ocr_par' dir='ltr' id='par_1_48' title="bbox 1846 2007 3431 2078">
     <span class='ocr_line' id='line_1_48' title="bbox 1846 2007 3431 2078; baseline 0.001 -15"><span class='ocrx_word' id='word_1_376' title='bbox 1846 2007 2172 2064; x_wconf 79' lang='lat' dir='ltr'><strong>devolvitur.</strong></span> <span class='ocrx_word' id='word_1_377' title='bbox 2218 2007 2353 2065; x_wconf 80' lang='lat' dir='ltr'><strong>Nam</strong></span> <span class='ocrx_word' id='word_1_378' title='bbox 2395 2007 2669 2075; x_wconf 84' lang='lat' dir='ltr'><strong>superbia,</strong></span> <span class='ocrx_word' id='word_1_379' title='bbox 2718 2022 2860 2064; x_wconf 87' lang='lat' dir='ltr'><strong>vana</strong></span> <span class='ocrx_word' id='word_1_380' title='bbox 2904 2009 3095 2078; x_wconf 78' lang='lat' dir='ltr'><strong>gloria,</strong></span> <span class='ocrx_word' id='word_1_381' title='bbox 3144 2009 3431 2076; x_wconf 86' lang='lat' dir='ltr'><strong>detractio,</strong></span> 
     </span>
    </p>
   </div>
   <div class='ocr_carea' id='block_1_49' title="bbox 1848 2098 3434 2172">
    <p class='ocr_par' dir='ltr' id='par_1_49' title="bbox 1848 2098 3434 2172">
     <span class='ocr_line' id='line_1_49' title="bbox 1848 2098 3434 2172; baseline 0.001 -18"><span class='ocrx_word' id='word_1_382' title='bbox 1848 2107 1904 2154; x_wconf 90' lang='lat' dir='ltr'><strong>et</strong></span> <span class='ocrx_word' id='word_1_383' title='bbox 1929 2100 2150 2165; x_wconf 88' lang='lat' dir='ltr'><strong>invidia,</strong></span> <span class='ocrx_word' id='word_1_384' title='bbox 2179 2107 2234 2153; x_wconf 90' lang='lat' dir='ltr'><strong>et</strong></span> <span class='ocrx_word' id='word_1_385' title='bbox 2265 2107 2462 2154; x_wconf 65' lang='lat' dir='ltr'><strong>caztera</strong></span> <span class='ocrx_word' id='word_1_386' title='bbox 2485 2098 2612 2153; x_wconf 87' lang='lat' dir='ltr'><strong>talia</strong></span> <span class='ocrx_word' id='word_1_387' title='bbox 2640 2099 2792 2155; x_wconf 81' lang='lat' dir='ltr'><strong>cibus</strong></span> <span class='ocrx_word' id='word_1_388' title='bbox 2815 2101 2934 2170; x_wconf 84' lang='lat' dir='ltr'><strong>ejus</strong></span> <span class='ocrx_word' id='word_1_389' title='bbox 2964 2110 3111 2156; x_wconf 75' lang='lat' dir='ltr'><strong>sum.</strong></span> <span class='ocrx_word' id='word_1_390' title='bbox 3133 2101 3278 2156; x_wconf 87' lang='lat' dir='ltr'><strong>Nihil</strong></span> <span class='ocrx_word' id='word_1_391' title='bbox 3303 2116 3434 2172; x_wconf 70' lang='lat' dir='ltr'><strong>ergo</strong></span> 
     </span>
    </p>
   </div>
   <div class='ocr_carea' id='block_1_50' title="bbox 1850 2188 3437 2258">
    <p class='ocr_par' dir='ltr' id='par_1_50' title="bbox 1850 2188 3437 2258">
     <span class='ocr_line' id='line_1_50' title="bbox 1850 2188 3437 2258; baseline 0.002 -16"><span class='ocrx_word' id='word_1_392' title='bbox 1850 2189 2006 2244; x_wconf 87' lang='lat' dir='ltr'><strong>nobis</strong></span> <span class='ocrx_word' id='word_1_393' title='bbox 2034 2189 2254 2258; x_wconf 87' lang='lat' dir='ltr'><strong>prodest</strong></span> <span class='ocrx_word' id='word_1_394' title='bbox 2286 2188 2353 2243; x_wconf 88' lang='lat' dir='ltr'><strong>ab</strong></span> <span class='ocrx_word' id='word_1_395' title='bbox 2378 2188 2521 2247; x_wconf 80' lang='lat' dir='ltr'><strong>escis</strong></span> <span class='ocrx_word' id='word_1_396' title='bbox 2555 2188 2866 2246; x_wconf 81' lang='lat' dir='ltr'><strong>carnalibus</strong></span> <span class='ocrx_word' id='word_1_397' title='bbox 2900 2191 3197 2255; x_wconf 87' lang='lat' dir='ltr'><strong>abstinere,</strong></span> <span class='ocrx_word' id='word_1_398' title='bbox 3230 2198 3285 2244; x_wconf 90' lang='lat' dir='ltr'><strong>et</strong></span> <span class='ocrx_word' id='word_1_399' title='bbox 3314 2191 3437 2246; x_wconf 87' lang='lat' dir='ltr'><strong>tali-</strong></span> 
     </span>
    </p>
   </div>
   <div class='ocr_carea' id='block_1_51' title="bbox 1848 2276 3435 2347">
    <p class='ocr_par' dir='ltr' id='par_1_51' title="bbox 1848 2276 3435 2347">
     <span class='ocr_line' id='line_1_51' title="bbox 1848 2276 3435 2347; baseline -0.001 -12"><span class='ocrx_word' id='word_1_400' title='bbox 1848 2279 1952 2335; x_wconf 89' lang='lat' dir='ltr'><strong>bus</strong></span> <span class='ocrx_word' id='word_1_401' title='bbox 1978 2279 2125 2333; x_wconf 85' lang='lat' dir='ltr'><strong>vitiis</strong></span> <span class='ocrx_word' id='word_1_402' title='bbox 2153 2285 2342 2347; x_wconf 90' lang='lat' dir='ltr'><strong>pectus</strong></span> <span class='ocrx_word' id='word_1_403' title='bbox 2369 2277 2601 2347; x_wconf 90' lang='lat' dir='ltr'><strong>replere.</strong></span> <span class='ocrx_word' id='word_1_404' title='bbox 2633 2276 2899 2345; x_wconf 83' lang='lat' dir='ltr'><strong>Quocirca</strong></span> <span class='ocrx_word' id='word_1_405' title='bbox 2929 2279 2976 2333; x_wconf 91' lang='lat' dir='ltr'><strong>si</strong></span> <span class='ocrx_word' id='word_1_406' title='bbox 3003 2279 3253 2334; x_wconf 92' lang='lat' dir='ltr'><strong>volumus</strong></span> <span class='ocrx_word' id='word_1_407' title='bbox 3278 2280 3435 2334; x_wconf 87' lang='lat' dir='ltr'><strong>nobis</strong></span> 
     </span>
    </p>
   </div>
   <div class='ocr_carea' id='block_1_52' title="bbox 1851 2368 3438 2445">
    <p class='ocr_par' dir='ltr' id='par_1_52' title="bbox 1851 2368 3438 2445">
     <span class='ocr_line' id='line_1_52' title="bbox 1851 2368 3438 2445; baseline 0.002 -20"><span class='ocrx_word' id='word_1_408' title='bbox 1851 2370 2237 2426; x_wconf 81' lang='lat' dir='ltr'><strong>bstinentiam</strong></span> <span class='ocrx_word' id='word_1_409' title='bbox 2262 2368 2578 2445; x_wconf 78' lang='lat' dir='ltr'><strong>jejuniaque</strong></span> <span class='ocrx_word' id='word_1_410' title='bbox 2611 2369 2904 2441; x_wconf 83' lang='lat' dir='ltr'><strong>prolicere,</strong></span> <span class='ocrx_word' id='word_1_411' title='bbox 2931 2372 3002 2426; x_wconf 89' lang='lat' dir='ltr'><strong>ab</strong></span> <span class='ocrx_word' id='word_1_412' title='bbox 3024 2372 3111 2427; x_wconf 87' lang='lat' dir='ltr'><strong>his</strong></span> <span class='ocrx_word' id='word_1_413' title='bbox 3136 2380 3195 2426; x_wconf 91' lang='lat' dir='ltr'><strong>et</strong></span> <span class='ocrx_word' id='word_1_414' title='bbox 3219 2372 3292 2428; x_wconf 86' lang='lat' dir='ltr'><strong>ab</strong></span> <span class='ocrx_word' id='word_1_415' title='bbox 3316 2372 3438 2428; x_wconf 88' lang='lat' dir='ltr'><strong>aliis</strong></span> 
     </span>
    </p>
   </div>
   <div class='ocr_carea' id='block_1_53' title="bbox 1848 2461 3431 2526">
    <p class='ocr_par' dir='ltr' id='par_1_53' title="bbox 1848 2461 3431 2526">
     <span class='ocr_line' id='line_1_53' title="bbox 1848 2461 3431 2526; baseline 0.001 -9"><span class='ocrx_word' id='word_1_416' title='bbox 1848 2461 2104 2517; x_wconf 77' lang='lat' dir='ltr'><strong>omnibus</strong></span> <span class='ocrx_word' id='word_1_417' title='bbox 2148 2461 2299 2516; x_wconf 87' lang='lat' dir='ltr'><strong>vitiis</strong></span> <span class='ocrx_word' id='word_1_418' title='bbox 2338 2461 2499 2517; x_wconf 82' lang='lat' dir='ltr'><strong>nobis</strong></span> <span class='ocrx_word' id='word_1_419' title='bbox 2545 2475 2857 2526; x_wconf 77' lang='lat' dir='ltr'><strong>caveamus,</strong></span> <span class='ocrx_word' id='word_1_420' title='bbox 2903 2470 2960 2516; x_wconf 86' lang='lat' dir='ltr'><strong>et</strong></span> <span class='ocrx_word' id='word_1_421' title='bbox 3004 2463 3074 2517; x_wconf 85' lang='lat' dir='ltr'><strong>ad</strong></span> <span class='ocrx_word' id='word_1_422' title='bbox 3116 2471 3431 2519; x_wconf 79' lang='lat' dir='ltr'><strong>sanctarum</strong></span> 
     </span>
    </p>
   </div>
   <div class='ocr_carea' id='block_1_54' title="bbox 1850 2550 3439 2621">
    <p class='ocr_par' dir='ltr' id='par_1_54' title="bbox 1850 2550 3439 2621">
     <span class='ocr_line' id='line_1_54' title="bbox 1850 2550 3439 2621; baseline 0.003 -16"><span class='ocrx_word' id='word_1_423' title='bbox 1850 2551 2061 2606; x_wconf 86' lang='lat' dir='ltr'><strong>culmen</strong></span> <span class='ocrx_word' id='word_1_424' title='bbox 2086 2551 2374 2611; x_wconf 81' lang='lat' dir='ltr'><strong>virtutum.</strong></span> <span class='ocrx_word' id='word_1_425' title='bbox 2404 2550 2587 2606; x_wconf 88' lang='lat' dir='ltr'><strong>divina</strong></span> <span class='ocrx_word' id='word_1_426' title='bbox 2617 2550 2920 2620; x_wconf 79' lang='lat' dir='ltr'><strong>opitulante</strong></span> <span class='ocrx_word' id='word_1_427' title='bbox 2960 2552 3159 2621; x_wconf 66' lang='lat' dir='ltr'><strong>gratia,</strong></span> <span class='ocrx_word' id='word_1_428' title='bbox 3199 2553 3439 2609; x_wconf 83' lang='lat' dir='ltr'><strong>nitamur</strong></span> 
     </span>
    </p>
   </div>
   <div class='ocr_carea' id='block_1_55' title="bbox 1850 2643 2235 2699">
    <p class='ocr_par' dir='ltr' id='par_1_55' title="bbox 1850 2643 2235 2699">
     <span class='ocr_line' id='line_1_55' title="bbox 1850 2643 2235 2699; baseline -0.005 -2"><span class='ocrx_word' id='word_1_429' title='bbox 1850 2643 2235 2699; x_wconf 77' lang='lat' dir='ltr'><strong>conscendere.</strong></span> 
     </span>
    </p>
   </div>
   <div class='ocr_carea' id='block_1_56' title="bbox 2461 2725 2841 2786">
    <p class='ocr_par' dir='ltr' id='par_1_56' title="bbox 2461 2725 2841 2786">
     <span class='ocr_line' id='line_1_56' title="bbox 2461 2725 2841 2786; baseline 0 -3"><span class='ocrx_word' id='word_1_430' title='bbox 2461 2725 2690 2785; x_wconf 81' lang='lat' dir='ltr'><strong>CAPUT</strong></span> <span class='ocrx_word' id='word_1_431' title='bbox 2728 2727 2841 2786; x_wconf 79' lang='lat' dir='ltr'><strong>LV.</strong></span> 
     </span>
    </p>
   </div>
   <div class='ocr_carea' id='block_1_57' title="bbox 1948 2814 3342 2894">
    <p class='ocr_par' dir='ltr' id='par_1_57' title="bbox 1948 2814 3342 2894">
     <span class='ocr_line' id='line_1_57' title="bbox 1948 2814 3342 2894; baseline 0.003 -20"><span class='ocrx_word' id='word_1_432' title='bbox 1948 2821 2103 2888; x_wconf 81' lang='lat' dir='ltr'><strong>Quod</strong></span> <span class='ocrx_word' id='word_1_433' title='bbox 2132 2819 2360 2876; x_wconf 78' lang='lat' dir='ltr'><strong>solitarii</strong></span> <span class='ocrx_word' id='word_1_434' title='bbox 2385 2814 2803 2893; x_wconf 65' lang='lat' dir='ltr'><strong>pro&#39;hospitibus</strong></span> <span class='ocrx_word' id='word_1_435' title='bbox 2816 2820 3088 2894; x_wconf 64' lang='lat' dir='ltr'><strong>jejunium</strong></span> <span class='ocrx_word' id='word_1_436' title='bbox 3116 2821 3342 2878; x_wconf 73' lang='lat' dir='ltr'><strong>astuant.</strong></span> 
     </span>
    </p>
   </div>
   <div class='ocr_carea' id='block_1_58' title="bbox 1923 2911 3435 2983">
    <p class='ocr_par' dir='ltr' id='par_1_58' title="bbox 1923 2911 3435 2983">
     <span class='ocr_line' id='line_1_58' title="bbox 1923 2911 3435 2983; baseline 0.003 -16"><span class='ocrx_word' id='word_1_437' title='bbox 1923 2911 2003 2969; x_wconf 92' lang='lat' dir='ltr'><strong>De</strong></span> <span class='ocrx_word' id='word_1_438' title='bbox 2045 2912 2389 2983; x_wconf 81' lang='lat' dir='ltr'><strong>susceptione</strong></span> <span class='ocrx_word' id='word_1_439' title='bbox 2432 2911 2617 2980; x_wconf 83' lang='lat' dir='ltr'><strong>itaque</strong></span> <span class='ocrx_word' id='word_1_440' title='bbox 2662 2911 3162 2981; x_wconf 81' lang='lat' dir='ltr'><strong>supervenientium</strong></span> <span class='ocrx_word' id='word_1_441' title='bbox 3200 2912 3435 2971; x_wconf 75' lang='lat' dir='ltr'><strong>fratrum</strong></span> 
     </span>
    </p>
   </div>
   <div class='ocr_carea' id='block_1_59' title="bbox 1844 3002 3436 3076">
    <p class='ocr_par' dir='ltr' id='par_1_59' title="bbox 1844 3002 3436 3076">
     <span class='ocr_line' id='line_1_59' title="bbox 1844 3002 3436 3076; baseline -0.001 -12"><span class='ocrx_word' id='word_1_442' title='bbox 1844 3005 1925 3065; x_wconf 82' lang='lat' dir='ltr'><strong>oh</strong></span> <span class='ocrx_word' id='word_1_443' title='bbox 1973 3020 2194 3062; x_wconf 84' lang='lat' dir='ltr'><strong>causam</strong></span> <span class='ocrx_word' id='word_1_444' title='bbox 2241 3004 2526 3063; x_wconf 81' lang='lat' dir='ltr'><strong>cbaritatis</strong></span> <span class='ocrx_word' id='word_1_445' title='bbox 2570 3004 2763 3058; x_wconf 88' lang='lat' dir='ltr'><strong>beatus</strong></span> <span class='ocrx_word' id='word_1_446' title='bbox 2796 3002 3032 3073; x_wconf 82' lang='lat' dir='ltr'><strong>Prosper</strong></span> <span class='ocrx_word' id='word_1_447' title='bbox 3067 3005 3141 3059; x_wconf 81' lang='lat' dir='ltr'><strong>ita</strong></span> <span class='ocrx_word' id='word_1_448' title='bbox 3177 3004 3436 3076; x_wconf 85' lang='lat' dir='ltr'><strong>loquitur,</strong></span> 
     </span>
    </p>
   </div>
   <div class='ocr_carea' id='block_1_60' title="bbox 1844 3098 3438 3173">
    <p class='ocr_par' dir='ltr' id='par_1_60' title="bbox 1844 3098 3438 3173">
     <span class='ocr_line' id='line_1_60' title="bbox 1844 3098 3438 3173; baseline -0.001 -16"><span class='ocrx_word' id='word_1_449' title='bbox 1844 3102 2039 3157; x_wconf 77' lang='lat' dir='ltr'><strong>dicens</strong></span> <span class='ocrx_word' id='word_1_450' title='bbox 2067 3118 2080 3154; x_wconf 89' lang='lat'><strong>:</strong></span> <span class='ocrx_word' id='word_1_451' title='bbox 2112 3101 2160 3155; x_wconf 91' lang='lat' dir='ltr'><strong>si</strong></span> <span class='ocrx_word' id='word_1_452' title='bbox 2184 3100 2335 3155; x_wconf 86' lang='lat' dir='ltr'><strong>enim</strong></span> <span class='ocrx_word' id='word_1_453' title='bbox 2367 3106 2588 3171; x_wconf 84' lang='lat' dir='ltr'><strong>propter</strong></span> <span class='ocrx_word' id='word_1_454' title='bbox 2612 3098 2885 3167; x_wconf 80' lang='lat' dir='ltr'><strong>quoslibet</strong></span> <span class='ocrx_word' id='word_1_455' title='bbox 2916 3099 3268 3156; x_wconf 77' lang='lat' dir='ltr'><strong>advenientes</strong></span> <span class='ocrx_word' id='word_1_456' title='bbox 3295 3100 3438 3173; x_wconf 84' lang='lat' dir='ltr'><strong>jeju-</strong></span> 
     </span>
    </p>
   </div>
   <div class='ocr_carea' id='block_1_61' title="bbox 154 3182 3442 3271">
    <p class='ocr_par' dir='ltr' id='par_1_61' title="bbox 154 3182 3442 3271">
     <span class='ocr_line' id='line_1_61' title="bbox 154 3182 3442 3271; baseline -0.004 -10"><span class='ocrx_word' id='word_1_457' title='bbox 154 3216 219 3261; x_wconf 87' lang='lat' dir='ltr'><strong>et</strong></span> <span class='ocrx_word' id='word_1_458' title='bbox 240 3205 515 3260; x_wconf 87' lang='lat' dir='ltr'><strong>orationes</strong></span> <span class='ocrx_word' id='word_1_459' title='bbox 554 3202 765 3259; x_wconf 85' lang='lat' dir='ltr'><strong>occulta</strong></span> <span class='ocrx_word' id='word_1_460' title='bbox 809 3198 1189 3271; x_wconf 81' lang='lat' dir='ltr'><strong>mysteriorum</strong></span> <span class='ocrx_word' id='word_1_461' title='bbox 1239 3196 1544 3251; x_wconf 80' lang='lat' dir='ltr'><strong>caelestium</strong></span> <span class='ocrx_word' id='word_1_462' title='bbox 1596 3182 1822 3249; x_wconf 68' lang='lat' dir='ltr'><strong>reve-C</strong></span> <span class='ocrx_word' id='word_1_463' title='bbox 1853 3193 1944 3251; x_wconf 89' lang='lat' dir='ltr'><strong>nio</strong></span> <span class='ocrx_word' id='word_1_464' title='bbox 1982 3191 2297 3247; x_wconf 89' lang='lat' dir='ltr'><strong>intermisso</strong></span> <span class='ocrx_word' id='word_1_465' title='bbox 2336 3190 2546 3254; x_wconf 83' lang='lat' dir='ltr'><strong>reficio,</strong></span> <span class='ocrx_word' id='word_1_466' title='bbox 2580 3205 2690 3245; x_wconf 88' lang='lat' dir='ltr'><strong>non</strong></span> <span class='ocrx_word' id='word_1_467' title='bbox 2719 3190 2871 3245; x_wconf 87' lang='lat' dir='ltr'><strong>solvo</strong></span> <span class='ocrx_word' id='word_1_468' title='bbox 2890 3189 3180 3261; x_wconf 79' lang='lat' dir='ltr'><strong>jejunium,</strong></span> <span class='ocrx_word' id='word_1_469' title='bbox 3213 3192 3309 3248; x_wconf 89' lang='lat' dir='ltr'><strong>sed</strong></span> <span class='ocrx_word' id='word_1_470' title='bbox 3338 3193 3442 3247; x_wconf 84' lang='lat' dir='ltr'><strong>im-</strong></span> 
     </span>
    </p>
   </div>
   <div class='ocr_carea' id='block_1_62' title="bbox 157 3284 1747 3364">
    <p class='ocr_par' dir='ltr' id='par_1_62' title="bbox 157 3284 1747 3364">
     <span class='ocr_line' id='line_1_62' title="bbox 157 3284 1747 3364; baseline -0.007 -13"><span class='ocrx_word' id='word_1_471' title='bbox 157 3298 365 3362; x_wconf 87' lang='lat' dir='ltr'><strong>lantur,</strong></span> <span class='ocrx_word' id='word_1_472' title='bbox 392 3294 668 3364; x_wconf 83' lang='lat' dir='ltr'><strong>divinique</strong></span> <span class='ocrx_word' id='word_1_473' title='bbox 695 3291 1023 3348; x_wconf 83' lang='lat' dir='ltr'><strong>sacramenti</strong></span> <span class='ocrx_word' id='word_1_474' title='bbox 1045 3303 1244 3343; x_wconf 85' lang='lat' dir='ltr'><strong>arcana</strong></span> <span class='ocrx_word' id='word_1_475' title='bbox 1266 3287 1598 3357; x_wconf 85' lang='lat' dir='ltr'><strong>panduntur.</strong></span> <span class='ocrx_word' id='word_1_476' title='bbox 1627 3284 1747 3341; x_wconf 76' lang='lat' dir='ltr'><strong>Non</strong></span> 
     </span>
    </p>
   </div>
   <div class='ocr_carea' id='block_1_63' title="bbox 157 3376 1750 3458">
    <p class='ocr_par' dir='ltr' id='par_1_63' title="bbox 157 3376 1750 3458">
     <span class='ocr_line' id='line_1_63' title="bbox 157 3376 1750 3458; baseline -0.009 -14"><span class='ocrx_word' id='word_1_477' title='bbox 157 3388 312 3444; x_wconf 88' lang='lat' dir='ltr'><strong>enim</strong></span> <span class='ocrx_word' id='word_1_478' title='bbox 346 3385 615 3458; x_wconf 88' lang='lat' dir='ltr'><strong>quispiam</strong></span> <span class='ocrx_word' id='word_1_479' title='bbox 658 3391 839 3455; x_wconf 85' lang='lat' dir='ltr'><strong>potest</strong></span> <span class='ocrx_word' id='word_1_480' title='bbox 886 3382 1142 3435; x_wconf 88' lang='lat' dir='ltr'><strong>virtutem</strong></span> <span class='ocrx_word' id='word_1_481' title='bbox 1185 3377 1534 3449; x_wconf 82' lang='lat' dir='ltr'><strong>perfectionis</strong></span> <span class='ocrx_word' id='word_1_482' title='bbox 1581 3376 1750 3432; x_wconf 88' lang='lat' dir='ltr'><strong>attin-</strong></span> 
     </span>
    </p>
   </div>
   <div class='ocr_carea' id='block_1_64' title="bbox 156 3467 1747 3556">
    <p class='ocr_par' dir='ltr' id='par_1_64' title="bbox 156 3467 1747 3556">
     <span class='ocr_line' id='line_1_64' title="bbox 156 3467 1747 3556; baseline -0.009 -18"><span class='ocrx_word' id='word_1_483' title='bbox 156 3496 317 3556; x_wconf 78' lang='lat' dir='ltr'><strong>gere,</strong></span> <span class='ocrx_word' id='word_1_484' title='bbox 346 3480 454 3537; x_wconf 86' lang='lat' dir='ltr'><strong>nisi</strong></span> <span class='ocrx_word' id='word_1_485' title='bbox 484 3479 635 3550; x_wconf 85' lang='lat' dir='ltr'><strong>prius</strong></span> <span class='ocrx_word' id='word_1_486' title='bbox 666 3477 871 3532; x_wconf 85' lang='lat' dir='ltr'><strong>ventris</strong></span> <span class='ocrx_word' id='word_1_487' title='bbox 893 3472 1231 3531; x_wconf 86' lang='lat' dir='ltr'><strong>edomaverit</strong></span> <span class='ocrx_word' id='word_1_488' title='bbox 1254 3469 1569 3542; x_wconf 69' lang='lat' dir='ltr'><strong>ingluviem.</strong></span> <span class='ocrx_word' id='word_1_489' title='bbox 1600 3467 1747 3539; x_wconf 73' lang='lat' dir='ltr'><strong>Jeju-</strong></span> 
     </span>
    </p>
   </div>
   <div class='ocr_carea' id='block_1_65' title="bbox 159 3562 1750 3647">
    <p class='ocr_par' dir='ltr' id='par_1_65' title="bbox 159 3562 1750 3647">
     <span class='ocr_line' id='line_1_65' title="bbox 159 3562 1750 3647; baseline -0.012 -12"><span class='ocrx_word' id='word_1_490' title='bbox 159 3579 263 3635; x_wconf 90' lang='lat' dir='ltr'><strong>nia</strong></span> <span class='ocrx_word' id='word_1_491' title='bbox 306 3576 502 3647; x_wconf 88' lang='lat' dir='ltr'><strong>quippe</strong></span> <span class='ocrx_word' id='word_1_492' title='bbox 547 3572 828 3629; x_wconf 86' lang='lat' dir='ltr'><strong>moderata</strong></span> <span class='ocrx_word' id='word_1_493' title='bbox 860 3570 1059 3625; x_wconf 88' lang='lat' dir='ltr'><strong>debent</strong></span> <span class='ocrx_word' id='word_1_494' title='bbox 1084 3580 1229 3632; x_wconf 86' lang='lat' dir='ltr'><strong>esse,</strong></span> <span class='ocrx_word' id='word_1_495' title='bbox 1270 3579 1341 3618; x_wconf 90' lang='lat' dir='ltr'><strong>ne</strong></span> <span class='ocrx_word' id='word_1_496' title='bbox 1367 3564 1532 3619; x_wconf 86' lang='lat' dir='ltr'><strong>nimis</strong></span> <span class='ocrx_word' id='word_1_497' title='bbox 1562 3562 1750 3619; x_wconf 86' lang='lat' dir='ltr'><strong>debili-</strong></span> 
     </span>
    </p>
   </div>
   <div class='ocr_carea' id='block_1_66' title="bbox 164 3655 1751 3734">
    <p class='ocr_par' dir='ltr' id='par_1_66' title="bbox 164 3655 1751 3734">
     <span class='ocr_line' id='line_1_66' title="bbox 164 3655 1751 3734; baseline -0.006 -11"><span class='ocrx_word' id='word_1_498' title='bbox 164 3675 290 3724; x_wconf 85' lang='lat' dir='ltr'><strong>tent</strong></span> <span class='ocrx_word' id='word_1_499' title='bbox 315 3665 670 3729; x_wconf 85' lang='lat' dir='ltr'><strong>stomachum,</strong></span> <span class='ocrx_word' id='word_1_500' title='bbox 700 3662 829 3734; x_wconf 88' lang='lat' dir='ltr'><strong>quia</strong></span> <span class='ocrx_word' id='word_1_501' title='bbox 857 3660 1102 3715; x_wconf 87' lang='lat' dir='ltr'><strong>modicus</strong></span> <span class='ocrx_word' id='word_1_502' title='bbox 1132 3664 1189 3711; x_wconf 90' lang='lat' dir='ltr'><strong>et</strong></span> <span class='ocrx_word' id='word_1_503' title='bbox 1225 3662 1558 3725; x_wconf 88' lang='lat' dir='ltr'><strong>temperatus</strong></span> <span class='ocrx_word' id='word_1_504' title='bbox 1596 3655 1751 3713; x_wconf 82' lang='lat' dir='ltr'><strong>cibus</strong></span> 
     </span>
    </p>
   </div>
   <div class='ocr_carea' id='block_1_67' title="bbox 156 3743 1752 3827">
    <p class='ocr_par' dir='ltr' id='par_1_67' title="bbox 156 3743 1752 3827">
     <span class='ocr_line' id='line_1_67' title="bbox 156 3743 1752 3827; baseline -0.008 -13"><span class='ocrx_word' id='word_1_505' title='bbox 156 3757 320 3815; x_wconf 80' lang='lat' dir='ltr'><strong>utilis</strong></span> <span class='ocrx_word' id='word_1_506' title='bbox 339 3764 421 3812; x_wconf 91' lang='lat' dir='ltr'><strong>est</strong></span> <span class='ocrx_word' id='word_1_507' title='bbox 447 3755 657 3827; x_wconf 87' lang='lat' dir='ltr'><strong>corpori</strong></span> <span class='ocrx_word' id='word_1_508' title='bbox 680 3760 737 3808; x_wconf 89' lang='lat' dir='ltr'><strong>et</strong></span> <span class='ocrx_word' id='word_1_509' title='bbox 764 3750 982 3807; x_wconf 62' lang='lat' dir='ltr'><strong>animai.</strong></span> <span class='ocrx_word' id='word_1_510' title='bbox 1007 3746 1370 3817; x_wconf 82' lang='lat' dir='ltr'><strong>Quaerendum</strong></span> <span class='ocrx_word' id='word_1_511' title='bbox 1399 3753 1485 3801; x_wconf 89' lang='lat' dir='ltr'><strong>est</strong></span> <span class='ocrx_word' id='word_1_512' title='bbox 1510 3745 1677 3801; x_wconf 88' lang='lat' dir='ltr'><strong>etiam</strong></span> <span class='ocrx_word' id='word_1_513' title='bbox 1703 3743 1752 3801; x_wconf 91' lang='lat' dir='ltr'><strong>si</strong></span> 
     </span>
    </p>
   </div>
   <div class='ocr_carea' id='block_1_68' title="bbox 152 3838 1753 3916">
    <p class='ocr_par' dir='ltr' id='par_1_68' title="bbox 152 3838 1753 3916">
     <span class='ocr_line' id='line_1_68' title="bbox 152 3838 1753 3916; baseline -0.01 -7"><span class='ocrx_word' id='word_1_514' title='bbox 152 3853 403 3910; x_wconf 81' lang='lat' dir='ltr'><strong>biduana</strong></span> <span class='ocrx_word' id='word_1_515' title='bbox 433 3866 499 3905; x_wconf 88' lang='lat' dir='ltr'><strong>ac</strong></span> <span class='ocrx_word' id='word_1_516' title='bbox 528 3849 777 3904; x_wconf 83' lang='lat' dir='ltr'><strong>triduana</strong></span> <span class='ocrx_word' id='word_1_517' title='bbox 817 3844 1024 3916; x_wconf 86' lang='lat' dir='ltr'><strong>jejunia</strong></span> <span class='ocrx_word' id='word_1_518' title='bbox 1067 3842 1247 3897; x_wconf 81' lang='lat' dir='ltr'><strong>facere</strong></span> <span class='ocrx_word' id='word_1_519' title='bbox 1280 3847 1533 3911; x_wconf 86' lang='lat' dir='ltr'><strong>oporteat</strong></span> <span class='ocrx_word' id='word_1_520' title='bbox 1569 3838 1753 3896; x_wconf 87' lang='lat' dir='ltr'><strong>solita-</strong></span> 
     </span>
    </p>
   </div>
   <div class='ocr_carea' id='block_1_69' title="bbox 154 3934 1747 4014">
    <p class='ocr_par' dir='ltr' id='par_1_69' title="bbox 154 3934 1747 4014">
     <span class='ocr_line' id='line_1_69' title="bbox 154 3934 1747 4014; baseline -0.008 -13"><span class='ocrx_word' id='word_1_521' title='bbox 154 3946 301 4001; x_wconf 86' lang='lat' dir='ltr'><strong>rios.</strong></span> <span class='ocrx_word' id='word_1_522' title='bbox 338 3943 423 3999; x_wconf 85' lang='lat' dir='ltr'><strong>Ad</strong></span> <span class='ocrx_word' id='word_1_523' title='bbox 455 3942 601 4014; x_wconf 85' lang='lat' dir='ltr'><strong>quod</strong></span> <span class='ocrx_word' id='word_1_524' title='bbox 626 3941 819 3997; x_wconf 80' lang='lat' dir='ltr'><strong>beatus</strong></span> <span class='ocrx_word' id='word_1_525' title='bbox 852 3937 1220 4010; x_wconf 69' lang='lat' dir='ltr'><strong>Hieronymus</strong></span> <span class='ocrx_word' id='word_1_526' title='bbox 1246 3935 1603 4005; x_wconf 89' lang='lat' dir='ltr'><strong>respondens,</strong></span> <span class='ocrx_word' id='word_1_527' title='bbox 1632 3934 1747 3990; x_wconf 84' lang='lat' dir='ltr'><strong>ait:</strong></span> 
     </span>
    </p>
   </div>
   <div class='ocr_carea' id='block_1_70' title="bbox 152 4027 1752 4104">
    <p class='ocr_par' dir='ltr' id='par_1_70' title="bbox 152 4027 1752 4104">
     <span class='ocr_line' id='line_1_70' title="bbox 152 4027 1752 4104; baseline -0.009 -7"><span class='ocrx_word' id='word_1_528' title='bbox 152 4041 374 4097; x_wconf 81' lang='lat' dir='ltr'><strong>Parcus</strong></span> <span class='ocrx_word' id='word_1_529' title='bbox 421 4038 577 4095; x_wconf 85' lang='lat' dir='ltr'><strong>cibus</strong></span> <span class='ocrx_word' id='word_1_530' title='bbox 618 4043 677 4091; x_wconf 92' lang='lat' dir='ltr'><strong>et</strong></span> <span class='ocrx_word' id='word_1_531' title='bbox 715 4043 910 4091; x_wconf 89' lang='lat' dir='ltr'><strong>venter</strong></span> <span class='ocrx_word' id='word_1_532' title='bbox 957 4047 1172 4104; x_wconf 76' lang='lat' dir='ltr'><strong>seraper</strong></span> <span class='ocrx_word' id='word_1_533' title='bbox 1210 4030 1459 4088; x_wconf 89' lang='lat' dir='ltr'><strong>esuriens</strong></span> <span class='ocrx_word' id='word_1_534' title='bbox 1486 4027 1752 4084; x_wconf 64' lang='lat' dir='ltr'><strong>triduanis</strong></span> 
     </span>
    </p>
   </div>
   <div class='ocr_carea' id='block_1_71' title="bbox 146 4119 1754 4203">
    <p class='ocr_par' dir='ltr' id='par_1_71' title="bbox 146 4119 1754 4203">
     <span class='ocr_line' id='line_1_71' title="bbox 146 4119 1754 4203; baseline -0.01 -16"><span class='ocrx_word' id='word_1_535' title='bbox 146 4130 383 4203; x_wconf 84' lang='lat' dir='ltr'><strong>jejuniis</strong></span> <span class='ocrx_word' id='word_1_536' title='bbox 408 4128 714 4200; x_wconf 65' lang='lat' dir='ltr'><strong>prmfertur,</strong></span> <span class='ocrx_word' id='word_1_537' title='bbox 738 4126 1019 4196; x_wconf 87' lang='lat' dir='ltr'><strong>multoque</strong></span> <span class='ocrx_word' id='word_1_538' title='bbox 1050 4122 1245 4178; x_wconf 79' lang='lat' dir='ltr'><strong>melius</strong></span> <span class='ocrx_word' id='word_1_539' title='bbox 1271 4130 1357 4176; x_wconf 90' lang='lat' dir='ltr'><strong>est</strong></span> <span class='ocrx_word' id='word_1_540' title='bbox 1389 4119 1634 4190; x_wconf 85' lang='lat' dir='ltr'><strong>quotidie</strong></span> <span class='ocrx_word' id='word_1_541' title='bbox 1658 4132 1754 4188; x_wconf 77' lang='lat' dir='ltr'><strong>pa-</strong></span> 
     </span>
    </p>
   </div>
   <div class='ocr_carea' id='block_1_72' title="bbox 154 4208 1754 4290">
    <p class='ocr_par' dir='ltr' id='par_1_72' title="bbox 154 4208 1754 4290">
     <span class='ocr_line' id='line_1_72' title="bbox 154 4208 1754 4290; baseline -0.012 -8"><span class='ocrx_word' id='word_1_542' title='bbox 154 4240 291 4281; x_wconf 77' lang='lat' dir='ltr'><strong>rum</strong></span> <span class='ocrx_word' id='word_1_543' title='bbox 311 4221 617 4287; x_wconf 85' lang='lat' dir='ltr'><strong>comedere,</strong></span> <span class='ocrx_word' id='word_1_544' title='bbox 641 4234 805 4290; x_wconf 89' lang='lat' dir='ltr'><strong>quam</strong></span> <span class='ocrx_word' id='word_1_545' title='bbox 832 4231 958 4272; x_wconf 89' lang='lat' dir='ltr'><strong>raro</strong></span> <span class='ocrx_word' id='word_1_546' title='bbox 992 4214 1130 4272; x_wconf 87' lang='lat' dir='ltr'><strong>satis</strong></span> <span class='ocrx_word' id='word_1_547' title='bbox 1164 4226 1399 4269; x_wconf 88' lang='lat' dir='ltr'><strong>sumere.</strong></span> <span class='ocrx_word' id='word_1_548' title='bbox 1433 4210 1624 4267; x_wconf 87' lang='lat' dir='ltr'><strong>Pluvia</strong></span> <span class='ocrx_word' id='word_1_549' title='bbox 1660 4208 1754 4264; x_wconf 87' lang='lat' dir='ltr'><strong>illa</strong></span> 
     </span>
    </p>
   </div>
   <div class='ocr_carea' id='block_1_73' title="bbox 146 4304 1756 4388">
    <p class='ocr_par' dir='ltr' id='par_1_73' title="bbox 146 4304 1756 4388">
     <span class='ocr_line' id='line_1_73' title="bbox 146 4304 1756 4388; baseline -0.01 -16"><span class='ocrx_word' id='word_1_550' title='bbox 146 4316 375 4388; x_wconf 67' lang='lat' dir='ltr'><strong>qrtima</strong></span> <span class='ocrx_word' id='word_1_551' title='bbox 401 4321 486 4370; x_wconf 87' lang='lat' dir='ltr'><strong>est</strong></span> <span class='ocrx_word' id='word_1_552' title='bbox 526 4327 648 4382; x_wconf 67' lang='lat' dir='ltr'><strong>qua:</strong></span> <span class='ocrx_word' id='word_1_553' title='bbox 684 4310 888 4367; x_wconf 87' lang='lat' dir='ltr'><strong>sensim</strong></span> <span class='ocrx_word' id='word_1_554' title='bbox 926 4306 1209 4365; x_wconf 80' lang='lat' dir='ltr'><strong>descendit</strong></span> <span class='ocrx_word' id='word_1_555' title='bbox 1248 4304 1305 4359; x_wconf 87' lang='lat' dir='ltr'><strong>in</strong></span> <span class='ocrx_word' id='word_1_556' title='bbox 1352 4310 1587 4367; x_wconf 88' lang='lat' dir='ltr'><strong>terram;</strong></span> <span class='ocrx_word' id='word_1_557' title='bbox 1628 4314 1756 4356; x_wconf 87' lang='lat' dir='ltr'><strong>nam</strong></span> 
     </span>
    </p>
   </div>
   <div class='ocr_carea' id='block_1_74' title="bbox 154 4392 1752 4469">
    <p class='ocr_par' dir='ltr' id='par_1_74' title="bbox 154 4392 1752 4469">
     <span class='ocr_line' id='line_1_74' title="bbox 154 4392 1752 4469; baseline -0.012 -4"><span class='ocrx_word' id='word_1_558' title='bbox 154 4406 385 4466; x_wconf 79' lang='lat' dir='ltr'><strong>subitus</strong></span> <span class='ocrx_word' id='word_1_559' title='bbox 409 4414 465 4461; x_wconf 91' lang='lat' dir='ltr'><strong>et</strong></span> <span class='ocrx_word' id='word_1_560' title='bbox 485 4404 650 4461; x_wconf 81' lang='lat' dir='ltr'><strong>nimis</strong></span> <span class='ocrx_word' id='word_1_561' title='bbox 694 4402 869 4458; x_wconf 88' lang='lat' dir='ltr'><strong>imber</strong></span> <span class='ocrx_word' id='word_1_562' title='bbox 896 4400 951 4454; x_wconf 91' lang='lat' dir='ltr'><strong>in</strong></span> <span class='ocrx_word' id='word_1_563' title='bbox 996 4411 1239 4469; x_wconf 75' lang='lat' dir='ltr'><strong>przeceps</strong></span> <span class='ocrx_word' id='word_1_564' title='bbox 1281 4409 1413 4452; x_wconf 84' lang='lat' dir='ltr'><strong>arva</strong></span> <span class='ocrx_word' id='word_1_565' title='bbox 1466 4392 1752 4449; x_wconf 83' lang='lat' dir='ltr'><strong>subvertit.</strong></span> 
     </span>
    </p>
   </div>
   <div class='ocr_carea' id='block_1_75' title="bbox 156 4481 1834 4595">
    <p class='ocr_par' dir='ltr' id='par_1_75' title="bbox 156 4481 1834 4595">
     <span class='ocr_line' id='line_1_75' title="bbox 156 4481 1834 4595; baseline -0.014 -37"><span class='ocrx_word' id='word_1_566' title='bbox 156 4501 291 4570; x_wconf 80' lang='lat' dir='ltr'><strong>Qua</strong></span> <span class='ocrx_word' id='word_1_567' title='bbox 317 4499 385 4555; x_wconf 86' lang='lat' dir='ltr'><strong>de</strong></span> <span class='ocrx_word' id='word_1_568' title='bbox 417 4513 479 4554; x_wconf 83' lang='lat' dir='ltr'><strong>re</strong></span> <span class='ocrx_word' id='word_1_569' title='bbox 506 4496 565 4555; x_wconf 88' lang='lat' dir='ltr'><strong>in</strong></span> <span class='ocrx_word' id='word_1_570' title='bbox 590 4493 984 4595; x_wconf 62' lang='lat' dir='ltr'><strong>Callationibus</strong></span> <span class='ocrx_word' id='word_1_571' title='bbox 1027 4490 1266 4595; x_wconf 47' lang='lat' dir='ltr'><strong>Patrum.</strong></span> <span class='ocrx_word' id='word_1_572' title='bbox 1291 4487 1367 4541; x_wconf 88' lang='lat' dir='ltr'><strong>ita</strong></span> <span class='ocrx_word' id='word_1_573' title='bbox 1410 4485 1608 4595; x_wconf 56' lang='lat' dir='ltr'><strong>legitur</strong></span> <span class='ocrx_word' id='word_1_574' title='bbox 1632 4500 1644 4537; x_wconf 92' lang='lat'>:</span> <span class='ocrx_word' id='word_1_575' title='bbox 1668 4481 1756 4536; x_wconf 87' lang='lat' dir='ltr'><strong>ln—</strong></span> <span class='ocrx_word' id='word_1_576' title='bbox 1778 4532 1834 4595; x_wconf 65' lang='lat' dir='ltr'><strong>D</strong></span> 
     </span>
    </p>
   </div>
   <div class='ocr_carea' id='block_1_76' title="bbox 154 4575 1754 4662">
    <p class='ocr_par' dir='ltr' id='par_1_76' title="bbox 154 4575 1754 4662">
     <span class='ocr_line' id='line_1_76' title="bbox 154 4575 1754 4662; baseline -0.014 -11"><span class='ocrx_word' id='word_1_577' title='bbox 154 4591 489 4662; x_wconf 66' lang='lat' dir='ltr'><strong>terrogavit,</strong></span> <span class='ocrx_word' id='word_1_578' title='bbox 510 4588 708 4659; x_wconf 87' lang='lat' dir='ltr'><strong>inquit,</strong></span> <span class='ocrx_word' id='word_1_579' title='bbox 752 4585 923 4642; x_wconf 84' lang='lat' dir='ltr'><strong>abbas</strong></span> <span class='ocrx_word' id='word_1_580' title='bbox 952 4581 1156 4651; x_wconf 75' lang='lat' dir='ltr'><strong>Josepb</strong></span> <span class='ocrx_word' id='word_1_581' title='bbox 1180 4578 1433 4634; x_wconf 84' lang='lat' dir='ltr'><strong>abbatem</strong></span> <span class='ocrx_word' id='word_1_582' title='bbox 1472 4575 1754 4630; x_wconf 84' lang='lat' dir='ltr'><strong>Pastorem</strong></span> 
     </span>
    </p>
   </div>
   <div class='ocr_carea' id='block_1_77' title="bbox 146 4668 1753 4752">
    <p class='ocr_par' dir='ltr' id='par_1_77' title="bbox 146 4668 1753 4752">
     <span class='ocr_line' id='line_1_77' title="bbox 146 4668 1753 4752; baseline -0.014 -7"><span class='ocrx_word' id='word_1_583' title='bbox 146 4688 359 4745; x_wconf 70' lang='lat' dir='ltr'><strong>dicen</strong></span> <span class='ocrx_word' id='word_1_584' title='bbox 384 4703 399 4739; x_wconf 92' lang='lat'><strong>:</strong></span> <span class='ocrx_word' id='word_1_585' title='bbox 425 4681 707 4752; x_wconf 78' lang='lat' dir='ltr'><strong>Quomodo</strong></span> <span class='ocrx_word' id='word_1_586' title='bbox 737 4694 873 4750; x_wconf 83' lang='lat' dir='ltr'><strong>opus</strong></span> <span class='ocrx_word' id='word_1_587' title='bbox 901 4673 1301 4746; x_wconf 32' lang='lat' dir='ltr'><strong>esttjejunare?</strong></span> <span class='ocrx_word' id='word_1_588' title='bbox 1328 4672 1397 4727; x_wconf 85' lang='lat' dir='ltr'><strong>Et</strong></span> <span class='ocrx_word' id='word_1_589' title='bbox 1434 4668 1753 4739; x_wconf 82' lang='lat' dir='ltr'><strong>respondit:</strong></span> 
     </span>
    </p>
   </div>
   <div class='ocr_carea' id='block_1_78' title="bbox 150 4762 1763 4836">
    <p class='ocr_par' dir='ltr' id='par_1_78' title="bbox 150 4762 1763 4836">
     <span class='ocr_line' id='line_1_78' title="bbox 150 4762 1763 4836; baseline -0.012 0"><span class='ocrx_word' id='word_1_590' title='bbox 150 4781 383 4836; x_wconf 66' lang='lat' dir='ltr'><strong>Boium</strong></span> <span class='ocrx_word' id='word_1_591' title='bbox 408 4782 497 4832; x_wconf 86' lang='lat' dir='ltr'><strong>est</strong></span> <span class='ocrx_word' id='word_1_592' title='bbox 516 4782 583 4831; x_wconf 85' lang='lat' dir='ltr'><strong>ut</strong></span> <span class='ocrx_word' id='word_1_593' title='bbox 618 4773 921 4830; x_wconf 72' lang='lat' dir='ltr'><strong>monachus</strong></span> <span class='ocrx_word' id='word_1_594' title='bbox 965 4768 1052 4825; x_wconf 82' lang='lat' dir='ltr'><strong>vel</strong></span> <span class='ocrx_word' id='word_1_595' title='bbox 1092 4764 1373 4823; x_wconf 86' lang='lat' dir='ltr'><strong>solitarius</strong></span> <span class='ocrx_word' id='word_1_596' title='bbox 1401 4762 1644 4833; x_wconf 87' lang='lat' dir='ltr'><strong>quotidie</strong></span> <span class='ocrx_word' id='word_1_597' title='bbox 1667 4776 1763 4818; x_wconf 89' lang='lat' dir='ltr'><strong>co-</strong></span> 
     </span>
    </p>
   </div>
   <div class='ocr_carea' id='block_1_79' title="bbox 146 4841 1766 4940">
    <p class='ocr_par' dir='ltr' id='par_1_79' title="bbox 146 4841 1766 4940">
     <span class='ocr_line' id='line_1_79' title="bbox 146 4841 1766 4940; baseline -0.013 -10"><span class='ocrx_word' id='word_1_598' title='bbox 146 4870 381 4936; x_wconf 60' lang='lat' dir='ltr'><strong>medat,</strong></span> <span class='ocrx_word' id='word_1_599' title='bbox 404 4876 463 4924; x_wconf 82' lang='lat' dir='ltr'><strong>et</strong></span> <span class='ocrx_word' id='word_1_600' title='bbox 486 4865 769 4940; x_wconf 75' lang='lat' dir='ltr'><strong>paululum</strong></span> <span class='ocrx_word' id='word_1_601' title='bbox 804 4861 1098 4921; x_wconf 77' lang='lat' dir='ltr'><strong>subtrahat</strong></span> <span class='ocrx_word' id='word_1_602' title='bbox 1126 4858 1232 4915; x_wconf 84' lang='lat' dir='ltr'><strong>sibi</strong></span> <span class='ocrx_word' id='word_1_603' title='bbox 1256 4856 1330 4913; x_wconf 82' lang='lat' dir='ltr'><strong>de</strong></span> <span class='ocrx_word' id='word_1_604' title='bbox 1356 4856 1482 4912; x_wconf 85' lang='lat' dir='ltr'><strong>cibo</strong></span> <span class='ocrx_word' id='word_1_605' title='bbox 1509 4869 1583 4912; x_wconf 88' lang='lat' dir='ltr'><strong>ne</strong></span> <span class='ocrx_word' id='word_1_606' title='bbox 1604 4841 1766 4911; x_wconf 80' lang='lat' dir='ltr'><strong>satie-</strong></span> 
     </span>
    </p>
   </div>
   <div class='ocr_carea' id='block_1_80' title="bbox 146 4948 1759 5023">
    <p class='ocr_par' dir='ltr' id='par_1_80' title="bbox 146 4948 1759 5023">
     <span class='ocr_line' id='line_1_80' title="bbox 146 4948 1759 5023; baseline -0.01 -4"><span class='ocrx_word' id='word_1_607' title='bbox 146 4972 279 5019; x_wconf 66' lang='grc' dir='ltr'><strong>απ.</strong></span> <span class='ocrx_word' id='word_1_608' title='bbox 323 4960 395 5017; x_wconf 70' lang='grc' dir='ltr'><strong>ει</strong></span> <span class='ocrx_word' id='word_1_609' title='bbox 418 4960 562 5016; x_wconf 72' lang='lat' dir='ltr'><strong>dixit</strong></span> <span class='ocrx_word' id='word_1_610' title='bbox 605 4957 775 5013; x_wconf 82' lang='lat' dir='ltr'><strong>abbas</strong></span> <span class='ocrx_word' id='word_1_611' title='bbox 818 4952 1057 5023; x_wconf 70' lang='lat' dir='ltr'><strong>Ioseph:</strong></span> <span class='ocrx_word' id='word_1_612' title='bbox 1090 4950 1235 5022; x_wconf 80' lang='lat' dir='ltr'><strong>Ergo</strong></span> <span class='ocrx_word' id='word_1_613' title='bbox 1284 4949 1502 5019; x_wconf 83' lang='lat' dir='ltr'><strong>quando</strong></span> <span class='ocrx_word' id='word_1_614' title='bbox 1541 4948 1759 5019; x_wconf 76' lang='lat' dir='ltr'><strong>juvenis</strong></span> 
     </span>
    </p>
   </div>
   <div class='ocr_carea' id='block_1_81' title="bbox 149 5036 1759 5118">
    <p class='ocr_par' dir='ltr' id='par_1_81' title="bbox 149 5036 1759 5118">
     <span class='ocr_line' id='line_1_81' title="bbox 149 5036 1759 5118; baseline -0.009 -10"><span class='ocrx_word' id='word_1_615' title='bbox 149 5067 318 5117; x_wconf 62' lang='lat' dir='ltr'><strong>uas,</strong></span> <span class='ocrx_word' id='word_1_616' title='bbox 357 5065 469 5106; x_wconf 82' lang='lat' dir='ltr'><strong>non</strong></span> <span class='ocrx_word' id='word_1_617' title='bbox 502 5046 792 5118; x_wconf 79' lang='lat' dir='ltr'><strong>jejunabas</strong></span> <span class='ocrx_word' id='word_1_618' title='bbox 827 5043 1093 5100; x_wconf 85' lang='lat' dir='ltr'><strong>biduanas</strong></span> <span class='ocrx_word' id='word_1_619' title='bbox 1120 5059 1136 5095; x_wconf 85' lang='lat'><strong>:</strong></span> <span class='ocrx_word' id='word_1_620' title='bbox 1169 5039 1317 5095; x_wconf 81' lang='lat' dir='ltr'><strong>Dixit</strong></span> <span class='ocrx_word' id='word_1_621' title='bbox 1348 5053 1517 5095; x_wconf 77' lang='lat' dir='ltr'><strong>senex</strong></span> <span class='ocrx_word' id='word_1_622' title='bbox 1544 5056 1558 5092; x_wconf 88' lang='lat'><strong>:</strong></span> <span class='ocrx_word' id='word_1_623' title='bbox 1583 5036 1759 5095; x_wconf 85' lang='lat' dir='ltr'><strong>Crede</strong></span> 
     </span>
    </p>
   </div>
   <div class='ocr_carea' id='block_1_82' title="bbox 150 5131 1756 5215">
    <p class='ocr_par' dir='ltr' id='par_1_82' title="bbox 150 5131 1756 5215">
     <span class='ocr_line' id='line_1_82' title="bbox 150 5131 1756 5215; baseline -0.011 -12"><span class='ocrx_word' id='word_1_624' title='bbox 150 5147 334 5212; x_wconf 81' lang='lat' dir='ltr'><strong>mihi,</strong></span> <span class='ocrx_word' id='word_1_625' title='bbox 373 5144 503 5215; x_wconf 83' lang='lat' dir='ltr'><strong>quia</strong></span> <span class='ocrx_word' id='word_1_626' title='bbox 529 5152 589 5199; x_wconf 86' lang='lat' dir='ltr'><strong>et</strong></span> <span class='ocrx_word' id='word_1_627' title='bbox 618 5141 905 5197; x_wconf 84' lang='lat' dir='ltr'><strong>triduanas</strong></span> <span class='ocrx_word' id='word_1_628' title='bbox 944 5141 1005 5192; x_wconf 65' lang='lat' dir='ltr'><strong>et</strong></span> <span class='ocrx_word' id='word_1_629' title='bbox 1038 5132 1474 5198; x_wconf 72' lang='lat' dir='ltr'><strong>hebdomadam;</strong></span> <span class='ocrx_word' id='word_1_630' title='bbox 1514 5131 1612 5187; x_wconf 89' lang='lat' dir='ltr'><strong>sed</strong></span> <span class='ocrx_word' id='word_1_631' title='bbox 1639 5131 1756 5187; x_wconf 63' lang='lat' dir='ltr'><strong>hac</strong></span> 
     </span>
    </p>
   </div>
   <div class='ocr_carea' id='block_1_83' title="bbox 148 5226 1759 5310">
    <p class='ocr_par' dir='ltr' id='par_1_83' title="bbox 148 5226 1759 5310">
     <span class='ocr_line' id='line_1_83' title="bbox 148 5226 1759 5310; baseline -0.012 -11"><span class='ocrx_word' id='word_1_632' title='bbox 148 5240 358 5300; x_wconf 81' lang='lat' dir='ltr'><strong>omnia</strong></span> <span class='ocrx_word' id='word_1_633' title='bbox 406 5238 778 5310; x_wconf 76' lang='lat' dir='ltr'><strong>probaverant</strong></span> <span class='ocrx_word' id='word_1_634' title='bbox 835 5245 995 5289; x_wconf 86' lang='lat' dir='ltr'><strong>senes</strong></span> <span class='ocrx_word' id='word_1_635' title='bbox 1044 5227 1261 5299; x_wconf 75' lang='lat' dir='ltr'><strong>magni,</strong></span> <span class='ocrx_word' id='word_1_636' title='bbox 1316 5233 1374 5282; x_wconf 90' lang='lat' dir='ltr'><strong>et</strong></span> <span class='ocrx_word' id='word_1_637' title='bbox 1432 5226 1759 5282; x_wconf 76' lang='lat' dir='ltr'><strong>invenerunt</strong></span> 
     </span>
    </p>
   </div>
   <div class='ocr_carea' id='block_1_84' title="bbox 146 5322 1758 5407">
    <p class='ocr_par' dir='ltr' id='par_1_84' title="bbox 146 5322 1758 5407">
     <span class='ocr_line' id='line_1_84' title="bbox 146 5322 1758 5407; baseline -0.012 -17"><span class='ocrx_word' id='word_1_638' title='bbox 146 5334 301 5407; x_wconf 74' lang='lat' dir='ltr'><strong>quia</strong></span> <span class='ocrx_word' id='word_1_639' title='bbox 351 5332 554 5388; x_wconf 81' lang='lat' dir='ltr'><strong>bonum</strong></span> <span class='ocrx_word' id='word_1_640' title='bbox 586 5335 676 5385; x_wconf 84' lang='lat' dir='ltr'><strong>est</strong></span> <span class='ocrx_word' id='word_1_641' title='bbox 702 5325 945 5398; x_wconf 81' lang='lat' dir='ltr'><strong>quotidie</strong></span> <span class='ocrx_word' id='word_1_642' title='bbox 985 5322 1338 5384; x_wconf 80' lang='lat' dir='ltr'><strong>manducare,</strong></span> <span class='ocrx_word' id='word_1_643' title='bbox 1366 5325 1425 5372; x_wconf 77' lang='lat' dir='ltr'><strong>et</strong></span> <span class='ocrx_word' id='word_1_644' title='bbox 1446 5331 1661 5386; x_wconf 87' lang='lat' dir='ltr'><strong>parum,</strong></span> <span class='ocrx_word' id='word_1_645' title='bbox 1697 5324 1758 5370; x_wconf 90' lang='lat' dir='ltr'><strong>ut</strong></span> 
     </span>
    </p>
   </div>
   <div class='ocr_carea' id='block_1_85' title="bbox 144 5410 1759 5497">
    <p class='ocr_par' dir='ltr' id='par_1_85' title="bbox 144 5410 1759 5497">
     <span class='ocr_line' id='line_1_85' title="bbox 144 5410 1759 5497; baseline -0.014 -10"><span class='ocrx_word' id='word_1_646' title='bbox 144 5430 242 5487; x_wconf 72' lang='lat' dir='ltr'><strong>sit</strong></span> <span class='ocrx_word' id='word_1_647' title='bbox 274 5426 518 5497; x_wconf 84' lang='lat' dir='ltr'><strong>quotidie</strong></span> <span class='ocrx_word' id='word_1_648' title='bbox 541 5423 770 5480; x_wconf 83' lang='lat' dir='ltr'><strong>esuries.</strong></span> <span class='ocrx_word' id='word_1_649' title='bbox 812 5419 962 5474; x_wconf 74' lang='lat' dir='ltr'><strong>lianc</strong></span> <span class='ocrx_word' id='word_1_650' title='bbox 993 5415 1140 5472; x_wconf 87' lang='lat' dir='ltr'><strong>enim</strong></span> <span class='ocrx_word' id='word_1_651' title='bbox 1168 5414 1316 5468; x_wconf 86' lang='lat' dir='ltr'><strong>viam</strong></span> <span class='ocrx_word' id='word_1_652' title='bbox 1342 5412 1551 5482; x_wconf 77' lang='lat' dir='ltr'><strong>regiam</strong></span> <span class='ocrx_word' id='word_1_653' title='bbox 1585 5410 1759 5465; x_wconf 84' lang='lat' dir='ltr'><strong>levem</strong></span> 
     </span>
    </p>
   </div>
   <div class='ocr_carea' id='block_1_86' title="bbox 146 5502 1761 5579">
    <p class='ocr_par' dir='ltr' id='par_1_86' title="bbox 146 5502 1761 5579">
     <span class='ocr_line' id='line_1_86' title="bbox 146 5502 1761 5579; baseline -0.014 0"><span class='ocrx_word' id='word_1_654' title='bbox 146 5520 336 5579; x_wconf 77' lang='lat' dir='ltr'><strong>nobis</strong></span> <span class='ocrx_word' id='word_1_655' title='bbox 374 5534 499 5575; x_wconf 87' lang='lat' dir='ltr'><strong>esse</strong></span> <span class='ocrx_word' id='word_1_656' title='bbox 538 5516 1068 5573; x_wconf 85' lang='lat' dir='ltr'><strong>demonstraverunt.</strong></span> <span class='ocrx_word' id='word_1_657' title='bbox 1118 5506 1253 5563; x_wconf 79' lang='lat' dir='ltr'><strong>Nam</strong></span> <span class='ocrx_word' id='word_1_658' title='bbox 1301 5506 1537 5561; x_wconf 84' lang='lat' dir='ltr'><strong>biduana</strong></span> <span class='ocrx_word' id='word_1_659' title='bbox 1573 5511 1630 5558; x_wconf 86' lang='lat' dir='ltr'><strong>et</strong></span> <span class='ocrx_word' id='word_1_660' title='bbox 1658 5502 1761 5557; x_wconf 55' lang='lat' dir='ltr'><strong>tria</strong></span> 
     </span>
    </p>
   </div>
   <div class='ocr_carea' id='block_1_87' title="bbox 150 5593 1762 5683">
    <p class='ocr_par' dir='ltr' id='par_1_87' title="bbox 150 5593 1762 5683">
     <span class='ocr_line' id='line_1_87' title="bbox 150 5593 1762 5683; baseline -0.016 -10"><span class='ocrx_word' id='word_1_661' title='bbox 150 5618 355 5675; x_wconf 77' lang='lat' dir='ltr'><strong>duana</strong></span> <span class='ocrx_word' id='word_1_662' title='bbox 388 5613 594 5683; x_wconf 81' lang='lat' dir='ltr'><strong>jejunio</strong></span> <span class='ocrx_word' id='word_1_663' title='bbox 622 5624 821 5665; x_wconf 82' lang='lat' dir='ltr'><strong>vanam</strong></span> <span class='ocrx_word' id='word_1_664' title='bbox 856 5608 1086 5679; x_wconf 66' lang='lat' dir='ltr'><strong>gloriam</strong></span> <span class='ocrx_word' id='word_1_665' title='bbox 1113 5602 1427 5659; x_wconf 87' lang='lat' dir='ltr'><strong>ostendunt.</strong></span> <span class='ocrx_word' id='word_1_666' title='bbox 1461 5597 1615 5652; x_wconf 82' lang='lat' dir='ltr'><strong>Alius</strong></span> <span class='ocrx_word' id='word_1_667' title='bbox 1644 5593 1762 5664; x_wconf 75' lang='lat' dir='ltr'><strong>qui-</strong></span> 
     </span>
    </p>
   </div>
   <div class='ocr_carea' id='block_1_88' title="bbox 150 5686 1763 5770">
    <p class='ocr_par' dir='ltr' id='par_1_88' title="bbox 150 5686 1763 5770">
     <span class='ocr_line' id='line_1_88' title="bbox 150 5686 1763 5770; baseline -0.015 -4"><span class='ocrx_word' id='word_1_668' title='bbox 150 5713 303 5766; x_wconf 71' lang='lat' dir='ltr'><strong>tiam</strong></span> <span class='ocrx_word' id='word_1_669' title='bbox 351 5706 526 5763; x_wconf 82' lang='lat' dir='ltr'><strong>frater</strong></span> <span class='ocrx_word' id='word_1_670' title='bbox 571 5701 928 5770; x_wconf 76' lang='lat' dir='ltr'><strong>interrogavit</strong></span> <span class='ocrx_word' id='word_1_671' title='bbox 973 5699 1198 5754; x_wconf 86' lang='lat' dir='ltr'><strong>dicens:</strong></span> <span class='ocrx_word' id='word_1_672' title='bbox 1229 5691 1442 5762; x_wconf 86' lang='lat' dir='ltr'><strong>Jejunia</strong></span> <span class='ocrx_word' id='word_1_673' title='bbox 1479 5686 1533 5745; x_wconf 85' lang='lat' dir='ltr'><strong>ct</strong></span> <span class='ocrx_word' id='word_1_674' title='bbox 1566 5686 1763 5759; x_wconf 61' lang='lat' dir='ltr'><strong>vigilia</strong></span> 
     </span>
    </p>
   </div>
   <div class='ocr_carea' id='block_1_89' title="bbox 157 5783 1758 5873">
    <p class='ocr_par' dir='ltr' id='par_1_89' title="bbox 157 5783 1758 5873">
     <span class='ocr_line' id='line_1_89' title="bbox 157 5783 1758 5873; baseline -0.012 -14"><span class='ocrx_word' id='word_1_675' title='bbox 157 5814 319 5873; x_wconf 75' lang='lat' dir='ltr'><strong>quas</strong></span> <span class='ocrx_word' id='word_1_676' title='bbox 365 5799 496 5855; x_wconf 71' lang='lat' dir='ltr'><strong>lbeit</strong></span> <span class='ocrx_word' id='word_1_677' title='bbox 541 5798 729 5863; x_wconf 79' lang='lat' dir='ltr'><strong>homo,</strong></span> <span class='ocrx_word' id='word_1_678' title='bbox 762 5793 894 5865; x_wconf 81' lang='lat' dir='ltr'><strong>quid</strong></span> <span class='ocrx_word' id='word_1_679' title='bbox 929 5788 1252 5861; x_wconf 84' lang='lat' dir='ltr'><strong>proficiunt?</strong></span> <span class='ocrx_word' id='word_1_680' title='bbox 1283 5786 1432 5842; x_wconf 77' lang='lat' dir='ltr'><strong>Dixit</strong></span> <span class='ocrx_word' id='word_1_681' title='bbox 1458 5783 1509 5839; x_wconf 91' lang='lat' dir='ltr'><strong>ei</strong></span> <span class='ocrx_word' id='word_1_682' title='bbox 1548 5794 1714 5837; x_wconf 80' lang='lat' dir='ltr'><strong>senex</strong></span> <span class='ocrx_word' id='word_1_683' title='bbox 1746 5795 1758 5839; x_wconf 88' lang='lat'><strong>:</strong></span> 
     </span>
    </p>
   </div>
   <div class='ocr_carea' id='block_1_90' title="bbox 1846 3278 3441 3354">
    <p class='ocr_par' dir='ltr' id='par_1_90' title="bbox 1846 3278 3441 3354">
     <span class='ocr_line' id='line_1_90' title="bbox 1846 3278 3441 3354; baseline -0.001 -16"><span class='ocrx_word' id='word_1_684' title='bbox 1846 3284 1974 3354; x_wconf 87' lang='lat' dir='ltr'><strong>pleo</strong></span> <span class='ocrx_word' id='word_1_685' title='bbox 2013 3282 2297 3338; x_wconf 86' lang='lat' dir='ltr'><strong>charitatis</strong></span> <span class='ocrx_word' id='word_1_686' title='bbox 2340 3281 2596 3337; x_wconf 81' lang='lat' dir='ltr'><strong>cilicium.</strong></span> <span class='ocrx_word' id='word_1_687' title='bbox 2641 3278 2911 3336; x_wconf 62' lang='lat' dir='ltr'><strong>Caeterum</strong></span> <span class='ocrx_word' id='word_1_688' title='bbox 2949 3280 2997 3337; x_wconf 87' lang='lat' dir='ltr'><strong>si</strong></span> <span class='ocrx_word' id='word_1_689' title='bbox 3042 3289 3266 3353; x_wconf 81' lang='lat' dir='ltr'><strong>propter</strong></span> <span class='ocrx_word' id='word_1_690' title='bbox 3317 3281 3441 3337; x_wconf 86' lang='lat' dir='ltr'><strong>abs-</strong></span> 
     </span>
    </p>
   </div>
   <div class='ocr_carea' id='block_1_91' title="bbox 1852 3371 3437 3442">
    <p class='ocr_par' dir='ltr' id='par_1_91' title="bbox 1852 3371 3437 3442">
     <span class='ocr_line' id='line_1_91' title="bbox 1852 3371 3437 3442; baseline -0.003 -10"><span class='ocrx_word' id='word_1_691' title='bbox 1852 3376 2141 3433; x_wconf 87' lang='lat' dir='ltr'><strong>tinentiam</strong></span> <span class='ocrx_word' id='word_1_692' title='bbox 2181 3374 2265 3429; x_wconf 91' lang='lat' dir='ltr'><strong>vel</strong></span> <span class='ocrx_word' id='word_1_693' title='bbox 2298 3372 2563 3442; x_wconf 74' lang='lat' dir='ltr'><strong>jejunium</strong></span> <span class='ocrx_word' id='word_1_694' title='bbox 2606 3387 2793 3429; x_wconf 85' lang='lat' dir='ltr'><strong>meum</strong></span> <span class='ocrx_word' id='word_1_695' title='bbox 2843 3371 3158 3441; x_wconf 64' lang='lat' dir='ltr'><strong>spiritales</strong></span> <span class='ocrx_word' id='word_1_696' title='bbox 3214 3371 3437 3438; x_wconf 79' lang='lat' dir='ltr'><strong>fratres,</strong></span> 
     </span>
    </p>
   </div>
   <div class='ocr_carea' id='block_1_92' title="bbox 1850 3460 3442 3536">
    <p class='ocr_par' dir='ltr' id='par_1_92' title="bbox 1850 3460 3442 3536">
     <span class='ocr_line' id='line_1_92' title="bbox 1850 3460 3442 3536; baseline -0.004 -14"><span class='ocrx_word' id='word_1_697' title='bbox 1850 3481 1990 3536; x_wconf 90' lang='lat' dir='ltr'><strong>quos</strong></span> <span class='ocrx_word' id='word_1_698' title='bbox 2015 3466 2142 3521; x_wconf 91' lang='lat' dir='ltr'><strong>novi</strong></span> <span class='ocrx_word' id='word_1_699' title='bbox 2187 3480 2312 3521; x_wconf 87' lang='lat' dir='ltr'><strong>mea</strong></span> <span class='ocrx_word' id='word_1_700' title='bbox 2333 3463 2660 3520; x_wconf 80' lang='lat' dir='ltr'><strong>remissione</strong></span> <span class='ocrx_word' id='word_1_701' title='bbox 2685 3461 2965 3527; x_wconf 85' lang='lat' dir='ltr'><strong>delectari,</strong></span> <span class='ocrx_word' id='word_1_702' title='bbox 2991 3460 3286 3526; x_wconf 79' lang='lat' dir='ltr'><strong>contristo,</strong></span> <span class='ocrx_word' id='word_1_703' title='bbox 3323 3462 3442 3516; x_wconf 82' lang='lat' dir='ltr'><strong>abs-</strong></span> 
     </span>
    </p>
   </div>
   <div class='ocr_carea' id='block_1_93' title="bbox 1853 3558 3437 3625">
    <p class='ocr_par' dir='ltr' id='par_1_93' title="bbox 1853 3558 3437 3625">
     <span class='ocr_line' id='line_1_93' title="bbox 1853 3558 3437 3625; baseline -0.004 -6"><span class='ocrx_word' id='word_1_704' title='bbox 1853 3565 2084 3619; x_wconf 86' lang='lat' dir='ltr'><strong>tinentia</strong></span> <span class='ocrx_word' id='word_1_705' title='bbox 2127 3578 2249 3617; x_wconf 88' lang='lat' dir='ltr'><strong>mea</strong></span> <span class='ocrx_word' id='word_1_706' title='bbox 2287 3579 2396 3617; x_wconf 88' lang='lat' dir='ltr'><strong>non</strong></span> <span class='ocrx_word' id='word_1_707' title='bbox 2441 3571 2526 3617; x_wconf 85' lang='lat' dir='ltr'><strong>est</strong></span> <span class='ocrx_word' id='word_1_708' title='bbox 2568 3562 2750 3616; x_wconf 86' lang='lat' dir='ltr'><strong>virtus</strong></span> <span class='ocrx_word' id='word_1_709' title='bbox 2793 3561 3046 3625; x_wconf 79' lang='lat' dir='ltr'><strong>dicenda,</strong></span> <span class='ocrx_word' id='word_1_710' title='bbox 3076 3561 3171 3615; x_wconf 87' lang='lat' dir='ltr'><strong>sed</strong></span> <span class='ocrx_word' id='word_1_711' title='bbox 3222 3558 3437 3614; x_wconf 87' lang='lat' dir='ltr'><strong>vitium.</strong></span> 
     </span>
    </p>
   </div>
   <div class='ocr_carea' id='block_1_94' title="bbox 1845 3648 3440 3724">
    <p class='ocr_par' dir='ltr' id='par_1_94' title="bbox 1845 3648 3440 3724">
     <span class='ocr_line' id='line_1_94' title="bbox 1845 3648 3440 3724; baseline -0.004 -13"><span class='ocrx_word' id='word_1_712' title='bbox 1845 3655 2123 3724; x_wconf 83' lang='lat' dir='ltr'><strong>Quoniam</strong></span> <span class='ocrx_word' id='word_1_713' title='bbox 2171 3655 2390 3724; x_wconf 87' lang='lat' dir='ltr'><strong>quidem</strong></span> <span class='ocrx_word' id='word_1_714' title='bbox 2442 3654 2559 3723; x_wconf 79' lang='lat' dir='ltr'><strong>ipsa</strong></span> <span class='ocrx_word' id='word_1_715' title='bbox 2610 3652 2935 3707; x_wconf 70' lang='lat' dir='ltr'><strong>abstinentia</strong></span> <span class='ocrx_word' id='word_1_716' title='bbox 2991 3665 3057 3706; x_wconf 85' lang='lat' dir='ltr'><strong>ac</strong></span> <span class='ocrx_word' id='word_1_717' title='bbox 3109 3648 3440 3721; x_wconf 80' lang='lat' dir='ltr'><strong>jejuniorum</strong></span> 
     </span>
    </p>
   </div>
   <div class='ocr_carea' id='block_1_95' title="bbox 1851 3742 3443 3814">
    <p class='ocr_par' dir='ltr' id='par_1_95' title="bbox 1851 3742 3443 3814">
     <span class='ocr_line' id='line_1_95' title="bbox 1851 3742 3443 3814; baseline -0.004 -12"><span class='ocrx_word' id='word_1_718' title='bbox 1851 3746 2211 3811; x_wconf 78' lang='lat' dir='ltr'><strong>continuatio,</strong></span> <span class='ocrx_word' id='word_1_719' title='bbox 2256 3745 2361 3801; x_wconf 88' lang='lat' dir='ltr'><strong>nisi</strong></span> <span class='ocrx_word' id='word_1_720' title='bbox 2410 3743 2591 3808; x_wconf 73' lang='lat' dir='ltr'><strong>fuerit,</strong></span> <span class='ocrx_word' id='word_1_721' title='bbox 2640 3742 2860 3813; x_wconf 80' lang='lat' dir='ltr'><strong>quando</strong></span> <span class='ocrx_word' id='word_1_722' title='bbox 2882 3757 2975 3798; x_wconf 84' lang='lat' dir='ltr'><strong>res</strong></span> <span class='ocrx_word' id='word_1_723' title='bbox 3001 3742 3192 3814; x_wconf 66' lang='lat' dir='ltr'><strong>exigit,</strong></span> <span class='ocrx_word' id='word_1_724' title='bbox 3221 3749 3443 3814; x_wconf 75' lang='lat' dir='ltr'><strong>prseter-</strong></span> 
     </span>
    </p>
   </div>
   <div class='ocr_carea' id='block_1_96' title="bbox 1851 3834 3439 3903">
    <p class='ocr_par' dir='ltr' id='par_1_96' title="bbox 1851 3834 3439 3903">
     <span class='ocr_line' id='line_1_96' title="bbox 1851 3834 3439 3903; baseline -0.002 -10"><span class='ocrx_word' id='word_1_725' title='bbox 1851 3838 2042 3903; x_wconf 84' lang='lat' dir='ltr'><strong>missa,</strong></span> <span class='ocrx_word' id='word_1_726' title='bbox 2072 3844 2127 3892; x_wconf 90' lang='lat' dir='ltr'><strong>et</strong></span> <span class='ocrx_word' id='word_1_727' title='bbox 2151 3851 2238 3892; x_wconf 89' lang='lat' dir='ltr'><strong>me</strong></span> <span class='ocrx_word' id='word_1_728' title='bbox 2265 3836 2442 3903; x_wconf 79' lang='lat' dir='ltr'><strong>inﬂat,</strong></span> <span class='ocrx_word' id='word_1_729' title='bbox 2471 3845 2530 3892; x_wconf 92' lang='lat' dir='ltr'><strong>et</strong></span> <span class='ocrx_word' id='word_1_730' title='bbox 2556 3835 2787 3890; x_wconf 83' lang='lat' dir='ltr'><strong>fratrem</strong></span> <span class='ocrx_word' id='word_1_731' title='bbox 2822 3849 3026 3901; x_wconf 82' lang='lat' dir='ltr'><strong>meum,</strong></span> <span class='ocrx_word' id='word_1_732' title='bbox 3067 3834 3154 3890; x_wconf 87' lang='lat' dir='ltr'><strong>cui</strong></span> <span class='ocrx_word' id='word_1_733' title='bbox 3200 3835 3439 3891; x_wconf 83' lang='lat' dir='ltr'><strong>cbaritas</strong></span> 
     </span>
    </p>
   </div>
   <div class='ocr_carea' id='block_1_97' title="bbox 1848 3906 3441 4003">
    <p class='ocr_par' dir='ltr' id='par_1_97' title="bbox 1848 3906 3441 4003">
     <span class='ocr_line' id='line_1_97' title="bbox 1848 3906 3441 4003; baseline -0.002 -17"><span class='ocrx_word' id='word_1_734' title='bbox 1848 3932 2003 4003; x_wconf 81' lang='lat' dir='ltr'><strong>jubet</strong></span> <span class='ocrx_word' id='word_1_735' title='bbox 2022 3932 2251 3996; x_wconf 75' lang='lat' dir='ltr'><strong>servire,</strong></span> <span class='ocrx_word' id='word_1_736' title='bbox 2284 3930 2604 3995; x_wconf 70' lang='lat' dir='ltr'><strong>contristat;</strong></span> <span class='ocrx_word' id='word_1_737' title='bbox 2637 3927 2723 3983; x_wconf 83' lang='lat' dir='ltr'><strong>vel</strong></span> <span class='ocrx_word' id='word_1_738' title='bbox 2753 3935 2904 3983; x_wconf 80' lang='lat' dir='ltr'><strong>certe</strong></span> <span class='ocrx_word' id='word_1_739' title='bbox 2930 3927 3067 3983; x_wconf 87' lang='lat' dir='ltr'><strong>mihi</strong></span> <span class='ocrx_word' id='word_1_740' title='bbox 3095 3926 3233 3982; x_wconf 83' lang='lat' dir='ltr'><strong>nihil</strong></span> <span class='ocrx_word' id='word_1_741' title='bbox 3259 3906 3441 3983; x_wconf 81' lang='lat' dir='ltr'><strong>inesse</strong></span> 
     </span>
    </p>
   </div>
   <div class='ocr_carea' id='block_1_98' title="bbox 1852 4017 3443 4093">
    <p class='ocr_par' dir='ltr' id='par_1_98' title="bbox 1852 4017 3443 4093">
     <span class='ocr_line' id='line_1_98' title="bbox 1852 4017 3443 4093; baseline -0.003 -13"><span class='ocrx_word' id='word_1_742' title='bbox 1852 4024 2145 4081; x_wconf 86' lang='lat' dir='ltr'><strong>charitatis</strong></span> <span class='ocrx_word' id='word_1_743' title='bbox 2167 4037 2420 4093; x_wconf 76' lang='lat' dir='ltr'><strong>superam</strong></span> <span class='ocrx_word' id='word_1_744' title='bbox 2449 4022 2808 4075; x_wconf 77' lang='lat' dir='ltr'><strong>demonstrat.</strong></span> <span class='ocrx_word' id='word_1_745' title='bbox 2850 4018 2987 4075; x_wconf 78' lang='lat' dir='ltr'><strong>Hinc</strong></span> <span class='ocrx_word' id='word_1_746' title='bbox 3015 4026 3241 4074; x_wconf 76' lang='lat' dir='ltr'><strong>metus</strong></span> <span class='ocrx_word' id='word_1_747' title='bbox 3270 4017 3443 4075; x_wconf 80' lang='lat' dir='ltr'><strong>Bono-</strong></span> 
     </span>
    </p>
   </div>
   <div class='ocr_carea' id='block_1_99' title="bbox 1852 4108 3444 4181">
    <p class='ocr_par' dir='ltr' id='par_1_99' title="bbox 1852 4108 3444 4181">
     <span class='ocr_line' id='line_1_99' title="bbox 1852 4108 3444 4181; baseline -0.005 -10"><span class='ocrx_word' id='word_1_748' title='bbox 1852 4116 2036 4171; x_wconf 80' lang='lat' dir='ltr'><strong>dictus</strong></span> <span class='ocrx_word' id='word_1_749' title='bbox 2061 4114 2139 4169; x_wconf 87' lang='lat' dir='ltr'><strong>ait</strong></span> <span class='ocrx_word' id='word_1_750' title='bbox 2166 4132 2180 4167; x_wconf 87' lang='lat'><strong>:</strong></span> <span class='ocrx_word' id='word_1_751' title='bbox 2206 4112 2412 4168; x_wconf 88' lang='lat' dir='ltr'><strong>Omnes</strong></span> <span class='ocrx_word' id='word_1_752' title='bbox 2438 4109 2890 4181; x_wconf 81' lang='lat' dir='ltr'><strong>supervenientes</strong></span> <span class='ocrx_word' id='word_1_753' title='bbox 2914 4108 3164 4179; x_wconf 75' lang='lat' dir='ltr'><strong>hospites</strong></span> <span class='ocrx_word' id='word_1_754' title='bbox 3180 4116 3444 4179; x_wconf 63' lang='lat' dir='ltr'><strong>manu</strong></span> 
     </span>
    </p>
   </div>
   <div class='ocr_carea' id='block_1_100' title="bbox 1853 4199 3447 4276">
    <p class='ocr_par' dir='ltr' id='par_1_100' title="bbox 1853 4199 3447 4276">
     <span class='ocr_line' id='line_1_100' title="bbox 1853 4199 3447 4276; baseline -0.005 -13"><span class='ocrx_word' id='word_1_755' title='bbox 1853 4208 2104 4264; x_wconf 84' lang='lat' dir='ltr'><strong>Christus</strong></span> <span class='ocrx_word' id='word_1_756' title='bbox 2143 4206 2533 4276; x_wconf 82' lang='lat' dir='ltr'><strong>suscipiantur,</strong></span> <span class='ocrx_word' id='word_1_757' title='bbox 2563 4204 2693 4274; x_wconf 81' lang='lat' dir='ltr'><strong>quia</strong></span> <span class='ocrx_word' id='word_1_758' title='bbox 2738 4204 2855 4274; x_wconf 86' lang='lat' dir='ltr'><strong>ipse</strong></span> <span class='ocrx_word' id='word_1_759' title='bbox 2886 4202 3141 4257; x_wconf 56' lang='lat' dir='ltr'><strong>dicturus</strong></span> <span class='ocrx_word' id='word_1_760' title='bbox 3181 4209 3303 4257; x_wconf 84' lang='lat' dir='ltr'><strong>est:</strong></span> <span class='ocrx_word' id='word_1_761' title='bbox 3329 4199 3447 4254; x_wconf 62' lang='lat' dir='ltr'><strong>Ha»</strong></span> 
     </span>
    </p>
   </div>
   <div class='ocr_carea' id='block_1_101' title="bbox 1854 4291 3445 4369">
    <p class='ocr_par' dir='ltr' id='par_1_101' title="bbox 1854 4291 3445 4369">
     <span class='ocr_line' id='line_1_101' title="bbox 1854 4291 3445 4369; baseline -0.006 -16"><span class='ocrx_word' id='word_1_762' title='bbox 1854 4316 1969 4369; x_wconf 82' lang='lat' dir='ltr'><strong>spes</strong></span> <span class='ocrx_word' id='word_1_763' title='bbox 1997 4299 2103 4369; x_wconf 79' lang='lat' dir='ltr'><strong>fui,</strong></span> <span class='ocrx_word' id='word_1_764' title='bbox 2124 4307 2173 4353; x_wconf 87' lang='lat' dir='ltr'><strong>et</strong></span> <span class='ocrx_word' id='word_1_765' title='bbox 2197 4297 2499 4368; x_wconf 72' lang='lat' dir='ltr'><strong>suscepistis</strong></span> <span class='ocrx_word' id='word_1_766' title='bbox 2527 4312 2627 4350; x_wconf 81' lang='lat' dir='ltr'><strong>nte.</strong></span> <span class='ocrx_word' id='word_1_767' title='bbox 2659 4294 2729 4349; x_wconf 83' lang='lat' dir='ltr'><strong>Et</strong></span> <span class='ocrx_word' id='word_1_768' title='bbox 2754 4291 3009 4349; x_wconf 74' lang='lat' dir='ltr'><strong>omnibus</strong></span> <span class='ocrx_word' id='word_1_769' title='bbox 3035 4306 3311 4360; x_wconf 63' lang='lat' dir='ltr'><strong>congruas</strong></span> <span class='ocrx_word' id='word_1_770' title='bbox 3346 4291 3445 4345; x_wconf 83' lang='lat' dir='ltr'><strong>ho-</strong></span> 
     </span>
    </p>
   </div>
   <div class='ocr_carea' id='block_1_102' title="bbox 1856 4380 3446 4456">
    <p class='ocr_par' dir='ltr' id='par_1_102' title="bbox 1856 4380 3446 4456">
     <span class='ocr_line' id='line_1_102' title="bbox 1856 4380 3446 4456; baseline -0.009 -9"><span class='ocrx_word' id='word_1_771' title='bbox 1856 4407 1962 4447; x_wconf 89' lang='lat' dir='ltr'><strong>nor</strong></span> <span class='ocrx_word' id='word_1_772' title='bbox 1985 4391 2330 4456; x_wconf 80' lang='lat' dir='ltr'><strong>exhibeatur,</strong></span> <span class='ocrx_word' id='word_1_773' title='bbox 2363 4388 2603 4443; x_wconf 82' lang='lat' dir='ltr'><strong>maxime</strong></span> <span class='ocrx_word' id='word_1_774' title='bbox 2630 4385 2945 4441; x_wconf 80' lang='lat' dir='ltr'><strong>domesticis</strong></span> <span class='ocrx_word' id='word_1_775' title='bbox 2972 4382 3095 4437; x_wconf 74' lang='lat' dir='ltr'><strong>fidei</strong></span> <span class='ocrx_word' id='word_1_776' title='bbox 3126 4390 3183 4437; x_wconf 88' lang='lat' dir='ltr'><strong>et</strong></span> <span class='ocrx_word' id='word_1_777' title='bbox 3200 4380 3446 4451; x_wconf 67' lang='lat' dir='ltr'><strong>peregri-</strong></span> 
     </span>
    </p>
   </div>
   <div class='ocr_carea' id='block_1_103' title="bbox 1858 4471 3449 4551">
    <p class='ocr_par' dir='ltr' id='par_1_103' title="bbox 1858 4471 3449 4551">
     <span class='ocr_line' id='line_1_103' title="bbox 1858 4471 3449 4551; baseline -0.008 -13"><span class='ocrx_word' id='word_1_778' title='bbox 1858 4482 1967 4538; x_wconf 74' lang='lat' dir='ltr'><strong>nis.</strong></span> <span class='ocrx_word' id='word_1_779' title='bbox 2017 4483 2087 4538; x_wconf 91' lang='lat' dir='ltr'><strong>Et</strong></span> <span class='ocrx_word' id='word_1_780' title='bbox 2130 4490 2256 4551; x_wconf 88' lang='lat' dir='ltr'><strong>post</strong></span> <span class='ocrx_word' id='word_1_781' title='bbox 2292 4495 2466 4551; x_wconf 89' lang='lat' dir='ltr'><strong>pauca</strong></span> <span class='ocrx_word' id='word_1_782' title='bbox 2492 4496 2505 4533; x_wconf 88' lang='lat'><strong>:</strong></span> <span class='ocrx_word' id='word_1_783' title='bbox 2529 4476 2817 4548; x_wconf 82' lang='lat' dir='ltr'><strong>jejunium,</strong></span> <span class='ocrx_word' id='word_1_784' title='bbox 2867 4474 3064 4543; x_wconf 80' lang='lat' dir='ltr'><strong>inquit,</strong></span> <span class='ocrx_word' id='word_1_785' title='bbox 3103 4471 3390 4540; x_wconf 62' lang='lat' dir='ltr'><strong>frangatur</strong></span> <span class='ocrx_word' id='word_1_786' title='bbox 3415 4483 3449 4526; x_wconf 73' lang='grc' dir='ltr'>ι</span> 
     </span>
    </p>
   </div>
   <div class='ocr_carea' id='block_1_104' title="bbox 1858 4563 3446 4662">
    <p class='ocr_par' dir='ltr' id='par_1_104' title="bbox 1858 4563 3446 4662">
     <span class='ocr_line' id='line_1_104' title="bbox 1858 4563 3446 4662; baseline -0.009 -27"><span class='ocrx_word' id='word_1_787' title='bbox 1858 4578 2129 4662; x_wconf 67' lang='lat' dir='ltr'><strong>monacho</strong></span> <span class='ocrx_word' id='word_1_788' title='bbox 2168 4575 2255 4629; x_wconf 90' lang='lat' dir='ltr'><strong>vel</strong></span> <span class='ocrx_word' id='word_1_789' title='bbox 2292 4573 2535 4630; x_wconf 83' lang='lat' dir='ltr'><strong>solitario</strong></span> <span class='ocrx_word' id='word_1_790' title='bbox 2579 4576 2801 4642; x_wconf 87' lang='lat' dir='ltr'><strong>propter</strong></span> <span class='ocrx_word' id='word_1_791' title='bbox 2842 4566 3133 4636; x_wconf 84' lang='lat' dir='ltr'><strong>hospitem,</strong></span> <span class='ocrx_word' id='word_1_792' title='bbox 3174 4564 3279 4620; x_wconf 85' lang='lat' dir='ltr'><strong>nisi</strong></span> <span class='ocrx_word' id='word_1_793' title='bbox 3301 4563 3446 4621; x_wconf 65' lang='lat' dir='ltr'><strong>torte</strong></span> 
     </span>
    </p>
   </div>
   <div class='ocr_carea' id='block_1_105' title="bbox 1852 4655 3446 4745">
    <p class='ocr_par' dir='ltr' id='par_1_105' title="bbox 1852 4655 3446 4745">
     <span class='ocr_line' id='line_1_105' title="bbox 1852 4655 3446 4745; baseline -0.009 -18"><span class='ocrx_word' id='word_1_794' title='bbox 1852 4655 2165 4745; x_wconf 72' lang='lat' dir='ltr'><strong>principalis</strong></span> <span class='ocrx_word' id='word_1_795' title='bbox 2185 4668 2258 4723; x_wconf 88' lang='lat' dir='ltr'><strong>sit</strong></span> <span class='ocrx_word' id='word_1_796' title='bbox 2278 4667 2397 4722; x_wconf 89' lang='lat' dir='ltr'><strong>dies</strong></span> <span class='ocrx_word' id='word_1_797' title='bbox 2412 4661 2607 4733; x_wconf 87' lang='lat' dir='ltr'><strong>jejunii</strong></span> <span class='ocrx_word' id='word_1_798' title='bbox 2630 4660 2724 4732; x_wconf 88' lang='lat' dir='ltr'><strong>qui</strong></span> <span class='ocrx_word' id='word_1_799' title='bbox 2746 4676 2857 4715; x_wconf 79' lang='lat' dir='ltr'><strong>non</strong></span> <span class='ocrx_word' id='word_1_800' title='bbox 2872 4659 3050 4731; x_wconf 77' lang='lat' dir='ltr'><strong>possit</strong></span> <span class='ocrx_word' id='word_1_801' title='bbox 3071 4657 3287 4713; x_wconf 82' lang='lat' dir='ltr'><strong>violari.</strong></span> <span class='ocrx_word' id='word_1_802' title='bbox 3308 4655 3446 4712; x_wconf 79' lang='lat' dir='ltr'><strong>Aliis</strong></span> 
     </span>
    </p>
   </div>
   <div class='ocr_carea' id='block_1_106' title="bbox 1856 4748 3450 4830">
    <p class='ocr_par' dir='ltr' id='par_1_106' title="bbox 1856 4748 3450 4830">
     <span class='ocr_line' id='line_1_106' title="bbox 1856 4748 3450 4830; baseline -0.009 -12"><span class='ocrx_word' id='word_1_803' title='bbox 1856 4776 1992 4818; x_wconf 83' lang='lat' dir='ltr'><strong>vero</strong></span> <span class='ocrx_word' id='word_1_804' title='bbox 2030 4758 2377 4830; x_wconf 84' lang='lat' dir='ltr'><strong>temporibus</strong></span> <span class='ocrx_word' id='word_1_805' title='bbox 2422 4751 2848 4811; x_wconf 69' lang='lat' dir='ltr'><strong>consuetudines</strong></span> <span class='ocrx_word' id='word_1_806' title='bbox 2888 4748 3218 4821; x_wconf 79' lang='lat' dir='ltr'><strong>jejunioram</strong></span> <span class='ocrx_word' id='word_1_807' title='bbox 3261 4760 3450 4819; x_wconf 82' lang='lat' dir='ltr'><strong>prose-</strong></span> 
     </span>
    </p>
   </div>
   <div class='ocr_carea' id='block_1_107' title="bbox 1860 4837 3446 4925">
    <p class='ocr_par' dir='ltr' id='par_1_107' title="bbox 1860 4837 3446 4925">
     <span class='ocr_line' id='line_1_107' title="bbox 1860 4837 3446 4925; baseline -0.011 -17"><span class='ocrx_word' id='word_1_808' title='bbox 1860 4859 2120 4925; x_wconf 81' lang='lat' dir='ltr'><strong>quantur.</strong></span> <span class='ocrx_word' id='word_1_809' title='bbox 2154 4846 2465 4920; x_wconf 83' lang='lat' dir='ltr'><strong>Pauperum</strong></span> <span class='ocrx_word' id='word_1_810' title='bbox 2493 4859 2644 4910; x_wconf 85' lang='lat' dir='ltr'><strong>vero,</strong></span> <span class='ocrx_word' id='word_1_811' title='bbox 2671 4849 2727 4899; x_wconf 87' lang='lat' dir='ltr'><strong>et</strong></span> <span class='ocrx_word' id='word_1_812' title='bbox 2750 4840 3163 4914; x_wconf 75' lang='lat' dir='ltr'><strong>peregrinorum</strong></span> <span class='ocrx_word' id='word_1_813' title='bbox 3189 4837 3446 4903; x_wconf 76' lang='lat' dir='ltr'><strong>maxime,</strong></span> 
     </span>
    </p>
   </div>
   <div class='ocr_carea' id='block_1_108' title="bbox 1862 4926 3450 5004">
    <p class='ocr_par' dir='ltr' id='par_1_108' title="bbox 1862 4926 3450 5004">
     <span class='ocr_line' id='line_1_108' title="bbox 1862 4926 3450 5004; baseline -0.013 -3"><span class='ocrx_word' id='word_1_814' title='bbox 1862 4959 1997 5002; x_wconf 79' lang='lat' dir='ltr'><strong>cura</strong></span> <span class='ocrx_word' id='word_1_815' title='bbox 2040 4941 2272 4998; x_wconf 82' lang='lat' dir='ltr'><strong>sollicite</strong></span> <span class='ocrx_word' id='word_1_816' title='bbox 2313 4938 2663 5002; x_wconf 77' lang='lat' dir='ltr'><strong>exhibeatur,</strong></span> <span class='ocrx_word' id='word_1_817' title='bbox 2691 4933 2820 5004; x_wconf 89' lang='lat' dir='ltr'><strong>quia</strong></span> <span class='ocrx_word' id='word_1_818' title='bbox 2847 4930 2908 4987; x_wconf 81' lang='lat' dir='ltr'><strong>in</strong></span> <span class='ocrx_word' id='word_1_819' title='bbox 2934 4930 3071 5001; x_wconf 83' lang='lat' dir='ltr'><strong>ipsis</strong></span> <span class='ocrx_word' id='word_1_820' title='bbox 3094 4929 3267 5000; x_wconf 75' lang='lat' dir='ltr'><strong>magis</strong></span> <span class='ocrx_word' id='word_1_821' title='bbox 3292 4926 3450 4983; x_wconf 80' lang='lat' dir='ltr'><strong>Chri-</strong></span> 
     </span>
    </p>
   </div>
   <div class='ocr_carea' id='block_1_109' title="bbox 1860 5016 3454 5103">
    <p class='ocr_par' dir='ltr' id='par_1_109' title="bbox 1860 5016 3454 5103">
     <span class='ocr_line' id='line_1_109' title="bbox 1860 5016 3454 5103; baseline -0.013 -11"><span class='ocrx_word' id='word_1_822' title='bbox 1860 5045 1983 5092; x_wconf 83' lang='lat' dir='ltr'><strong>stus</strong></span> <span class='ocrx_word' id='word_1_823' title='bbox 2010 5032 2324 5103; x_wconf 84' lang='lat' dir='ltr'><strong>suscipitur.</strong></span> <span class='ocrx_word' id='word_1_824' title='bbox 2369 5028 2511 5085; x_wconf 80' lang='lat' dir='ltr'><strong>Nam</strong></span> <span class='ocrx_word' id='word_1_825' title='bbox 2536 5026 2767 5081; x_wconf 79' lang='lat' dir='ltr'><strong>divitum</strong></span> <span class='ocrx_word' id='word_1_826' title='bbox 2803 5030 2979 5077; x_wconf 82' lang='lat' dir='ltr'><strong>terror</strong></span> <span class='ocrx_word' id='word_1_827' title='bbox 3005 5020 3125 5091; x_wconf 78' lang='lat' dir='ltr'><strong>ipse</strong></span> <span class='ocrx_word' id='word_1_828' title='bbox 3144 5017 3251 5073; x_wconf 84' lang='lat' dir='ltr'><strong>sibi</strong></span> <span class='ocrx_word' id='word_1_829' title='bbox 3282 5016 3454 5088; x_wconf 72' lang='lat' dir='ltr'><strong>exigit</strong></span> 
     </span>
    </p>
   </div>
   <div class='ocr_carea' id='block_1_110' title="bbox 1861 5111 3450 5193">
    <p class='ocr_par' dir='ltr' id='par_1_110' title="bbox 1861 5111 3450 5193">
     <span class='ocr_line' id='line_1_110' title="bbox 1861 5111 3450 5193; baseline -0.014 -7"><span class='ocrx_word' id='word_1_830' title='bbox 1861 5130 2147 5185; x_wconf 74' lang='lat' dir='ltr'><strong>honorem.</strong></span> <span class='ocrx_word' id='word_1_831' title='bbox 2172 5125 2290 5193; x_wconf 84' lang='lat' dir='ltr'><strong>Qua</strong></span> <span class='ocrx_word' id='word_1_832' title='bbox 2317 5124 2386 5179; x_wconf 90' lang='lat' dir='ltr'><strong>de</strong></span> <span class='ocrx_word' id='word_1_833' title='bbox 2407 5136 2469 5177; x_wconf 88' lang='lat' dir='ltr'><strong>re</strong></span> <span class='ocrx_word' id='word_1_834' title='bbox 2489 5122 2542 5176; x_wconf 86' lang='lat' dir='ltr'><strong>in</strong></span> <span class='ocrx_word' id='word_1_835' title='bbox 2556 5116 2955 5177; x_wconf 82' lang='lat' dir='ltr'><strong>Collationibus</strong></span> <span class='ocrx_word' id='word_1_836' title='bbox 2968 5113 3194 5169; x_wconf 76' lang='lat' dir='ltr'><strong>Patrum</strong></span> <span class='ocrx_word' id='word_1_837' title='bbox 3221 5111 3331 5165; x_wconf 82' lang='lat' dir='ltr'><strong>tale</strong></span> <span class='ocrx_word' id='word_1_838' title='bbox 3351 5111 3450 5165; x_wconf 84' lang='lat' dir='ltr'><strong>da-</strong></span> 
     </span>
    </p>
   </div>
   <div class='ocr_carea' id='block_1_111' title="bbox 1862 5201 3452 5290">
    <p class='ocr_par' dir='ltr' id='par_1_111' title="bbox 1862 5201 3452 5290">
     <span class='ocr_line' id='line_1_111' title="bbox 1862 5201 3452 5290; baseline -0.013 -13"><span class='ocrx_word' id='word_1_839' title='bbox 1862 5232 1955 5279; x_wconf 87' lang='lat' dir='ltr'><strong>tur</strong></span> <span class='ocrx_word' id='word_1_840' title='bbox 1975 5218 2304 5290; x_wconf 78' lang='lat' dir='ltr'><strong>exemplum.</strong></span> <span class='ocrx_word' id='word_1_841' title='bbox 2337 5216 2518 5271; x_wconf 80' lang='lat' dir='ltr'><strong>Abbas</strong></span> <span class='ocrx_word' id='word_1_842' title='bbox 2554 5212 2844 5284; x_wconf 73' lang='lat' dir='ltr'><strong>Sylvanus,</strong></span> <span class='ocrx_word' id='word_1_843' title='bbox 2875 5208 3003 5264; x_wconf 72' lang='lat' dir='ltr'><strong>dum</strong></span> <span class='ocrx_word' id='word_1_844' title='bbox 3036 5214 3164 5259; x_wconf 81' lang='lat' dir='ltr'><strong>cum</strong></span> <span class='ocrx_word' id='word_1_845' title='bbox 3186 5201 3452 5273; x_wconf 83' lang='lat' dir='ltr'><strong>discipulo</strong></span> 
     </span>
    </p>
   </div>
   <div class='ocr_carea' id='block_1_112' title="bbox 1856 5294 3454 5376">
    <p class='ocr_par' dir='ltr' id='par_1_112' title="bbox 1856 5294 3454 5376">
     <span class='ocr_line' id='line_1_112' title="bbox 1856 5294 3454 5376; baseline -0.013 -7"><span class='ocrx_word' id='word_1_846' title='bbox 1856 5326 1969 5369; x_wconf 68' lang='grc' dir='ltr'><strong>’δυο</strong></span> <span class='ocrx_word' id='word_1_847' title='bbox 2009 5308 2277 5367; x_wconf 76' lang='lat' dir='ltr'><strong>Zacharia</strong></span> <span class='ocrx_word' id='word_1_848' title='bbox 2326 5307 2396 5362; x_wconf 82' lang='lat' dir='ltr'><strong>ad</strong></span> <span class='ocrx_word' id='word_1_849' title='bbox 2435 5306 2706 5376; x_wconf 84' lang='lat' dir='ltr'><strong>quoddam</strong></span> <span class='ocrx_word' id='word_1_850' title='bbox 2751 5297 3141 5356; x_wconf 79' lang='lat' dir='ltr'><strong>monasterium</strong></span> <span class='ocrx_word' id='word_1_851' title='bbox 3194 5294 3454 5350; x_wconf 79' lang='lat' dir='ltr'><strong>visitandi</strong></span> 
     </span>
    </p>
   </div>
   <div class='ocr_carea' id='block_1_113' title="bbox 1862 5385 3456 5476">
    <p class='ocr_par' dir='ltr' id='par_1_113' title="bbox 1862 5385 3456 5476">
     <span class='ocr_line' id='line_1_113' title="bbox 1862 5385 3456 5476; baseline -0.013 -18"><span class='ocrx_word' id='word_1_852' title='bbox 1862 5402 2043 5476; x_wconf 71' lang='lat' dir='ltr'><strong>gratia</strong></span> <span class='ocrx_word' id='word_1_853' title='bbox 2097 5397 2469 5472; x_wconf 83' lang='lat' dir='ltr'><strong>pervenisset,</strong></span> <span class='ocrx_word' id='word_1_854' title='bbox 2526 5392 2776 5449; x_wconf 72' lang='lat' dir='ltr'><strong>fecerunt</strong></span> <span class='ocrx_word' id='word_1_855' title='bbox 2816 5405 2911 5447; x_wconf 87' lang='lat' dir='ltr'><strong>eos</strong></span> <span class='ocrx_word' id='word_1_856' title='bbox 2952 5385 3244 5453; x_wconf 64' lang='lat' dir='ltr'><strong>numini,</strong></span> <span class='ocrx_word' id='word_1_857' title='bbox 3299 5394 3456 5440; x_wconf 86' lang='lat' dir='ltr'><strong>ante-</strong></span> 
     </span>
    </p>
   </div>
   <div class='ocr_carea' id='block_1_114' title="bbox 1862 5478 3455 5568">
    <p class='ocr_par' dir='ltr' id='par_1_114' title="bbox 1862 5478 3455 5568">
     <span class='ocr_line' id='line_1_114' title="bbox 1862 5478 3455 5568; baseline -0.014 -16"><span class='ocrx_word' id='word_1_858' title='bbox 1862 5508 2028 5568; x_wconf 81' lang='lat' dir='ltr'><strong>quam</strong></span> <span class='ocrx_word' id='word_1_859' title='bbox 2062 5491 2472 5564; x_wconf 75' lang='lat' dir='ltr'><strong>egrederentur,</strong></span> <span class='ocrx_word' id='word_1_860' title='bbox 2502 5484 2788 5541; x_wconf 79' lang='lat' dir='ltr'><strong>charitatis</strong></span> <span class='ocrx_word' id='word_1_861' title='bbox 2816 5497 2984 5539; x_wconf 86' lang='lat' dir='ltr'><strong>causa</strong></span> <span class='ocrx_word' id='word_1_862' title='bbox 3012 5480 3259 5537; x_wconf 80' lang='lat' dir='ltr'><strong>reticere.</strong></span> <span class='ocrx_word' id='word_1_863' title='bbox 3284 5478 3455 5532; x_wconf 71' lang='lat' dir='ltr'><strong>Erant</strong></span> 
     </span>
    </p>
   </div>
   <div class='ocr_carea' id='block_1_115' title="bbox 1864 5567 3455 5654">
    <p class='ocr_par' dir='ltr' id='par_1_115' title="bbox 1864 5567 3455 5654">
     <span class='ocr_line' id='line_1_115' title="bbox 1864 5567 3455 5654; baseline -0.014 -9"><span class='ocrx_word' id='word_1_864' title='bbox 1864 5567 2049 5645; x_wconf 78' lang='lat' dir='ltr'><strong>autem</strong></span> <span class='ocrx_word' id='word_1_865' title='bbox 2096 5586 2209 5641; x_wconf 85' lang='lat' dir='ltr'><strong>dies</strong></span> <span class='ocrx_word' id='word_1_866' title='bbox 2244 5581 2454 5654; x_wconf 81' lang='lat' dir='ltr'><strong>jejunii.</strong></span> <span class='ocrx_word' id='word_1_867' title='bbox 2484 5579 2776 5647; x_wconf 88' lang='lat' dir='ltr'><strong>Postquam</strong></span> <span class='ocrx_word' id='word_1_868' title='bbox 2823 5582 3004 5629; x_wconf 85' lang='lat' dir='ltr'><strong>autem</strong></span> <span class='ocrx_word' id='word_1_869' title='bbox 3053 5571 3259 5642; x_wconf 71' lang='lat' dir='ltr'><strong>egressi</strong></span> <span class='ocrx_word' id='word_1_870' title='bbox 3303 5567 3455 5635; x_wconf 76' lang='lat' dir='ltr'><strong>sunt.</strong></span> 
     </span>
    </p>
   </div>
   <div class='ocr_carea' id='block_1_116' title="bbox 1864 5659 3452 5745">
    <p class='ocr_par' dir='ltr' id='par_1_116' title="bbox 1864 5659 3452 5745">
     <span class='ocr_line' id='line_1_116' title="bbox 1864 5659 3452 5745; baseline -0.016 -7"><span class='ocrx_word' id='word_1_871' title='bbox 1864 5680 2074 5738; x_wconf 83' lang='lat' dir='ltr'><strong>invenit</strong></span> <span class='ocrx_word' id='word_1_872' title='bbox 2110 5675 2410 5745; x_wconf 84' lang='lat' dir='ltr'><strong>discipulus</strong></span> <span class='ocrx_word' id='word_1_873' title='bbox 2450 5671 2569 5741; x_wconf 88' lang='lat' dir='ltr'><strong>ejus</strong></span> <span class='ocrx_word' id='word_1_874' title='bbox 2612 5682 2808 5740; x_wconf 83' lang='lat' dir='ltr'><strong>aquam</strong></span> <span class='ocrx_word' id='word_1_875' title='bbox 2838 5667 2892 5721; x_wconf 89' lang='lat' dir='ltr'><strong>in</strong></span> <span class='ocrx_word' id='word_1_876' title='bbox 2921 5665 3033 5730; x_wconf 86' lang='lat' dir='ltr'><strong>via,</strong></span> <span class='ocrx_word' id='word_1_877' title='bbox 3070 5671 3130 5718; x_wconf 88' lang='lat' dir='ltr'><strong>et</strong></span> <span class='ocrx_word' id='word_1_878' title='bbox 3163 5661 3329 5717; x_wconf 80' lang='lat' dir='ltr'><strong>voluit</strong></span> <span class='ocrx_word' id='word_1_879' title='bbox 3365 5659 3452 5714; x_wconf 45' lang='lat' dir='ltr'><strong>his</strong></span> 
     </span>
    </p>
   </div>
   <div class='ocr_carea' id='block_1_117' title="bbox 1864 5748 3456 5842">
    <p class='ocr_par' dir='ltr' id='par_1_117' title="bbox 1864 5748 3456 5842">
     <span class='ocr_line' id='line_1_117' title="bbox 1864 5748 3456 5842; baseline -0.019 -9"><span class='ocrx_word' id='word_1_880' title='bbox 1864 5778 2036 5841; x_wconf 86' lang='lat' dir='ltr'><strong>bere;</strong></span> <span class='ocrx_word' id='word_1_881' title='bbox 2078 5780 2135 5829; x_wconf 85' lang='lat' dir='ltr'><strong>et</strong></span> <span class='ocrx_word' id='word_1_882' title='bbox 2162 5769 2465 5842; x_wconf 79' lang='lat' dir='ltr'><strong>respiciens</strong></span> <span class='ocrx_word' id='word_1_883' title='bbox 2501 5765 2673 5821; x_wconf 82' lang='lat' dir='ltr'><strong>abbas</strong></span> <span class='ocrx_word' id='word_1_884' title='bbox 2721 5760 2988 5835; x_wconf 70' lang='lat' dir='ltr'><strong>Sylvanus</strong></span> <span class='ocrx_word' id='word_1_885' title='bbox 3016 5755 3092 5811; x_wconf 84' lang='lat' dir='ltr'><strong>ait</strong></span> <span class='ocrx_word' id='word_1_886' title='bbox 3120 5772 3134 5810; x_wconf 89' lang='lat'><strong>:</strong></span> <span class='ocrx_word' id='word_1_887' title='bbox 3163 5748 3456 5814; x_wconf 78' lang='lat' dir='ltr'><strong>Zacharia,</strong></span> 
     </span>
    </p>
   </div>
  </div>
