3972 6328
513 350 621 413 847

1515 341 1574 398 s.
1615 338 1979 396 BENEDICTl
2007 335 2298 393 ABBATIS
2336 295 2748 391 ANIANENSlS

3690 338 3797 395 6&8

516 469 629 526 noli
668 466 875 531 bibere,
909 480 977 520 an
1015 462 1196 520 nescis
1223 461 1348 533 quia
1374 458 1635 530 jejunium
1677 466 1761 511 est
1803 454 1998 509 hodie?
2026 452 2096 507 At
2122 457 2174 517 Α
2196 452 2265 507 lis
2289 453 2412 507 vitae
2446 451 2687 507 extendit
2729 448 3008 507 exercitia.
3050 418 3228 508 Credo
3263 451 3412 507 enim
3455 451 3602 521 quod
3650 452 3798 507 inter

517 560 607 615 ille
632 558 769 614 dixit
793 573 806 609 :
833 554 1083 623 Nunquid
1110 569 1215 608 non
1243 549 1685 605 mamlucavinius
1706 545 1883 608 hodie,
1914 543 2094 607 Pater,

494 649 587 704 ead
632 648 1024 701 monasterium
1068 652 1124 697 et
1170 638 1443 694 bibimus?
1508 637 1654 690 Dixit
1706 650 1869 689 senex
1908 652 1919 687 :
1965 632 2098 687 illud

518 736 847 793 manducare
873 731 1157 787 cbaritatis
1184 728 1317 791 fuit;
1372 742 1469 780 nos
1515 735 1693 778 autem
1720 732 2001 777 teneamus
2017 720 2099 791 je-

517 829 728 900 iunium
761 836 1029 890 nostrum,
1064 823 1161 877 ﬁli.
1195 821 1331 875 Hinc
1364 828 1614 889 patenter
1637 815 1947 872 ostenditur
1971 813 2101 884 quia

521 937 645 979 cum
667 920 996 976 discretione
1019 922 1308 982 utrumque
1343 924 1631 981 possumus
1667 922 1852 978 agere,
1894 913 1949 960 et
1973 919 2101 959 cum

521 1008 1026 1082 supervenientibus
1084 1004 1388 1074 hospitibus
1444 999 1730 1056 cbaritatis
1782 1012 1948 1052 causa
2003 996 2101 1049 ali-

521 1104 737 1175 quando
780 1101 1026 1165 reﬁcere,
1060 1104 1116 1151 et
1147 1093 1339 1166 jejunii
1368 1091 1608 1162 regulam
1640 1105 1748 1145 non
1776 1087 2102 1159 praetermit-

526 1204 662 1249 tere.
693 1192 880 1261 Itaque
906 1195 1127 1245 sanctus
1156 1184 1451 1242 Cassianus
1477 1181 1546 1237 de
1575 1180 1765 1236 eadem
1788 1194 1848 1233 re
1871 1179 2102 1232 interro-

525 1283 671 1354 gavit
691 1280 978 1352 quemdam
1007 1292 1213 1343 senem,
1238 1276 1432 1354 dicens
1452 1291 1465 1328 :
1497 1271 1607 1327 Cur
1629 1271 1709 1326 sic
1732 1268 2103 1324 indifferenter

524 1342 666 1446 apud
689 1342 784 1429 vos
804 1370 1118 1444 quotidiana
1131 1367 1337 1439 jejunia
1354 1342 1453 1435 pr'o
1474 1363 1777 1433 hospitibus
1798 1360 2103 1417 solvuntur?

527 1463 828 1534 Respondit
873 1475 1037 1517 senex
1082 1476 1095 1513 :
1149 1456 1420 1527 Jejunium
1468 1467 1680 1524 semper
1732 1466 1944 1507 mecum
1976 1457 2099 1506 est:

525 1558 637 1613 Vos
665 1564 849 1610 autem
872 1552 1131 1608 continuo
1167 1548 1490 1603 dimissurus
1527 1560 1669 1610 sum,
1706 1550 1762 1596 et
1782 1539 2104 1609 mecumju-

522 1649 663 1721 giter
690 1656 878 1702 tenere
915 1659 1024 1699 non
1050 1647 1271 1713 potero;
1316 1639 1437 1693 ideo
1471 1636 1760 1692 cbaritatis
1784 1632 2018 1690 cilicium
2050 1632 2107 1687 in

523 1739 677 1794 vobis
705 1736 922 1807 impleo,
961 1742 1014 1790 et
1051 1730 1247 1801 adjecit
1293 1729 1514 1785 dicens:
1547 1725 1682 1791 Non
1718 1725 1864 1780 enim
1890 1730 2105 1795 possunt

2199 546 2331 601 istos
2384 554 2603 601 sanctos
2658 544 2854 600 fratres
2904 554 3023 600 erat
3070 543 3310 616 perfecta
3351 544 3623 607 charitas,
3671 548 3797 616 quia

2199 653 2357 693 nemo
2385 653 2453 693 ex
2482 637 2561 693 eis
2587 638 2865 707 quaerebat
2907 652 3026 707 qua:
3054 651 3152 691 sua
3183 643 3328 700 sunt,
3374 635 3468 690 sed
3510 652 3637 705 qua:
3665 635 3799 690 alte-

2199 732 2331 786 rius.
2365 730 2536 784 Tanta
2566 737 2650 786 est
2677 730 2823 785 enim
2851 730 3024 784 virtus
3053 728 3355 794 cbaritatis,
3394 727 3544 783 sicut
3568 726 3801 798 Aposto-

2199 820 2284 875 lus
2326 826 2558 875 testatur
2589 818 2675 889 (II
2704 816 2828 873 Cor.
2874 818 2996 891 xui)
3019 859 3034 885 ,
3080 827 3139 873 ut
3172 834 3272 874 nec
3303 819 3659 888 martyrium,
3704 835 3801 874 nec

2200 910 2381 966 saeculi
2410 917 2768 980 contemptus,
2802 924 2903 965 nec
2935 909 3401 979 eleemosynarum
3433 908 3659 979 largitio
3689 908 3802 963 sine

2200 1004 2321 1074 ipsa
2349 1002 2644 1073 quidquam
2687 1003 2880 1072 prosit.
2911 1000 3175 1068 Quocirca
3221 1000 3267 1054 si
3320 1000 3578 1053 volumus
3611 999 3677 1053 ad
3714 1015 3800 1053 su-

2197 1109 2422 1164 pernam
2447 1093 2677 1163 patriam
2702 1092 2931 1147 feliciter
2956 1090 3258 1160 pervenire.
3278 1090 3617 1145 charitatem
3636 1088 3732 1143 Dei
3752 1099 3800 1144 et

2201 1186 2437 1257 proximi
2461 1185 2772 1239 Studeamus
2796 1183 3067 1238 veraciter
3090 1181 3291 1236 habere
3316 1200 3327 1233 :
3355 1181 3489 1252 quia
3517 1182 3667 1235 sicut
3692 1183 3801 1235 sine

2201 1277 2289 1331 via
2318 1291 2478 1331 nemo
2507 1284 2687 1346 p0test
2707 1274 2992 1345 pervenire
3033 1287 3142 1342 quo
3184 1272 3374 1337 tendit,
3410 1271 3488 1325 ita
3525 1271 3651 1324 sine
3678 1270 3801 1325 cha-

2202 1367 2388 1431 ritate,
2421 1382 2540 1435 quae
2568 1366 2713 1420 dicta
2747 1376 2831 1420 est
2872 1365 2984 1429 via,
3029 1379 3138 1417 non
3168 1361 3453 1417 ambulare
3490 1377 3801 1431 possumus,

2203 1460 2297 1515 sed
2326 1473 2533 1513 errare.
2582 1454 2772 1512 Omnis
2815 1455 3035 1524 insuper
3060 1453 3275 1508 bonitas
3318 1467 3387 1506 ex
3435 1453 3711 1506 charitate
3751 1461 3802 1506 et

2206 1551 2511 1608 humilitate
2560 1548 2825 1620 procedit.
2877 1548 2945 1602 Et
2990 1547 3131 1602 sicut
3180 1545 3320 1615 ignis
3365 1544 3491 1599 sine
3534 1543 3719 1598 calore
3755 1551 3803 1597 et

2209 1641 2497 1710 splendore
2522 1653 2641 1694 esse
2669 1652 2774 1691 non
2802 1643 3002 1707 potest,
3034 1635 3106 1689 ita
3139 1642 3193 1689 et
3218 1633 3463 1687 Charitas
3486 1633 3611 1686 sine
3641 1632 3803 1686 humi-

2206 1730 2358 1784 litate
2383 1737 2434 1783 et
2463 1743 2590 1782 vera
2625 1725 2932 1781 obedientia
2964 1738 3084 1780 esse
3112 1739 3220 1778 non
3258 1730 3463 1792 potest.
3514 1721 3803 1776 Sciendum

526 1828 624 1899 lilii
657 1826 836 1898 sponsi
865 1825 1134 1897 jejunare,
1172 1819 1405 1892 quandiu
1447 1834 1564 1873 cum
1599 1815 1708 1871 illis
1746 1825 1821 1869 εει
1852 1827 2106 1885 εροηειιδε
2134 1825 2182 1884 Β
2210 1830 2294 1877 est
2327 1830 2508 1874 autem
2536 1819 2660 1888 quia
2698 1816 2975 1872 humilitas
3022 1823 3079 1869 et
3122 1813 3430 1869 obedientia
3477 1828 3546 1867 ac
3597 1812 3805 1882 reliqua:

526 1917 658 1974 Cum
712 1925 887 1971 autem
933 1912 1248 1978 discesserit,
1296 1918 1421 1963 tunc
1451 1906 1773 1979 jejunabunt
1797 1903 1995 1977 (Matth
2028 1917 2105 1969 ix,

527 2009 640 2080 15).
687 2009 768 2064 Ita
797 2016 854 2064 et
880 2023 980 2063 nos
1029 2006 1186 2062 vobis
1229 2002 1469 2059 dimissis
1507 2000 1657 2057 licite
1700 1997 1892 2072 jejunii
1936 1996 2111 2055 nostri

527 2101 772 2170 regulam
805 2099 1238 2158 observabimus.

1066 2188 1339 2248 CAPUT
1399 2186 1539 2246 LVI

1115 2283 1196 2338 De
1231 2282 1509 2337 charitate.

599 2375 850 2432 Charitas
874 2381 958 2429 est
980 2371 1198 2428 dilectio
1226 2371 1323 2426 Dei
1361 2379 1416 2425 et
1443 2368 1674 2439 proximi
1712 2368 1768 2423 in
1809 2373 1924 2423 toto
1951 2364 2116 2421 corde

525 2471 583 2519 et
610 2464 663 2518 in
691 2471 805 2517 tota
832 2468 1032 2516 mente.
1057 2459 1206 2515 Inter
1234 2466 1458 2514 caeteras
1485 2458 1682 2527 quippe
1719 2457 1947 2511 virtutes
1981 2456 2113 2511 cha-

527 2552 663 2609 ritas
690 2551 899 2606 obtinet
926 2549 1292 2621 principatum
1319 2565 1331 2601 :
1364 2547 1479 2601 sine
1512 2548 1626 2617 ipsa
1653 2545 1871 2616 quidem
1901 2545 1970 2599 ad
1994 2559 2116 2615 per-

526 2640 777 2697 fectionis
801 2639 1016 2695 culmen
1041 2652 1204 2694 nemo
1225 2638 1589 2694 conscendere
1609 2636 1770 2691 valet.
1798 2635 1949 2691 Tunc
1972 2636 2115 2692 enim

528 2734 691 2789 homo
731 2729 1002 2802 perfectus
1050 2739 1153 2796 est,
1200 2730 1416 2800 quando
1464 2729 1730 2785 cbaritate
1771 2728 1963 2798 plenus
2009 2736 2114 2795 est,

531 2838 694 2893 quam
724 2837 824 2877 nos
850 2822 1053 2878 habere
1072 2820 1363 2893 Apostolus
1390 2806 1652 2892 praecipit,
1683 2820 1871 2876 dicens
1899 2838 1912 2874 :
1944 2819 2118 2890 Super

528 2913 708 2969 omnia
746 2923 921 2968 autem
964 2912 1274 2967 charitatem
1314 2906 1689 2983 habete,'quod
1731 2919 1808 2966 est
1849 2910 2118 2965 vinculum

529 3002 862 3077 perfectionis
915 3000 1052 3075 (Col.
1106 3019 1193 3070 ιιι,
1239 3000 1348 3074 id).
1398 3003 1468 3058 Et
1508 3004 1753 3058 iterum:
1796 3002 2119 3057 Charitatem

532 3094 880 3167 fraternitatis
920 3096 1139 3149 invicem
1170 3094 1442 3165 diligentes
1470 3092 1648 3164 (Rom.
1697 3109 1796 3158 xit,
1828 3094 1938 3165 10).
1978 3093 2119 3148 Hinc

2211 1912 2443 1967 virtutes
2492 1923 2615 1964 cum
2662 1920 2888 1977 corpore
2934 1906 3239 1974 incipiunt,
3286 1915 3343 1958 et
3397 1917 3531 1957 cum
3591 1916 3806 1972 corpus

2212 2001 2508 2065 deﬁciunt,
2562 2007 2618 2055 et
2662 2007 2841 2053 tamen
2890 2010 3102 2051 merces
3156 2008 3346 2048 earum
3400 1999 3705 2062 permanet
3760 1991 3805 2044 in

2212 2102 2506 2157 auternum;
2538 2090 2781 2146 charitas
2805 2104 2937 2145 vero
2964 2089 3018 2142 in
3060 2085 3317 2158 praesenti
3355 2084 3557 2154 incipit
3597 2080 3805 2144 seculo.

2212 2183 2350 2255 etin
2373 2180 2556 2236 futuro
2587 2186 2871 2250 permanet
2892 2192 3015 2233 cum
3043 2177 3173 2231 Deo.

2793 2271 3017 2328 CAPUT
3056 2268 3209 2325 LVII.

2793 2362 2873 2416 De
2897 2359 3214 2415 humilitate.

2284 2457 2367 2512 Ad
2398 2455 2673 2527 fastigium
2702 2469 2830 2525 ergo
2859 2468 3003 2510 verte
3033 2451 3357 2507 humilitatis
3382 2467 3488 2507 suo
3517 2466 3622 2505 nos
3642 2448 3804 2504 Domi-

2216 2564 2319 2604 nus
2354 2548 2601 2617 exemplo
2636 2560 2934 2618 provocare
2978 2545 3231 2616 dignatus
3274 2553 3382 2608 est,
3427 2543 3627 2597 dicens
3663 2559 3681 2595 ι
3725 2539 3809 2593 Di-

2215 2643 2341 2697 scite
2360 2658 2393 2694 a
2424 2657 2505 2694 me
2533 2642 2659 2711 quia
2686 2640 2828 2693 mitis
2858 2655 2994 2703 sum,
3037 2647 3085 2691 et
3114 2635 3327 2691 humilis
3358 2636 3555 2701 corde;
3602 2645 3651 2689 et
3682 2634 3809 2687 inre-

2217 2731 2369 2786 nietis
2407 2730 2633 2800 requiem
2660 2729 2937 2784 animabus
2969 2729 3148 2783 vestris
3175 2728 3395 2798 (Matth.
3423 2744 3508 2791 xi,
3537 2727 3659 2798 29).
3688 2725 3809 2779 Hinc

2218 2822 2416 2878 Petrus
2444 2822 2723 2893 apostolus
2754 2823 2832 2876 ait
2858 2837 2873 2875 :
2908 2820 3280 2875 Humiliamini
3305 2819 3402 2873 sub
3425 2820 3638 2890 potenti
3665 2835 3809 2872 nam

2213 2916 2314 2971 Dei
2341 2925 2391 2970 et
2415 2914 2667 2969 exaltabit
2712 2931 2796 2969 vos
2838 2912 2892 2986 (Ι
2921 2912 3067 2967 Petr.
3104 2904 3161 2978 ν,
3192 2911 3269 2984 6).
3312 2911 3449 2966 Hinc
3478 2912 3633 2966 enim
3664 2911 3811 2963 datur

2218 3008 2466 3078 intelligi,
2497 3008 2625 3078 quia
2654 3018 2857 3076 quanto
2894 3006 3121 3076 quisque
3161 3019 3222 3059 se
3252 3019 3355 3074 pro
3396 3002 3611 3057 Christi
3640 3015 3811 3056 amore

2220 3101 2447 3156 inclinat
2475 3101 2543 3156 ad
2574 3101 2704 3165 ima,
2738 3108 2890 3154 tanto
2916 3098 3134 3169 proﬁcit
3162 3097 3217 3151 in
3249 3096 3498 3160 excelso;
3532 3103 3587 3150 et
3618 3104 3811 3167 quanto

529 3186 726 3242 Petrus
760 3186 1036 3258 apostolus
1062 3186 1141 3241 ait
1178 3202 1193 3239 ε
1229 3186 1364 3240 Ante
1391 3184 1569 3239 omnia
1598 3192 1774 3239 autem
1807 3184 2117 3238 charitatem
2145 3181 2191 3245 C
2222 3192 2489 3261 superbus
2538 3190 2825 3260 gloriosior
2872 3197 3100 3259 apparet
3149 3188 3294 3242 inter
3344 3187 3623 3251 homines,
3677 3195 3812 3240 unto

532 3279 589 3333 in
629 3278 1005 3350 nobismetipsis
1050 3278 1351 3333 continuam
1395 3277 1668 3344 habentes,
1713 3278 1840 3349 quia
1885 3278 2118 3332 charitas

532 3370 699 3441 operit
732 3368 1122 3425 multitudinem
1151 3378 1485 3441 peccatorum
1518 3367 1569 3440 (Ι
1593 3367 1740 3422 Petr.
1780 3383 1853 3434 tv,
1876 3365 1952 3439 8).
1981 3366 2118 3422 Hinc

531 3457 773 3516 Joannes
800 3460 1076 3531 apostolus
1099 3461 1176 3516 ait
1203 3478 1218 3514 :
1252 3460 1393 3515 Deus
1427 3460 1657 3514 charitas
1685 3468 1783 3525 est,
1803 3468 1852 3513 et
1891 3460 1982 3530 qui
2008 3474 2120 3514 ma-

528 3562 617 3611 net
642 3552 698 3607 in
721 3552 978 3608 charitate
1001 3554 1057 3607 in
1093 3552 1202 3609 Deo
1228 3561 1424 3620 manet,
1453 3560 1501 3606 et
1524 3551 1666 3606 Deus
1688 3552 1742 3606 in
1769 3568 1829 3606 eo
1866 3550 1920 3621 (Ι
1953 3549 2115 3606 Joan.

532 3659 609 3712 tv,
640 3645 717 3716 8).
744 3642 1110 3712 Quamobrem
1155 3643 1388 3699 tenenda
1412 3651 1498 3700 est
1526 3644 1594 3699 ab
1622 3643 1874 3698 omnibus
1914 3640 2120 3696 sanctis

537 3741 671 3797 viris
692 3741 873 3798 unitas
895 3740 1202 3809 cbaritatis,
1229 3747 1287 3795 et
1310 3740 1581 3810 prmcipue
1610 3753 1641 3792 a
1668 3736 1957 3802 solitariis;
1992 3735 2120 3806 quia

536 3841 739 3904 quanto
766 3820 838 3888 se
864 3834 1192 3888 subtrahunt
1228 3833 1450 3897 mundo,
1484 3838 1634 3886 tanto
1671 3844 1895 3885 necesse
1937 3834 2022 3882 est
2060 3833 2121 3885 ut

537 3924 775 3980 habeant
801 3922 1142 3979 dilectionem
1170 3924 1226 3978 in
1256 3923 1368 3977 Deo
1414 3929 1471 3977 et
1510 3920 1792 3991 proximo;
1838 3928 1966 3973 tunc
2007 3931 2122 3972 ser-

464 4002 472 4009 ’
534 4021 668 4069 vant
689 4013 743 4068 in
771 4027 831 4069 se
867 4013 1213 4069 dilectionem
1257 4012 1374 4078 Dei,
1403 4012 1618 4081 quando
1647 4026 1679 4064 a
1708 4010 1978 4065 charitate
2012 4022 2121 4063 non

536 4104 850 4161 dividuntur
884 4104 1139 4175 proximi.
1170 4103 1327 4160 Unde
1355 4104 1470 4173 ipsa
1509 4102 1721 4157 Veritas
1759 4101 1836 4155 ait
1868 4118 1881 4152 :
1916 4099 1984 4153 In
2022 4100 2121 4152 hoc

536 4203 847 4267 cognoscent
872 4211 1050 4250 omnes
1074 4196 1200 4267 quia
1234 4195 1335 4248 mei
1366 4193 1486 4247 estis
1517 4189 1783 4262 discipuli,
1809 4190 1855 4244 si
1879 4188 2120 4242 diiec.‘io-

539 4302 657 4342 nem
681 4282 969 4341 habueritis
995 4284 1063 4339 ad
1098 4284 1314 4339 invicem
1344 4282 1525 4354 (Joan.
1553 4296 1673 4344 xui,
1704 4279 1816 4350 35).
1856 4278 2122 4346 Quantam

538 4378 685 4435 enim
724 4377 1046 4434 charitatem
1086 4377 1263 4435 sancti
1292 4375 1483 4431 Patres
1525 4375 1696 4429 nostri
1744 4373 2018 4427 habebant
2053 4372 2123 4426 ad

538 4470 798 4536 invicem,
850 4468 908 4525 in
954 4468 1209 4541 praesenti
1258 4468 1505 4538 exemplo
1554 4466 1935 4522 manifestatur
1980 4463 2124 4534 quod

2221 3284 2487 3355 drjectior
2513 3282 2619 3338 erit
2647 3290 2774 3337 ante
2810 3281 3000 3336 Deum.
3052 3280 3209 3335 Unde
3239 3279 3383 3333 idem
3412 3278 3681 3332 Dominus
3704 3279 3812 3332 ait:

2220 3375 2403 3431 Omnis
2428 3374 2519 3446 qui
2553 3390 2606 3429 se
2635 3372 2833 3428 exultat
2864 3370 3247 3437 humiliabitur,
3293 3380 3341 3425 et
3378 3372 3469 3441 qui
3491 3368 3815 3424 “exsiliat

2217 3469 2540 3526 multabitur
2569 3467 2925 3540 (LW.‘XVIII,
2976 3467 3088 3536 14).
3137 3464 3275 3520 Nam
3324 3479 3449 3519 cum
3497 3463 3609 3518 haec
3658 3461 3814 3527 dicit,

2217 3562 2455 3620 ostendit
2503 3561 2661 3616 nobis
2685 3574 2901 3616 omnem
2932 3557 3317 3613 exaltationem
3349 3572 3527 3628 genus
3557 3570 3683 3611 esse
3729 3571 3812 3610 su-

2218 3655 2439 3727 perbiai.
2473 3654 2619 3709 Deus
2649 3652 2795 3708 enim
2822 3652 3043 3707 humilis
3074 3651 3250 3706 factus
3281 3661 3365 3706 est
3400 3658 3606 3705 nostrae
3634 3650 3813 3705 salutis

2221 3763 2384 3802 causa
2414 3764 2427 3799 :
2459 3746 2747 3800 erubescat
2780 3744 2944 3798 homo
2985 3745 3252 3813 superbus
3296 3756 3437 3805 esse,
3472 3742 3635 3811 quia,
3668 3751 3727 3794 ut
3754 3738 3813 3793 ait

2222 3837 2498 3901 Salomon,
2531 3837 2619 3891 ubi
2654 3836 2813 3906 fuerit
2857 3835 3122 3907 superbia,
3159 3835 3232 3889 ibi
3254 3834 3351 3889 erit
3390 3843 3438 3887 et
3464 3834 3813 3893 contumeﬁie;

2222 3930 2311 3984 ubi
2362 3938 2537 3983 autem
2590 3926 2881 3993 humilitas,
2922 3928 2994 3981 ibi
3048 3936 3096 3981 et
3131 3925 3387 3996 sapientia
3416 3921 3609 3994 (Prov.
3644 3939 3726 3987 ιι,
3748 3921 3811 3991 2).

2224 4019 2310 4081 Et,
2343 4018 2518 4087 Super
2543 4032 2665 4071 cum
2697 4017 3003 4085 requiescet
3028 4015 3264 4085 Spiritus
3290 4023 3537 4068 sanctus.
3572 4012 3731 4067 Unde
3753 4012 3814 4064 ait

2225 4109 2489 4163 Dominus
2509 4123 2607 4178 per
2628 4110 2947 4179 prophetam
2975 4124 2988 4160 :
3016 4105 3188 4175 Super
3206 4120 3359 4176 quem
3382 4104 3683 4173 requiescet
3714 4100 3815 4171 Spi-

2225 4208 2357 4253 ritus
2386 4215 2552 4262 naeus,
2576 4199 2677 4252 nisi
2699 4214 2856 4268 super
2880 4195 3150 4260 humilem,
3175 4204 3222 4248 et
3244 4193 3501 4260 quietum,
3534 4202 3587 4245 et
3609 4200 3816 4246 tremen-

2225 4300 2327 4343 tem
2352 4290 2504 4343 verba
2529 4305 2644 4343 mea
2673 4288 2810 4359 (lsa.
2842 4303 2987 4353 Lm,
3018 4287 3112 4358 2)?
3141 4278 3486 4354 Quapropter
3515 4283 3815 4352 quicum

2226 4382 2445 4437 humilis
2466 4391 2519 4435 et
2539 4382 2754 4451 quietus
2783 4395 2893 4435 non
2922 4380 3049 4444 erit,
3081 4393 3186 4433 non
3209 4384 3388 4449 potest
3408 4376 3463 4429 in
3482 4390 3560 4430 eo
3584 4376 3815 4430 habitare

2231 4478 2401 4548 gratia
2433 4476 2673 4546 Spiritus
2700 4474 2894 4531 sancti.
2926 4472 3005 4529 llli
3034 4478 3213 4525 autem
3246 4469 3569 4540 panduntur
3595 4474 3815 4527 secreta,

539 4534 827 4616 subditur:
855 4534 1103 4625 Quodam
1135 4567 1380 4629 tempore
1409 4534 1558 4613 ὖθιιὶε
1604 4556 1822 4626 quidam
1860 4554 2027 4608 frater
2061 4554 2127 4609 ad
2152 4534 2204 4593 Β
2231 4534 2287 4623 ξι
2312 4568 2457 4638 quod
2475 4534 2610 4621 latet
2639 4566 2693 4619 in
2719 4565 2918 4619 divinis
2943 4534 3307 4625 sermonibus,
3338 4559 3432 4629 qui
3459 4558 3819 4613 humilitate.

539 4657 789 4708 sanctum
834 4648 1152 4716 Macarium,
1200 4657 1256 4706 et
1295 4648 1493 4705 obtulit
1538 4649 1586 4704 ei
1628 4662 1792 4702 causa
1842 4644 2127 4699 cbaritatis

541 4756 705 4798 uvam
733 4755 920 4795 unam.
951 4739 1046 4795 llle
1077 4748 1258 4795 autem
1285 4740 1488 4810 gratias
1524 4739 1635 4809 egit
1660 4738 1770 4791 Deo
1812 4752 1912 4806 pro
1941 4734 2128 4789 fratris

543 4828 749 4897 cilicio;
794 4828 979 4884 statim
1026 4829 1095 4885 ad
1144 4828 1309 4883 alium
1349 4828 1598 4892 fratrem,
1641 4828 1732 4896 qui
1778 4826 1827 4880 ei
1862 4829 2128 4881 inﬁrmior

544 4922 848 4987 videbatur,
897 4919 1196 4976 secundum
1243 4920 1569 4974 charitatem
1598 4920 1790 4975 detulit
1831 4934 1980 4982 eam;
2031 4918 2127 4973 sed

542 5021 601 5070 et
646 5014 762 5086 ipse
809 5012 1157 5068 nihilominus
1190 5011 1310 5082 plus
1367 5011 1433 5066 dc
1467 5011 1714 5080 proximo
1751 5026 1913 5080 quam
1945 5011 2011 5063 de
2046 5026 2132 5067 se-

545 5109 777 5181 metipso
803 5106 1067 5176 cogitans,
1101 5107 1171 5160 ad
1200 5105 1365 5159 alium
1396 5103 1616 5159 fratrem
1658 5104 1849 5160 detulit
1886 5104 2129 5159 eamdem

545 5212 706 5252 uvam
734 5217 746 5251 :
776 5205 833 5253 et
860 5197 951 5251 ille
986 5198 1178 5252 iterum
1206 5195 1276 5251 ad
1309 5195 1473 5249 alium
1504 5196 1695 5251 detulit
1734 5212 1887 5259 eam;
1932 5203 1988 5249 et
2019 5209 2134 5248 rur-

438 5317 443 5323 ο
545 5300 640 5341 sus
685 5287 773 5341 ille
817 5286 884 5341 ad
913 5286 1107 5353 alium;
1152 5296 1208 5342 et
1250 5287 1331 5341 sic
1377 5301 1474 5355 per
1501 5303 1689 5341 omnes
1726 5286 1969 5350 cellulas,
2011 5300 2133 5355 qua:

547 5378 710 5451 longe
733 5379 942 5450 lateque
972 5396 1070 5452 per
1092 5396 1335 5436 crcmum
1372 5388 1527 5435 erant
1573 5381 1852 5449 dispersae,
1886 5384 2001 5451 ipsa
2028 5394 2133 5435 uva

545 5469 967 5541 circumportata
1007 5482 1112 5538 est,
1161 5472 1539 5544 ignorantibus
1573 5471 1821 5525 omnibus
1854 5472 1976 5542 quis
2010 5486 2131 5527 eam

547 5561 757 5631 primus
787 5563 1043 5618 misisset.
1076 5562 1367 5619 Gratularis
1395 5576 1573 5618 autem
1615 5572 1833 5618 sanctus
1866 5563 2130 5623 Macarius

546 5651 695 5720 quod
726 5660 929 5707 tantam
952 5654 1162 5711 videret
1190 5657 1243 5710 in
1272 5656 1528 5712 fratribus
1553 5656 1873 5710 charitatem
1901 5667 2132 5713 tantam-

539 5754 657 5816 ⁸ιιιιι)
685 5741 1089 5813 continentiam,
1121 5748 1186 5803 ad
1216 5747 1475 5820 ampliora
1505 5746 1854 5818 semetipsum
1884 5749 2135 5821 spiritua-

2235 4669 2383 4715 tcnet
2403 4661 2457 4714 in
2481 4657 2741 4713 moribus.
2775 4656 3001 4725 Semper
3027 4661 3209 4708 autem
3253 4650 3598 4707 conscientia
3646 4648 3821 4705 solita.

2232 4752 2437 4806 riorum
2483 4748 2704 4803 humilis
2752 4747 2914 4801 debet
2939 4759 3064 4801 esse
3092 4753 3147 4798 et
3173 4742 3366 4806 tristis,
3394 4740 3616 4796 scilicet
3652 4750 3720 4794 ut
3739 4751 3821 4808 per

2232 4840 2593 4897 humilitatem
2621 4853 2732 4893 non
2756 4836 3056 4907 superbiat,
3082 4844 3139 4891 et
3162 4849 3262 4904 per
3300 4831 3493 4888 utilem
3536 4842 3820 4886 maror:-

2233 4951 2329 4991 cor
2370 4934 2437 4989 ad
2484 4933 2760 4988 lasciviam
2804 4946 2912 4985 non
2964 4928 3245 4985 dissolvat.
3302 4925 3408 4981 Per
3460 4925 3823 4980 humilitate-

2230 5027 2396 5082 etiam
2449 5025 2675 5094 spiritus
2723 5018 3136 5076 immundi'Dei
3192 5018 3370 5074 servis
3439 5016 3821 5085 subjiciuntur.

2232 5116 2390 5172 Unde
2440 5115 2494 5169 in
2542 5112 2934 5169 Collationihus
2976 5111 3197 5166 Patrum
3242 5111 3318 5164 ita
3356 5108 3607 5179 legitur:
3645 5107 3817 5162 Homo

2230 5205 2380 5276 quia
2402 5201 2670 5258 damiouio
2708 5203 3023 5267 vexabatur,
3072 5209 3128 5257 et
3154 5198 3372 5256 fortiter
3413 5200 3739 5270 spumabat,
3761 5196 3829 5249 vi-

2231 5297 2311 5352 dit
2340 5295 2625 5365 quemdam
2656 5308 2841 5349 senem
2885 5292 3214 5357 solitarium,
3260 5300 3317 5348 et
3346 5290 3572 5347 elevans
3613 5301 3827 5346 manu

2234 5387 2507 5459 percussit
2530 5402 2656 5442 eum
2680 5387 2734 5441 in
2762 5385 3008 5452 maxilla;
3041 5398 3207 5440 senex
3231 5398 3363 5439 vero
3391 5383 3703 5439 secundum
3734 5378 3829 5434 Do-

2234 5479 2369 5535 mini
2391 5487 2719 5551 praeceptum
2748 5477 3017 5533 convertit
3053 5476 3105 5532 ei
3131 5476 3381 5531 alteram.
3423 5474 3629 5531 Statim
3651 5479 3829 5526 autem

2234 5573 2445 5628 daemon
2469 5588 2578 5627 non
2606 5570 2789 5627 ferens
2832 5569 3141 5626 incendium
3170 5568 3492 5624 humilitatis
3520 5566 3693 5631 illius,
3726 5563 3829 5618 ela-

2234 5679 2392 5720 mans
2418 5672 2473 5718 et
2496 5662 2707 5731 cjulaus
2741 5663 2989 5718 discessit
3015 5662 3084 5718 ah
3129 5676 3213 5716 eo.
3244 5660 3366 5715 Alio
3404 5658 3645 5728 denique
3690 5665 3827 5712 temo

2234 5769 2367 5827 pore
2401 5754 2673 5814 transiens
2719 5753 2890 5811 abbas
2928 5751 3198 5811 Macarius
3244 5764 3341 5823 per
3386 5762 3654 5813 smmum.
3706 5759 3831 5802 ecce
