4044 6338
233 309 333 383 649

854 291 1085 384 conux
1125 312 1583 388 ascensum.
1619 359 1692 374 —
1725 329 1910 389 rans
1943 331 2008 390 ιι.
2050 327 2356 393 nucum
2397 334 2503 393 pp.
2544 333 2827 396 omnm.

3362 347 3466 410 650

229 439 456 505 occurrit
473 439 525 498 ei
552 438 797 521 diabolus
834 441 889 498 in
913 443 1008 500 via
1035 460 1158 502 cum
1203 445 1341 504 falce
1371 447 1652 506 messoria.
1685 445 1793 504 Vo-
1816 449 1870 510 A
1891 423 2065 506 valde.
2109 450 2312 506 Videns
2354 459 2532 507 autem
2564 468 2687 509 eum
2725 454 2893 512 abbas
2941 457 3175 529 tristem,
3205 463 3342 522 dixit
3379 469 3472 528 ei:

228 533 321 590 luit
343 540 523 589 autem
553 531 703 589 illum
729 541 1016 604 percutere
1055 537 1122 593 de
1163 536 1299 595 falce
1342 539 1453 607 illa,
1481 547 1536 597 et
1569 557 1677 598 non
1698 557 1796 614 po—

229 626 340 682 tuit.
369 624 436 680 Et
464 623 607 679 dixit
650 625 856 681 daemon
889 643 903 680 :
933 626 1154 684 Multam
1202 631 1512 689 violentiam
1557 635 1736 706 patior
1761 651 1794 692 a

231 725 296 784 te,
322 732 354 772 o
381 714 605 783 Macari,
639 718 763 788 quia
794 733 900 774 non
939 734 1158 790 possum
1193 725 1487 794 praevalere
1510 728 1794 784 adversum

227 819 294 866 te.
331 809 469 865 Ecce
507 810 651 866 enim
695 811 955 884 quidquid
988 822 1044 869 tu
1085 815 1242 884 facis,
1275 827 1331 874 et
1364 836 1464 893 ego
1507 821 1664 878 facio.
1713 825 1794 880 Tu

219 902 445 974 jejunas,
475 919 576 978 ego
619 907 756 962 nihil
803 908 1057 976 comedo;
1105 919 1163 966 tu
1192 913 1404 984 vigilas,
1447 930 1547 986 ego
1575 918 1796 974 omnino

223 1012 322 1050 non
349 997 578 1055 dormio.
625 998 804 1057 Unum
847 1011 934 1059 est
959 1011 1138 1060 autem
1159 1006 1331 1062 solum
1368 1009 1421 1064 in
1449 1025 1557 1080 quo
1593 1027 1680 1068 me
1705 1029 1796 1068 su-

221 1100 393 1158 peras.
425 1087 493 1142 Et
535 1090 670 1146 dixit
714 1092 764 1147 ei
804 1093 972 1150 abbas
1002 1094 1271 1153 Macarius
1299 1117 1312 1152 :
1345 1097 1483 1166 Quid
1514 1109 1595 1156 est
1623 1101 1796 1159 illud?

125 1179 132 1184 '
219 1185 270 1231 et
296 1180 573 1249 respondit
599 1180 876 1240 diabolus:
901 1185 1189 1244 IIumilitas
1220 1199 1310 1245 tua
1334 1206 1421 1247 me
1447 1191 1637 1258 vincit,
1668 1210 1794 1264 pro-

218 1275 330 1340 pter
357 1285 524 1340 quam
547 1288 656 1328 non
681 1275 948 1346 praevaleo
987 1280 1274 1337 adversum
1309 1289 1380 1338 te.
1415 1283 1460 1341 Ο
1484 1294 1683 1356 quanta
1711 1296 1796 1344 est

215 1359 383 1418 virtus
413 1363 752 1432 humilitatis,
791 1383 910 1439 qua:
949 1386 1058 1427 non
1109 1374 1284 1430 solum
1324 1377 1570 1435 homines
1599 1380 1789 1449 salvat,

217 1455 300 1510 sed
323 1455 493 1512 etiam
517 1459 787 1518 daemones
809 1467 1056 1534 superat!
1083 1465 1294 1533 Quanta
1315 1477 1496 1526 autem
1522 1472 1592 1528 sit
1621 1474 1793 1531 virtus

213 1543 532 1605 humilitatis
554 1550 752 1608 iterum
779 1554 972 1611 beatus
996 1555 1261 1615 Antonius
1281 1561 1534 1627 ostendit,
1563 1563 1746 1621 dicens
1774 1583 1788 1620 :

215 1636 325 1694 Vidi
351 1654 550 1699 omnes
588 1641 812 1716 laqueos
842 1646 1059 1706 Satanae
1107 1659 1291 1709 tensos
1328 1654 1380 1710 in
1417 1664 1580 1723 terra,
1617 1667 1671 1713 et
1705 1659 1792 1714 in-

213 1731 513 1801 gemiscens
538 1734 648 1790 dixi
676 1755 690 1791 :
722 1736 853 1804 Quis
883 1747 1044 1810 putas
1070 1745 1300 1800 transiet
1327 1745 1496 1802 istos?
1527 1756 1582 1802 et
1609 1750 1790 1807 audivi

1895 540 2035 608 Quid
2062 542 2230 600 habes
2253 544 2396 614 quod
2420 545 2596 602 tristis
2633 548 2730 603 es?
2771 547 2840 604 Et
2866 553 3109 609 narravit
3134 556 3185 612 ei
3207 559 3334 628 quia
3364 568 3478 618 tres

1895 632 2036 688 filios
2056 633 2281 691 haberet
2302 635 2356 690 in
2384 636 2626 704 civitate,
2657 645 2712 694 et
2735 640 2859 711 quia
2892 641 3053 700 vellet
3079 660 3173 702 eos
3194 648 3263 703 ad
3286 665 3478 706 mona-

1896 723 2118 780 sterium
2146 726 2435 782 adducere.
2475 727 2739 800 Praecepit
2765 742 2943 789 autem
2983 738 3035 792 ei
3068 739 3234 796 abbas
3278 752 3338 797 ut
3381 742 3482 799 ad-
3527 771 3531 774 η

1896 816 2115 874 duceret
2141 834 2254 875 eos.
2283 818 2384 888 Qui
2406 837 2528 876 cum
2557 825 2884 893 perrexisset
2915 828 2969 882 in
2995 829 3291 901 civitatem,
3320 833 3476 892 inve-

1895 912 1977 966 nit
1998 912 2134 968 duos
2158 928 2225 969 ex
2250 913 2335 969 his
2359 913 2470 983 jam
2503 915 2670 972 fuisse
2699 916 3000 988 defunctos,
3040 938 3206 980 unum
3236 941 3365 984 vero
3393 944 3482 985 so-

1894 1000 2168 1059 lummodo
2227 1006 2572 1062 remansisse.
2641 1007 2813 1076 Quem
2886 1027 3167 1070 assumens
3218 1018 3368 1074 venit
3411 1019 3483 1075 ad

1895 1097 2302 1153 monasterium.
2332 1098 2463 1154 Erat
2497 1108 2676 1156 autem
2707 1101 2872 1159 abbas
2916 1107 2986 1160 ad
3026 1107 3334 1178 pistrinum.
3385 1109 3482 1167 Ille

1895 1205 2024 1246 vero
2052 1191 2440 1248 tollenstilium
2477 1210 2633 1250 suum
2675 1213 2838 1268 quem
2886 1199 3204 1270 adduxerat,
3236 1205 3372 1260 abiit
3411 1205 3482 1260 ad

1896 1281 2147 1339 abbatem
2169 1285 2224 1340 in
2249 1286 2569 1357 pistrinum;
2598 1297 2653 1345 et
2673 1291 2862 1348 videns
2899 1307 3023 1349 eum
3051 1296 3218 1353 abbas
3253 1299 3481 1356 venien-

1898 1381 2004 1428 tem
2031 1375 2306 1446 salutavit,
2337 1387 2392 1434 et
2435 1389 2624 1438 tenens
2663 1382 2944 1452 infantem,
2971 1401 3132 1456 quem
3159 1389 3480 1459 adduxerat,

1893 1464 2232 1537 amplexatus
2257 1478 2340 1526 est
2367 1487 2493 1527 eum
2536 1483 2591 1528 et
2625 1475 2988 1532 osculabatur.
3033 1479 3108 1534 Et
3153 1480 3290 1536 dixit
3337 1486 3485 1552 patri

1893 1553 2008 1624 ejus
2036 1575 2049 1610 :
2081 1557 2248 1615 Amas
2275 1563 2438 1616 eum?
2461 1562 2530 1617 Et
2569 1563 2658 1620 ille
2687 1567 2962 1636 respondit
2993 1584 3008 1622 :
3036 1568 3234 1626 Etiam.
3268 1573 3336 1628 Et
3359 1589 3484 1629 rur-

1893 1663 1987 1702 sus
2014 1648 2151 1704 dixit
2177 1652 2226 1706 ei
2273 1670 2287 1707 :
2335 1653 2567 1710 Omnino
2612 1656 2788 1728 diligis
2835 1661 2996 1715 eum?
3038 1661 3106 1716 Et
3163 1666 3486 1736 respondit:

1895 1740 2092 1798 Etiam.
2123 1743 2250 1801 Haec
2278 1748 2502 1804 audiens
2531 1749 2720 1817 abbas,
2748 1751 2885 1806 dixit
2920 1753 2972 1808 ei
3007 1772 3020 1808 :
3055 1753 3204 1812 Tolle
3248 1772 3400 1829 ergo,
3435 1759 3486 1815 si

209 1836 392 1880 vocem
431 1825 702 1884 dicentem
727 1830 861 1886 mihi
892 1849 906 1888 :
933 1832 1239 1894 Humilitas.
1268 1837 1532 1907 Quocirca
1559 1843 1786 1902 incline-

1898 1848 2050 1890 amas
2069 1850 2216 1904 eum,
2243 1845 2299 1893 et
2321 1839 2478 1895 mitte
2505 1839 2562 1895 in
2589 1839 2808 1897 furnum
2852 1843 2931 1900 sic
2960 1845 3121 1900 modo
3146 1846 3277 1903 dum
3305 1810 3483 1905 ardet.

208 1928 320 1970 mus
364 1917 638 1974 cervicem
677 1922 857 1979 cordis
901 1925 957 1980 in
995 1942 1124 1983 vera
1168 1930 1490 2001 humilitate,
1522 1943 1584 1991 ut
1607 1952 1795 1997 omnes

208 2005 431 2077 laqueos
453 2010 673 2070 Satanae.
698 2017 970 2086 possimus
1009 2019 1160 2078 illaesi
1185 2026 1441 2083 transire.
1475 2028 1624 2088 Tunc
1648 2034 1792 2088 enim

207 2115 388 2158 veram
425 2104 783 2165 humilitatem
828 2111 1173 2183 habebimus,
1218 2119 1264 2175 si
1292 2122 1508 2192 quando
1537 2139 1794 2194 peccave-

206 2192 270 2246 rit
291 2194 348 2249 in
391 2211 497 2252 nos
525 2196 694 2256 frater
721 2210 926 2272 noster,
953 2214 1242 2280 antequam
1282 2211 1373 2268 ille
1400 2192 1678 2284 pteniteat,
1710 2218 1794 2274 in-

204 2282 534 2344 dulserimus
559 2291 628 2346 ei.
657 2291 724 2347 Et
749 2301 880 2351 tunc
903 2312 1087 2366 veram
1117 2282 1478 2360 humilitatem
1505 2308 1788 2378 habemus,

204 2376 424 2442 quando
449 2393 547 2435 nec
572 2379 683 2438 laesi
715 2383 1019 2455 irascimur,
1052 2405 1154 2447 nec
1190 2393 1326 2450 alios
1370 2395 1528 2453 irasci
1560 2376 1789 2470 permit?

204 2465 390 2534 timus;
442 2471 535 2526 sed
581 2473 761 2543 potius
784 2491 884 2548 pro
913 2479 1046 2550 ipsis
1081 2497 1145 2538 ex
1176 2486 1338 2542 corde
1367 2465 1606 2546 oramus.
1646 2489 1792 2549 Prte-

203 2565 341 2616 terea
372 2577 601 2635 quoque
626 2567 673 2622 si
702 2569 789 2624 cui
815 2570 882 2627 de
910 2571 1213 2633 humilitate
1243 2577 1404 2636 altius
1427 2579 1644 2637 libuerit
1665 2599 1791 2655 per-

203 2654 470 2721 scrutari,
515 2657 583 2712 ad
631 2657 893 2732 Regulam
953 2667 1127 2723 sancti
1191 2668 1467 2728 Benedicti
1511 2654 1786 2744 recurrat,

204 2743 373 2816 ibique
408 2747 699 2809 duodecim
723 2755 1048 2817 humilitatis
1093 2763 1292 2834 gradus
1330 2767 1462 2823 satis
1487 2766 1791 2827 luculenter

202 2842 474 2910 expositos
503 2843 761 2905 inveniet.

705 2981 979 3045 CAPUT
1039 2987 1278 3048 LVIII.

776 3098 856 3155 De
898 3101 1210 3160 obedientia.

262 3201 586 3264 Obedientia
619 3208 802 3282 itaque
828 3212 1027 3270 dicitur
1063 3217 1512 3289 obtemperantis,
1547 3235 1612 3278 eo
1642 3219 1788 3293 quod

199 3293 472 3385 humiliter
515 3301 641 3371 quis
693 3303 913 3360 obediat
956 3307 1042 3363 vel
1093 3309 1432 3382 obtemperet
1477 3313 1786 3385 imperanti.

198 3383 357 3445 Recte
384 3391 535 3446 enim
578 3393 668 3450 ille
704 3397 962 3454 obediens
985 3409 1232 3470 vocatur,
1265 3404 1357 3474 qui
1401 3420 1500 3476 per
1532 3383 1789 3466 obedien-

196 3476 278 3533 tia:
304 3480 670 3544 humilitatem
699 3490 812 3548 Deo
847 3508 906 3548 se
955 3504 1070 3552 toto
1119 3497 1299 3555 animo
1347 3502 1547 3569 subdit,
1588 3511 1642 3559 et
1670 3503 1788 3574 ejus

191 3579 471 3642 praecepta
489 3577 787 3639 humilitate
807 3584 1010 3656 implet.
1035 3589 1126 3646 Ille
1152 3591 1317 3647 etiam
1348 3603 1498 3650 recte
1525 3597 1786 3655 obediens

190 3673 448 3751 vocatur,
482 3668 572 3737 qui
597 3683 862 3744 praecepta
886 3680 1133 3751 magistri
1153 3680 1308 3751 juxta
1336 3685 1481 3741 vires
1506 3687 1786 3743 humiliter

192 3750 418 3824 implere
455 3759 652 3816 studet.
683 3762 821 3819 Nam
851 3767 1102 3825 Christus
1150 3750 1410 3831 Dominus
1460 3784 1647 3833 noster
1687 3779 1783 3849 qui

190 3858 477 3914 peccatum
505 3867 614 3908 non
646 3854 796 3923 fecit,
837 3873 940 3916 nec
989 3860 1238 3918 inventus
1273 3871 1358 3919 est
1393 3867 1546 3921 dolus
1586 3869 1642 3921 in
1687 3885 1783 3924 ore

192 3936 323 4007 ejus,
349 3939 540 4000 factus
569 3953 655 4002 est
695 3948 952 4007 obediens
991 3968 1093 4024 pro
1136 3955 1294 4010 nobis
1320 3954 1470 4012 Patri
1513 3973 1686 4029 usque
1713 3961 1784 4017 ad

190 4040 440 4102 mortem,
469 4035 631 4093 nobis
660 4040 974 4114 relinquens
1010 4046 1339 4117 exemplum,
1380 4056 1441 4102 ut
1488 4063 1785 4121 sequamur

186 4124 410 4197 vestigia
431 4126 580 4198 ejus.
607 4127 842 4204 Ideoque
865 4149 1024 4191 omne
1049 4140 1194 4208 quod
1213 4138 1457 4196 solitario
1477 4141 1781 4214 injunctum

187 4210 341 4272 fuerit
368 4219 450 4275 ab
479 4219 664 4292 aliquo
689 4225 968 4298 religionis
1007 4231 1204 4302 gratia,
1250 4231 1481 4289 libenter
1507 4210 1782 4309 obtempe-

188 4323 263 4369 ret
289 4316 595 4388 imperanti
620 4339 634 4376 :
666 4322 792 4378 etsi
820 4324 960 4382 forte
997 4327 1177 4398 aliqua
1205 4331 1389 4402 gravia
1415 4339 1509 4386 aut
1533 4331 1781 4403 impossi-

184 4405 302 4463 bilia
343 4411 398 4466 ei
429 4410 818 4486 iniunguntur,
862 4415 1095 4474 libenter
1138 4421 1354 4491 quidem
1382 4431 1438 4478 et
1472 4437 1595 4479 cum
1631 4425 1780 4480 omni

183 4505 602 4562 mansuetudine
618 4504 864 4576 jubentis
903 4510 1192 4584 imperium
1219 4515 1494 4588 suscipiat.
1543 4517 1695 4592 Quod
1730 4519 1778 4575 si

181 4597 394 4655 omnino
429 4599 644 4656 virium
675 4617 897 4660 suarum
931 4620 1243 4662 mensuram
1281 4608 1385 4664 hoc
1429 4611 1571 4682 quod
1605 4612 1652 4667 ei
1695 4612 1779 4668 in-

179 4684 420 4762 iungitur
447 4693 660 4749 viderit
684 4697 969 4766 excedere,
992 4715 1100 4756 non
1130 4701 1434 4760 resistendo
1467 4705 1597 4762 illud
1628 4722 1779 4778 sper-

181 4791 290 4851 nat,
336 4787 442 4842 sed
491 4801 716 4843 causam
767 4788 1218 4861 impossibilitatis
1261 4811 1372 4852 suae
1417 4798 1468 4854 ei
1525 4799 1618 4870 qui
1672 4801 1780 4858 sibi

183 4869 496 4943 iniunxerat
537 4877 819 4935 humiliter
849 4891 904 4938 et
933 4883 1203 4954 patienter
1241 4895 1478 4957 enarret,
1511 4869 1780 4962 quatenus

180 4962 288 5032 ejus
307 4968 698 5025 moderamine
723 4973 869 5043 quod
895 4972 971 5029 illi
992 4990 1284 5035 onerosum
1306 4979 1486 5048 fuerit,
1527 4983 1775 5042 subleve-

183 5065 279 5123 tur,
325 5069 392 5115 ut
436 5063 893 5122 contradictionis
920 5069 1054 5124 vitio
1091 5081 1294 5128 careat.
1349 5073 1535 5132 Sancti
1562 5093 1778 5152 quoque

178 5145 362 5209 Patres
399 5155 590 5210 nostri
615 5171 715 5228 per
740 5159 1062 5218 obedientiae
1089 5163 1330 5224 laborem
1352 5173 1421 5225 ad
1443 5145 1778 5231 celsitudinis

177 5244 578 5312 perfectionem
601 5263 986 5321 pervenerunt.
1008 5255 1086 5313 De
1109 5259 1354 5330 pluribus
1383 5271 1564 5320 autem
1584 5282 1774 5336 unum,

175 5334 324 5393 mira:
367 5339 702 5398 obedientize
753 5344 962 5416 virum,
1013 5348 1104 5406 hic
1151 5351 1394 5410 inserere
1441 5359 1773 5416 studeamus.

177 5425 409 5495 Quidam
461 5433 613 5489 enim
659 5437 935 5496 saecularis
976 5439 1140 5500 homo
1179 5447 1512 5503 renuntiavit
1554 5450 1771 5520 saeculo,

175 5529 226 5575 et
253 5527 415 5580 venit
444 5526 520 5582 ad
547 5531 954 5596 monasterium,
982 5533 1296 5608 relinquens
1338 5547 1448 5596 tres
1481 5538 1622 5598 filios
1646 5557 1774 5600 suos

175 5609 229 5665 in
259 5615 530 5684 civitate;
563 5624 770 5675 etcum
814 5619 1181 5684 fecissettres
1222 5643 1393 5690 annos
1417 5630 1472 5686 in
1498 5640 1772 5689 monaste-

171 5702 274 5772 rio,
303 5717 608 5780 coeperunt
647 5711 699 5767 ei
728 5713 1084 5784 cogitationes
1122 5733 1236 5776 sua:
1274 5720 1413 5780 filios
1455 5723 1524 5780 ad
1563 5739 1773 5782 memo-

171 5796 312 5858 riam
333 5801 669 5874 frequenter
690 5805 980 5876 adducere,
1010 5816 1068 5865 et
1107 5815 1535 5904 contristabatur
1568 5835 1668 5892 pro
1696 5819 1777 5877 eis
1797 5903 1810 5908 α

631 5896 914 5994 ΡΑϊιιιιιι2
932 5890 1141 5997 -ῼΠΙς

1896 1926 1966 1982 Εῑ
1989 1935 2178 1984 tenens
2215 1945 2337 1985 eum
2382 1941 2540 2002 pater
2576 1949 2707 1990 suus
2726 1933 2953 2003 jactavit
2997 1953 3120 1993 eum
3167 1939 3222 1994 in
3268 1940 3486 1998 clibano

1895 2021 2106 2077 ardenti
2137 2042 2149 2077 :
2184 2025 2367 2078 statim
2403 2033 2583 2081 autem
2616 2027 2791 2084 factus
2819 2037 2901 2084 est
2923 2030 3172 2088 clibanus
3192 2033 3340 2088 velut
3367 2049 3483 2091 ros.

1895 2113 1976 2170 Ex
2002 2131 2109 2185 qua
2133 2131 2191 2171 re
2214 2117 2504 2186 acquisivit
2529 2118 2757 2190 gloriam
2793 2120 2846 2175 in
2885 2131 3127 2194 tempore
3155 2125 3266 2192 illo,
3295 2113 3488 2196 quem-

1894 2207 2184 2264 admodum
2231 2210 2546 2280 patriarcha
2586 2213 2882 2269 Abraham.
2930 2214 2974 2271 0
3022 2232 3184 2286 quam
3230 2235 3485 2291 magnam

1893 2299 2254 2355 obedientiam
2285 2301 2472 2357 habuit
2495 2303 2598 2358 iste
2624 2315 2844 2362 sanctus
2875 2307 2978 2372 vir,
3011 2308 3103 2378 qui
3133 2324 3232 2364 nec
3260 2311 3486 2381 proprio

1894 2392 2004 2448 filio
2040 2408 2137 2448 suo
2175 2396 2436 2465 pepercit,
2492 2397 2586 2452 sed
2634 2399 2702 2453 ad
2727 2400 2886 2455 unius
2925 2399 3226 2469 jussionem
3271 2401 3485 2458 abbatis

1894 2483 2110 2555 ignibus
2135 2499 2257 2539 eum
2296 2486 2548 2542 tradidit!
2596 2486 2732 2543 Puto
2760 2491 2904 2545 enim
2932 2492 3058 2562 quia
3096 2493 3142 2549 si
3185 2493 3260 2548 illi
3282 2508 3487 2564 praece-

1892 2579 2064 2650 pisset
2089 2579 2255 2635 abbas
2283 2580 2600 2638 obedientiae
2643 2599 2805 2641 causa
2845 2585 2901 2641 in
2945 2587 3216 2644 clibanum
3254 2589 3486 2658 intrare,

1894 2673 2154 2729 intrasset
2197 2675 2406 2745 utique.
2455 2675 2566 2734 Nos
2611 2694 2740 2752 ergo
2781 2681 2872 2751 qui
2916 2695 3014 2752 per
3061 2683 3484 2741 inobedientiam

1891 2768 2272 2824 mandatorum
2300 2770 2394 2826 Dei
2426 2786 2491 2829 ac
2521 2782 2835 2831 sanctorum
2871 2775 3006 2845 ejus,
3044 2795 3253 2834 necnon
3287 2788 3342 2836 et
3370 2795 3486 2836 ma-

1893 2857 2185 2935 gistrorum
2224 2870 2558 2932 nostrorum,
2598 2867 2922 2926 recessimus
2966 2886 2999 2924 a
3040 2869 3171 2937 Deo,
3219 2886 3317 2943 per
3355 2872 3487 2930 obe-

1893 2948 2109 3007 dientia:
2129 2951 2368 3009 laborem
2391 2957 2678 3014 redeamus
2703 2959 2770 3028 ad
2789 2959 2964 3027 illum,
2985 2962 3076 3031 qui
3101 2963 3276 3019 dixit:
3305 2961 3486 3020 Venite

1891 3043 1964 3097 ad
1990 3061 2092 3112 me,
2124 3062 2300 3103 omnes
2329 3050 2419 3122 qui
2465 3049 2734 3132 laboratis_
2769 3063 2818 3108 et
2863 3057 3067 3110 onerati
3114 3057 3254 3126 estis,
3294 3067 3343 3114 et
3389 3075 3484 3132 ego

1894 3133 2131 3204 reﬁciam
2157 3153 2244 3193 vos
2266 3137 2483 3212 (Matth.
2512 3157 2588 3209 xl,
2619 3142 2736 3216 2'8).

2486 3251 2716 3313 CAPUT
2755 3255 2892 3314 LIX.

2374 3322 2454 3379 De
2483 3325 2672 3382 virtute
2708 3329 2990 3399 patientiae.

1960 3409 2228 3468 Patientia
2258 3413 2403 3470 enim
2431 3429 2560 3471 vera
2585 3423 2690 3483 est,
2721 3418 2776 3472 in
2817 3421 3070 3488 praesenti
3114 3420 3342 3491 injurias
3366 3421 3484 3481 for-

1890 3501 2018 3558 titer
2044 3505 2332 3574 sustinere,
2361 3517 2417 3562 et
2441 3508 2495 3562 in
2539 3509 2722 3564 futuro
2757 3510 3053 3568 vindictam
3077 3531 3184 3572 non
3213 3531 3480 3586 quaerere,

1889 3596 1984 3651 sed
2005 3611 2071 3651 ex
2098 3599 2261 3654 corde
2280 3599 2329 3653 ei
2356 3600 2449 3671 qui
2472 3600 2610 3656 mala
2635 3603 2840 3676 irrogat
2866 3605 3163 3678 ignoscere.
3189 3607 3324 3672 Nam
3355 3621 3484 3668 sunt

1888 3687 2131 3744 nonnulli
2158 3690 2250 3761 qui
2295 3692 2416 3748 ideo
2456 3708 2555 3764 per
2589 3694 2803 3766 aliquod
2836 3698 3068 3767 spatium
3101 3703 3362 3772 temporis
3387 3719 3482 3774 pa-

1887 3779 2090 3835 tienter
2113 3780 2378 3838 sufferunt
2425 3782 2702 3853 injuriam,
2735 3794 2794 3841 ut
2826 3788 3221 3859 subsequenter
3266 3793 3481 3850 facilius

1886 3868 2164 3926 vindicare
2201 3886 2260 3927 se
2305 3880 2550 3940 queant:
2595 3874 2680 3929 isti
2717 3875 2853 3931 tales
2899 3892 3084 3932 veram
3123 3894 3233 3936 non
3274 3883 3482 3939 habent

1886 3957 2224 4029 patientiam.
2255 3959 2349 4046 Ille
2376 3961 2522 4018 enim
2550 3979 2677 4020 vere
2699 3968 2912 4037 patiens
2953 3977 3058 4036 est,
3085 3972 3176 4043 qui
3203 3983 3262 4030 et
3299 3975 3479 4046 ipsum

1887 4056 2032 4103 amat
2071 4064 2233 4120 quem
2256 4042 2479 4122 portat:
2508 4069 2634 4110 nam
2679 4056 2913 4115 tolerare
2939 4067 2994 4115 et
3022 4042 3202 4120 odisse
3242 4042 3350 4122 non
3391 4076 3479 4124 est

1887 4139 2062 4196 virtus
2109 4145 2559 4212 mansuetudinis,
2602 4149 2696 4204 sed
2741 4150 3104 4209 velamentum
3152 4154 3372 4213 furoris.
3417 4158 3478 4214 In

1884 4231 2146 4301 patientia
2177 4234 2319 4289 enim
2370 4239 2656 4305 quaerenda
2703 4248 2787 4295 est
2824 4243 2998 4302 virtus
3044 4247 3477 4304 mansuetudinis

1885 4329 1941 4375 et
1972 4322 2282 4393 ignoscendi
2328 4324 2578 4396 facultas,
2607 4346 2715 4385 non
2739 4332 3048 4388 vindicandi
3073 4338 3472 4406 opportunitas.

1885 4413 2040 4470 Sicut
2068 4416 2212 4470 enim
2245 4418 2516 4486 patienter
2553 4408 2780 4478 sufferre
2823 4423 3099 4497 debemus
3127 4427 3355 4498 injurias
3403 4430 3474 4485 ab

1883 4506 2004 4562 aliis
2038 4507 2093 4563 in
2123 4524 2223 4564 nos
2250 4509 2444 4578 illatas,
2490 4511 2566 4567 ita
2600 4521 2657 4568 et
2688 4512 3066 4572 tribulationes
3095 4515 3474 4576 inﬁrmitatum

1883 4617 2005 4673 quae
2041 4601 2197 4657 nobis
2225 4604 2482 4659 eveniunt
2507 4605 2778 4676 patienter
2822 4605 3063 4665 sutl‘erre.
3096 4624 3318 4666 necesse
3366 4619 3471 4668 est.

1881 4690 2213 4749 Probabitur
2241 4693 2386 4748 enim
2410 4694 2572 4749 homo
2598 4693 2825 4768 ﬂagellis
2849 4695 2968 4764 Dei,
2996 4713 3103 4768 quo
3121 4699 3304 4756 animo
3332 4701 3476 4760 bene

1882 4783 2066 4852 faciat,
2117 4794 2174 4840 et
2199 4802 2306 4857 qua
2347 4785 2666 4844 fortitudine
2713 4790 3040 4846 tentationes
3077 4792 3180 4848 sibi
3217 4808 3476 4864 superve-

1881 4877 2093 4934 nientes
2138 4876 2378 4934 sufferat.
2428 4879 2582 4937 Unde
2628 4880 2705 4935 ait
2749 4881 3080 4954 Apostolus:
3114 4883 3300 4940 Tentat
3332 4886 3473 4941 enim

1880 4987 1970 5026 vos
1999 4969 2157 5037 Deus,
2189 4980 2246 5025 ut
2271 4971 2403 5026 sciat
2423 4973 2470 5027 si
2495 4971 2728 5044 diligatis
2748 4990 2868 5029 eunt
2888 4974 3065 5047 (Deut.
3091 4991 3212 5043 xm,
3235 4975 3312 5049 3).
3349 4975 3474 5032 Tri-

1875 5065 1978 5122 bus
2007 5066 2152 5121 enim
2175 5067 2350 5124 modis
2377 5066 2553 5125 solent
2585 5071 2833 5128 accidere
2873 5072 3199 5128 tentationes
3227 5072 3324 5128 Dei
3351 5088 3470 5130 ser-

1875 5157 1978 5212 vis.
2013 5155 2132 5213 Uno
2169 5158 2329 5214 modo
2374 5167 2651 5216 tentantur
2694 5178 2725 5217 a
2777 5162 2891 5221 Deo
2935 5178 3034 5233 per
3073 5163 3311 5236 ﬂagella;
3361 5164 3470 5222 alio

1876 5249 2038 5307 modo
2062 5265 2095 5305 a
2123 5251 2339 5308 diabolo
2373 5269 2472 5326 per
2515 5254 2795 5312 illusiones
2824 5265 2882 5312 et
2907 5257 3150 5313 diversas
3187 5257 3468 5316 machina—
3511 5335 3514 5340 ν

1875 5344 2082 5413 tiones;
2109 5347 2271 5404 tertio
2299 5351 2459 5407 modo
2483 5358 2760 5408 tentantur
2785 5368 2817 5408 a
2845 5352 3092 5424 proximo
3122 5367 3218 5424 per
3240 5353 3464 5422 damna,

1877 5444 1935 5492 et
1962 5440 2318 5498 contumelias
2347 5457 2410 5500 ac
2435 5445 2858 5515 persecutiones.
2899 5443 3008 5502 Sed
3042 5444 3134 5502 ille
3161 5446 3354 5503 beatus
3381 5454 3468 5502 est

1879 5531 1971 5600 qui
1999 5532 2115 5589 hinc
2151 5535 2334 5591 omnia
2375 5538 2641 5608 patienter
2682 5537 2895 5606 tulerit;
2934 5537 3002 5596 de
3048 5538 3143 5595 tali
3171 5539 3317 5595 enim
3343 5539 3466 5594 viro

1879 5627 2010 5684 dicit
2045 5628 2322 5702 Scriptura
2351 5650 2365 5687 :
2396 5631 2593 5690 Beatus
2631 5633 2710 5690 uir
2739 5633 2832 5707 qui
2859 5627 3061 5705 stt/fert
3102 5633 3462 5703 tentationem,

1878 5731 1984 5780 etc.
2017 5721 2157 5798 (Jac.
2190 5741 2252 5793 ιι,
2285 5726 2394 5799 15).

1951 5816 2080 5875 Sine
2103 5817 2248 5880 ferro
2271 5827 2456 5888 autem
2489 5831 2758 5897 martyres
2786 5837 2906 5882 esse
2931 5833 3242 5893 possumus,
3275 5817 3322 5874 si
3361 5831 3458 5889 pa.

2942 5907 3020 5979 21
