3972 6328
529 366 627 465 est"
693 426 703 436 -
1002 470 1009 473 τ
1188 388 1189 393 ‘
1528 380 1584 459 s.
1625 396 1987 461 BENEDICTI
2024 404 2317 475 ABBATIS
2350 369 2759 475 inmensa
2858 458 2865 465 ,

3679 413 3789 473 653

530 502 773 589 iientiam
798 504 1062 577 veraciter
1100 497 1155 575 in
1197 518 1377 595 animo
1412 532 1711 575 servamus.
1740 519 1913 579 Tanto
1953 522 2105 587 enim
2125 528 2179 589 Α
2202 522 2305 593 gile
2354 524 2493 593 sicut
2540 523 2939 587 vestimentum.
2982 519 3049 580 Si
3093 521 3380 595 diligenter
3423 526 3791 586 om

531 608 759 695 quisque
806 614 985 670 minus
1033 592 1335 673 ostenditur
1391 613 1613 680 doctus,
1667 622 1871 687 quanto
1926 616 2109 679 minus

530 712 870 771 convincitur
896 709 1124 782 patiens.
1158 708 1308 765 Unde
1348 722 1445 778 per
1481 707 1825 767 Salomonem
1863 710 2102 767 dicitur:

531 810 785 881 Doctrina
804 807 901 862 viri
926 822 1019 877 per
1035 804 1340 877 patientiam
1365 805 1599 859 noscitur
1635 803 1821 878 (Prob.
1858 821 1972 872 xxx,
2002 804 2102 877 x1).

533 901 708 972 Super
719 899 900 957 omnia
921 906 1098 954 autem
1114 896 1465 953 contumelias
1489 897 1887 954 detrahentium
1900 898 2109 969 patien-

528 990 608 1046 tia
634 1004 978 1062 superemus;
1008 987 1232 1060 sagittas
1252 988 1592 1046 contumeliae
1615 989 1890 1060 patientia:
1918 990 2108 1061 clypeo

528 1082 874 1155 frangamus;
903 1088 1091 1138 contra
1119 1079 1313 1151 linguae
1335 1080 1570 1153 gladium
1591 1080 1865 1152 patientiae
1893 1088 2109 1137 scutum

526 1162 879 1247 publicamus.
922 1172 990 1228 Et
1029 1172 1078 1227 si
1103 1171 1225 1243 quis
1252 1172 1409 1228 nobis
1444 1172 1685 1229 intulerit
1711 1172 1873 1239 mala,
1903 1187 2108 1243 nequa-

528 1285 688 1343 quam
718 1254 1015 1327 irascamur
1054 1274 1245 1327 contra
1281 1265 1460 1333 illum;
1495 1267 1591 1323 sed
1617 1267 1799 1339 potius
1830 1265 2109 1322 doleamus

524 1375 626 1431 pro
667 1358 780 1424 illo,
825 1357 953 1429 quia
999 1357 1143 1414 Deus
1186 1357 1263 1412 illi
1304 1356 1577 1412 irascitur.
1608 1355 1899 1412 Videamus
1926 1364 2108 1412 autem

523 1458 781 1521 quantam
822 1448 1140 1521 patientiam
1169 1448 1269 1503 iste
1296 1456 1514 1503 sanctus
1551 1461 1715 1503 senex
1756 1446 2009 1509 habebat.
2040 1446 2109 1501 de

420 1547 428 1555 '
520 1560 629 1617 quo
655 1542 745 1600 hic
767 1541 1237 1599 locuturisumus.
1279 1540 1414 1597 Erat
1436 1540 1491 1595 in
1521 1553 1706 1595 eremo
1732 1554 1956 1611 magnus
1981 1538 2104 1609 qui-

521 1638 646 1701 dam
673 1652 863 1704 senex,
893 1637 983 1709 qui
1013 1636 1079 1693 de
1101 1636 1287 1693 labore
1309 1650 1566 1690 manuum
1600 1649 1821 1691 suarum
1846 1634 2062 1689 vivebat
2089 1651 2102 1686 :

523 1739 580 1785 ct
600 1738 719 1785 erat
744 1730 883 1786 alius
907 1728 1079 1799 frater
1104 1728 1315 1803 vicinus
1341 1727 1415 1794 ei,
1461 1728 1553 1799 qui
1595 1740 1735 1797 sazpe
1772 1724 2109 1797 ingredieba-

2206 614 2355 682 illud,
2384 616 2695 682 stabit;'sin
2740 622 2944 681 autem,
2979 614 3233 685 iupam
3266 618 3511 686 tenipore
3547 614 3787 675 coit-uer.

2204 708 2474 764 Praeterea
2494 722 2706 779 quoque
2746 708 3061 780 supervenit
3080 709 3298 779 quidam
3330 711 3685 767 venationem
3710 712 3793 766 fa-

2206 799 2354 856 ciens
2374 800 2431 871 in
2452 799 2586 856 silva
2617 801 2907 872 agrestium
2935 800 3267 867 animalium,
3294 810 3350 858 et
3378 803 3517 858 vidit
3541 803 3791 861 abbatem

2204 890 2499 947 Antonium
2526 892 2849 964 gaudentem
2876 908 3001 951 cum
3025 892 3308 961 fratribus,
3325 902 3385 950 et
3404 895 3691 966 displicuit
3720 899 3787 952 ei.

2164 974 2168 980 ’
2206 978 2405 1039 Volens
2432 990 2616 1039 autem
2661 984 2711 1037 ci
2748 999 2912 1039 senex
2958 986 3244 1043 ostendere
3282 986 3407 1055 quia
3452 990 3678 1060 oportet
3704 988 3796 1042 ali-

2206 1073 2423 1142 quando
2467 1074 2901 1144 condescendere
2939 1075 3220 1143 fratribus,
3266 1076 3407 1133 dixit
3447 1078 3503 1133 ei
3550 1095 3566 1132 :
3618 1077 3793 1145 Pone,

2206 1179 2408 1233 qumso,
2435 1166 2687 1237 sagittam
2717 1168 2771 1223 in
2792 1183 2925 1225 arcu
2942 1176 3128 1236 tue,et
3151 1170 3323 1225 trahe.
3351 1169 3419 1225 Et
3440 1168 3578 1224 fecit
3608 1170 3707 1225 sic.
3735 1170 3796 1226 Et

2207 1256 2549 1315 dixititerum
2566 1274 2580 1312 :
2600 1258 2809 1328 Traho;
2833 1261 3085 1319 ettraxit.
3102 1260 3283 1319 ῬΙ-³1η
3300 1262 3479 1319 adhuc
3496 1279 3517 1329 ;
3533 1272 3595 1317 et
3614 1265 3793 1319 traxit.

2206 1346 2353 1404 Dixit
2368 1349 2417 1405 ei
2444 1358 2705 1423 venator:
2737 1350 2795 1407 Si
2817 1366 2979 1423 super
3000 1368 3307 1409 mensuram
3330 1353 3797 1427 traxerugfrage-

2206 1446 2296 1517 tur
2326 1456 2504 1497 arcus.
2537 1442 2687 1499 Dixit
2715 1444 2766 1499 ei
2790 1443 2956 1501 abbas
2974 1443 3243 1505 Antonius
3270 1465 3285 1501 :
3313 1446 3392 1505 ita
3421 1455 3513 1503 est
3541 1447 3604 1501 in
3629 1448 3801 1519 operi-

2205 1531 2309 1587 bus
2334 1532 2458 1601 Dei;
2487 1534 2533 1588 si
2552 1534 2672 1605 plus
2690 1550 2721 1590 a
2743 1551 2999 1601 mensura
3020 1539 3311 1606 tendimus,
3326 1538 3535 1596 lintres
3552 1540 3668 1594 cito
3684 1538 3801 1596 ω.

2209 1622 2371 1678 cient.
2400 1623 2631 1695 Expedit
2661 1640 2789 1700 ergo
2815 1627 2901 1683 vel
2930 1628 2996 1683 ad
3022 1639 3353 1691 momentum
3380 1630 3647 1687 minare
3665 1629 3797 1703 rige-

2208 1730 2324 1772 rcm
2370 1730 2579 1774 eorum.
2622 1718 2750 1776 Haac
2776 1721 3002 1777 audiens
3033 1730 3260 1799 venator
3286 1732 3661 1795 compunctus
3684 1733 3797 1792 est;

526 1830 631 1888 tur,
657 1828 711 1881 et
733 1821 979 1893 rapiebat
1006 1820 1265 1893 quidquid
1292 1834 1459 1876 senex
1486 1818 1719 1875 habebat
1745 1818 1797 1872 in
1827 1816 1983 1872 cella.
2008 1816 2104 1875 Yi-
2131 1890 2169 1893 _
2208 1818 2264 1864 et
2284 1810 2511 1871 multum
2543 1812 2832 1885 proﬁciens
2860 1815 3195 1878 in'sermone
3222 1818 3386 1874 senis
3413 1818 3685 1875 discessit
3709 1837 3725 1874 :
3751 1826 3802 1875 et

523 1900 685 1997 debat
710 1890 893 1970 autem
934 1890 1060 1969 eum
1103 1927 1287 1980 senex,
1339 1920 1395 1969 et
1436 1928 1545 1968 non
1590 1910 1911 1983 obiurgabat
1947 1925 2097 1976 eum;
2130 1890 2181 1950 Β
2207 1901 2411 1997 fratres
2436 1904 2738 1961 conﬁrmati
2767 1914 2879 1963 tum
2918 1908 3122 1970 reversi
3151 1918 3279 1966 sunt
3308 1911 3379 1966 ad
3408 1911 3601 1967 locum
3629 1927 3797 1967 suum.

524 2002 619 2058 sed
649 2003 1005 2075 extorquebat
1032 2003 1135 2059 sibi
1159 2003 1279 2075 plus
1307 2003 1465 2060 solito
1488 2002 1738 2058 manibus
1765 2002 1997 2074 operari,
2025 2003 2104 2058 di-

523 2111 653 2150 cens
689 2114 701 2149 :
750 2094 944 2163 Credo,
986 2111 1124 2168 opus
1164 2097 1327 2153 habet
1375 2096 1484 2153 ille.
1529 2095 1880 2167 Astringebat
1919 2103 2101 2150 autem

482 2174 487 2179 ”
520 2170 763 2240 ventrem
778 2202 954 2252 suum,
972 2193 1026 2243 et
1047 2201 1172 2242 cum
1192 2186 1486 2263 indigentia
1507 2186 1865 2243 manducabat
1881 2201 2098 2258 panem.

521 2264 655 2349 Cum
685 2286 864 2337 autem
895 2280 1031 2334 mori
1070 2279 1325 2350 cmpisset
1374 2295 1539 2337 senex
1593 2280 1702 2346 ille,
1733 2279 2106 2336 circumstete-

520 2380 645 2426 runt
669 2387 792 2433 eum
820 2371 1035 2441 fratres,
1057 2382 1114 2430 et
1141 2372 1436 2445 respiciens
1460 2373 1517 2427 in
1537 2388 1661 2428 eum
1680 2373 1773 2445 qui
1798 2371 2099 2440 furabatur,

520 2465 655 2521 dixit
678 2464 729 2521 ei
755 2484 768 2519 :
792 2463 965 2537 Junge
991 2475 1044 2521 te
1075 2466 1182 2522 huc
1209 2466 1278 2523 ad
1310 2481 1427 2533 me;
1460 2474 1519 2521 et
1554 2466 1725 2522 tenuit
1746 2481 1938 2521 manus
1962 2465 2099 2536 ejus,

519 2566 577 2610 et
600 2555 875 2611 osculatus
902 2566 987 2613 est
1004 2572 1118 2624 eas,
1148 2557 1372 2615 dicens:
1404 2556 1618 2614 Gratias
1644 2573 1745 2632 ago
1774 2557 1894 2614 istis
1928 2557 2102 2613 mani-

518 2643 642 2713 lius,
670 2645 857 2714 frater,
887 2649 1013 2720 quia
1034 2656 1253 2721 propter
1277 2650 1407 2709 istas
1428 2651 1566 2708 vado
1594 2651 1664 2706 ad
1690 2665 1913 2720 regnum
1943 2649 2106 2707 ctelo-

406 2804 411 2809 ,
518 2740 663 2794 rum.
686 2739 780 2796 llle‘
800 2749 1001 2809 autem,
1042 2746 1399 2813 cempunctus
1430 2751 1483 2798 et
1517 2741 1890 2813 paenitentiam
1912 2755 2100 2817 agens,

519 2820 697 2886 factus
710 2840 799 2905 [est
815 2832 979 2887 etiam
1000 2832 1115 2904 ipse
1133 2833 1390 2905 probatus
1412 2834 1729 2898 monachus,
1746 2830 1991 2902 exempla
2011 2845 2103 2886 su-

518 2935 674 2976 mens
702 2920 767 2997 de
788 2922 995 2979 actibus
1020 2923 1202 2995 magni
1250 2922 1393 2980 illius
1435 2924 1598 2980 senis.
1632 2921 1792 2977 Valde
1818 2921 1965 2976 enim
1990 2918 2105 2975 lau-

518 3011 712 3068 dabilis
731 3020 815 3069 est
836 3010 1101 3091 patientia.
1136 3015 1255 3087 ejus
1302 3016 1475 3071 sancti
1514 3014 1788 3080 monachi,
1823 3013 1919 3071 sed
1948 3012 2104 3070 valde

516 3102 843 3160 laudabilior
869 3113 949 3161 est
983 3106 1247 3177 patientia
1276 3105 1501 3177 Christi.
1533 3106 1712 3164 Senex
1742 3106 1845 3161 iste
1887 3105 2105 3176 rapicn—

518 3203 628 3251 tem
656 3195 883 3251 fratrem
910 3196 1046 3252 vidit
1063 3203 1119 3251 et
1142 3197 1343 3269 tacuit;
1369 3194 1617 3255 Christus
1637 3200 1765 3253 Vero
1792 3194 2100 3267 opprobria,

520 3396 679 3459 neam
699 3396 961 3438 coronam
985 3380 1312 3453 crucemque
1335 3382 1609 3449 sustinuit,
1635 3390 1692 3439 et
1710 3396 1810 3441 nec
1825 3388 2104 3438 contume-

517 3468 715 3528 liosum
757 3474 1010 3545 cuiquam
1034 3472 1259 3531 verbum
1292 3475 1587 3547 respondit.
1614 3474 1719 3555 Iste
1745 3474 1889 3531 enim
1919 3481 2105 3545 rapto-

426 3622 431 3629 ,
514 3566 593 3620 ris
630 3580 822 3623 manus
849 3562 1170 3624 deos¢ulans
1214 3566 1419 3639 gratias
1465 3565 1604 3640 egit;
1650 3565 1899 3625 Christus
1923 3574 2106 3622 autem

516 3658 572 3712 in
602 3670 762 3716 cruce
788 3661 998 3733 positus
1033 3676 1134 3733 pro
1159 3661 1595 3741 persecutoribus
1620 3659 1887 3719 exoravit.
1916 3657 2025 3716 Sed
2048 3659 2106 3714 in

519 3749 605 3803 his
658 3751 909 3807 omnibus
959 3751 1263 3823 exemplum
1318 3750 1595 3823 patientiae
1651 3752 1807 3811 nobis
1864 3750 2102 3822 reliquit.

519 3840 858 3911 Quapropter
900 3843 1213 3899 studeamus
1254 3845 1521 3916 patientes
1568 3860 1689 3901 esse
1734 3844 1801 3899 ad
1831 3851 2021 3900 omnes
2050 3851 2109 3900 et

520 3931 576 3985 in
606 3931 807 3997 omnia,
836 3932 984 4002 quia,
1023 3940 1084 3999 ut
1119 3934 1196 4001 ait
1233 3933 1504 4001 Christus,
1547 3934 1615 3988 In
1653 3934 1907 4003 patientia
1935 3941 2106 3990 vestra

518 4018 848 4091 possidebitis
891 4022 1093 4081 animus
1137 4030 1334 4076 vestras
1390 4020 1539 4095 (Luc.
1600 4037 1713 4088 xxi,
1762 4023 1873 4095 19).
1925 4022 2107 4079 Simus

521 4110 817 4176 mansueti,
846 4110 994 4181 quia,
1023 4118 1082 4164 ut
1121 4112 1197 4165 ait
1236 4109 1547 4182 Propheta:
1580 4112 1844 4179 Mansueti
1881 4112 2105 4169 [neredi-

521 4199 706 4254 tabunt
730 4206 946 4269 terram,
987 4206 1036 4256 et
1077 4200 1471 4257 delectabuntur
1509 4205 1564 4258 in
1592 4202 1931 4261 multitudine
1956 4208 2101 4279 pacis

522 4286 695 4364 (Psat.
724 4309 911 4361 xxxvr,
946 4286 1056 4368 lt).
1082 4292 1339 4366 Quisquis
1369 4295 1532 4367 igitur
1571 4296 1724 4362 lenis,
1755 4298 1901 4355 mitis
1928 4308 1984 4355 et
2009 4316 2106 4373 pa-

408 4416 411 4419 ι
518 4384 662 4440 tiens
684 4388 786 4452 est,
816 4385 911 4441 D’ci
937 4383 1030 4440 ﬁlii
1058 4384 1300 4441 imitator
1323 4396 1424 4442 est.
1454 4387 1521 4443 Et
1548 4388 1790 4460 quisquis
1821 4390 2104 4462 amplecti-

519 4470 610 4532 tur
635 4495 822 4550 pacem
843 4480 898 4535 in
927 4481 1124 4538 mentis
1150 4498 1262 4538 sum
1283 4483 1535 4555 hospitio,
1583 4485 1917 4545 mansionem
1956 4484 2011 4540 in
2046 4497 2105 4540 se

516 4568 787 4671 praeparat
813 4568 1050 4641 Christo,
1080 4575 1206 4645 quia
1256 4560 1506 4633 Christus
1549 4592 1651 4650 pax
1695 4586 1780 4634 est
1804 4586 1861 4635 et
1888 4578 1943 4636 in
1969 4592 2106 4657 pace
2123 4612 2181 4675 Β

524 4661 868 4732 requiescere
892 4666 1188 4719 consuevit.

1134 4738 1360 4812 CAPUT
1381 4742 1497 4814 Lx.

1030 4916 1035 4919 _
1086 4842 1161 4902 De
1198 4836 1528 4906 discretione.
1784 4916 1789 4927 ,

590 4936 857 4998 Discretio
895 4932 1133 5015 namque
1155 4950 1238 4999 est
1263 4951 1435 5000 mater
1462 4942 1705 5001 omnium
1731 4944 2012 5015 virtutum,
2046 4954 2104 5021 et

520 5032 644 5088 ideo
674 5032 731 5087 in
759 5024 1012 5091 omnibus
1044 5038 1155 5091 tam
1193 5034 1563 5106 spiritualibus
1606 5053 1769 5109 quam
1811 5039 2103 5109 corporali-

521 5124 622 5181 bus
668 5126 922 5196 operibus
966 5126 1197 5199 tenenda
1240 5138 1323 5186 est
1374 5144 1405 5185 a
1448 5130 1703 5189 solitariis
1747 5134 2101 5206 temperantia

522 5215 885 5285 discretionis,
931 5236 999 5276 ne
1038 5220 1305 5292 superﬂue
1348 5221 1658 5280 laborantes
1690 5226 1855 5283 corde
1894 5226 2103 5296 pariter

518 5302 581 5366 et
615 5322 840 5382 corpore
894 5311 1169 5370 deﬁciant.
1221 5304 1333 5385 sed
1380 5316 1458 5372 sic
1502 5317 1680 5373 omnis
1717 5332 1906 5387 eorum
1960 5319 2103 5375 actio

520 5405 872 5473 temperetur,
921 5408 1187 5475 quatenus
1233 5405 1401 5462 alacri
1452 5397 1633 5471 animo
1678 5407 1799 5478 plus
1836 5422 1895 5463 se
1924 5407 2101 5479 adhuc

521 5490 744 5561 cupiant
775 5490 833 5545 in‘
862 5492 1019 5549 bonis
1052 5488 1305 5564 operibus
1351 5486 1626 5551 exercere.
1671 5492 1798 5553 Sive
1823 5498 1966 5553 enim
1992 5498 2103 5554 sint

522 5580 737 5651 vigilnc,
768 5580 880 5638 sive
913 5582 1140 5667 jejunis,
1173 5586 1286 5641 sive
1316 5574 1665 5652 abstinentia,
1695 5593 1749 5641 et
1784 5598 1979 5643 cetera
2017 5588 2102 5644 his

525 5671 741 5738 similia,
791 5675 870 5729 sic
916 5678 1298 5746 temperentur,
1339 5685 1398 5732 ut
1428 5692 1526 5732 nec
1570 5675 1735 5731 animi
1776 5678 1947 5733 virtus
1981 5693 2103 5734 suc-

526 5762 763 5828 cumbat,
794 5780 893 5820 nec
921 5768 1163 5837 corporis
1196 5767 1454 5823 fortitudo
1491 5768 1767 5824 lassescat.
1804 5764 1955 5826 Unde
1982 5769 2100 5840 qui-

528 5853 650 5913 dam
677 5856 894 5913 Patrum
937 5858 1148 5915 dicebat
1175 5876 1188 5911 :
1220 5857 1427 5931 Corpus
1468 5870 1709 5916 nostrum
1747 5862 1824 5917 Sic
1872 5869 1955 5917 est
1992 5860 2099 5917 fra-

2208 1993 2336 2051 Hmc
2373 2011 2504 2066 ergo
2548 1998 2759 2072 aliaque
2809 2001 3116 2057 testimonia
3165 2002 3519 2060 discretionis
3562 2005 3803 2060 conside-

2207 2074 2376 2142 randa
2398 2097 2524 2145 sunt
2547 2106 2579 2146 a
2603 2090 2891 2162 solitariis;
2924 2101 2981 2150 et
3001 2094 3082 2151 sic
3100 2095 3283 2153 omnia
3305 2104 3625 2167 temperent
3647 2106 3797 2167 atque

2207 2178 2541 2255 discernant,
2587 2190 2646 2237 ut
2676 2182 2779 2254 ipsi
2826 2184 2990 2240 nimis
3019 2183 3228 2256 fatigati
3281 2201 3391 2243 non
3433 2186 3724 2255 deficiant,
3754 2195 3801 2243 et

2207 2262 2301 2330 alii
2327 2289 2358 2330 a
2388 2282 2565 2347 coepto
2591 2275 2786 2333 itinere
2812 2292 2920 2334 non
2949 2276 3239 2351 refugiant.

2796 2388 3025 2446 CA‘PUT
3062 2389 3199 2445 LXI.

2756 2459 2834 2516 De
2869 2461 3245 2529 taciturnitate.

2280 2547 2650 2607 Taciturnitas
2677 2560 2860 2607 autem
2903 2552 3079 2608 virtus
3120 2561 3205 2609 est
3235 2552 3571 2609 humilitatis
3595 2562 3649 2609 et
3668 2553 3795 2609 indi-

2210 2640 2355 2697 cium
2379 2641 2683 2716 gravitatis,
2699 2643 2885 2698 nutrix
2905 2641 3168 2707 virtutum
3184 2650 3239 2701 et
3259 2651 3442 2701 custos
3469 2646 3795 2701 animarum.

2208 2720 2348 2791 Hinc
2378 2734 2629 2813 Salomon
2657 2736 2735 2795 ait
2762 2755 2776 2791 :
2805 2735 2910 2803 Qui
2934 2736 3161 2794 custodit
3198 2754 3257 2794 os
3294 2752 3453 2795 suum
3480 2747 3539 2794 et
3562 2739 3795 2810 lingua:

2206 2844 2381 2896 suam,
2408 2831 2632 2885 custodit
2657 2830 2723 2886 ab
2747 2833 3007 2902 angustiis
3026 2833 3259 2888 animum
3284 2844 3437 2889 sua.
3465 2831 3664 2905 (Prol.
3690 2846 3797 2893 ων

2206 2919 2320 2993 25).
2357 2919 2567 2987 Quanto
2602 2922 2767 2994 igitur
2795 2923 3022 2995 quisque
3048 2925 3147 2981 sub
3182 2924 3397 2985 silentio
3431 2925 3701 2996 deprimit
3724 2938 3797 2987 se,

2209 3019 2365 3067 tanto
2393 3014 2825 3105 corqpunctioni‘s
2851 3012 3022 3105 aéie'm
3164 3012 3311 3072 cocto
3333 3015 3485 3088 ﬁgit;
3511 3026 3569 3072 et
3600 3027 3799 3088 quanto

2208 3096 2593 3162 taciturnitatis
2646 3106 2802 3163 freno
2849 3096 3169 3179 constringit
3208 3107 3445 3180 linguam
3466 3150 3484 3175 ,
3539 3119 3699 3165 tanto
3737 3109 3796 3163 ad

2164 3232 2175 3265 μ
2209 3198 2455 3257 ctelestia
2476 3200 2639 3265 erigit
2668 3210 2905 3263 mentem
2939 3210 3114 3260 suam;
3142 3203 3379 3265 Ideoque
3406 3202 3694 3261 soﬁssrius
3725 3216 3796 3261 ta-

518 3204 628 3251 tem
656 3204 883 3251 fratrem
910 3204 1046 3252 vidit
1063 3204 1119 3251 et
1142 3204 1343 3269 tacuit;
1369 3204 1617 3255 Christus
1637 3212 1765 3253 vero
1792 3204 2100 3267 opprobria,
2164 3232 2169 3239 ς
2209 3204 2455 3257 ctelestia
2476 3204 2639 3273 erigit
2668 3210 2905 3263 mentem
2939 3210 3114 3260 suam;
3142 3204 3379 3276 Ideoque

517 3287 896 3355 contumelias,
924 3287 1232 3361 irrisiones,
1281 3288 1482 3360 alapas,
1515 3297 1693 3360 sputa,
1723 3288 1952 3360 ﬂagella,
1992 3288 2104 3360 spi-
2132 3257 2178 3321 Ο
2208 3292 2577 3361 citurnitatem
2604 3296 2809 3361 diligat,
2849 3304 2907 3354 et
2936 3313 2968 3352 a
3011 3296 3155 3354 malo
3198 3312 3263 3354 ac
3300 3313 3379 3361 pr:

2208 3292 2577 3367 citurnitatem
2604 3296 2809 3368 diligat,
2849 3304 2907 3354 et
2936 3313 2968 3352 a
3011 3296 3155 3354 malo
3198 3312 3263 3354 ac
3299 3312 3492 3369 pravo,
3523 3300 3613 3355 vel
3653 3300 3797 3354 omni

2207 3383 2540 3456 stultiloquio
2584 3385 2823 3459 linguam
2869 3404 3026 3445 suam
3072 3398 3321 3445 coerceat
3368 3390 3617 3460 dicatque
3669 3406 3798 3446 cum

2206 3472 2517 3545 Propheta:
2548 3475 2696 3544 Dixi,
2724 3475 3029 3543 Custodiam
3060 3480 3173 3535 vias
3196 3496 3373 3547 meas,
3405 3489 3463 3536 ut
3500 3497 3596 3535 non
3621 3480 3799 3537 delin-

2206 3582 2367 3639 quant
2398 3569 2457 3623 in
2487 3567 2671 3642 lingua
2703 3588 2818 3627 mea
2865 3572 3037 3644 (Psal.
3071 3582 3299 3641 xxmu,
3326 3574 3404 3647 i).
3443 3574 3517 3630 Et
3559 3576 3797 3631 iterum:

2210 3662 2377 3718 Ροδαὶ
2404 3664 2484 3733 ori
2509 3680 2623 3721 meo
2660 3666 2952 3723 custodiam
2977 3665 3186 3739 (llud).
3218 3666 3286 3722 Et
3313 3682 3575 3726 rursum:
3608 3667 3797 3723 Obmu-

2210 3754 2286 3808 tui
2311 3763 2359 3809 et
2387 3756 2696 3812 humiliatus
2742 3772 2879 3823 sum,
2922 3766 2971 3812 et
3015 3757 3143 3814 silui
3165 3772 3200 3810 a
3235 3758 3384 3812 bonis
3419 3756 3613 3830 (lbid.,
3650 3776 3700 3815 ν.
3725 3760 3795 3831 5).

2206 3844 2302 3901 Ille
2328 3848 2471 3902 enim
2492 3846 2630 3913 bene
2649 3848 2765 3902 vias
2800 3862 2950 3913 suas,
2992 3848 3048 3905 id
3088 3856 3172 3907 est
3198 3857 3352 3905 actus
3378 3851 3517 3906 vita!
3537 3862 3677 3917 sate,
3706 3869 3796 3909 cu-

2208 3936 2396 4003 stodit,
2421 3937 2515 4008 qui
2546 3938 2602 3994 in
2631 3937 2814 4010 lingua
2839 3939 3060 3997 minime
3084 3940 3324 3997 offendit.
3349 3942 3445 3999 Ille
3468 3945 3651 3999 etiam
3669 3946 3799 4001 bene

2207 4028 2290 4084 ori
2334 4043 2432 4084 suo
2459 4030 2758 4093 custodiam
2790 4030 2963 4100 ponit,
2989 4031 3147 4103 cujus
3187 4032 3369 4107 lingua
3414 4032 3522 4091 nec
3565 4036 3627 4090 iu
3656 4037 3800 4091 mali-

2206 4118 2466 4190 laquium,
2496 4134 2597 4177 nec
2638 4120 2694 4177 in
2736 4122 3124 4194 vaniloquium,
3163 4138 3274 4194 nec.
3296 4124 3351 4179 in
3391 4124 3796 4197 multiloquium

2203 4210 2508 4282 procaciter
2552 4211 2688 4269 ﬁuit.
2748 4212 2827 4269 Ne
2871 4227 3003 4286 ergo
3049 4218 3107 4273 in
3164 4214 3540 4286 maliloquium
3588 4217 3799 4272 tamur

2204 4303 2408 4378 lingua,
2450 4314 2615 4379 ponat
2644 4309 3016 4380 unusquisque
3055 4317 3301 4367 nostrum
3341 4310 3426 4365 ori
3464 4325 3572 4367 suo
3608 4320 3793 4369 cnsua—

2205 4398 2373 4465 diam,
2410 4406 2465 4454 et
2502 4397 2787 4470 diligenter
2811 4401 3055 4457 attendat
3090 4400 3221 4471 quid
3248 4399 3317 4456 de
3340 4399 3487 4475 male
3526 4401 3799 4472 hincui-

2204 4490 2308 4546 bus
2332 4490 2478 4546 dicat
2497 4489 2765 4563 Propheta
2791 4510 2804 4547 :
2834 4491 3133 4563 Disperdat,
3161 4492 3357 4561 inquit,
3390 4492 3663 4549 Dominus
3691 4494 3801 4548 Ii-

2204 4596 2354 4637 versa
2387 4580 2529 4636 labia
2569 4581 2773 4648 dolosa,
2801 4592 2852 4638 et
2894 4582 3128 4654 linguam
3177 4582 3575 4654 magniloqui:
3619 4583 3799 4654 (Pali.

2208 4692 2287 4745 ιι,
2332 4675 2411 4747 4).
2467 4675 2605 4744 Quid
2644 4677 2811 4733 etiam
2840 4676 2907 4731 de
2935 4675 3275 4746 mnltiloquio
3320 4675 3582 4737 Salomo-
3628 4677 3798 4739 diem,

2208 4762 2529 4837 audiamus:
2562 4766 2629 4827 In
2667 4767 3020 4839 multitoquio,
3072 4767 3265 4837 inquit,
3298 4782 3404 4821 non
3431 4766 3662 4837 cingite
3690 4783 3805 4839 pec-

2207 4846 2384 4942 catum
2400 4874 2419 4922 ;
2438 4866 2486 4913 et
2508 4858 2599 4930 qui
2622 4856 2799 4931 multis
2819 4859 2988 4929 utitur
3006 4857 3190 4927 verbis,
3213 4856 3358 4927 («adit
3382 4858 3627 4921 animum
3646 4872 3803 4914 sua

2208 4949 2389 5023 (Prov.
2432 4966 2491 5017 x,
2533 4948 2640 5023 l9).
2683 4948 2820 5005 Hinc
2862 4949 3058 5005 iterum
3098 4947 3368 5019 Propheta
3402 4947 3514 5005 :Si
3542 4951 3667 5021 quis
3694 4950 3804 5007 ut

2206 5060 2380 5100 veram
2406 5052 2454 5099 et
2477 5053 2779 5115 perpetuam
2816 5042 3005 5098 habere
3041 5043 3221 5109 vitam,
3245 5052 3295 5098 et
3323 5043 3463 5113 cupit
3483 5043 3601 5100 dies
3619 5044 3805 5100 uiden

2208 5135 2388 5202 bonos,
2410 5144 2641 5192 coerceat
2663 5135 2897 5207 linguam
2919 5150 3071 5191 suam
3092 5152 3127 5189 a
3150 5133 3291 5191 malo
3305 5152 3331 5200 ;-
3349 5144 3401 5190 et
3424 5133 3571 5193 labia
3590 5136 3719 5205 eius
3742 5151 3809 5190 ne

2206 5224 2489 5296 loquantur
2521 5224 2699 5281 dolum
2723 5222 2894 5297 (Psal.
2929 5241 3129 5297 xxxiii,
3172 5225 3283 5298 14).
3320 5224 3460 5295 Hinc
3498 5226 3809 5298 Apostolus

2208 5315 2319 5369 ait:
2351 5308 2410 5381 Si
2437 5317 2552 5387 quis
2576 5324 2725 5388 putat
2768 5333 2823 5372 se
2867 5316 3169 5388 religiosum
3208 5333 3339 5383 esse,
3367 5334 3472 5385 non
3515 5318 3811 5388 refracta

2207 5402 2439 5478 linguam
2461 5400 2631 5475 suam,
2653 5406 2743 5465 sed
2768 5408 3019 5485 seduccns
3055 5425 3148 5462 cor
3166 5425 3344 5482 suum,
3367 5409 3533 5480 hujus
3557 5427 3699 5467 eam
3728 5420 3808 5465 est

2207 5494 2387 5569 religio
2413 5496 2551 5569 (Jac.
2584 5514 2624 5566 ι,
2651 5497 2765 5571 26).
2808 5497 2945 5556 Hinc
2982 5499 3518 5577 beatus‘Ambrositts
3546 5501 3625 5557 ait
3652 5519 3669 5556 :
3702 5500 3815 5558 Est

2204 5588 2367 5645 homo
2411 5589 2503 5661 qui
2553 5586 2826 5649 silentium
2855 5586 3075 5662 quidem
3113 5589 3345 5660 aﬂ'ectat,
3388 5591 3483 5648 sed
3533 5607 3633 5648 eor
3676 5591 3813 5661 dus

2203 5678 2427 5734 multum
2458 5694 2517 5734 se
2545 5681 2908 5737 condemnat:
2939 5681 3041 5739 iste
3080 5681 3203 5738 talis
3242 5666 3477 5737 inultum
3515 5680 3809 5753 loquitur;

2203 5780 2259 5829 et
2287 5781 2370 5830 est
2398 5773 2534 5829 alius
2561 5774 2652 5845 qui
2683 5790 2713 5829 a
2747 5790 2905 5831 mane
2933 5790 3109 5847 usque
3125 5775 3195 5831 ad
3221 5789 3507 5847 vesperam
3528 5773 3810 5844 loquitur,

2202 5872 2259 5923 et
2284 5879 2407 5920 cum
2429 5864 2778 5935 discretione,
2798 5854 3079 5945 silentium.
3098 5880 3358 5949 magnum
3383 5860 3644 5923 custodit.
3672 5860 3825 5925 Hoc
