3972 6328
554 379 660 440 855

1546 376 1604 434 S.
1646 374 2006 433 BENEDICTI
2040 373 2331 432 ABBATIS
2368 373 2782 433 AMANENSIS

3729 377 3837 439 658

550 496 886 555 detractione
911 495 1124 552 illorum
1163 492 1264 550 fuit
1295 493 1517 558 tristior,
1545 508 1647 548 nec
1665 507 1764 562 pro
1787 493 2020 548 vindicta
2045 492 2128 548 di-
2156 495 2210 554 Α
2233 491 2355 547 scit.
2389 493 2455 546 Et
2476 491 2613 546 dixit
2635 507 2802 548 senex
2831 508 2845 546 ε
2877 489 3158 548 Neminem
3207 494 3439 551 amicum
3483 495 3658 555 habes
3683 498 3836 558 illic?

551 591 755 646 vinitus
793 588 936 644 facta
969 574 1179 644 exstitit
1211 587 1412 653 laetior;
1465 585 1561 640 sed
1593 585 1792 655 potius,
1811 582 1967 654 juxta
1995 600 2132 654 prte-

550 693 768 755 ceptum
789 682 1024 748 Domini,
1053 698 1145 737 eos
1163 681 1370 746 dilexit,
1394 687 1556 750 atque
1576 695 1674 750 pro
1695 679 1776 735 eis
1801 679 1998 734 oravit.
2027 679 2129 735 Ubi

545 790 646 830 nos
672 775 879 845 pariter
903 773 1159 829 docemur
1185 787 1293 828 non
1315 770 1626 826 contristari
1647 786 1747 840 pro
1775 771 2128 838 detractione,

546 868 643 924 sed
669 868 842 940 magis
862 867 1096 938 gaudere
1120 865 1187 920 de
1209 864 1571 931 contumeliis,
1595 864 2006 921 reminiscentes
2027 865 2132 921 hoc

545 962 690 1033 quod
711 961 973 1031 scriptum
1004 967 1125 1015 est:
1159 955 1296 1024 Quia
1335 957 1482 1012 ibant
1523 957 1747 1030 apostoli
1781 958 2064 1029 gaudentes
2099 975 2132 1011 a

544 1061 820 1125 conspectu
851 1050 1080 1116 concilii,
1109 1049 1357 1121 quoniam
1378 1049 1524 1120 digni
1551 1049 1716 1104 habiti
1743 1060 1865 1105 sunt
1916 1067 2010 1121 pro
2033 1066 2130 1103 no-

543 1147 685 1200 mine
704 1143 834 1200 Iesu
861 1141 1230 1198 contumeliam
1276 1141 1388 1212 pati
1433 1139 1572 1212 (Act.
1600 1157 1654 1207 v,
1683 1141 1796 1220 4i).
1831 1141 1887 1197 Si
1915 1142 1991 1197 illi
2021 1157 2130 1198 non

543 1233 1005 1290 contristabantur
1033 1231 1098 1287 de
1121 1229 1463 1287 contumeliis
1499 1238 1554 1285 et
1589 1231 1930 1297 verberibus,
1957 1246 2132 1300 neque

542 1341 642 1380 nos
659 1323 971 1380 contristari
999 1323 1258 1378 debemus
1297 1323 1363 1377 de
1382 1321 1565 1377 verbis
1591 1329 1753 1391 atque
1785 1321 2130 1378 detractioni-

539 1417 662 1473 bus.
683 1417 821 1485 Quid
841 1430 973 1488 ergo
999 1413 1146 1470 aliud
1173 1413 1380 1470 faciunt
1405 1413 1774 1478 detrahentes,
1802 1413 1908 1468 nisi
1934 1414 1990 1468 in
2012 1413 2131 1484 pul-

537 1526 720 1566 verem
740 1508 979 1576 sumant,
1006 1516 1170 1581 atque
1186 1510 1242 1564 in
1269 1508 1456 1564 oculos
1476 1523 1604 1564 suos
1625 1516 1827 1563 terram
1855 1508 2133 1564 excitant?

537 1603 778 1660 Vocandi
802 1613 983 1659 tamen
1013 1609 1140 1657 sunt
1183 1609 1238 1656 et
1283 1600 1555 1671 patienter
1591 1599 1938 1670 increpandi,
1969 1599 2128 1669 juxta
2171 1664 2175 1668 ί

534 1705 869 1769 praeceptum
907 1693 1141 1760 Domini,
1194 1693 1286 1765 qui
1336 1694 1472 1749 dixit
1502 1708 1517 1748 :
1547 1691 1606 1749 Si
1655 1695 1943 1764 peccaverit
1990 1695 2046 1749 in
2081 1703 2130 1750 te

536 1789 704 1860 frater
727 1799 872 1856 tuus,
898 1790 1111 1861 increpa
1135 1785 1305 1842 illum.
1330 1785 1399 1840 Et
1449 1787 1494 1842 si
1520 1786 1731 1853 dixerit,
1765 1787 1986 1841 Paenitet
2022 1803 2122 1854 me,

2233 583 2302 638 Et
2327 583 2605 652 respondit
2629 599 2640 634 :
2668 581 2848 637 Unum
2873 585 3247 640 tantummodo
3282 585 3509 644 fratrem
3533 589 3716 646 habeo
3739 593 3835 659 ibi,

2232 675 2319 730 vel
2353 676 2468 744 ipse
2499 674 2643 730 solus
2679 673 2812 728 mihi
2843 676 3166 745 acquiescit;
3201 685 3255 730 et
3299 680 3517 748 quando
3548 697 3638 737 me
3664 684 3834 748 videt,

2232 768 2567 824 convertitur
2590 766 2738 822 velut
2758 775 2971 823 ventus.
3009 767 3188 824 Senex
3236 785 3362 826 vero
3387 772 3530 828 dixit
3564 774 3621 827 ei
3647 793 3662 827 :
3686 775 3834 842 Quo-

2231 860 2394 916 modo
2440 868 2666 915 vocatur
2701 859 2872 915 frater
2913 860 3038 917 ille?
3086 862 3385 933 Respondit
3416 883 3430 920 :
3461 866 3830 925 Theoctistus.

2231 953 2300 1008 Et
2329 969 2453 1008 cum
2478 953 2596 1009 haec
2616 953 2859 1020 dixisset,
2892 954 3128 1009 transiit.
3171 953 3410 1028 Surgens
3447 965 3638 1012 autem
3670 959 3833 1015 abbas

2233 1042 2502 1100 Macarius
2546 1045 2789 1114 perrexit
2842 1046 2909 1101 ad
2947 1045 3164 1102 fratres.
3207 1046 3310 1114 Qui
3357 1065 3485 1104 cum
3529 1052 3828 1119 audissent,

2232 1149 2559 1220 acceperunt
2599 1156 2780 1197 ramos
2807 1140 3112 1211 palmarum
3159 1148 3216 1196 et
3254 1154 3626 1200 occurrerunt
3655 1147 3704 1200 ei
3745 1149 3830 1202 ob-

2229 1231 2407 1299 viam;
2440 1241 2495 1288 et
2517 1235 2786 1304 parabant
2811 1235 3007 1306 singuli
3041 1249 3227 1290 eorum
3256 1235 3418 1292 cellas
3458 1254 3614 1304 suas,
3646 1239 3829 1295 incerti

2230 1325 2370 1396 apud
2399 1340 2560 1396 quem
2591 1326 2909 1382 declinaret.
2942 1323 3117 1380 Senex
3144 1335 3328 1382 autem
3354 1326 3684 1398 inquirebat
3718 1332 3828 1401 quis

2231 1414 2374 1470 inter
2403 1429 2498 1472 eos
2526 1416 2873 1472 Thcoctistus
2906 1416 3232 1484 vocabatur;
3265 1426 3320 1472 et
3359 1417 3660 1475 inveniens
3693 1435 3826 1486 eum,

2230 1507 2456 1564 intravit
2499 1509 2555 1563 in
2601 1509 2788 1565 cellam
2839 1511 2975 1582 ejus.
3017 1511 3364 1568 Thcoctistus
3407 1529 3546 1586 ergo
3601 1520 3828 1586 suscepit

2230 1617 2355 1658 eum
2381 1602 2640 1672 gaudens.
2685 1602 2820 1658 Cum
2859 1611 3042 1659 autem
3083 1605 3378 1676 coepissent
3409 1615 3640 1663 secrete
3670 1608 3824 1678 loqui,

2229 1695 2366 1751 dixit
2392 1696 2443 1750 ei
2465 1710 2633 1752 senex
2662 1714 2676 1750 :
2708 1695 2988 1763 Quomodo
3021 1698 3166 1754 circa
3203 1708 3258 1754 te
3301 1707 3386 1756 est
3415 1700 3638 1756 frater?
3663 1702 3728 1756 Et
3753 1703 3825 1758 ille

2184 1824 2194 1844 ι
2230 1786 2366 1842 dixit
2397 1800 2413 1839 :
2443 1785 2928 1844 Orationibus‘tuis
2965 1787 3365 1860 adjuvantibus,
3389 1791 3560 1847 bene.
3590 1791 3669 1846 Et
3707 1792 3823 1846 dixit

536 1882 744 1937 dimitte
773 1881 857 1936 illi
881 1894 900 1933 :
923 1890 970 1935 et
992 1881 1039 1934 si
1067 1879 1250 1950 septies
1272 1881 1327 1934 in
1353 1879 1439 1933 die
1466 1879 1749 1951 peccaverit
1769 1880 1825 1933 in
1847 1889 1916 1945 te,
1944 1887 1992 1934 et
2013 1895 2129 1951 sep—
2154 1869 2202 1929 B
2230 1889 2396 1932 senex
2421 1875 2574 1932 :Non
2603 1877 2922 1949 impugnant
2944 1885 2997 1933 te
3026 1879 3386 1950 cogitationes
3409 1882 3563 1936 tuae?
3596 1881 3823 1954 Respon-

535 1973 634 2027 ties
663 1973 874 2040 dixerit,
907 1970 1131 2028 Paenitet
1167 1989 1267 2038 me,
1299 1972 1502 2028 dimitte
1533 1971 1614 2026 illi
1664 1971 1815 2044 (Luc.
1863 1987 1998 2039 xvn,
2044 1971 2121 2045 5).

538 2061 793 2138 Quisquis
858 2063 1024 2137 igitur
1089 2063 1194 2120 hoc
1255 2062 1464 2129 fecerit,
1526 2071 1582 2118 et
1656 2062 1893 2134 seipsum
1951 2061 2126 2118 salva-

533 2152 634 2220 bit,
659 2163 714 2212 et
743 2154 1116 2211 detrahentem
1141 2153 1450 2227 proximum
1477 2154 1543 2210 de
1565 2153 1775 2225 peccati
1811 2152 1967 2211 fovea
1987 2151 2124 2209 libe-

533 2248 701 2306 rabit.
813 2239 822 2243 ’
1023 2261 1026 2266 ·

1109 2338 1338 2396 CAPUT
1367 2339 1550 2396 LXIV.

696 2433 776 2491 De
810 2432 1212 2506 cogitationibus
1234 2442 1282 2488 et
1305 2432 1577 2487 diabolicis
1605 2430 1960 2488 illusionibus.
2061 2475 2070 2486 ,

562 2599 564 2602 ν
606 2527 760 2586 Sicut
790 2527 935 2583 enim
967 2543 997 2580 a
1033 2526 1191 2581 malis
1210 2525 1464 2595 operibus
1502 2533 1558 2580 et
1601 2525 1872 2595 perversis
1894 2523 2123 2581 locutio-

535 2618 701 2678 nibus
729 2627 942 2692 oportet
963 2617 1236 2674 solitarios
1263 2618 1556 2685 abstinere,
1590 2618 1664 2672 ita
1690 2617 1855 2673 etiam
1883 2633 1914 2672 a
1941 2617 2125 2688 pravis

533 2713 954 2786 cogitationibus
994 2711 1193 2766 debent
1243 2725 1301 2766 se
1355 2709 1519 2766 corda
1560 2709 1775 2765 illorum
1829 2709 2121 2766 custodire.

533 2802 692 2860 Unde
712 2803 905 2860 beatus
924 2800 1286 2874 Hieronymus
1299 2801 1552 2856 admonet
1578 2800 1761 2856 dicens
1787 2817 1802 2854 :
1832 2797 1954 2854 Non
1979 2800 2126 2856 sinas

532 2894 894 2967 cogitationes
916 2893 1086 2948 malas
1123 2893 1180 2948 in
1213 2893 1376 2949 corde
1416 2900 1509 2948 tuo
1539 2905 1806 2948 crescere.
1841 2891 1910 2945 Et
1945 2891 2073 2946 alibi
2108 2910 2120 2946 :

530 2985 709 3058 Caput
759 2985 1104 3058 cogitationis
1151 2987 1397 3054 exclude,
1437 2995 1493 3042 et
1543 2995 1740 3042 caetera
1776 2993 2121 3063 superantur.

527 3078 652 3136 Non
678 3081 824 3136 enim
847 3088 1027 3152 potest
1051 3081 1327 3151 corrumpi
1357 3095 1575 3150 corpus,
1605 3078 1713 3134 nisi
1763 3080 1914 3150 prius
1937 3094 2126 3143 corru-

527 3181 659 3244 ptus
682 3173 753 3228 sit
779 3173 1023 3240 animus;
1055 3180 1112 3227 et
1134 3173 1268 3228 nihil
1287 3181 1466 3244 potest
1487 3171 1672 3228 facere
1693 3187 1822 3228 caro
1846 3171 1950 3227 nisi
1980 3172 2124 3242 quod

2229 1971 2308 2028 dit
2343 1971 2540 2028 iterum
2565 1989 2578 2026 :
2609 1969 2755 2026 Bene
2777 1986 2897 2027 sum
2929 1989 2942 2026 :
2977 1973 3331 2028 erubescebat
3361 1973 3519 2028 enim
3545 1974 3744 2030 dicere
3765 1977 3820 2031 ei.

2227 2061 2296 2118 Et
2325 2062 2457 2118 dicit
2477 2063 2527 2118 ei
2549 2078 2714 2118 senex
2746 2079 2761 2118 :
2793 2064 2933 2120 Ecce
2959 2073 3092 2135 quot
3113 2080 3284 2120 annos
3308 2066 3493 2122 habeo
3523 2068 3586 2122 in
3611 2085 3824 2125 conver-

2227 2155 2436 2211 satione
2461 2154 2564 2210 loci
2594 2155 2770 2222 istius,
2802 2162 2858 2210 et
2881 2170 3071 2210 omnes
3109 2155 3378 2211 honorant
3403 2173 3520 2224 me,
3554 2168 3618 2213 et
3658 2169 3820 2216 tamen

2225 2245 2282 2301 in
2309 2245 2412 2302 hac
2432 2254 2710 2301 senectute
2735 2244 2964 2301 infestus
2985 2254 3070 2302 est
3090 2246 3225 2301 mihi
3255 2247 3482 2317 spiritus
3506 2248 3820 2306 fornicatio-

2224 2335 2332 2392 nis.
2361 2337 2430 2391 Et
2451 2337 2729 2409 respondit
2751 2337 3116 2406 Thcoctistus,
3155 2336 3356 2396 dicens
3381 2358 3395 2394 :
3433 2341 3647 2410 Crede,
3676 2345 3816 2411 abba,

2225 2429 2352 2500 quia
2384 2438 2440 2485 et
2481 2431 2637 2486 mihi.
2687 2430 2866 2486 Senex
2914 2439 3093 2488 autem
3145 2432 3433 2488 simulabat
3465 2436 3647 2491 etiam
3701 2437 3817 2492 alias

2225 2523 2585 2594 cogitationes
2614 2523 2717 2580 sibi
2766 2540 2886 2580 esse
2917 2525 3194 2592 molestas,
3227 2526 3401 2583 donec
3455 2528 3682 2586 faceret
3708 2547 3816 2585 eum

2225 2614 2491 2670 confiteri.
2538 2613 2742 2670 Deinde
2791 2614 2963 2670 dicit:
3002 2615 3284 2682 Quomodo
3322 2615 3590 2686 jejunas?
3625 2620 3693 2673 Et
3742 2618 3819 2673 ille

2225 2707 2397 2764 dixit:
2423 2686 2506 2762 Ad
2535 2721 2755 2763 nonam.
2797 2707 2945 2762 Dixit
2989 2708 3040 2763 ei
3079 2722 3244 2764 senex
3273 2725 3286 2763 :
3315 2706 3518 2780 Jejuna
3553 2725 3730 2781 usque
3758 2711 3818 2764 ad

2223 2803 2529 2872 itcsperam,
2553 2806 2608 2854 et
2637 2799 2870 2865 abstine,
2905 2806 2960 2854 et
3011 2798 3130 2870 lege
3177 2799 3499 2871 Evangelia,
3531 2811 3598 2856 ut
3630 2817 3821 2857 mem

2223 2896 2360 2951 riter
2381 2894 2634 2951 retineas.
2662 2892 2771 2948 Sed
2795 2901 2851 2948 et
2877 2891 3010 2947 alias
3048 2908 3117 2948 ex
3149 2893 3329 2949 animo
3377 2895 3659 2952 meditare
3690 2895 3822 2950 Scri-

2221 2997 2442 3057 pturas;
2476 2993 2534 3039 et
2583 2985 2629 3039 si
2679 2981 2777 3037 tibi
2820 2982 3128 3038 ascenderit
3179 2983 3436 3055 cogitatio
3487 2985 3664 3051 mala,
3696 3001 3822 3039 nun.

2224 3093 2385 3148 quam
2431 3076 2683 3132 deorsum
2722 3074 2988 3142 aspicias,
3045 3073 3140 3129 sed
3203 3089 3419 3145 semper
3466 3091 3722 3140 sursum,
3775 3085 3820 3129 et

2223 3165 2404 3222 statim
2431 3173 2482 3219 te
2508 3163 2769 3220 Dominus
2791 3160 3085 3231 adjuvabit.
3117 3162 3184 3217 Et
3207 3164 3487 3235 corrigens
3512 3180 3690 3220 senex
3725 3165 3824 3219 fra-

529 3241 767 3319 voluerit
796 3264 1028 3320 animus.
1059 3263 1266 3320 Idcirco
1288 3241 1491 3319 munda
1528 3264 1678 3335 prius
1713 3279 1743 3318 a
1771 3265 1956 3334 pravis
1979 3241 2124 3335 cogi-
2150 3241 2194 3305 Ο
2227 3269 2366 3317 trem
2386 3258 2560 3326 illum,
2584 3272 2841 3313 reversus
2862 3266 2944 3313 est
2968 3257 3025 3312 in
3051 3258 3394 3315 solitudinem
3409 3277 3586 3315 suam.
3612 3263 3685 3316 Et
3706 3278 3822 3317 cum

532 3355 833 3411 tationibus
856 3356 1116 3420 animum,
1141 3367 1194 3410 et
1223 3371 1348 3411 caro
1369 3371 1478 3410 non
1496 3355 1744 3426 peccabit
1769 3355 1825 3409 in
1841 3363 2122 3410 aeternum.

529 3449 699 3505 Bona:
719 3458 903 3505 autem
931 3449 1284 3519 cogitationes
1317 3463 1532 3518 semper
1575 3464 1605 3502 a
1637 3449 1749 3504 Deo
1805 3447 2124 3520 procedunt,

531 3540 692 3597 malae
743 3540 1106 3614 c0gitationes
1150 3553 1280 3595 vero
1320 3539 1605 3609 aliquoties
1649 3555 1680 3594 a
1723 3539 2127 3609 nobismetipsis

530 3633 779 3700 veniunt,
803 3641 860 3690 et
900 3631 1187 3703 aliquoties
1240 3631 1498 3685 instinctu
1545 3629 1744 3685 diaboli
1795 3630 2123 3685 excitantur.

531 3723 707 3781 Nemo
728 3725 875 3781 enim
897 3734 1077 3796 potest
1104 3739 1136 3777 a
1160 3722 1375 3778 diabolo
1402 3721 1601 3792 decipi,
1631 3721 1734 3776 nisi
1758 3721 1803 3776 is
1829 3721 1921 3791 qui
1941 3720 1993 3776 ei
2017 3736 2128 3776 suae

531 3818 833 3873 voluntatis
859 3832 1141 3873 assensum
1181 3818 1422 3887 praebere
1472 3815 1722 3871 voluerit.
1757 3813 1814 3869 Si
1846 3814 1994 3870 enim
2048 3829 2148 3886 rei

534 3923 842 3979 pugnamus
870 3907 940 3974 ei,
969 3907 1138 3977 fugiet
1187 3921 1220 3960 a
1247 3907 1425 3961 nobis.
1473 3905 1626 3962 Unde
1664 3905 1858 3961 beatus
1894 3903 2128 3960 Jacobus

535 3999 814 4068 apostolus
840 4017 852 4052 :
881 3997 1144 4064 Resistite,
1172 3998 1374 4067 inquit,
1399 3997 1629 4064 diabolo,
1658 4006 1706 4051 et
1749 3997 1911 4068 fugiet
1934 4014 1966 4050 a
1987 3995 2151 4071 vobis

539 4085 687 4159 (Jac.
714 4104 790 4154 iv,
822 4087 896 4160 7).
930 4087 1047 4154 Qua
1089 4088 1155 4142 de
1192 4102 1354 4142 causa
1398 4089 1471 4142 ita
1510 4088 1566 4143 in
1601 4071 1988 4143 Collationibus
2020 4086 2126 4141 Pa-

538 4188 684 4234 trum
705 4180 903 4252 legitur
932 4199 944 4234 :
974 4180 1217 4248 Quodam
1247 4178 1491 4251 tempore
1522 4182 1714 4237 beatus
1737 4180 2002 4237 Macarius
2028 4181 2126 4236 ha-

533 4270 747 4326 ltitabat
775 4272 829 4327 in
866 4271 984 4328 loco
1011 4272 1229 4328 deserto
1252 4272 1420 4339 solus,
1443 4280 1497 4327 et
1517 4282 1634 4328 erat
1673 4288 1840 4344 prope
1867 4273 1974 4328 alia
1999 4273 2126 4328 soli-

534 4365 667 4420 tudo
711 4363 777 4421 in~
811 4383 916 4438 qua
969 4367 1287 4423 habitabant
1333 4367 1552 4438 plurimi
1607 4365 1824 4422 fratres.
1876 4366 1943 4420 Et
1992 4367 2129 4422 vidit

535 4470 706 4513 senex
758 4457 1015 4514 Satanam
1064 4459 1370 4514 venientem
1434 4459 1489 4513 in
1537 4459 1721 4514 habitu
1777 4459 2033 4525 hominis,
2069 4466 2130 4512 nt

2227 3352 2560 3417 observaret,
2584 3351 2722 3406 vidit
2747 3349 2945 3406 iterum
2970 3349 3269 3405 daemonem
3298 3351 3471 3417 illum,
3500 3361 3553 3407 et
3571 3353 3821 3410 dixit.ei:

2229 3443 2344 3512 Quo
2365 3443 2520 3498 vadis
2547 3441 2785 3498 iterum?
2809 3441 2877 3496 Et
2897 3441 2986 3496 ille
3008 3442 3321 3512 respondit:
3346 3443 3572 3498 Visitare
3584 3442 3824 3508 fratres,

2227 3547 2283 3593 et
2309 3535 2460 3591 abiit.
2505 3537 2644 3590 Dum
2696 3542 2876 3589 autem
2910 3541 3296 3600 reverteretur,
3329 3535 3468 3589 dixit
3517 3535 3568 3589 ei
3609 3549 3822 3589 senex:

2227 3625 2505 3695 Quomodo
2546 3633 2671 3680 sunt
2721 3623 2918 3680 fratres
2943 3623 3054 3678 illi?
3088 3624 3156 3679 Et
3183 3625 3461 3695 respondit
3491 3640 3507 3678 :
3539 3625 3707 3680 Male.
3736 3626 3823 3680 Sc-

2226 3731 2332 3773 nex
2363 3725 2545 3773 autem
2577 3731 2591 3770 :
2615 3715 2828 3783 Quare?
2859 3716 2927 3770 Et
2956 3715 3044 3770 ille
3069 3717 3345 3787 respondit
3378 3715 3553 3783 :Quia
3578 3719 3685 3772 toti
3711 3733 3823 3773 san-

2227 3808 2300 3864 cti
2321 3816 2447 3864 sunt
2478 3826 2491 3862 :
2517 3815 2573 3864 et
2600 3808 2774 3879 magis
2807 3807 3032 3874 malum,
3065 3806 3192 3878 quia
3234 3821 3400 3861 unum
3443 3821 3615 3876 quem
3669 3808 3823 3862 habui

2227 3902 2460 3958 amicum
2483 3910 2538 3958 et
2559 3903 2920 3968 obedientem,
2943 3902 3077 3957 mihi
3095 3901 3256 3958 etiam
3285 3901 3419 3970 ipse,
3446 3902 3645 3957 nescio
3669 3902 3820 3966 unde,

2227 3996 2520 4052 subversus
2565 4004 2692 4052 est:
2720 4011 2824 4052 nec
2870 3996 2987 4066 ipse
3041 3995 3173 4050 mihi
3227 3981 3338 4064 jam
3380 3995 3822 4064 acquiescit,sed

2227 4091 2480 4148 omnibus
2504 4092 2745 4148 sanctior
2776 4089 2952 4147 factus
2973 4097 3076 4157 cst,
3105 4097 3162 4146 et
3208 4098 3499 4161 propterea
3532 4088 3726 4158 juravi
3748 4103 3822 4144 me

2219 4180 2334 4252 jam
2358 4197 2465 4238 non
2488 4182 2699 4238 calcare
2738 4183 2808 4237 ad
2852 4182 3005 4237 illum
3049 4181 3249 4248 locum,
3285 4181 3388 4236 nisi
3431 4189 3563 4251 post
3611 4183 3824 4252 longum

2231 4289 2458 4351 tempus.
2520 4279 2647 4334 Haec
2691 4279 2878 4335 dicens
2943 4279 3181 4343 transiit,
3228 4276 3548 4347 relinquens
3620 4289 3822 4330 senem.

2231 4370 2462 4427 Sanctus
2492 4386 2622 4426 vero
2645 4386 2810 4426 senex
2833 4370 3056 4425 intravit
3098 4369 3290 4426 cellam
3321 4383 3474 4423 suam
3508 4367 3756 4422 adorans
3777 4378 3829 4417 et

2230 4463 2434 4536 gratias
2465 4478 2633 4535 agens
2654 4464 2784 4518 Deo.
2819 4463 2917 4518 Hic
2947 4464 3107 4518 datur
3153 4461 3374 4531 intelligi
3401 4459 3534 4530 quia
3569 4460 3684 4514 nisi
3713 4458 3828 4529 quis

532 4552 798 4607 transiret
819 4541 917 4623 per
943 4552 1134 4608 cellam
1163 4551 1298 4622 ejus.
1339 4553 1570 4609 Videbat
1606 4561 1788 4609 autem
1816 4570 1940 4609 eum
1972 4552 2124 4623 quasi
2151 4591 2205 4652 D
2231 4556 2600 4613 voluntatibus
2615 4556 2811 4612 diaboli
2836 4571 2894 4611 se
2916 4564 3109 4626 sponte
3140 4554 3461 4619 subdiderit,
3495 4563 3831 4624 potestatem

533 4642 718 4696 tunica
747 4643 827 4697 uti
858 4644 1001 4700 linea
1025 4645 1247 4700 omnino
1273 4653 1504 4712 vetusta,
1538 4655 1594 4700 et
1636 4661 1734 4716 per
1769 4645 1952 4700 omnia
1981 4643 2126 4700 fora-

535 4730 685 4786 mina
715 4732 830 4802 ejus
865 4735 1170 4802 pendebant
1229 4735 1492 4806 ampullzn.
1538 4735 1607 4789 Et
1632 4735 1768 4789 dixit
1809 4737 1860 4791 ei
1911 4750 2121 4800 senex:

537 4821 658 4890 Quo
678 4823 864 4879 vadis?
887 4823 955 4878 Et
991 4823 1083 4879 ille
1134 4827 1415 4898 rcSpondit
1449 4844 1462 4880 :
1497 4826 1647 4881 Vado
1701 4841 2126 4884 commemorare

535 4915 754 4970 fratres.
791 4914 970 4972 Senex
999 4924 1180 4972 autem
1207 4917 1344 4972 dixit
1377 4937 1390 4974 :
1432 4917 1501 4973 Et
1524 4917 1711 4989 utquid
1738 4919 1832 4974 tibi
1862 4919 2125 4989 ampullas

536 5008 704 5064 istas?
732 5009 800 5064 Et
843 5009 978 5067 dixit
1019 5028 1035 5065 :
1087 5009 1316 5067 Gustum
1366 5011 1628 5068 fratribus
1679 5022 1856 5085 porto.
1889 5014 2033 5070 Dixit
2075 5015 2127 5071 ei

538 5115 704 5158 senex
733 5122 745 5158 :
776 5103 942 5160 Totas
969 5104 1104 5160 istas
1127 5119 1249 5160 cum
1279 5114 1442 5176 gustu
1464 5107 1686 5176 portas?
1711 5107 1778 5162 Et
1801 5108 2080 5178 respondit
2108 5127 2122 5164 :

536 5192 751 5261 Etiam;
781 5205 843 5251 ut
867 5198 913 5252 si
935 5214 1105 5253 unum
1126 5199 1288 5255 alicui
1330 5215 1438 5255 non
1468 5199 1668 5270 placet,
1699 5199 1922 5256 oll‘eram
1949 5201 2124 5269 aliud;

535 5284 591 5342 si
615 5293 798 5344 autem
819 5302 921 5344 nec
936 5289 1086 5356 illud,
1115 5290 1252 5345 dabo
1283 5290 1526 5358 tertium,
1551 5301 1607 5346 et
1635 5292 1706 5346 ita
1732 5307 1829 5362 per
1857 5292 2124 5360 ordinem,

537 5383 604 5434 ut
623 5379 843 5434 omnino
878 5380 964 5436 vel
998 5395 1165 5435 unum
1211 5397 1279 5437 ex
1314 5381 1394 5438 eis
1424 5382 1637 5453 placeat
1663 5381 1733 5436 ei.
1765 5381 1834 5438 Et
1866 5398 1988 5438 cum
2013 5383 2128 5439 haec

540 5467 793 5537 dixisset,
844 5473 1078 5528 transiit.
1112 5473 1181 5528 Et
1227 5472 1552 5529 observabat
1587 5489 1776 5540 senex,
1818 5475 2128 5531 custodiens

537 5559 680 5627 vias,
713 5562 884 5617 donec
908 5562 996 5618 ille
1013 5571 1300 5619 remearet.
1323 5563 1541 5619 Etcum
1563 5564 1773 5620 videret
1790 5579 1911 5620 eum
1942 5580 2126 5631 senex,

543 5648 680 5705 dixit
711 5653 763 5706 ei
799 5669 814 5706 :
849 5651 1026 5710 Sanus
1050 5655 1142 5711 sis.
1174 5655 1242 5710 Et
1270 5655 1548 5727 respondit
1578 5674 1590 5709 :
1626 5654 1728 5711 Ubi
1776 5656 1907 5712 mihi
1948 5655 2130 5711 salus?

541 5737 614 5795 Et
650 5740 788 5795 dixit
835 5759 1002 5802 senex
1043 5763 1056 5800 :
1096 5745 1306 5813 Quare?
1352 5748 1418 5802 Et
1468 5747 1780 5819 respondit?
1829 5747 1963 5815 Quia
1995 5749 2128 5803 mihi

544 5833 708 5890 modo
732 5850 921 5892 omnes
949 5838 1270 5895 sanctiﬁcati
1298 5849 1443 5910 sunt,
1472 5851 1526 5898 et
1562 5856 1720 5897 nemo
1748 5841 1880 5898 mihi
1912 5842 2158 5920 acquieg

2232 4647 2491 4702 adversus
2523 4647 2797 4702 hominem
2819 4661 2926 4703 non
2969 4647 3150 4702 habet.
3179 4646 3247 4701 Et
3287 4646 3428 4701 sicut
3456 4647 3726 4715 superius
3745 4661 3834 4716 pa-

2233 4736 2492 4793 tefactum
2523 4745 2628 4802 est,
2671 4736 2844 4792 nescit
2880 4735 3112 4790 Satanas
3137 4752 3168 4790 a
3203 4749 3307 4805 qua
3334 4733 3596 4804 passione
3647 4735 3832 4789 anima

2232 4828 2520 4884 seducatur
2557 4846 2570 4881 :
2603 4834 2660 4892 et
2692 4825 2812 4882 ideo
2867 4826 3102 4882 seminat
3144 4825 3360 4896 quidem
3404 4824 3460 4878 in
3495 4839 3564 4880 ea
3614 4824 3832 4880 zizania

2231 4937 2349 4988 sua,
2397 4919 2686 4991 aliquando
2731 4920 2937 4990 spargit
2985 4920 3191 4976 semina
3230 4918 3689 4986 fomicationum,
3743 4918 3836 4973 ali~

2233 5013 2446 5085 quando
2480 5012 2875 5068 detractionum
2895 5020 2950 5068 et
2977 5020 3294 5068 caeterorum
3330 5011 3632 5080 vitiorum;
3683 5014 3836 5068 simi-

2233 5103 2358 5167 liter
2382 5103 2686 5173 passiones,
2714 5111 2768 5157 et
2795 5102 2849 5156 in
2880 5118 2986 5172 qua
3017 5103 3268 5173 passione
3291 5101 3438 5157 videt
3459 5103 3721 5159 animum
3749 5104 3840 5158 de

2233 5194 2460 5260 clinare,
2490 5194 2632 5249 hanc
2651 5194 2701 5249 ei
2721 5194 3118 5250 subministrat.
3159 5193 3304 5249 Nihil
3346 5194 3492 5249 enim
3546 5197 3628 5250 sic
3677 5206 3844 5251 exta

2234 5286 2346 5343 diat
2370 5287 2691 5354 daemonem,
2721 5287 2990 5358 quomodo
3011 5288 3056 5342 si
3080 5287 3389 5344 revelentur
3415 5287 3846 5343 stimulationes

2234 5377 2352 5449 ejus
2380 5397 2393 5433 :
2421 5387 2476 5435 et
2493 5378 2628 5434 nihil
2657 5393 2780 5434 eum
2809 5379 2888 5435 sic
2928 5379 3185 5446 lmtiﬁcat,
3209 5379 3482 5450 quomodo
3513 5381 3564 5435 si
3595 5379 3842 5438 abacum

2237 5471 2432 5526 dantur
2453 5471 2808 5542 cogitationes
2837 5470 2973 5542 ejus.
2996 5470 3132 5539 Quia
3172 5486 3298 5541 ergo
3325 5471 3598 5528 Dominus
3643 5481 3847 5528 noster

2230 5561 2389 5619 Jesus
2413 5562 2662 5619 Christus
2692 5563 2842 5619 dedit
2877 5564 3034 5620 nobis
3088 5572 3416 5636 potestatem
3463 5565 3728 5619 calcandi
3753 5580 3847 5620 sn-

2229 5671 2328 5728 per
2355 5667 2632 5728 serpentes
2659 5665 2715 5713 et
2764 5658 3094 5729 scorpiones,
3127 5659 3231 5714 hoc
3256 5667 3362 5723 est,
3411 5655 3590 5712 malas
3617 5659 3846 5727 cogita-

2231 5751 2425 5818 tiones,
2458 5751 2781 5807 mundemus
2805 5768 2903 5824 per
2929 5752 3187 5808 humilem
3223 5749 3629 5807 confessionem
3651 5751 3844 5804 corda

2231 5854 2437 5916 nostra,
2469 5853 2526 5901 et
2559 5846 2814 5917 parvulos
2863 5846 3128 5919 cogitatus
3155 5853 3374 5905 nostros
3427 5843 3734 5901 allidamus
3773 5843 3848 5900 ad
