3972 6328
169 406 276 482 657‘

807 403 1040 478 'comsx
1077 394 1644 474 “emanent-
1674 407 1858 467 PARS
1888 406 1951 464 ιι.
1993 405 2295 466 neeum
2334 405 2440 465 pp.
2481 405 2758 465 omnm.

3321 407 3426 468 658

159 535 456 598 Christum,
484 538 751 603 quatenus
781 530 847 586 de
885 529 1048 586 nobis
1074 528 1287 585 dicatur
1316 529 1421 584 hoc
1439 525 1583 596 quod
1608 523 1742 581 scri-
1767 525 1822 587 Α
1842 535 2035 577 versus
2074 520 2279 577 inimici
2323 521 2668 577 tentationes.
2705 519 2998 578 lnﬁrmitas
3042 527 3219 580 totum
3264 532 3420 582 tuum

159 638 306 702 ptum
329 634 414 683 est
446 644 460 680 :
489 625 683 680 Beatus
717 625 806 696 qui
829 624 1039 690 tenebit,
1072 632 1120 679 et
1148 622 1327 678 allidet
1353 619 1596 694 parvulos
1616 634 1738 674 suos

157 719 228 775 ad
264 729 463 790 petram
510 714 684 789 (Psal.
738 730 960 781 cxxxvr,
1017 714 1092 783 6).
1140 713 1209 768 Et
1259 727 1477 769 rursum
1525 729 1540 766 :
1587 709 1739 766 Beati

159 811 352 866 mundo
383 808 574 876 corde,
605 807 852 880 quoniam
891 808 992 880 ipsi
1033 805 1199 862 Deum
1236 806 1481 863 videbunt
1519 803 1736 878 (Matth.

156 919 208 970 ν,
237 901 324 974 8).

731 988 958 1047 CAPUT
995 989 1153 1047 LXV.

384 1081 463 1137 De
486 1083 702 1138 diversis
729 1083 1100 1138 tentationibus
1124 1081 1502 1137 solitariorum.
1581 1097 1586 1099 ·

224 1171 404 1226 Multis
435 1188 564 1244 ergo
585 1172 952 1229 calamitatum
989 1171 1379 1228 tentationibus
1408 1179 1619 1228 mentes
1643 1186 1732 1228 so-

153 1262 454 1319 litariorum
483 1264 537 1319 in
588 1265 688 1320 hac
736 1264 847 1318 vita
895 1264 1198 1335 pulsantur,
1225 1263 1319 1318 sed
1349 1278 1458 1318 non
1503 1262 1734 1334 amplius

153 1362 324 1411 tentat
381 1370 474 1411 eos
522 1353 766 1410 diabolus
807 1369 970 1425 quam
1001 1355 1095 1410 Dei
1148 1353 1395 1410 voluntas
1441 1352 1728 1425 permittit.

149 1449 432 1507 Tentando
447 1457 648 1517 autem,
673 1465 861 1505 eorum
877 1449 1150 1520 profectus
1169 1449 1376 1515 erudit;
1401 1448 1504 1503 etsi
1518 1446 1726 1513 nolens,

150 1547 330 1597 tamen
360 1555 549 1597 eorum
586 1539 806 1595 utilitati
855 1540 1102 1595 diabolus
1149 1539 1336 1604 servit,
1364 1538 1581 1610 quando
1608 1548 1728 1593 ten-

147 1633 440 1690 tationibus
469 1632 581 1688 suis
606 1647 714 1687 non
742 1631 963 1702 decipit,
1000 1629 1094 1687 sed
1141 1630 1321 1701 potius
1350 1630 1558 1696 erudit;
1592 1629 1731 1684 mul-

145 1724 219 1782 tis
244 1725 388 1784 enim
434 1724 627 1791 modis,
686 1730 750 1778 ut
797 1723 1052 1789 diximus,
1106 1730 1318 1778 mentes
1361 1719 1730 1777 solitarioruin

145 1815 390 1872 diabolus
442 1822 639 1870 tentat.
686 1813 882 1869 Tentat
924 1821 1106 1868 autem
1157 1827 1251 1868 eos
1295 1811 1584 1882 aliquando
1631 1826 1731 1882 per

1843 628 2040 684 corpus
2063 614 2242 669 tenet?
2269 614 2365 669 sed
2411 613 2657 670 interiori
2696 614 2903 670 homini
2934 614 3141 672 sanitas
3200 619 3431 676 crescit.‘

1841 703 1986 760 Nihil
2006 704 2150 760 enim
2177 705 2324 760 aliud
2348 712 2434 762 est
2459 707 2722 777 aegritudo
2752 707 2998 778 corporis
3019 724 3186 781 quam
3216 711 3426 770 sanitas

1839 797 2062 853 mentis.
2087 795 2146 853 Si
2178 797 2466 854 infirmitas
2499 798 2597 855 tibi
2627 798 2752 855 talis
2797 798 2983 868 fuerit,
3006 808 3070 856 ut
3111 817 3218 858 non
3245 804 3425 874 possis
3489 846 3494 849 -

1839 901 1986 951 stare
2013 893 2081 950 ad
2136 895 2403 951 orandum
2435 903 2490 952 et
2523 895 2878 966 psallendum,
2927 913 3037 953 non
3083 899 3426 956 contristeris

1835 999 1936 1055 pro
1967 1001 2051 1052 eo,
2074 986 2201 1057 quia
2231 986 2517 1043 infirmitas
2545 997 2670 1043 orat
2695 1003 2796 1059 pro
2840 996 2914 1045 te.
2951 987 3009 1046 Si
3040 987 3282 1059 jejunus,
3311 1005 3424 1048 non

1837 1076 1935 1131 tibi
1961 1077 2205 1133 invenias
2233 1077 2603 1145 occasionem,
2629 1079 2889 1135 dicendo:
2911 1081 3040 1151 quia
3067 1082 3423 1140 exacerbatus

1835 1167 1892 1222 in
1921 1167 2294 1238 aegritudinem
2325 1169 2603 1225 incurristi
2634 1187 2649 1226 :
2683 1171 2940 1242 quoniam
2961 1179 3018 1226 et
3035 1172 3128 1241 qui
3156 1188 3264 1227 non
3287 1171 3424 1243 jeju-

1834 1268 1985 1326 nant,
2038 1261 2243 1317 similes
2291 1261 2640 1335 aagritudines
2689 1263 2994 1319 incurrunt.
3021 1263 3294 1320 lnchoasti
3323 1265 3424 1321 ali-

1833 1355 1962 1425 quid
1983 1355 2147 1411 boni?
2170 1370 2279 1410 non
2301 1355 2576 1411 revoceris
2610 1371 2709 1426 per
2763 1356 3150 1428 impedimenta
3179 1357 3417 1426 inimici;

1832 1447 2088 1518 quoniam
2115 1446 2323 1519 jejunia
2375 1455 2432 1502 et
2473 1447 2690 1504 labores
2741 1448 2902 1504 nobis
2953 1450 3253 1505 constituta
3295 1459 3424 1504 sunt

1829 1546 2054 1610 propter
2084 1548 2271 1611 turpes
2294 1539 2703 1598 delectationes.
2727 1540 2856 1598 Haec
2893 1543 3077 1598 omnia
3109 1542 3266 1598 nobis
3289 1557 3422 1613 pro—

1831 1628 2104 1686 ﬁciuntad
2133 1631 2461 1687 destruenda
2488 1633 2735 1703 corporis
2752 1632 3041 1689 desideria.
3075 1633 3297 1690 Tentari
3326 1649 3423 1688 au-
3455 1655 3457 1657 ί

1829 1729 1940 1778 tem
1959 1730 2172 1795 oportet
2195 1724 2425 1795 justum,
2443 1727 2539 1783 sed
2566 1728 2865 1783 tentatione
2890 1727 3080 1799 plagae,
3113 1743 3222 1784 non
3248 1734 3424 1783 tenta-

1830 1814 1978 1870 tione
2011 1814 2255 1870 luxuriae.
2311 1815 2654 1888 Quapropter
2691 1818 2866 1874 discat
2905 1834 3015 1874 non
3052 1834 3422 1884 murmurare,

143 1907 391 1964 stimulos
432 1905 768 1979 paupertatis
797 1923 810 1959 :
844 1920 973 1960 nam
1008 1920 1131 1960 cum
1165 1919 1263 1974 per
1301 1903 1546 1959 stimulos
1592 1918 1726 1974 pau-
1753 1895 1801 1956 B
1828 1904 1921 1975 qui
1948 1904 2090 1959 mala
2119 1905 2345 1976 patitur,
2371 1907 2586 1963 etiamsi
2618 1908 2834 1976 ignorat
2869 1925 2969 1964 cur
3009 1909 3153 1965 mala
3197 1910 3422 1979 patitur.

141 2000 370 2070 pertatis
393 2015 498 2055 non
524 2007 703 2070 potest
739 2013 834 2054 eos
878 2011 1121 2062 movere,
1148 1995 1362 2050 divitias
1401 1995 1622 2050 adhibet
1659 1995 1728 2049 ad

139 2092 525 2150 seducendum.
554 2092 624 2147 Et
652 2092 779 2146 dum
817 2106 918 2163 per
947 2089 1300 2144 contumelias
1343 2096 1400 2143 et
1437 2089 1727 2160 opprobria

137 2199 249 2239 non
271 2183 547 2254 praevalet,
569 2181 755 2237 laudes
792 2189 848 2237 et
875 2180 1104 2253 gloriam
1161 2176 1401 2235 adhibet.
1427 2177 1486 2234 Si
1513 2193 1610 2248 per
1639 2192 1726 2232 sa-

135 2274 312 2329 lutem
357 2276 599 2346 corporis
649 2291 758 2331 non
804 2283 1002 2346 potest,
1043 2272 1391 2345 aegritudines
1435 2271 1622 2327 mittit.
1656 2270 1726 2326 Et

133 2362 267 2418 dum
288 2380 388 2434 per
417 2365 801 2422 delectationes
837 2366 1095 2422 seducere
1135 2379 1229 2420 eos
1261 2378 1370 2419 non
1399 2370 1598 2434 potest,
1624 2377 1724 2432 per

136 2451 438 2520 molestias,
461 2470 583 2524 quae
604 2463 790 2512 contra
834 2463 1018 2512 votum
1068 2456 1344 2521 eveniunt,
1368 2469 1463 2510 eos
1483 2461 1724 2510 conatur

135 2553 403 2602 evertere.
434 2547 782 2604 lnﬁrmitates
810 2549 978 2605 etiam
1006 2547 1269 2620 quasdam
1306 2561 1499 2619 graves
1524 2545 1719 2602 adver-

134 2652 233 2694 sus
255 2653 348 2694 eos
378 2639 471 2709 qui
498 2641 739 2696 tentandi
761 2648 888 2696 sunt
917 2639 1155 2707 adhibet,
1182 2647 1243 2694 ut
1261 2654 1358 2710 per
1381 2653 1474 2694 eas
1496 2635 1722 2708 pusilla-

134 2728 312 2785 nimes
331 2727 539 2786 faciens
559 2731 855 2798 solitarios,
880 2731 1172 2788 conturbet
1191 2730 1516 2787 charitatem
1533 2742 1724 2783 eorum

134 2836 300 2892 quam
326 2821 529 2879 habent
557 2825 626 2879 ad
650 2824 957 2881 Dominum.
985 2822 1094 2879 Sed
1135 2821 1382 2894 quamvis
1407 2819 1724 2876 concidatur

133 2924 355 2981 corpus,
384 2919 439 2968 et
471 2911 714 2970 febribus
743 2913 1094 2970 validissimis
1141 2911 1533 2978 inﬂammetur,
1574 2909 1726 2965 insu-

129 3014 234 3070 per
253 3003 414 3058 etiam
442 3005 488 3060 si
513 3005 838 3061 intolerabili
881 3005 1207 3061 contritione
1250 3002 1551 3074 aﬂligatur,
1579 3001 1728 3076 quis-

131 3092 261 3161 quis
283 3108 342 3148 es
376 3095 467 3164 qui
516 3096 634 3151 haec
680 3097 947 3162 sustines,
996 3097 1284 3153 recordare
1328 3094 1497 3150 futuri
1537 3093 1722 3150 saeculi

129 3198 342 3254 poenas,
369 3194 426 3240 et
454 3194 714 3243 aeternum
735 3189 936 3259 ignem,
971 3203 1038 3244 ac
1055 3197 1316 3259 perpetua
1337 3195 1628 3254 tormenta,
1659 3195 1720 3242 ut

133 3276 254 3331 haec
276 3278 518 3348 cogitans
547 3295 652 3334 non
699 3280 921 3336 deﬁcias
972 3281 1039 3335 ad
1089 3295 1152 3334 ea
1195 3296 1316 3352 quae
1359 3281 1416 3336 in
1461 3279 1717 3351 praesenti

127 3369 472 3441 contingunt.
509 3372 733 3442 Insuper
784 3373 947 3428 etiam
987 3374 1160 3444 gaude
1209 3373 1336 3444 quia
1386 3371 1624 3427 visitavit
1666 3379 1719 3428 te

121 3458 311 3527 Deus;
357 3470 413 3516 et
454 3463 583 3518 illud
633 3463 1054 3520 famosissimum
1093 3464 1292 3519 dictum
1325 3465 1379 3518 in
1409 3463 1593 3534 lingua
1621 3463 1718 3518 ha-

117 3549 284 3615 beto,
335 3552 389 3605 id
421 3553 846 3625 estzC'astigans
896 3554 1170 3626 castigavit
1216 3571 1297 3608 me
1345 3553 1634 3621 Dominus,
1668 3562 1718 3607 et

118 3641 296 3696 morti
350 3658 452 3695 non
496 3643 711 3698 tradidit
761 3661 842 3698 me
862 3643 1033 3716 (Psal.
1089 3642 1398 3715 cxvu,18).
1426 3643 1495 3697 Et
1538 3643 1714 3698 illud:

122 3733 302 3801 Quem
333 3735 469 3788 enim
488 3735 662 3806 diligit
692 3735 968 3800 Dominus,
1001 3736 1250 3806 corripit;
1285 3734 1520 3806 ﬂagellat
1542 3743 1718 3789 autem

117 3841 333 3880 omnem
371 3825 542 3894 ﬁlium
568 3843 721 3897 quem
750 3827 929 3897 recipit
955 3825 1140 3898 (Hebr.
1184 3842 1284 3892 xu,
1322 3823 1398 3898 6).
1426 3825 1484 3881 Si
1513 3825 1717 3882 ferrum

119 3933 212 3982 es,
266 3925 387 3988 post
431 3919 730 3974 adhibitum
784 3920 883 3975 tibi
928 3920 1107 3992 ignem
1157 3919 1373 3976 emittes
1396 3920 1710 3989 aeruginem.

119 4006 266 4074 Quia
295 4007 340 4062 si
364 4007 544 4078 justus
571 4024 648 4076 es,
679 4017 734 4065 et
764 4011 880 4066 haec
912 4012 1142 4082 pateris,
1169 4011 1236 4067 de
1263 4011 1474 4081 magnis
1498 4011 1565 4066 ad
1594 4026 1713 4065 ma-

112 4100 242 4170 jora
272 4103 602 4171 provocaris.
638 4103 847 4159 Aurum
876 4121 955 4170 es,
989 4106 1084 4161 sed
1106 4120 1206 4176 per
1227 4105 1407 4174 ignem
1433 4104 1714 4175 probatior

115 4193 254 4246 eris.
285 4192 456 4250 Datus
485 4204 570 4251 est
604 4195 700 4250 tibi
735 4196 959 4267 angelus
985 4194 1220 4262 Satante,
1250 4196 1502 4252 stimulus
1532 4196 1714 4253 carnis

117 4294 262 4351 tum;
312 4287 523 4342 exsulta
579 4289 768 4344 videns
815 4289 902 4344 cui
956 4289 1147 4345 similis
1193 4288 1369 4344 factus
1411 4304 1502 4354 es,
1547 4287 1714 4343 Paulo

116 4375 371 4447 apostolo
394 4377 571 4434 simile
592 4379 790 4434 donum
809 4379 1056 4450 accipere
1074 4380 1342 4436 meruisti.
1367 4379 1508 4435 Audi
1524 4395 1713 4450 quem-

116 4470 419 4526 admodum
480 4473 812 4544 gloriabatur
846 4474 1136 4544 Apostolus
1194 4476 1250 4530 in
1303 4475 1713 4530 infirmitatibus

111 4560 259 4625 suis,
286 4560 360 4615 ita
385 4571 439 4616 et
486 4569 545 4617 tu
595 4564 829 4632 gloriare
869 4564 1054 4622 dicens
1097 4583 1110 4620 :
1146 4565 1389 4620 Libenter
1416 4566 1577 4637 igitur
1603 4563 1714 4635 glo-

111 4650 306 4704 riabor
340 4652 393 4705 in
421 4653 817 4721 inﬁrmitatibus
845 4643 998 4722 meis,
1031 4666 1089 4712 ut
1125 4657 1376 4712 inhabitet
1402 4658 1458 4712 in
1499 4674 1580 4712 me
1609 4658 1710 4712 vir-

108 4751 205 4796 tus
239 4738 435 4798 Christi
465 4743 550 4817 (ΙΙ
590 4743 713 4800 Cor.
736 4763 836 4813 xu,
872 4746 926 4813 5,
963 4746 1037 4820 9).
1075 4747 1142 4803 Et
1189 4765 1403 4804 rursum
1440 4767 1452 4800 :
1483 4747 1708 4815 Quando

105 4833 258 4888 enim
288 4833 549 4902 infirmor,
572 4845 696 4892 tunc
717 4837 905 4908 fortior
916 4855 1031 4893 sum
1045 4848 1092 4893 et
1116 4848 1295 4910 potens
1318 4838 1504 4913 (Ibid.,
1523 4857 1574 4894 υ.
1595 4839 1705 4912 10).

109 4923 176 4980 Si
201 4923 470 4994 febribus,
501 4929 548 4984 si
575 4931 758 5002 rigore
783 4928 1002 5002 frigoris
1030 4932 1336 5002 castigaris,
1360 4946 1568 4987 memor
1589 4939 1708 4988 esto

104 5019 252 5089 quid
269 5017 552 5091 Scriptura
574 5023 706 5078 dicit
732 5040 745 5076 :
774 5022 1129 5079 Transivimus
1151 5042 1243 5095 per
1262 5026 1490 5096 ignemet
1512 5041 1704 5097 aquam

105 5106 300 5181 (Psal.
331 5128 456 5177 va,
487 5111 606 5187 12);
640 5115 917 5170 residuum
941 5122 1024 5170 est
1066 5123 1125 5170 ut
1159 5115 1435 5172 inducaris
1464 5116 1520 5170 in
1543 5116 1702 5172 refri-

102 5202 354 5271 gerium.
384 5203 568 5260 Clama
591 5207 757 5262 etiam
782 5222 906 5263 cum
934 5207 1203 5278 Propheta
1230 5222 1245 5261 :
1280 5207 1348 5261 In
1369 5208 1702 5264 tribulatione

99 5292 364 5347 dilatasti
392 5296 519 5352 mihi
543 5295 714 5369 (Psal.
741 5314 814 5364 ιγ,
847 5298 922 5371 1).
948 5298 1229 5355 Perfectus
1276 5299 1423 5354 enim
1451 5299 1562 5355 eris
1607 5315 1703 5370 per

96 5383 432 5453 hujusmodi
465 5387 858 5443 tribulationes.
887 5387 945 5443 Si
973 5387 1113 5444 forte
1132 5389 1336 5444 amittis
1363 5388 1567 5456 oculos,
1593 5402 1703 5444 non

92 5474 268 5533 feras
301 5477 560 5548 graviter,
590 5481 915 5536 extollentia:
952 5481 1094 5537 enim
1115 5468 1534 5537 instrumentum
1569 5481 1702 5536 ami-

94 5571 264 5635 sisti,
296 5569 392 5625 sed
429 5572 778 5631 interioribus
816 5574 988 5632 oculis
1026 5575 1251 5646 gloriam
1297 5576 1394 5632 Dei
1441 5573 1707 5645 speculari

93 5661 301 5720 stude.
334 5660 542 5719 Surdus
579 5665 752 5722 factus
780 5683 862 5732 es,
889 5681 999 5722 non
1051 5667 1422 5734 contristeris;
1454 5667 1580 5739 quia
1610 5682 1706 5721 au-

92 5754 296 5810 ditum
317 5769 516 5810 vanum
549 5757 798 5814 amisisti.
822 5757 1010 5815 Manus
1037 5767 1144 5815 tuae
1163 5774 1231 5814 ex
1255 5759 1433 5830 aliqua
1454 5759 1704 5831 passione

94 5843 421 5902 debilitata:
452 5849 614 5906 sunt?
657 5849 753 5907 sed
802 5849 1089 5909 interiores
1124 5859 1346 5922 paratas
1380 5852 1580 5909 habeas
1615 5852 1704 5907 ad~

1831 1997 1900 2053 Et
1918 2012 2016 2070 per
2033 1998 2140 2054 hoc
2149 1997 2296 2067 juste
2322 2013 2383 2054 se
2407 1999 2520 2071 pati
2551 1999 2847 2056 arbitretur
2863 2043 2879 2068 ,
2903 2003 3047 2074 quod
3068 2003 3136 2057 ab
3169 2002 3262 2058 illo
3279 2001 3427 2072 judi-

1828 2098 1988 2146 catur
2015 2090 2170 2162 cujus
2205 2108 2482 2163 nunquam
2500 2092 2704 2163 judicia
2743 2093 2941 2163 injusta
2981 2105 3127 2151 sunt.
3158 2095 3260 2164 Qui
3291 2111 3426 2166 ergo

1825 2182 1882 2238 in
1902 2183 2130 2254 ﬂagellis
2157 2192 2482 2251 murmurat,
2514 2185 2784 2256 justitiam
2827 2185 3138 2256 iudicandis
3168 2194 3422 2254 accusat;

1826 2273 1918 2343 qui
1951 2288 2082 2328 vero
2112 2274 2263 2344 juste
2317 2289 2378 2329 se
2419 2276 2758 2346 recognoscit
2812 2291 2844 2329 a
2887 2276 3034 2347 justo
3077 2276 3261 2345 judice
3311 2277 3426 2347 pati

1825 2363 1968 2434 quod
2001 2364 2262 2430 sustinet,
2310 2365 2525 2420 etiamsi
2556 2380 2720 2436 super
2770 2383 2877 2436 quo
2931 2367 3137 2439 patitur
3183 2369 3422 2440 ignorat,

1823 2466 1922 2523 per
1947 2453 2051 2509 hoc
2073 2452 2189 2523 jam
2213 2455 2548 2526 justiﬁeatur
2572 2471 2672 2527 per
2698 2456 2844 2528 quod
2880 2459 3235 2529 semetipsum
3262 2473 3423 2515 accu-

1825 2549 1930 2610 sat,
1962 2550 2019 2600 et
2056 2543 2153 2599 Dei
2192 2542 2461 2613 justitiam
2483 2545 2689 2602 laudat.
2721 2546 2921 2604 Beatus
2952 2549 3046 2620 qui
3082 2549 3200 2604 haec
3236 2548 3422 2606 omnia

1827 2637 2012 2695 tulerit
2029 2638 2319 2710 patienter.

2397 2729 2626 2788 CAPUT
2658 2729 2841 2789 LXVI.

2211 2822 2292 2879 De
2327 2824 2660 2878 tentamentis
2682 2823 3025 2879 somniorum.

1895 2910 2220 2983 Plerumque
2249 2913 2523 2967 daemones
2566 2912 2622 2967 in
2648 2912 2901 2968 noctibus
2930 2912 3192 2970 solitariis
3226 2928 3419 2972 occur-
3463 2921 3468 2924 '

1824 3011 2031 3069 rentes,
2065 3011 2125 3057 ut
2173 3001 2550 3060 formidolosos
2575 3018 2670 3060 eos
2725 3003 2946 3070 faciant,
3007 3020 3107 3075 per
3164 3020 3418 3077 soporem

1823 3093 2176 3161 conturbant;
2207 3103 2264 3150 et
2283 3110 2419 3166 quos
2445 3095 2732 3168 vigilantes
2763 3095 2908 3152 intus
2933 3104 3168 3164 tentant,
3196 3111 3297 3152 nec
3325 3114 3418 3155 su-

1820 3195 2034 3260 perant,
2067 3188 2396 3245 dormientes
2425 3189 2630 3246 acriter
2650 3189 2990 3263 impugnant.
3014 3189 3417 3262 Nonnunquam

1745 3257 1790 3321 C
1821 3257 2004 3336 autem
2032 3288 2086 3336 et
2115 3288 2304 3351 aperta
2356 3257 2766 3353 impugnatione
2806 3257 3120 3355 grassantes
3175 3257 3417 3340 humana

1818 3385 2050 3441 corpora
2075 3370 2386 3439 verberant,
2438 3371 2579 3427 sicut
2630 3373 2793 3428 beato
2845 3373 3084 3430 Antonio
3134 3373 3406 3430 fecerunt.

1818 3461 1973 3530 Quod
2005 3469 2208 3528 tamen,
2240 3463 2352 3517 Deo
2397 3463 2768 3533 permittente,
2814 3463 3079 3520 malorum
3110 3463 3174 3519 fit
3193 3465 3262 3520 ad
3289 3464 3412 3522 vin-

1818 3553 2037 3619 dictam,
2059 3551 2330 3622 justorum
2367 3568 2498 3608 vero
2547 3555 2616 3609 ad
2655 3553 2999 3610 tolerantiam
3057 3564 3113 3612 et
3158 3555 3407 3627 gloriam.

1817 3644 2140 3715 Plerumque
2179 3645 2441 3700 immundi
2479 3645 2702 3715 spiritus
2726 3661 2822 3702 eos
2848 3661 2985 3717 quos
3015 3637 3332 3703 incumbere
3354 3647 3410 3704 in

1818 3735 2000 3791 saeculi
2029 3750 2213 3790 amore
2241 3735 2603 3806 conspiciunt,
2633 3737 2966 3793 dormientes
3015 3738 3250 3810 quadam
3269 3752 3410 3792 vana

1816 3827 1932 3898 spei
1960 3827 2322 3898 prosperitate
2353 3826 2603 3894 illudunt,
2632 3827 2772 3882 sicut
2812 3819 3010 3899 legitur
3054 3828 3110 3883 in
3158 3829 3410 3898 Dialogo-

1817 3935 1937 3974 rum
1965 3919 2103 3974 libro
2131 3919 2344 3974 cuidam
2374 3919 2694 3990 contigisse;
2729 3920 2818 3991 qui
2845 3921 2972 3976 dum
3001 3921 3212 3976 somnia
3233 3921 3402 3976 vehe-

1814 4019 2026 4066 menter
2043 4011 2364 4076 attenderet,
2399 4011 2449 4066 ei
2477 4026 2578 4082 per
2603 4012 2872 4067 somnium
2901 4011 3059 4084 longa
3097 4012 3272 4084 spatia
3303 4012 3404 4068 bu-

1809 4101 1899 4173 jus
1919 4101 2043 4156 vitae
2087 4089 2362 4172 promissa
2412 4109 2558 4158 sunt.
2615 4101 2858 4173 Cumque
2891 4103 3093 4158 multas
3142 4103 3402 4174 pecunias

1813 4207 1911 4264 pro
1943 4193 2204 4265 longioris
2239 4195 2364 4250 vita:
2394 4195 2678 4266 stipendiis
2723 4195 3048 4267 collegisset,
3073 4196 3146 4250 ita
3179 4191 3405 4267 repente

1815 4283 2101 4340 defunctus
2129 4293 2228 4349 est,
2260 4294 2322 4340 ut
2345 4286 2579 4342 intactas
2608 4301 2798 4342 omnes
2826 4286 3179 4356 relinqueret,
3202 4293 3259 4340 et
3285 4286 3402 4356 ipse

1814 4390 2000 4431 secum
2030 4375 2161 4430 nihil
2189 4390 2258 4430 ex
2302 4376 2446 4432 bono
2474 4392 2638 4448 opere
2684 4383 2947 4447 portaret.
3001 4374 3400 4445 Nonnunquam

1814 4467 1977 4522 etiam
2003 4467 2232 4523 Satanas
2258 4468 2312 4521 in
2332 4469 2582 4539 angelum
2605 4469 2744 4525 lucis
2791 4483 2910 4524 sese
2939 4483 3047 4522 non
3075 4467 3248 4524 solum
3278 4468 3401 4524 dor-

1815 4559 2052 4626 miendo,
2081 4562 2176 4616 sed
2199 4561 2363 4616 etiam
2394 4561 2666 4634 vigilando
2715 4560 3083 4628 transformat,
3117 4571 3179 4618 ut
3206 4577 3400 4634 quem-

1814 4651 1949 4708 libet
1969 4651 2149 4722 aliqua
2176 4653 2380 4709 erroris
2414 4652 2603 4708 fraude
2633 4653 2894 4724 decipiat;
2935 4653 3076 4710 sicut
3103 4654 3302 4727 legitur
3341 4655 3399 4710 in

1811 4743 2199 4801 Collationibus
2220 4743 2439 4800 Patrum
2467 4747 2532 4801 de
2553 4743 2784 4816 quodam
2813 4760 2962 4811 sene,
2993 4746 3085 4817 qui
3119 4747 3313 4802 sedens
3341 4746 3398 4801 in

1810 4833 1945 4888 cella
1974 4849 2071 4890 sua
2107 4843 2163 4890 et
2191 4835 2470 4891 sustinens
2495 4835 2847 4903 tentationes,
2878 4837 3097 4894 videbat
3123 4838 3397 4894 daemones

1809 4925 2115 4993 manifeste,
2148 4934 2204 4982 et
2231 4928 2610 4984 contemnebat
2634 4943 2748 4984 eos.
2776 4926 2913 4984 Cum
2937 4936 3119 4984 autem
3144 4926 3396 4982 diabolus

1808 5017 2018 5074 videret
2041 5035 2100 5074 se
2135 5020 2284 5076 vinci
2311 5036 2342 5075 a
2367 5036 2514 5088 sene,
2545 5023 2695 5078 venit
2729 5031 2786 5077 et
2817 5021 3056 5077 ostendit
3092 5034 3152 5074 se
3189 5020 3241 5074 ei
3263 5059 3279 5084 ,
3312 5018 3393 5073 di-

1810 5123 1941 5165 cens
1974 5125 1987 5163 :
2027 5109 2122 5165 Vis
2168 5110 2353 5166 videre
2399 5110 2713 5168 Christum?
2749 5112 2818 5167 Et
2859 5110 3187 5182 respondens
3227 5121 3394 5165 senex

1811 5197 1949 5254 dixit
1982 5198 1997 5252 ε’
2033 5199 2450 5258 Anathematizo
2497 5212 2569 5269 te,
2598 5211 2653 5258 et
2693 5218 2818 5257 eum
2862 5202 2928 5258 de
2952 5216 3058 5272 quo
3094 5200 3259 5267 dicis;
3290 5215 3393 5272 ego

1811 5298 1991 5345 autem
2039 5290 2258 5347 Christo
2299 5309 2421 5349 meo
2467 5296 2629 5350 credo
2681 5294 2882 5350 dicenti
2920 5311 2932 5347 :
2975 5291 3032 5348 Si
3077 5294 3194 5364 quis
3246 5292 3390 5350 vobis

1811 5381 2000 5436 dixerit
2029 5396 2049 5434 :
2069 5381 2206 5438 Ecce
2225 5385 2308 5440 hic
2339 5384 2578 5440 Christus
2604 5393 2652 5439 et
2687 5401 2801 5439 ecce
2824 5382 2966 5450 illic;
2996 5382 3155 5438 nolite
3181 5383 3390 5439 credere

1809 5475 2026 5549 (Matth.
2057 5493 2205 5546 xxw,
2224 5479 2338 5550 25).
2366 5479 2434 5534 Et
2459 5480 2598 5536 dixit
2632 5479 2877 5535 diabolus
2907 5497 2919 5532 :
2951 5477 3063 5550 Ego
3089 5493 3208 5534 sum
3233 5475 3390 5534 Chri-

1807 5576 1944 5624 stus.
1979 5570 2178 5628 Videns
2217 5581 2397 5628 autem
2448 5586 2615 5628 senex
2659 5570 2854 5626 clausit
2903 5570 3088 5626 oculos
3137 5585 3284 5627 suos.
3320 5568 3390 5626 Et

1806 5663 1945 5718 dixit
1970 5665 2019 5719 ei
2069 5665 2354 5721 diabolus:
2383 5652 2562 5732 Quare
2608 5663 2853 5720 clausisti
2904 5663 3090 5719 oculos
3137 5663 3294 5718 tuos?
3317 5661 3386 5716 Et

1806 5757 1941 5812 dixit
1983 5775 2145 5816 senex
2175 5777 2189 5814 :
2221 5760 2333 5831 Ego
2361 5758 2454 5831 hic
2493 5756 2768 5814 Christum
2807 5759 2932 5813 nolo
2955 5756 3176 5821 videre,
3205 5752 3303 5810 sed
3323 5753 3381 5808 in

1804 5849 1916 5906 vita
1956 5850 2134 5906 beata.
2185 5830 2311 5907 Haec
2358 5830 2582 5907 audiens
2622 5847 2870 5908 diabolus
2907 5846 3157 5906 discessit
3195 5845 3267 5902 ab
3290 5856 3379 5901 eo.
