3972 6328
199 428 294 495 669

642 378 873 483 CODEX
911 421 1351 483 REGULARUM
1387 423 1754 481 APPENDIX.
1790 424 2097 483 EXIIOBT.
2133 427 2229 484 AD
2264 427 2571 491 MONACH.
2614 429 2702 485 ET
2741 430 2928 489 VIRG.

3224 392 3229 398 ’
3324 434 3461 495 om

197 545 328 603 illius
352 539 574 598 honoris
601 555 933 608 accrescere,
964 541 1141 598 sciens
1179 543 1439 614 scriptum
1478 559 1490 594 :
1526 538 1582 594 Si
1620 540 1757 594 enim
1783 543 1837 619 Α
1861 544 2085 612 sumpsi.
2118 542 2252 597 Nam
2278 543 2356 599 sic
2377 544 2455 599 ait
2477 545 2764 615 Apostolus
2798 565 2811 601 :
2839 545 3031 604 Zelans
3060 565 3148 605 vos
3180 552 3313 617 zelo,
3343 553 3437 607 de-

195 638 508 713 gloi-i/icatur
536 651 697 690 unum
720 635 1026 702 membrum,
1051 637 1377 708 congaudent
1405 633 1577 689 omnia
1597 650 1758 687 mem-

197 730 310 795 bra;
332 744 420 783 vos
449 735 624 781 autem
650 727 773 781 estis
794 744 978 799 corpus
1003 725 1197 783 Christi
1222 738 1267 782 et
1292 727 1521 785 membra
1555 724 1606 799 (1
1622 723 1757 781 Cor.

193 827 316 901 xw).
332 824 466 903 Nam
490 822 796 896 quicunque
810 822 1053 893 aliquem
1077 832 1316 878 vestrum
1338 821 1761 894 diligit,-omnem

192 920 497 991 dignitatem
522 912 653 981 Deo,
695 914 749 975 in
774 930 936 986 quem
975 928 1071 969 vos
1098 912 1277 978 coitis,
1309 910 1554 977 ascribit.
1580 910 1639 966 In
1659 910 1763 965 hoc

188 1013 311 1071 mite
345 1010 616 1071 silentium
631 1007 852 1078 placet;
894 1007 949 1062 in
972 1006 1075 1063 hoc
1103 1004 1390 1063 atl‘abilitas
1416 1004 1612 1058 blanda
1645 1002 1765 1058 dili-

190 1106 327 1176 gitur
358 1123 371 1158 :
399 1105 544 1165 hunc
572 1101 724 1160 rudis
756 1107 813 1165 et
840 1099 1025 1171 innata
1050 1098 1390 1170 simplicitas,
1419 1098 1563 1167 hunc
1588 1095 1765 1152 scien»

188 1195 259 1251 tia
302 1194 513 1257 erudita
542 1190 894 1261 commendat
942 1207 957 1245 :
1006 1187 1166 1257 hujus
1209 1188 1264 1243 in
1304 1182 1499 1258 jejunii
1534 1184 1765 1257 jugitate

186 1286 472 1358 patientia,
504 1283 665 1354 hujus
704 1282 759 1337 in
778 1280 1129 1351 abstinentia)
1162 1280 1363 1336 virtute
1398 1284 1760 1347 contemptus,

186 1375 339 1448 hujus
359 1376 415 1445 in
443 1373 692 1441 lectionis
710 1371 1027 1439 assiduitate
1049 1371 1308 1427 sedulitas
1327 1384 1428 1442 pro
1457 1368 1764 1424 divinorum

187 1481 467 1535 munerum
508 1450 817 1541 diversitate
862 1462 1132 1525 laudatur.
1186 1458 1323 1527 Haec
1367 1469 1575 1527 autem,
1625 1459 1767 1515 sicut

185 1559 437 1631 scriptum
465 1565 570 1633 est,
601 1564 850 1628 operatur
874 1572 1010 1610 unus
1026 1565 1193 1627 {atque
1219 1552 1356 1609 idem
1394 1552 1609 1623 spiritus
1632 1551 1767 1605 divi-

185 1649 306 1707 dens
342 1646 572 1721 singulis
602 1655 770 1718 prout
813 1644 944 1709 vult.
987 1640 1135 1700 Sicut
1177 1643 1313 1699 enim
1370 1659 1558 1715 corpus
1602 1657 1764 1696 unum

182 1738 410 1797 membra
437 1738 591 1799 habet
614 1736 814 1802 multa,
855 1736 1033 1791 omnia
1054 1744 1242 1807 autem
1276 1731 1507 1797 membra
1544 1732 1609 1789 de
1646 1748 1765 1795 cor-

1857 633 2042 703 spondi
2073 651 2157 688 vos
2186 634 2277 689 uni
2310 637 2422 689 viro
2459 638 2707 707 virginem
2738 648 2933 693 castam
2962 640 3201 696 exhibere
3233 641 3438 698 Christo

1860 721 1947 796 (II
1976 721 2097 778 Cor.
2126 741 2203 793 ιιι,
2242 725 2321 798 ‘2).
2355 725 2546 783 Sciens
2586 729 2847 800 scriptum
2881 743 3001 785 esse
3033 744 3047 784 :
3086 730 3209 785 Non
3235 732 3440 803 ponatis
3468 764 3481 771 ι

1862 813 2199 887 o/I‘ensionem
2240 816 2319 871 vel
2357 819 2667 898 scandalum
2699 820 2856 890 fratri
2887 821 3064 893 (Rom.
3091 839 3203 897 xiv,
3231 823 3342 898 15).
3372 823 3442 881 Et

1860 904 2059 960 iterum
2092 925 2104 961 :
2132 904 2255 962 Sine
2292 894 2576 979 oﬂensione
2598 920 2757 983 estote
2788 904 2992 969 Iudaeis
3022 924 3070 970 et
3094 894 3365 989 gentibus,
3392 924 3440 972 et

1861 995 2115 1054 Ecclesia:
2148 998 2243 1055 Dei
2275 1001 2338 1075 (Ι
2360 1002 2483 1059 Cor.
2506 1021 2629 1075 ιιιιι,
2658 1005 2779 1081 52).
2802 1007 2876 1065 Et
2906 1009 3099 1065 iterum
3133 1029 3146 1066 :
3180 1009 3305 1067 Non
3331 1011 3439 1069 bla-

1861 1090 2158 1161 sphemetur
2194 1093 2385 1150 bonum
2425 1106 2662 1173 nostrum
2708 1097 2898 1171 (Rom.
2936 1118 3055 1171 xxv,
3099 1103 3221 1175 16).
3252 1103 3322 1163 Et
3348 1106 3446 1163 ite-

1863 1196 1984 1235 rum
2013 1197 2027 1235 :
2058 1180 2126 1238 Ut
2166 1185 2293 1255 quid
2336 1185 2550 1257 libertas
2596 1199 2774 1245 nostra
2810 1191 3083 1262 judicetur
3128 1195 3193 1249 ab
3242 1194 3445 1264 inﬁdeli

1862 1276 2179 1331 conscientia
2201 1276 2257 1350 (Ι
2283 1276 2407 1334 Cor.
2426 1296 2499 1349 ¹χ,
2525 1280 2652 1354 29)?
2675 1283 2743 1338 Et
2780 1283 2980 1349 iterum
3009 1305 3022 1340 :
3058 1284 3248 1355 Omnia
3273 1296 3446 1343 autem
3520 1356 3537 1369 ⁸

1863 1376 2035 1431 vestra
2072 1368 2287 1431 honesta
2332 1371 2467 1441 ﬁant
2517 1370 2582 1445 (Ι
2620 1372 2743 1430 Cor.
2784 1392 2913 1443 xiv,
2941 1375 3066 1450 40).
3106 1377 3174 1432 Et
3209 1379 3445 1436 iterum:

1864 1456 2299 1527 Commendantes
2340 1449 2678 1538 nosmetipsos
2723 1468 2780 1523 in
2825 1449 3030 1527 omnem
3078 1469 3449 1524 conscientiam

1865 1551 2135 1609 hominum
2179 1570 2358 1608 coram
2397 1553 2508 1615 Deo
2535 1554 2621 1627 (II
2652 1554 2787 1625 Cor.
2837 1574 2914 1625 IV,
2958 1557 3037 1629 2).
3083 1551 3154 1613 Et
3182 1559 3388 1623 iterum
3434 1577 3446 1613 :

1860 1638 2246 1719 ‘Provideamus
2285 1644 2421 1701 bona
2461 1662 2565 1701 non
2601 1645 2972 1713 solum‘coram
2999 1648 3111 1709 Deo
3132 1690 3147 1716 ,
3174 1650 3266 1717 sed
3295 1650 3453 1706 etiam

1866 1750 2048 1790 caram
2083 1735 2379 1791 hominibus
2411 1734 2600 1808 (Rom.
2641 1754 2743 1805 xu,
2775 1732 2889 1813 17).
2916 1732 2988 1795 Et
3024 1740 3221 1799 iterum
3251 1755 3265 1796 :
3301 1730 3371 1796 Ut
3407 1742 3454 1799 is

182 1848 302 1904 pore
331 1846 435 1893 uno
475 1846 593 1889 cum
627 1829 731 1889 sint
757 1826 954 1894 multa,
987 1844 1176 1899 corpus
1212 1842 1377 1891 unum
1408 1833 1535 1879 sunt
1565 1840 1584 1879 :
1616 1824 1691 1877 ita
1716 1831 1767 1877 et
1796 1902 1828 1904 ξ
1870 1826 1960 1897 qui
1981 1842 2049 1880 ea:
2078 1825 2294 1880 adverso
2321 1835 2399 1880 est
2424 1827 2797 1897 confundatur,
2835 1829 2967 1893 nihil
3000 1829 3194 1886 habens
3220 1830 3285 1886 de
3307 1830 3454 1891 nobis

183 1902 438 1978 Christus.
478 1918 671 1977 Omnes
715 1919 853 1989 enim
892 1935 985 1985 nos
1010 1918 1066 1971 in
1091 1934 1253 1982 unum
1290 1932 1478 1986 corpus
1520 1912 1769 1984 baptizati
1869 1916 2042 1972 dicere
2076 1917 2203 1971 mali
2230 1916 2359 1988 (Tit.
2390 1935 2453 1985 ιι,
2480 1916 2557 1991 8).

181 2033 360 2087 sumus
384 2014 437 2089 (1
461 2013 584 2071 Cor.
625 2029 724 2085 ιιι,
749 2013 817 2070 10
834 2053 851 2080 ,
881 2011 959 2085 8).
978 2011 1197 2083 Singuli
1220 2010 1377 2075 vobis
1392 2009 1627 2085 potestis
1653 2023 1771 2063 om-

182 2108 334 2165 nium
357 2108 625 2164 bonorum
648 2119 918 2165 summam
947 2118 1297 2175 praesumere,
1326 2101 1372 2158 si
1396 2101 1576 2157 nullus
1605 2115 1662 2156 se
1690 2100 1771 2157 in-

181 2200 346 2271 cipiat
374 2201 431 2259 in
471 2214 537 2259 eo
575 2200 719 2271 quod
755 2199 912 2257 alteri
944 2198 1204 2271 praecellit
1240 2195 1455 2263 etl‘erre.
1497 2194 1606 2259 Sed
1647 2209 1772 2257 cum

181 2304 280 2346 vos
301 2291 534 2348 invicem
564 2280 707 2348 nexu
733 2293 969 2351 astrictte
986 2290 1284 2357 .charitatis
1307 2288 1612 2354 arctabitis,
1639 2295 1771 2344 tunc

183 2395 278 2437 eos
303 2382 398 2452 qui
424 2382 558 2438 foris
587 2389 743 2449 sunt,
783 2390 839 2438 et
870 2382 925 2447 in
955 2381 1203 2437 saeculari
1242 2380 1419 2439 adhuc
1457 2388 1583 2434 actu
1613 2394 1772 2439 mun—

183 2472 418 2528 dialibus
447 2455 676 2529 vinculis
710 2472 1056 2545 colligantur,
1104 2473 1271 2529 nolite
1307 2472 1616 2551 attenderis
1638 2471 1769 2539 vita:

180 2562 501 2619 austeritate
529 2563 809 2628 damnare,
832 2552 1074 2617 scientes
1112 2562 1375 2633 scriptum
1406 2579 1420 2615 :
1455 2560 1596 2617 Nolo
1620 2561 1771 2631 judi-

180 2653 341 2720 cetis,
382 2669 447 2708 ne
473 2653 786 2723 judicemini
824 2651 1034 2725 (Matth.
1073 2668 1170 2718 vn,
1205 2652 1279 2724 l).
1319 2652 1388 2706 Et
1421 2652 1617 2707 iterum
1645 2670 1659 2706 :
1690 2650 1771 2706 Tu

181 2745 298 2817 quis
328 2763 381 2801 es
410 2747 500 2818 qui
513 2745 730 2816 judicas
760 2745 991 2801 alienum
1014 2743 1259 2800 seruum?
1285 2743 1510 2800 Domino
1540 2762 1636 2801 suo
1664 2753 1771 2801 stat

181 2845 274 2890 aut
300 2836 461 2890 cadit.
492 2834 687 2891 Potens
712 2845 788 2890 est
816 2837 953 2891 enim
982 2845 1211 2900 statuere
1235 2836 1387 2892 illum
1406 2837 1550 2893 Deus
1580 2837 1767 2910 («.Rom.

182 2941 298 2993 xrv,
325 2925 405 2999 4).
434 2926 604 2998 Magis
634 2927 884 2999 benignis
909 2927 1402 2998 adhortationibus,
1426 2937 1484 2986 et
1510 2931 1772 2987 iniciente

181 3017 555 3076 blandimento
600 3018 686 3073 via
732 3019 981 3085 veritatis
1032 3028 1251 3093 ostensa
1307 3022 1508 3093 nubem
1554 3021 1769 3095 erroris

185 3108 425 3179 aperite;
448 3115 509 3162 ut
529 3123 636 3163 non
661 3107 805 3163 trahi
818 3108 1059 3180 incipiat
1078 3111 1472 3189 unusquisque,
1486 3106 1593 3167 sed
1616 3113 1769 3183 sequi

178 3200 533 3271 pedetentim.
572 3200 799 3273 Semper
822 3202 1040 3259 duriora
1070 3204 1335 3261 ﬂectenda
1365 3213 1517 3273 sunt,
1542 3222 1616 3263 ne
1636 3207 1766 3263 viri-

1941 2006 2126 2077 Neque
2149 2022 2237 2062 me
2262 2008 2502 2079 praeterit
2530 2008 2808 2065 saecularis
2832 2010 3018 2068 livoris
3051 2011 3251 2069 invidia
3277 2011 3332 2067 in
3357 2010 3456 2068 ob.

1868 2099 2254 2175 trectationem
2282 2115 2496 2172 semper
2524 2101 2801 2173 religionis
2825 2104 3039 2173 ardere,
3070 2113 3124 2161 et
3148 2105 3459 2161 mordacem

1864 2191 2124 2267 malignis
2171 2193 2483 2249 rumoribus
2522 2184 3108 2271 dentem'impressum
3157 2196 3462 2253 dicacitatis

1864 2281 2118 2355 inﬁgere.
2162 2282 2361 2339 Utatur
2392 2300 2491 2342 sua
2524 2286 2769 2355 ,mundus
2805 2296 3034 2355 natura,
3074 2288 3201 2345 dum
3240 2289 3378 2345 nihil
3406 2288 3461 2344 in

1871 2381 2060 2429 nostra
2087 2373 2329 2429 inveniat
2347 2374 2649 2445 disciplina.
2678 2376 3001 2434 Falsitasex
3028 2394 3179 2435 more
3198 2380 3455 2451 iactetur,

1871 2462 1997 2517 dum
2018 2477 2091 2519 ne
2123 2463 2418 2518 verisimile
2454 2464 2672 2535 quidem
2700 2468 2874 2538 possit
2909 2482 3030 2526 esse
3070 2470 3213 2539 quod
3242 2455 3458 2525 dicitur.

1869 2542 2042 2609 Nemo
2068 2551 2190 2608 ideo
2225 2552 2386 2608 debet
2417 2562 2764 2611 contemnere
2800 2556 2996 2613 vulnus
3033 2557 3302 2633 infamiae,
3334 2559 3461 2631 quia

1871 2659 2088 2715 semper
2110 2645 2451 2701 consueverit
2476 2661 2663 2702 rumor
2690 2648 2946 2704 simulare
2975 2666 2990 2704 :
3022 2650 3117 2705 sed
3139 2650 3260 2705 ideo
3282 2650 3461 2705 inten-

1870 2736 1982 2792 tius
2006 2751 2342 2807 praecavere,
2376 2738 2521 2807 quod
2557 2738 2731 2795 soleat
2768 2740 2935 2795 etiam
2963 2740 3091 2797 ﬁcta
3117 2756 3459 2812 componere.

1868 2827 2041 2885 Nemo
2079 2830 2149 2887 ab
2183 2830 2597 2887 obtrectationis
2634 2839 2783 2891 metu
2830 2834 3077 2890 redditur
3119 2835 3460 2892 obtrectandi

1870 2919 2212 2976 solemnitate
2248 2935 2511 2990 securus;
2556 2937 2734 2995 neque
2778 2932 2865 2981 est
2909 2925 3251 2999 negligentiae
3291 2942 3459 2983 causa

1874 3012 2250 3069 sollicitudinis
2285 3014 2599 3087 continuata
2626 3016 2887 3091 materia.
2928 3015 3012 3073 Sit
3044 3018 3210 3090 igitur
3237 3019 3461 3090 pudoris

1866 3102 1935 3161 ac
1963 3106 2305 3162 verecundia:
2331 3115 2526 3162 vestrae
2550 3112 2672 3162 tuta
2690 3100 3170 3179 «circumspecta
3192 3109 3458 3165 custodia.

1854 3197 2220 3261 Necessarius
2242 3216 2274 3256 e
2301 3200 2465 3257 domo
2494 3209 2550 3257 et
2572 3216 2729 3257 rarus
2757 3216 3028 3274 egressus,
3057 3218 3221 3274 quem
3254 3210 3349 3258 aut
3372 3218 3463 3259 re-

179 3250 532 3271 ,μη-ψη..-
572 3250 789 3273 “ﬂ.--
824 3250 1040 3259 πη---
1071 3250 1335 3261 ----.ν.-....
1365 3250 1517 3273 -....-,
1542 3250 1616 3263 ..υ
1647 3250 1741 3263 η..
1854 3250 2217 3261 μ.,-------η
2246 3250 2272 3256 ν
2306 3250 2460 3257 πη-
2498 3250 2549 3257 ν-
2572 3250 2727 3257 η---
2761 3250 3028 3274 την-π,
3060 3250 3221 3274 γ--.-
3254 3250 3347 3258 ---
3375 3250 3430 3259 η

178 3291 283 3349 bus
312 3292 569 3360 inclinata
598 3294 862 3363 curvatio,
884 3295 1202 3367 priusquam
1224 3297 1279 3355 in
1300 3297 1563 3371 circulum
1584 3250 1837 3381 veniant.3
1866 3291 2085 3363 ligionis
2125 3292 2269 3348 ratio
2303 3292 2589 3360 extulerit,
2630 3301 2725 3349 aut
2767 3295 2837 3350 ad
2878 3296 3241 3357 substantiam
3290 3296 3467 3363 victus

179 3381 442 3440 fatiscens
478 3382 726 3455 fragmen
753 3380 1010 3442 offendat.
1048 3386 1151 3457 Hic
1185 3388 1329 3444 enim
1364 3391 1558 3462 saepius
1604 3408 1763 3448 scan-

179 3473 306 3529 dala
326 3473 475 3546 vulgi
503 3474 816 3545 gignuntur,
839 3476 967 3533 dum
1005 3479 1073 3534 ad
1114 3479 1392 3551 religionis
1420 3478 1610 3554 jugum
1641 3499 1769 3540 cen-

181 3564 394 3622 serium
447 3574 730 3639 arrogatur
778 3567 1089 3639 imperium.
1142 3569 1275 3623 ‘Vita
1322 3564 1508 3626 nostra
1555 3570 1766 3640 jubeat,

180 3656 373 3729 lingua
385 3660 729 3728 persuadeat;
755 3661 880 3730 quia
894 3661 1014 3731 plus
1037 3662 1378 3718 auctoritatis
1399 3670 1576 3736 gestat
1591 3678 1772 3720 exem-

174 3748 353 3821 plum,
380 3738 437 3805 et
457 3750 652 3822 ingerit
675 3753 1038 3823 appetentiam
1066 3754 1148 3810 sui
1172 3768 1385 3811 morum
1412 3755 1547 3810 lenis
1570 3754 1771 3813 forma-

174 3839 279 3897 tio.
305 3841 363 3898 In
385 3845 529 3899 omni
552 3845 716 3919 igitur
732 3855 857 3902 actu
878 3855 1060 3903 vestro
1082 3848 1476 3922 quasispeculo
1497 3849 1772 3907 relucente

175 3930 400 4007 fulgete,
429 3935 630 4007 ubique
656 3937 1017 4015 circumsepti,
1042 3938 1241 4009 ubique
1269 3939 1519 4007 solliciti;
1548 3955 1617 3996 ne
1641 3938 1772 4011 quid

174 4023 321 4082 livor
350 4027 623 4096 inveniat,
662 4044 731 4085 ne
767 4029 896 4100 quid
928 4046 1114 4086 rumor
1139 4029 1307 4087 falsus
1330 4029 1558 4104 inﬂigat.

249 4114 508 4173 Feminas
529 4116 784 4190 prebatas
808 4128 863 4179 et
890 4119 1166 4195 religionis
1202 4121 1382 4178 studio
1407 4122 1618 4178 deditas
1647 4136 1772 4189 cum

174 4219 441 4262 mensura
476 4211 841 4275 venerationis
882 4210 1146 4271 honorate
1190 4229 1204 4267 :
1242 4225 1303 4267 ut
1341 4229 1443 4268 nec
1483 4214 1773 4271 austeritas

176 4296 506 4368 inhumana,
529 4310 631 4358 nec
654 4302 912 4360 sedulitas
933 4304 1003 4360 sit
1028 4305 1279 4362 remissa.
1300 4305 1568 4363 Accessus
1591 4308 1658 4363 ad
1677 4323 1774 4365 vos

175 4389 421 4448 invicem
447 4401 631 4449 vester
654 4410 762 4451 non
806 4395 1047 4467 ingestus
1071 4397 1173 4465 sit,
1203 4397 1298 4454 sed
1331 4398 1580 4466 innatus;
1609 4415 1774 4470 quem

176 4492 354 4537 causa
399 4482 631 4551 focerit;
683 4494 789 4541 non
836 4502 997 4557 quem
1046 4489 1450 4560 supervacuitas
1492 4490 1770 4547 relaxarit.

1866 3398 2031 3440 causa
2064 3384 2355 3440 exercendi
2384 3386 2565 3454 operis
2601 3386 2899 3452 ordinarit;
2934 3402 2964 3440 a
2994 3385 3310 3443 muneribus
3336 3400 3467 3444 eun.

1869 3477 1972 3533 etis
1993 3477 2099 3533 nisi
2123 3493 2242 3547 qua:
2269 3478 2337 3533 ad
2367 3478 2741 3548 quotidianum
2769 3480 2952 3535 cibum
2989 3494 3335 3552 annuumque
3364 3497 3463 3536 ve-

1871 3568 2062 3623 stitum
2111 3578 2441 3639 suppetant,
2488 3570 2856 3637 abstinentes;
2916 3571 3152 3627 scientes
3202 3572 3466 3643 scriptum

1870 3654 1991 3714 esse
2017 3674 2031 3712 :
2057 3656 2322 3714 Habentes
2348 3662 2525 3714 autem
2552 3660 2799 3716 alimenta
2826 3673 2874 3717 et
2896 3662 3085 3734 quibus
3110 3672 3368 3736 tegantur,
3384 3665 3466 3721 his

1871 3748 2097 3801 contenti
2126 3749 2290 3803 simus
2316 3747 2368 3822 (1
2401 3748 2536 3804 Tim.
2564 3765 2640 3816 vi,
2672 3750 2751 3823 8).
2779 3749 2849 3807 Et
2872 3753 3080 3811 iterum
3115 3772 3127 3808 :
3159 3752 3226 3809 Ut
3256 3755 3467 3811 honeste

1872 3839 2148 3896 am'buletis
2174 3842 2247 3922 ad
2271 3857 2358 3898 'eos
2383 3843 2473 3915 qui
2497 3843 2627 3914 foris
2653 3855 2801 3911 sunt,
2835 3856 2883 3902 et
2914 3847 3111 3903 nullius
3138 3849 3340 3922 aliquid
3370 3851 3465 3906 de-

1869 3927 2181 4003 sideretis(I
2210 3911 2363 3986 Thes.
2394 3911 2471 3999 iv,
2497 3911 2611 4005 l2).
2640 3932 2720 3990 Ne
2747 3936 2965 4006 quidem
2986 3911 3291 4008 praebenda:
3322 3941 3465 3998 elec-

1869 4041 2111 4099 mosynze
2143 4028 2317 4101 gratia
2350 4029 2492 4085 ultra
2525 4031 2864 4103 supradictos
2889 4032 3064 4089 victus
3090 4034 3157 4089 ab
3179 4032 3286 4090 ullo
3310 4036 3466 4107 quip-

1869 4120 2016 4191 piam
2054 4121 2423 4191 praesumatis;
2466 4121 2701 4179 scientes
2741 4124 3005 4196 scriptum
3047 4142 3061 4179 :
3106 4124 3170 4182 Si
3209 4126 3349 4191 enim
3379 4143 3467 4183 vo-

1866 4206 2051 4263 luntas
2074 4219 2315 4280 prompta
2337 4218 2436 4278 est,
2458 4212 2744 4266 secundum
2767 4213 2823 4269 id
2848 4213 2989 4286 quod
3015 4214 3166 4273 habet
3194 4226 3462 4285 acceptum

1872 4306 1981 4369 est,
2020 4314 2123 4352 non
2153 4301 2437 4356 secundum
2477 4302 2533 4357 id
2567 4304 2705 4375 quod
2741 4321 2845 4360 non
2874 4305 3025 4360 habet
3065 4296 3153 4377 (ΙΙ
3181 4304 3304 4361 Cor.
3342 4322 3461 4373 Vill,

1873 4384 1996 4461 22).
2045 4388 2136 4445 Sic
2174 4390 2261 4446 illa
2309 4393 2603 4465 evangelici
2654 4398 2921 4452 sermonis
2965 4397 3143 4453 divina
3188 4400 3459 4459 sententia

1875 4496 2037 4551 anum
2063 4496 2374 4553 pauperem,
2411 4483 2555 4539 inter
2581 4484 2730 4555 larga
2762 4482 3088 4556 locupletum
3112 4502 3340 4543 munera
3365 4503 3460 4558 ge-

174 4566 380 4630 Plures
402 4574 583 4631 audite
612 4591 737 4633 cum
762 4578 1013 4648 pluribus
1040 4599 1053 4635 ε
1085 4588 1179 4637 aut
1216 4581 1263 4637 si
1306 4583 1523 4654 quando
1549 4582 1775 4641 alterius
1795 4604 1853 4669 υ
1876 4573 2022 4629 mina
2052 4580 2263 4629 lanium
2291 4575 2750 4669 admittente!!!»
2778 4572 3068 4651 magniﬁca
3097 4587 3319 4650 accepla
3356 4579 3464 4635 lar-

172 4675 350 4721 sexus
372 4662 680 4737 frequentia
705 4667 897 4736 deerit,
931 4669 1018 4724 vel
1050 4686 1314 4726 annorum
1343 4671 1622 4744 cujusdam
1650 4689 1776 4745 pro-

173 4756 597 4833 hatagravitas,
622 4762 708 4819 vel
739 4760 1026 4823 celebritas
1061 4766 1203 4837 loci,
1240 4768 1324 4825 vel
1346 4771 1485 4839 ratio
1516 4772 1776 4844 temporis

175 4848 241 4905 id
269 4851 541 4921 honestet,
568 4855 691 4926 quia
712 4857 982 4927 prmcipue
1010 4858 1162 4915 vobis
1183 4868 1333 4927 aetas,
1352 4860 1513 4929 hora,
1540 4860 1775 4922 solitudo

173 4941 409 5001 vitanda
441 4956 586 5003 sunt.
612 4945 730 5003 Non
755 4950 898 5020 quod
932 4951 1064 5006 mihi
1101 4951 1182 5008 fas
1207 4953 1278 5008 sit
1303 4952 1369 5009 de
1402 4954 1509 5020 his,
1531 4957 1624 5027 qui
1649 4971 1777 5014 vere

82 5032 87 5037 Υ
175 5034 358 5091 semei
385 5036 577 5093 devota
604 5038 715 5094 Deo
742 5047 961 5110 pectora
986 5036 1301 5105 dicaverunt
1324 5058 1479 5100 secus
1503 5048 1775 5105 aestimare

172 5125 429 5210 aliquid;
469 5129 565 5201 sed
594 5137 655 5185 ut
682 5145 749 5186 ex
773 5131 1067 5188 abundanti
1103 5133 1181 5190 sic
1210 5133 1393 5191 vitetis
1422 5152 1599 5202 omne,
1633 5132 1776 5210 quod

174 5208 318 5288 ﬁngi
344 5226 563 5301 potest,
594 5228 855 5292 tanquam
887 5223 1059 5293 possit
1097 5232 1154 5279 et
1179 5224 1348 5281 credi.
1382 5208 1681 5289 Caveamus
1708 5247 1777 5289 ne

174 5307 241 5381 in
278 5306 432 5365 nullo
470 5309 630 5367 fama:
668 5320 868 5369 nostrae
903 5313 1125 5370 vulnere
1155 5324 1339 5387 serpat
1366 5326 1490 5374 nata
1521 5322 1588 5377 ab
1615 5336 1775 5379 occa-

172 5398 347 5455 sione
368 5403 626 5473 suspicio.
662 5402 781 5487 lpsa
814 5404 972 5462 famae
992 5408 1201 5463 semina
1234 5409 1549 5481 priusquam
1570 5413 1776 5485 linguis

174 5491 506 5548 nutriantur
541 5486 828 5561 intereant.
868 5494 988 5553 Non
1023 5506 1232 5555 tantum
1269 5486 1423 5557 vobis
1459 5492 1591 5560 ﬁdes
1622 5492 1772 5573 facti,

175 5581 286 5636 sed
338 5583 664 5652 possibilitas
713 5588 877 5644 etiam
932 5586 1218 5663 releganda
1274 5591 1562 5648 mendacii.
1609 5578 1776 5653 Beata

173 5674 341 5761 enim
364 5677 477 5731 vita
507 5686 591 5735 est
615 5687 670 5735 et
690 5681 981 5761 praeclara,
1013 5680 1079 5747 de
1120 5697 1225 5755 qua
1257 5682 1335 5739 nil
1363 5680 1490 5745 licet
1528 5684 1773 5758 falsitati.

170 5760 303 5818 Nec
338 5763 482 5821 enim
513 5780 612 5843 ego
640 5768 744 5826 hoc
767 5760 1033 5843 judicium
1072 5764 1252 5828 meum
1297 5782 1548 5847 austeros
1585 5790 1778 5834 censor

171 5870 270 5915 an
285 5856 435 5953 ipsi;
460 5858 561 5957 sed
584 5861 1126 5959 pessumarum
1154 5865 1403 5959 nauiter
1420 5862 1654 5947 blandus
1691 5885 1781 5938 as-

1877 4668 2083 4743 gitione
2126 4667 2334 4726 ditavit.
2379 4667 2514 4736 Quia
2549 4683 2657 4725 non
2690 4676 2878 4753 potest
2904 4687 3105 4753 parum
3150 4688 3272 4730 esse
3319 4675 3464 4746 quod

1874 4758 2052 4819 totum
2077 4769 2193 4829 est;
2221 4776 2397 4832 neque
2419 4762 2704 4843 quisquam
2733 4750 2964 4839 amplius
2989 4767 3158 4836 dedit,
3181 4783 3342 4840 quam
3370 4769 3461 4839 qui

1876 4854 1979 4933 sibi
2009 4852 2144 4910 nihil
2176 4844 2495 4911 reservavit.
2525 4844 2652 4913 Huic
2681 4858 2724 4912 si
2755 4859 2847 4930 qui
2881 4868 3081 4935 printer
3108 4876 3205 4918 vos
3233 4861 3461 4917 nimium

1875 4950 2202 5027 videbuntur
2230 4950 2475 5015 astricta,
2518 4951 2610 5020 qui
2638 4951 2735 5008 Dei
2772 4953 3009 5011 claustra
3032 4954 3252 5029 pulsare
3285 4963 3462 5010 tenta-

1876 5041 2035 5109 .verit,
2056 5049 2225 5112 prout
2244 5042 2384 5097 ratio
2405 5057 2501 5098 sua
2526 5042 2730 5109 tulerit,
2760 5044 3028 5121 relaxabit
3052 5062 3066 5099 ε
3090 5060 3158 5119 ne
3181 5044 3303 5115 quis
3320 5045 3463 5103 forte

1872 5140 1971 5205 aut
1996 5146 2271 5189 connexus
2300 5132 2371 5187 sit
2398 5132 2642 5204 conjuge,
2674 5143 2767 5201 aut
2796 5134 2983 5192 liberis
3011 5135 3320 5210 impeditus.
3354 5134 3462 5192 Ha-

1873 5222 1968 5297 bet
1986 5230 2183 5292 praeter
2211 5223 2326 5280 huic
2356 5232 2506 5287 arcta
2542 5226 2846 5303 substantia
2881 5225 3038 5297 plura
3069 5241 3189 5297 quae
3231 5240 3463 5297 sequan—

1872 5318 1986 5389 tur.
2031 5311 2217 5383 Neque
2247 5326 2307 5369 se
2343 5315 2620 5386 repulsum
2662 5317 2875 5391 credat,
2919 5317 3012 5372 sed
3050 5316 3200 5374 aditu
3237 5316 3461 5375 alterius

1874 5403 2177 5481 vocationis
2205 5404 2520 5473 admissum,
2554 5407 2697 5463 sicut
2725 5408 2984 5477 scriptum
3007 5415 3092 5469 est
3122 5426 3135 5462 :
3171 5405 3461 5481 Unusquis-

1875 5513 1973 5567 que
2007 5496 2061 5550 in
2095 5512 2198 5569 qua
2243 5499 2510 5555 vocatione
2548 5509 2758 5556 vocatus
2803 5510 2879 5556 est
2898 5542 2920 5573 Α,
2956 5501 3017 5555 in
3056 5518 3119 5573 ea
3148 5494 3459 5572 permaneat

1877 5574 1932 5659 (Ι
1960 5584 2083 5641 Cor.
2116 5601 2227 5653 vn,
2257 5585 2369 5660 20).
2392 5586 2511 5642 Non
2532 5595 2712 5645 tamen
2733 5591 3141 5665 propensiorem
3162 5605 3346 5645 curam
3367 5603 3461 5659 pa-

1877 5679 2133 5743 trimonio
2159 5694 2323 5751 quam
2352 5680 2601 5750 religioni
2635 5683 2687 5738 in
2718 5684 2936 5740 caducis
2965 5684 3134 5758 magis
3162 5690 3456 5752 occupatus

1879 5771 2157 5847 intendat,
2191 5772 2494 5855 agnoscens
2534 5773 2797 5854 scriptum
2822 5789 2955 5855 esse
2988 5793 3002 5829 :
3035 5772 3460 5854 Etpossidentes

1879 5854 2130 5941 ιαηθκιιηι
2157 5848 2261 5931 παίι
2272 5848 2601 5955 ροβίάφὲςρ
2612 5850 2678 5943 ,(1
2684 5848 3165 5947 Quanam-5
3178 5848 3351 5961 aliam
3380 5848 3459 5937 tsi-
