3972 6328
499 477 600 536 671

1526 465 1582 520 S.
1623 461 1982 518 BENEDICTI
2019 457 2310 515 ABBATIS
2346 459 2758 518 ANIANENSIS

3659 459 3774 523 67%

499 553 626 649 men
647 583 981 660 posteritatis
1002 581 1261 652 compede
1284 578 1493 635 felicior
1520 586 1716 634 natura
1741 578 1784 632 si
1809 576 2078 646 intelliga-
2106 582 2159 644 Α
2183 575 2370 642 animi,
2410 576 2660 646 quamvis
2697 582 2926 646 angusta
2955 589 3054 647 pro
3085 574 3307 631 humani
3338 574 3557 648 generis
3583 580 3773 636 varie-

505 695 596 740 tur
619 677 931 742 absolverit,
961 689 1181 730 causam
1210 671 1449 726 hterendi
1475 669 1529 724 in
1559 668 1780 733 mundo,
1809 667 1912 721 nisi
1934 667 2085 737 igna-

432 793 436 808 ·
504 792 599 832 rus
621 781 704 830 est
726 771 819 826 Dei
841 782 1144 831 munerum,
1169 781 1274 819 non
1304 763 1544 818 habebit.
1569 760 1678 816 Cur
1701 761 1846 816 enim
1873 757 2086 814 vivendi

502 865 780 921 voluntate
814 877 923 916 non
964 858 1166 921 solvat,
1200 854 1343 926 quod
1379 852 1646 908 moriendi
1681 852 1796 924 lege
1827 865 2084 920 rumpen—

506 957 638 1010 dum
663 963 780 1020 est;
816 952 1018 1007 faciens
1045 949 1112 1005 de
1142 958 1287 1004 sorte
1318 947 1642 1012 mercedem,
1669 955 1730 1000 ut
1761 945 1826 1000 de
1850 943 2088 999 necessi-

505 1055 618 1101 tate
646 1046 902 1101 virtutem
939 1043 1165 1114 augeat?
1191 1041 1445 1108 Quinimo
1482 1039 1573 1109 qui
1610 1039 1664 1093 in
1702 1053 1799 1093 sua
1837 1053 1898 1092 re
1931 1037 2089 1092 fami-

503 1136 626 1192 liari
666 1139 732 1193 de
771 1136 951 1206 parvis
989 1150 1220 1206 magna,
1257 1135 1324 1189 de
1360 1132 1556 1187 vilibus
1591 1131 1858 1202 pretiosa,
1888 1142 2090 1187 aeterna

504 1227 636 1282 facit
671 1227 736 1283 de
763 1226 1012 1291 caducis;
1047 1225 1194 1280 solus
1223 1233 1308 1279 est
1337 1237 1460 1278 cum
1501 1222 1839 1291 pervenerit,
1868 1232 1928 1276 ut
1956 1238 2093 1278 sem-

409 1353 428 1365 ι
503 1321 750 1390 piteruus
770 1317 1080 1389 patrimonii
1111 1317 1194 1372 sui
1216 1316 1386 1386 possit
1407 1329 1529 1370 esse
1558 1329 1855 1384 possessor.
1887 1313 1944 1368 Si
1964 1329 2092 1367 ava-

504 1422 599 1463 rus
620 1423 728 1462 non
750 1416 852 1472 est,
876 1405 1036 1461 debet
1058 1403 1402 1459 terminanda
1424 1411 1770 1458 contemnere
1789 1418 1803 1465 ;
1821 1401 1868 1455 si
1892 1415 2090 1457 avarus

504 1506 610 1564 est,
633 1498 794 1552 debet
814 1498 1123 1552 desiderare
1141 1503 1418 1566 perpetua,
1447 1494 1624 1548 sciens
1645 1493 1903 1562 scriptum
1925 1507 2043 1548 esse
2071 1509 2086 1547 :

507 1587 686 1641 Nolite
715 1588 1073 1642 thesaurizare
1098 1587 1239 1640 vobis
1261 1586 1534 1639 thesauros
1563 1583 1616 1636 in
1645 1592 1807 1648 terra,
1834 1582 1922 1635 ubi
1949 1584 2090 1636 tinea

503 1686 550 1730 et
581 1677 762 1748 rubigo
805 1679 1191 1743 exterminant,
1239 1685 1288 1731 et
1317 1676 1407 1729 ubi
1443 1675 1585 1744 fures
1627 1674 1881 1744 e/I‘odiunt
1918 1683 1966 1728 et
2006 1674 2092 1744 fu-

504 1779 711 1822 rantur.
743 1768 1114 1823 Thesaurizate
1153 1776 1325 1821 autem
1367 1767 1506 1820 vobis
1547 1765 1905 1818 thesaurosin
1941 1763 2088 1830 caelo,

505 1858 592 1912 ubi
621 1877 782 1930 neque
815 1862 953 1914 tinea
973 1901 987 1925 ,
1021 1877 1183 1931 neque
1210 1875 1386 1929 azrugo
1421 1856 1800 1921 exterminant,
1829 1856 1917 1910 ubi
1944 1856 2086 1927 fures

505 1966 609 2004 non
638 1953 889 2020 e/I‘odiunt
916 1970 1006 2007 nec
1037 1952 1287 2020 furantur
1315 1950 1529 2022 (Matth.
1559 1965 1633 2014 vr,
1668 1949 1778 2020 19).

580 2046 694 2102 lloc
724 2045 773 2099 ei
811 2046 901 2116 qui
933 2062 1037 2100 non
1065 2053 1216 2100 caret
1244 2045 1369 2099 tiliis
1408 2044 1809 2098 hortamentum
1835 2052 1949 2108 est;
1994 2041 2087 2114 qui

505 2143 676 2201 caret,
723 2135 1027 2204 imperium.
1058 2136 1176 2205 .lsta
1210 2151 1304 2189 vos
1328 2141 1521 2190 cuncta
1547 2147 1786 2202 congrua
1828 2133 2086 2202 tempori-

506 2225 630 2290 bus,
667 2232 789 2293 apta
827 2225 1073 2294 personis
1098 2266 1112 2291 ,
1155 2224 1353 2280 referta
1381 2221 1663 2292 exemplis,
1697 2221 1909 2278 condita
1933 2221 2088 2277 blan-

508 2314 673 2380 ditiis,
701 2315 1039 2370 hortamento
1059 2316 1218 2370 mites
1240 2313 1469 2385 ingerite
1493 2331 1505 2366 :
1534 2311 1744 2366 facilius
1770 2320 1946 2382 potest
1964 2327 2090 2382 per-

505 2404 733 2460 suadere
760 2406 851 2476 qui
873 2405 1021 2459 facit.
1048 2405 1231 2476 Neque
1261 2405 1405 2460 enim
1427 2403 1606 2473 aliquo
1629 2403 1822 2458 horum
1844 2403 2086 2458 Omnium

506 2491 684 2548 fructu
715 2495 876 2549 invidi
904 2495 1034 2549 estis
1054 2495 1370 2566 cujusquam
1400 2493 1756 2550 aestimatione
1782 2493 2083 2549 fraudandi.

507 2582 638 2640 Erat
660 2585 812 2640 vobis
845 2595 992 2641 certe
1018 2601 1214 2657 corpus
1235 2585 1474 2651 firmum,
1503 2592 1637 2640 ictas
1665 2584 1893 2654 integra,
1923 2583 2087 2640 rudes

2188 676 2298 722 tate
2334 667 2634 722 substantia
2667 685 2681 721 :
2715 668 2932 738 patebat
2979 667 3065 723 vel
3114 669 3422 740 negotiandi
3472 684 3608 724 usus
3631 711 3647 734 ,
3680 670 3774 728 vel

2186 758 2422 813 studium
2463 758 2728 813 militandi
2761 777 2774 813 :
2807 759 3036 814 diversa:
3071 767 3250 826 artes,
3285 767 3341 814 et
3382 759 3671 816 innumera
3714 761 3774 819 in

2186 849 2398 905 actibus
2435 852 2620 906 mundi
2657 851 2915 922 augenda:
2954 850 3227 907 facultatis
3257 851 3454 908 odicia.
3484 851 3775 908 Postremo

2186 957 2296 996 non
2335 941 2523 997 deerat
2561 942 2648 997 vel
2682 957 2888 1014 pauper
2915 957 3089 1008 uxor,
3134 958 3254 1013 qua:
3290 943 3506 999 vivendi
3549 952 3777 1013 pararet

2186 1035 2540 1104 voluptatem,
2587 1043 2643 1091 et
2689 1035 2850 1092 insita
2895 1037 3148 1092 humanis
3184 1035 3432 1093 sensibus
3479 1035 3774 1106 pignorum

2188 1124 2579 1182 blandimenta.
2609 1127 2738 1193 Quae
2763 1142 2859 1182 vos
2883 1128 3065 1182 omnia
3089 1127 3306 1197 quidem
3340 1140 3575 1195 corpore
3607 1133 3665 1179 et
3688 1138 3778 1179 ca-

2189 1216 2290 1270 stis
2333 1216 2580 1271 sensibus
2604 1225 2947 1288 respuentes,
2991 1218 3186 1273 divinae
3224 1215 3512 1272 sententia:
3539 1215 3776 1270 formam

2189 1311 2459 1382 religiosis
2506 1311 2717 1366 actibus
2765 1311 3087 1377 custoditis,
3143 1311 3356 1367 dicente
3415 1307 3711 1379 Scriptum
3759 1325 3775 1364 :

2193 1399 2502 1472 Quicunque
2529 1400 2646 1472 plus
2684 1418 2764 1456 me
2794 1401 2974 1472 fecerit
3002 1402 3247 1468 domum,
3282 1411 3374 1454 aut
3402 1417 3654 1464 uxorem,
3687 1406 3777 1450 aut

2190 1492 2349 1562 ﬁlios,
2380 1509 2485 1547 non
2507 1501 2582 1547 est
2604 1509 2685 1547 me
2714 1493 2903 1564 dignus
2925 1491 3141 1564 (Matth.
3167 1508 3223 1559 Χ,
3247 1492 3361 1563 37).
3389 1491 3592 1547 Vestra
3615 1490 3777 1561 igitur

2192 1581 2465 1638 intuentes
2495 1583 2738 1654 exempla
2762 1624 2778 1651 ,
2827 1599 2929 1639 nec
2958 1583 3034 1638 illi
3081 1583 3148 1639 de
3196 1583 3520 1639 meritorum
3565 1596 3776 1636 summa

2191 1682 2419 1746 angusta
2467 1675 2552 1730 sui
2593 1675 2952 1730 aestimatione
2978 1676 3285 1746 desperent,
3323 1675 3416 1744 qui
3470 1673 3776 1729 substantia

2189 1763 2346 1835 parili
2377 1763 2446 1818 ad
2474 1763 2712 1819 studium
2739 1764 2865 1820 vitae
2885 1765 3045 1836 hujus
3063 1765 3359 1821 advenerit.
3387 1764 3450 1819 In
3480 1765 3591 1819 hoc
3623 1780 3772 1834 ergo,

2191 1852 2289 1908 filii
2319 1853 2645 1921 charissimi,
2676 1855 2889 1911 vivendi
2919 1854 3136 1910 tramite
3170 1855 3492 1919 constituti,
3523 1867 3708 1909 vacate
3732 1865 3779 1908 et

2115 1950 2163 2010 B
2191 1945 2357 2000 videte
2389 1947 2639 2016 quoniam
2686 1947 2862 2001 suavis
2898 1956 2974 2001 est
3011 1946 3268 2001 Dominus
3308 1944 3494 2018 (Psal.
3535 1963 3672 2010 xxv,
3698 1948 3774 2015 9).

2266 2040 2390 2096 Dies
2419 2049 2714 2112 noctesque
2743 2041 3064 2098 lectionibus
3105 2051 3267 2110 atque
3303 2041 3658 2096 orationibus
3690 2042 3778 2094 du-

2193 2132 2330 2199 cite;
2360 2141 2414 2188 et
2439 2134 2544 2188 mei
2568 2149 2804 2204 semper,
2826 2149 2988 2203 quem
3015 2134 3068 2188 in
3092 2148 3255 2204 opere
3281 2141 3336 2188 et
3355 2133 3595 2188 scientia
3629 2133 3778 2188 abor-

2194 2227 2362 2280 tivum
2387 2225 2629 2281 omnium
2660 2225 3004 2281 sacerdotum
3033 2232 3422 2296 praeceptorem
3454 2225 3601 2278 tanti
3633 2224 3776 2278 vobis

2193 2315 2456 2372 habuistis
2480 2315 2712 2388 eligere,
2740 2324 3088 2372 mementote.
3129 2313 3371 2386 Vigilate,
3404 2325 3546 2370 state
3576 2317 3636 2369 in
3662 2316 3773 2383 ﬁde,

2194 2406 2587 2476 confortamini,
2618 2408 2796 2461 omnia
2821 2416 2990 2462 vestra
3021 2408 3079 2462 in
3098 2407 3352 2462 charitate
3380 2407 3543 2477 ﬁant,
3567 2418 3621 2462 et
3648 2407 3774 2463 Deus

2194 2499 2341 2568 pacis
2371 2498 2470 2552 erit
2504 2497 2769 2554 vobiscum
2797 2497 2851 2571 (Ι
2881 2495 3004 2554 Cor.
3035 2513 3148 2565 ιη,
3180 2497 3290 2570 15).

521 2726 3769 2759 W

1281 2857 1914 2974 EJUSDEM
2002 2858 2121 2973 S.

1127 3071 1879 3148 EXHOBTATIO
1937 3072 2090 3146 AD
2141 3064 2644 3148 SPONSAM
2699 3067 3184 3148 CHRISTI.

2169 2858 2183 2882 ’
2213 2854 2986 2971 ATHANASII

577 3339 849 3409 Quantam
903 3340 960 3396 in
1002 3341 1312 3400 caelestibus
1359 3343 1750 3400 beatitudinem
1802 3307 2087 3416 virginitas
2114 3347 2160 3412 C
2189 3343 2322 3400 illud
2347 3343 2591 3415 Apostoli
2621 3362 2634 3399 :
2670 3344 2775 3412 Qui
2801 3353 2976 3401 autem
2997 3344 3236 3402 adhwret
3259 3346 3492 3402 Domino
3515 3364 3651 3402 unus
3671 3349 3777 3418 spi-

506 3441 694 3489 sancta
724 3433 1034 3504 possideat,
1077 3443 1272 3506 prater
1299 3435 1705 3505 Scripturarum
1747 3435 2080 3501 testimonia,

503 3523 758 3580 Ecclesiae
780 3524 944 3580 etiam
973 3527 1362 3583 consuetudine
1387 3527 1679 3582 edocemur
1715 3544 1728 3580 :
1773 3527 1901 3597 quia
1925 3527 2088 3582 disci-

501 3633 624 3673 mus
646 3617 918 3687 peculiare
954 3618 1029 3672 illi
1055 3618 1349 3674 subsistere
1393 3619 1671 3685 meritum,
1697 3618 1851 3688 cujus
1876 3619 2088 3690 specia-

503 3708 572 3762 lis
614 3716 696 3763 est
734 3711 1090 3764 consecratio.
1131 3709 1266 3764 Nam
1312 3725 1436 3764 cum
1467 3712 1720 3768 universa
1762 3713 1923 3767 turba
1963 3727 2085 3768 cre-

502 3799 742 3853 dentium
765 3799 916 3869 paria
945 3800 1132 3870 gratia:
1166 3802 1306 3855 dona
1335 3801 1622 3872 percipiat,
1653 3810 1710 3858 et
1745 3802 1952 3858 eisdem
1973 3817 2090 3858 om-

504 3903 603 3942 nes
633 3895 1094 3944 sacramentorum
1122 3890 1587 3947 benedictionibus
1609 3891 1939 3964 glorientur,
1969 3893 2088 3949 ista:

502 3978 782 4046 proprium
827 3979 1027 4048 aliquid
1075 3997 1186 4049 prae
1215 3981 1429 4036 caeteris
1469 3983 1688 4046 habent,
1726 3999 1849 4038 cum
1893 3984 1964 4039 de
1995 3983 2088 4038 illo

503 4076 696 4123 sancto
747 4075 802 4122 et
845 4068 1186 4124 immaculato
1237 4071 1494 4126 Ecclesiae
1537 4088 1719 4142 grege,
1771 4074 1926 4142 quasi
1957 4089 2085 4129 san-

507 4157 707 4212 ctiores
735 4157 1090 4227 purioresque
1118 4159 1310 4214 hostiae
1336 4175 1434 4230 pro
1458 4161 1753 4218 voluntatis
1781 4179 1891 4219 suae
1919 4167 2087 4222 meri-

503 4247 577 4302 tis
600 4263 631 4301 a
675 4255 860 4303 sancto
886 4246 1091 4319 Spiritu
1134 4249 1429 4321 eliguntur,
1461 4261 1515 4307 et
1559 4267 1657 4323 per
1696 4269 1964 4311 summum
2000 4273 2089 4313 sa-

506 4340 781 4396 cerdotem
817 4341 912 4395 Dei
943 4340 1244 4398 offeruntur
1282 4343 1496 4400 altario.
1542 4345 1714 4416 Digna
1751 4362 1939 4404 revera
1983 4349 2094 4406 Do-

503 4429 652 4485 mino
687 4431 862 4486 hostia
893 4440 1003 4487 tam
1036 4433 1262 4504 pretiosi
1297 4435 1546 4492 animalis
1575 4435 1778 4493 oblatio
1798 4479 1812 4504 ,
1855 4446 1912 4494 et
1941 4439 2088 4494 nulla

506 4521 678 4588 magis
707 4521 756 4574 ei
795 4537 958 4590 quam
1012 4524 1264 4596 imaginis
1309 4541 1421 4582 suae
1465 4527 1642 4584 hostia
1689 4528 1972 4598 placitura.
2010 4529 2087 4586 De

2192 3435 2324 3489 ritus
2350 3445 2425 3490 est
2449 3434 2502 3508 (Ι
2530 3433 2652 3490 Cor.
2687 3452 2764 3502 vr,
2801 3437 2912 3508 l7).
3597 3505 3603 3508 _

2259 3529 2475 3586 Grande
2501 3537 2586 3586 est
2619 3538 2673 3586 et
2703 3529 3025 3598 immortale,
3069 3540 3123 3587 et
3157 3547 3296 3603 pene
3328 3531 3474 3587 ultra
3512 3539 3772 3585 naturam
3849 3601 3852 3604 g

2187 3635 2526 3691 corpoream,
2556 3621 2736 3691 scpire
2769 3621 3040 3676 luxuriam
3063 3631 3116 3678 et
3137 3622 3594 3693 concupiscentiae
3626 3621 3778 3676 ﬂam-

2189 3727 2335 3766 mam
2374 3711 2753 3768 adolescentiae
2794 3711 3008 3768 facibus
3047 3727 3329 3769 accensam
3369 3713 3541 3768 animi
3571 3713 3776 3766 virtute

2188 3803 2544 3875 restringere,
2569 3811 2625 3858 et
2651 3801 2880 3874 Spiritali
2908 3810 3105 3858 conatu
3131 3803 3239 3858 vim
3265 3803 3514 3874 genuinae
3533 3803 3779 3858 oblecta-

2188 3892 2353 3948 tionis
2380 3893 2694 3960 excludere,
2722 3894 2906 3950 vivere
2943 3902 3130 3949 contra
3159 3894 3381 3950 humani
3405 3895 3631 3966 generis
3659 3912 3774 3950 meo

2187 3997 2326 4050 rem,
2361 3983 2638 4054 despicere
2677 3984 2869 4040 solatia
2900 3985 3225 4057 coniugum,
3263 3985 3612 4042 dulcedinem
3639 4004 3774 4042 coa-

2185 4077 2430 4128 temnere
2469 4073 2782 4141 liberorum,
2833 4082 2889 4130 et
2927 4087 3256 4146 quaecunque
3306 4079 3600 4146 praesentis
3653 4080 3775 4133 vitae

2184 4176 2307 4219 esse
2328 4164 2610 4220 commoda
2637 4174 2887 4236 possunt,
2920 4182 3021 4237 pro
3049 4167 3219 4222 nihilo
3251 4183 3345 4238 spe
3375 4168 3578 4224 futurae
3603 4170 3780 4226 beati-

2186 4255 2390 4311 tudinis
2423 4255 2760 4328 computare.
2798 4257 2989 4330 Magna
3012 4261 3158 4325 haec,
3188 4268 3250 4313 ut
3278 4260 3389 4315 dixi
3409 4301 3424 4327 ,
3455 4269 3516 4316 et
3544 4262 3780 4317 admira-

2184 4345 2312 4402 bilis
2355 4349 2528 4404 virtus
2567 4357 2672 4416 est,
2715 4358 2772 4405 et
2808 4365 2916 4406 nou
2955 4351 3226 4406 immerito
3263 4366 3361 4421 pro
3396 4353 3780 4424 magnitudine

2185 4433 2387 4492 laboris
2431 4439 2514 4493 sui
2543 4439 2747 4510 ingenti
2769 4440 3006 4511 gpmmio
3041 4441 3331 4497 destinata.
3377 4440 3560 4508 Dabo,
3602 4444 3781 4514 inquit

2183 4528 2475 4597 Dominus,
2503 4533 2822 4602 spadonibus
2854 4535 2983 4589 meis
3011 4535 3068 4590 in
3093 4535 3246 4590 domo
3274 4551 3414 4602 mea,
3445 4546 3500 4590 et
3532 4538 3588 4590 in
3621 4554 3782 4592 mare

506 4607 766 4676 ejusmodi
808 4613 953 4666 enim
983 4615 1298 4684 Apostolum
1335 4618 1602 4687 praecipue
1639 4619 1842 4675 dixisse
1891 4635 2026 4675 reor.
2059 4639 2072 4674 :
2101 4607 2155 4668 D
2180 4635 2293 4673 meo
2328 4618 2499 4674 locum
2535 4622 2860 4676 nominatum
2898 4621 3162 4678 meliorem
3210 4641 3243 4678 a
3277 4621 3404 4691 ﬁliis
3453 4633 3508 4678 et
3552 4625 3781 4694 ﬁliabus

511 4697 736 4753 Obsecro
768 4711 941 4756 autem
977 4719 1098 4770 vos,
1130 4705 1317 4775 fratres
1338 4747 1353 4772 ,
1390 4723 1486 4776 per
1505 4707 1920 4763 misericordiam
1959 4708 2078 4776 Dei,

508 4796 567 4841 ut
580 4787 863 4843 exhibeatis
879 4806 1097 4860 corpora
1111 4802 1277 4848 vestra
1297 4794 1525 4849 hostiam
1538 4797 1798 4861 viventem,
1819 4807 2079 4866 sanctam,

505 4877 617 4936 Deo
642 4880 932 4951 placentem
956 4882 1132 4954 (Rom.
1157 4903 1255 4952 xu,
1279 4887 1351 4959 1).
1378 4889 1624 4944 Possidet
1651 4905 1779 4960 ergo
1801 4891 2082 4962 virginitas

504 4980 559 5028 et
597 4974 740 5044 quod
767 4974 857 5029 alii
887 4975 1105 5043 habent,
1147 4987 1201 5033 et
1244 4981 1388 5050 quod
1418 4975 1509 5035 alii
1545 4997 1652 5036 non
1680 4983 1879 5036 habent
1905 4998 1920 5037 :
1952 4984 2082 5040 dum

501 5073 557 5119 et
599 5081 936 5121 communem
986 5077 1040 5122 et
1081 5069 1406 5138 peculiarem
1454 5073 1661 5126 obtinet
1707 5074 1976 5142 gratiam,
2027 5086 2084 5133 et

501 5155 754 5224 proprio,
802 5165 859 5209 ut
901 5157 976 5210 ita
1016 5157 1278 5222 dixerim,
1333 5161 1762 5216 consecrationis
1800 5165 2082 5236 privilegio

503 5244 720 5312 gaudet.
753 5243 888 5298 Nam
916 5253 970 5300 et
997 5243 1198 5302 Christi
1235 5263 1463 5317 sponsas
1492 5249 1729 5320 virgines
1767 5251 1950 5308 dicere
1985 5267 2081 5308 ec—

505 5331 812 5389 clcsiastica
850 5333 1005 5391 nobis
1031 5337 1292 5404 permittit
1317 5338 1647 5404 auctoritas;
1683 5341 1810 5395 dum
1840 5342 1894 5397 in
1919 5359 2081 5414 spon-

505 5443 690 5483 sarum
716 5429 931 5484 modum
958 5447 1094 5501 quas
1117 5439 1402 5486 consecrat
1424 5431 1651 5486 Domino
1675 5433 1819 5488 velat
1853 5449 1866 5488 :
1897 5445 2080 5492 osten-

503 5518 636 5574 dens
665 5534 758 5575 cas
786 5520 872 5574 vel
891 5513 1126 5576 maxime
1147 5521 1430 5576 habituras
1451 5521 1696 5590 spiritale
1724 5527 2075 5595 connubium,

503 5626 624 5680 qua:
661 5612 1079 5684 subterfugerint
1129 5613 1349 5669 carnale
1397 5614 1750 5670 consortium.
1802 5616 1868 5670 Et
1914 5618 2077 5688 digne

502 5701 614 5756 Deo
666 5715 763 5771 per
815 5706 1143 5761 matrimonii
1199 5705 1660 5775 comparationem
1722 5706 2076 5778 spiritualiter

502 5794 846 5865 copulantur,
868 5812 986 5866 qua:
1017 5797 1134 5866 ejus
1156 5797 1464 5853 dilectionis
1492 5812 1656 5852 causa
1683 5800 1918 5853 humana
1943 5817 2074 5858 con-

500 5885 665 5942 nubia
709 5895 1047 5960 spreverunt.
1085 5888 1146 5944 ιιι
1191 5887 1277 5944 his
1324 5902 1489 5956 quam
1535 5888 1771 5945 maxime
1817 5891 2072 5962 impletur

2183 4709 2375 4777 Israel,
2420 4727 2605 4766 nomen
2640 4721 2892 4767 aeternum
2919 4713 3053 4767 dabo
3091 4714 3198 4784 eis,
3243 4712 3383 4784 quod
3425 4729 3536 4768 non
3563 4714 3786 4783 deﬁciet

2181 4804 2314 4862 Isai.
2344 4822 2449 4871 LVI,
2475 4807 2553 4880 4).
2570 4808 2646 4862 De
2661 4807 2856 4878 quibus
2877 4807 3204 4878 spadonibus
3217 4807 3477 4862 Dominus
3506 4806 3564 4861 in
3584 4806 3781 4861 Evan-

2178 4896 2321 4970 gelio
2351 4899 2546 4968 repetit
2575 4898 2758 4954 dicens
2796 4917 2808 4953 :
2836 4898 2970 4954 Sunt
2999 4901 3137 4954 enim
3161 4899 3419 4970 spadones
3443 4899 3541 4969 qui
3568 4901 3784 4969 seipses

2181 4999 2538 5045 castraverunt
2552 5000 2765 5062 propter
2783 5007 2994 5060 regnum
3009 4989 3253 5046 calorum
3270 4987 3489 5060 (Matth.
3507 5005 3637 5054 xxx,
3663 4990 3782 5057 {2).

2182 5079 2406 5152 Magnus
2439 5081 2658 5152 quidem
2692 5089 2774 5136 est
2793 5079 3065 5150 pudicitiae
3086 5079 3261 5146 labor,
3299 5079 3395 5135 sed
3418 5078 3604 5148 majus
3641 5095 3789 5150 pr:-

2180 5171 2348 5225 mium
2381 5189 2395 5224 :
2433 5171 2745 5242 temporalis
2783 5170 3050 5236 custodia,
3082 5169 3177 5225 sed
3207 5169 3580 5227 remuneratio
3617 5178 3792 5226 ater-

2179 5277 2270 5316 na.
2307 5261 2384 5317 De
2413 5262 2498 5318 his
2537 5262 2681 5317 enim
2713 5272 2768 5318 et
2793 5262 2985 5318 beatus
3013 5259 3248 5317 Joannes
3282 5259 3564 5330 apostolus
3588 5261 3786 5332 loqui-

2179 5359 2299 5418 tur,
2356 5353 2500 5422 quod
2538 5362 2825 5424 sequuntur
2849 5353 3056 5423 Agnum
3080 5368 3387 5423 quocunque
3415 5352 3540 5406 ierit
3579 5353 3786 5423 (Apoc.

2177 5460 2270 5499 xrv
2293 5486 2308 5511 ,
2363 5443 2441 5516 4).
2495 5443 2648 5509 Quod
2677 5445 2753 5500 ita
2795 5443 3201 5515 intelligendum
3231 5451 3357 5514 puta
3382 5483 3401 5510 ,
3447 5444 3664 5498 nullum
3697 5447 3791 5500 eis

2176 5534 2352 5590 locum
2397 5534 2454 5589 in
2483 5535 2690 5591 caelesti
2734 5537 2856 5592 aula
2905 5535 3293 5601 claudendum,
3342 5543 3401 5592 et
3441 5543 3650 5592 cuncta
3700 5539 3792 5595 eis

2174 5623 2476 5681 divinarum
2506 5628 2847 5685 mansionum
2875 5630 3181 5686 habitacula
3215 5629 3542 5686 reseranda.

2181 5727 2190 5734 ·
2245 5715 2351 5770 Sed
2377 5723 2438 5771 ut
2478 5716 2742 5774 illustrius
2785 5719 3110 5789 virginitatis
3149 5720 3405 5775 meritum
3440 5719 3689 5786 clareat.
3727 5731 3794 5778 et

2173 5819 2334 5887 quam
2357 5808 2469 5863 Deo
2488 5810 2648 5880 digna
2675 5810 2746 5865 sit
2772 5809 3112 5866 manifestius
3132 5810 3306 5881 possit
3327 5810 3560 5881 intelligi
3584 5851 3599 5878 ,
3635 5812 3790 5868 illud

2173 5897 2471 5970 cogitetur,
2502 5901 2647 5970 quod
2685 5901 2943 5959 Dominus
2975 5910 3033 5959 et
3073 5901 3324 5960 Salvator
3359 5908 3552 5959 noster
3590 5903 3788 5970 Dens,
