3972 6328
188 378 278 436 675
619 368 846 430 CODEX
885 367 1338 428 REGULARUM.
1375 363 1744 425 APPENDIX.
1785 363 2093 424 EXHORT.
2131 363 2226 422 AD
2261 363 2568 422 MONACH.
2609 365 2698 421 ΕΤ
2737 364 2922 423 VIRG.

3313 351 3458 437 67t,'

188 477 294 554 cuii
315 501 534 567 propter
552 489 780 553 humani
817 489 1032 561 generis
1072 487 1298 543 salutem
1339 485 1616 543 hominem
1659 485 1740 542 di-
1764 486 1820 549 Α
1842 481 1920 537 De
1954 481 2243 552 virginibus
2289 488 2464 534 autem
2505 490 2820 551 prwcepntm
2851 479 3064 537 Donum
3109 499 3212 537 non
3237 483 3424 551 habeo,

186 594 423 663 gnaretur
449 597 748 648 assumere,
782 598 890 638 non
912 583 1078 637 alium
1105 597 1269 652 quam
1290 579 1610 650 virginalem
1641 578 1746 634 ele-

186 680 548 753 gerituterum.
575 677 642 732 Et
660 685 721 732 ut
738 677 1047 748 hujusmodi
1069 675 1361 746 plurimum
1394 672 1496 729 sibi
1523 671 1745 743 placere

185 777 512 832 monstraret,
556 776 612 824 et
637 768 908 839 pudicitiae
947 767 1147 822 bonum
1185 767 1401 837 utrique
1427 764 1581 821 sexui
1611 762 1743 818 inti-

182 870 360 928 maret,
398 860 665 932 virginem
695 859 882 914 habuit
901 868 1132 914 matrem
1158 859 1313 929 virgo
1337 871 1659 921 mansurus;
1687 854 1743 908 in

181 973 235 1016 se
272 957 430 1022 viris,
475 964 532 1011 et
572 955 628 1010 in
666 963 840 1010 matre
899 953 1113 1008 feminis
1146 951 1376 1022 praebuit
1415 947 1746 1021 virginitatis

180 1049 508 1120 exemplum:
551 1061 658 1119 quo
709 1047 1173 1101 demonstraretur
1219 1043 1272 1098 in
1317 1049 1548 1111 utroque
1605 1053 1742 1095 sexu

179 1141 373 1198 beatam
405 1139 770 1210 integritatem
798 1136 1099 1192 divinitatis
1130 1134 1342 1199 haberi,
1379 1141 1434 1188 et
1454 1129 1747 1203 plenitudi-

179 1249 293 1291 nem
319 1232 618 1297 meruisse;
657 1230 784 1285 dum
817 1237 987 1284 totum
1026 1229 1080 1282 in
1117 1235 1290 1282 matre
1320 1225 1452 1291 fuit,
1483 1220 1746 1294 quidquid

178 1324 463 1382 habebatur
490 1323 545 1378 in
571 1321 702 1377 ﬁlio.
737 1320 842 1376 Sed
875 1320 1005 1391 quid
1032 1336 1132 1391 ego
1162 1327 1350 1391 satago
1376 1316 1650 1373 excellens
1681 1328 1747 1369 ac

177 1413 391 1471 sublime
413 1411 686 1484 pudicitiae
713 1410 970 1467 meritum
995 1409 1259 1475 revelare,
1288 1417 1344 1464 et
1367 1408 1614 1479 gloriosae
1638 1407 1744 1462 vir-

175 1505 401 1580 ginitatis
420 1506 625 1561 bonum
652 1505 978 1571 ostendere;
1007 1519 1130 1559 cum
1157 1502 1223 1558 de
1244 1503 1350 1558 hac
1375 1515 1436 1557 re
1453 1501 1744 1571 plerosque

174 1611 443 1668 perorasse
471 1612 582 1654 non
608 1596 848 1652 nesciam
869 1637 884 1663 ,
911 1604 966 1651 et
995 1594 1112 1664 ejus
1139 1593 1528 1649 beatitudinem
1561 1592 1739 1648 mani-

175 1684 471 1744 festissimis
497 1687 800 1744 rationibus
827 1686 1230 1756 comprobasse,
1260 1692 1315 1740 et
1345 1683 1477 1739 nulli
1505 1682 1743 1753 sapienti

175 1780 348 1836 venire
379 1779 436 1835 in
467 1779 688 1835 dubium
721 1793 902 1848 posse,
941 1792 1060 1832 eam
1087 1792 1199 1832 rem
1233 1771 1457 1845 majoris
1481 1788 1599 1830 esse
1624 1788 1742 1828 me-

1847 572 2123 627 consilium
2151 581 2326 626 autem
2363 571 2430 626 do
2467 570 2520 643 (Ι
2546 569 2669 626 Cor.
2701 587 2801 637 vn,
2829 570 2942 644 25).
2971 570 3106 627 Cum
3135 588 3265 645 ergo
3287 575 3428 630 obti-

1847 664 2040 719 nendae
2094 662 2424 734 virginitatis
2461 662 2746 718 consilium
2784 662 2897 728 dat,
2947 679 3052 718 non
3105 673 3436 735 przeceptum

1849 756 2070 822 statuit;
2119 771 2282 826 supra
2329 755 2641 811 mandatum
2677 755 2761 811 vel
2801 767 3131 828 praeceptum
3160 774 3280 813 eam
3310 771 3434 816 esse

1848 849 2131 922 professus
2161 857 2263 904 est.
2296 849 2615 920 Quicunque
2647 865 2776 920 ergo
2805 851 3172 921 virginitatem
3215 857 3438 910 servant

1854 942 2031 1013 magis
2059 956 2220 1011 quam
2247 950 2576 1012 praeceptum
2602 951 2685 998 est
2705 941 2928 998 faciunt.
2958 944 3107 1000 Tunc
3137 945 3281 1000 enim
3308 958 3438 1018 pro-

1847 1033 1991 1090 derit
2035 1034 2263 1105 amplius
2300 1034 2494 1090 fecisse
2522 1051 2683 1107 quam
2706 1036 2915 1107 jussum
2941 1044 3043 1103 est,
3074 1037 3120 1092 si
3143 1038 3284 1108 quod
3307 1037 3429 1109 jus-

1848 1141 1970 1182 sum
1999 1135 2084 1182 est
2109 1126 2296 1182 facias.
2325 1127 2564 1198 Cupiens
2590 1129 2832 1184 divinum
2861 1129 3082 1200 implere
3107 1131 3419 1198 consilium,

1848 1224 1975 1272 ante
2023 1218 2206 1272 omnia
2253 1233 2409 1274 serva
2460 1221 2772 1275 mandatum
2818 1236 2834 1274 :
2876 1221 3062 1278 volens
3107 1223 3434 1296 virginitatis

1845 1311 2129 1383 praemium
2166 1313 2446 1384 consequi,
2491 1313 2618 1370 vitae
2651 1313 2977 1385 amplectere
3017 1317 3230 1383 merita,
3263 1325 3322 1372 ut
3344 1325 3436 1374 tua

1847 1405 2189 1459 remunerari
2238 1404 2466 1460 castitas
2505 1405 2678 1476 possit
2714 1424 2727 1460 :
2759 1421 2887 1461 nam
2913 1416 2973 1460 ut
3001 1406 3172 1462 vitam
3215 1415 3441 1478 praestat

1848 1495 2218 1550 remuneratio
2261 1496 2674 1562 mandatorum;
2733 1497 2809 1552 ita
2836 1495 2881 1553 le
2931 1499 3206 1554 contrario
3251 1513 3439 1554 eorum

1849 1595 2078 1658 generat
2112 1587 2488 1658 przevaricatio
2525 1596 2777 1644 mortem.
2826 1589 2896 1643 Et
2929 1590 3022 1660 qui
3056 1605 3152 1661 per
3181 1589 3441 1662 praevari-

1849 1681 2123 1738 cationem
2171 1683 2224 1736 in
2255 1691 2486 1738 mortem
2533 1681 2698 1738 fuerit
2745 1683 3052 1775 depu‘tatus,
3105 1685 3441 1756 virginitatis

1850 1787 2110 1830 coronam
2136 1789 2359 1845 sperare
2383 1789 2492 1830 non
2521 1774 2761 1843 poterit;
2792 1774 2969 1846 neque
2995 1775 3270 1846 pudicitia:
3298 1790 3440 1846 pra:-

176 1872 261 1928 riti
299 1887 415 1943 quas
439 1871 512 1928 sit
551 1869 832 1942 amplioris
866 1868 1107 1924 laboris?
1136 1867 1392 1937 Quisquis
1413 1866 1559 1921 enim
1585 1865 1744 1934 pudi-
1771 1854 1820 1914 Β
1850 1865 2022 1920 mium
2050 1875 2368 1936 exspectare
2396 1865 2726 1921 constitutus
2749 1865 2805 1921 in
2829 1880 3012 1936 pana.

174 1962 348 2018 citiam
373 1969 468 2017 aut
493 1959 696 2016 nullius
719 1958 946 2032 praemii,
981 1965 1076 2012 aut
1103 1957 1255 2028 parvi
1284 1955 1588 2022 existimat,
1625 1971 1743 2010 cer-

173 2060 282 2108 tum
306 2059 388 2109 est
431 2050 581 2106 illum
627 2058 722 2105 aut
770 2050 1043 2122 ignorare,
1080 2055 1174 2102 aut
1220 2062 1328 2102 non
1379 2045 1742 2102 voluntarium

172 2141 311 2199 ferre
343 2141 602 2199 laborem.
647 2139 801 2197 Unde
837 2139 913 2195 illi
943 2153 1157 2208 semper
1181 2135 1420 2198 castitati
1455 2135 1744 2208 derogant,

171 2232 261 2304 qui
295 2247 414 2288 eam
442 2240 538 2288 aut
569 2247 676 2287 non
722 2229 961 2298 habent,
1003 2237 1096 2284 aut
1120 2229 1329 2285 habere
1362 2236 1628 2298 coguntur
1652 2227 1739 2282 in-

170 2325 284 2380 viti.

237 2415 386 2473 Nunc
434 2416 614 2487 itaque
651 2429 906 2487 quoniam
934 2413 1121 2485 paucis
1167 2411 1316 2478 licet,
1352 2419 1461 2467 tam
1496 2410 1741 2467 laborem

167 2522 326 2580 quam
352 2509 606 2563 meritum
635 2505 964 2576 integritatis
990 2504 1362 2570 ostendimus;
1390 2519 1459 2558 ne
1487 2517 1598 2566 res,
1621 2518 1742 2572 quas

168 2599 350 2670 grandi
368 2599 569 2653 virtute
591 2604 825 2661 constat,
847 2603 904 2651 et
923 2595 1128 2667 ingenti
1158 2595 1382 2666 praemio
1411 2595 1737 2661 destinatur,

168 2705 348 2748 carere
395 2689 573 2747 fructu
617 2705 715 2746 suo
753 2689 964 2760 possit,
1016 2689 1325 2760 diligentius
1363 2689 1742 2747 excubandum

167 2793 266 2842 est.
295 2784 504 2854 Quanto
541 2783 687 2839 enim
712 2797 1049 2854 quacunque
1077 2782 1285 2853 species
1309 2781 1602 2852 pretiosior
1623 2780 1744 2837 fue-

166 2878 257 2944 rit,
288 2885 435 2932 tanto
453 2873 646 2945 majori
665 2875 1024 2931 sollicitudine
1041 2874 1360 2930 custoditur.
1395 2874 1461 2929 Et
1485 2874 1743 2946 quoniam

163 2969 346 3025 multm
382 2977 509 3025 sunt
547 2983 668 3039 quae
694 2968 838 3024 bono
868 2967 1090 3038 proprio
1116 2974 1334 3032 carent,
1373 2966 1476 3021 nisi
1514 2965 1743 3021 aliarum

164 3077 343 3118 rerum
372 3059 634 3130 juventur
672 3059 904 3126 auxilio;
931 3068 993 3115 ut
1029 3067 1115 3116 est
1148 3059 1324 3116 mellis
1366 3059 1591 3131 species,
1620 3074 1765 3130 qum

163 3156 268 3212 nisi
295 3169 538 3211 cerarum
570 3153 812 3209 custodia
843 3162 897 3208 et
934 3151 1178 3208 favorum
1211 3151 1418 3208 cellulis
1445 3166 1739 3208 conserve-
1779 3149 1806 3193 ’-

162 3253 276 3310 tur,
299 3252 352 3300 et
375 3244 457 3316 (ut
475 3243 658 3299 verius
681 3243 934 3314 dixerim)
956 3243 1250 3308 nutriatur,
1279 3243 1583 3298 naturalem
1613 3258 1742 3314 gra-
1771 3219 1816 3284 (οἶ

162 3339 296 3394 tiam
322 3339 515 3412 perdit,
547 3344 606 3393 et
628 3337 925 3394 subsistere
966 3352 1064 3408 per
1099 3352 1157 3392 se
1183 3336 1357 3408 ipsam
1383 3352 1489 3393 non
1539 3345 1739 3407 potest.

162 3428 316 3485 Sicut
340 3439 394 3487 et
432 3430 543 3486 vini
577 3431 803 3502 species,
839 3432 983 3500 quod
1017 3429 1125 3484 nisi
1153 3429 1282 3484 boni
1311 3430 1496 3485 odoris
1522 3445 1620 3485 vas
1647 3430 1741 3496 sit,

155 3522 222 3574 et
245 3519 508 3588 reparatis
531 3517 776 3574 crebrius
801 3517 1013 3588 picibus
1042 3515 1314 3584 foveatur,
1344 3517 1592 3586 genuina:
1631 3517 1744 3572 vim

157 3610 450 3667 suavitatis
486 3609 700 3666 amittit.
733 3609 1010 3666 Attentius
1037 3623 1170 3680 ergo
1201 3607 1595 3679 providendum
1637 3616 1744 3675 est,

156 3715 237 3758 ne
249 3697 390 3755 forte
405 3709 459 3756 et
480 3700 776 3772 virginitati
797 3700 902 3755 alia
923 3701 1033 3755 sint
1057 3697 1385 3765 necessaria,
1410 3699 1526 3754 sine
1547 3697 1747 3769 quibus

154 3806 505 3864 nequaquam
542 3792 779 3849 fructum
805 3791 1003 3847 afferre
1031 3789 1379 3857 sufﬁciat;-et
1407 3796 1590 3845 tantus
1611 3788 1748 3844 nihil

151 3889 403 3962 proderit
449 3889 621 3955 labor,
662 3890 790 3947 dum
815 3903 953 3943 vane
991 3886 1253 3959 prodesse
1283 3884 1560 3952 creditur,
1603 3884 1749 3954 quod

150 3980 368 4051 absque
406 3981 572 4038 rebus
610 3981 936 4038 necessariis
967 3980 1296 4053 possidetur.
1334 3977 1451 4034 Nisi
1477 3977 1621 4033 enim
1647 3975 1748 4031 fal-

149 4073 263 4141 lor,
294 4075 364 4131 ob
393 4074 635 4132 celestis
673 4075 824 4146 regni
859 4073 1142 4145 praemium
1177 4070 1452 4142 pudicitiae
1495 4075 1745 4126 servatur

149 4165 470 4236 integritas,
504 4167 649 4237 quod
694 4167 814 4221 sine
837 4173 1052 4220 aeterna
1080 4163 1205 4218 vitae
1241 4163 1438 4218 merito
1471 4162 1745 4217 neminem

149 4258 426 4329 consequi
462 4274 624 4330 posse
654 4259 787 4315 satis
813 4266 1023 4314 certum
1052 4263 1156 4312 est.
1183 4253 1472 4310 IEternam
1501 4268 1633 4309 vero
1667 4253 1749 4307 vi-

149 4361 270 4408 tam
311 4369 420 4409 non
463 4354 566 4410 nisi
613 4371 711 4426 per
734 4369 949 4410 omnem
1001 4351 1304 4408 divinorum
1351 4356 1747 4420 prceceptorum

149 4445 466 4500 custodiam
510 4447 810 4517 promereri
845 4461 1004 4518 posse
1049 4444 1332 4515 Scriptura
1384 4451 1618 4498 testatur
1671 4440 1749 4496 di-

148 4549 291 4589 cens
324 4553 338 4589 :
373 4534 434 4590 Si
469 4537 541 4591 vis
567 4537 635 4590 ad
675 4537 830 4592 vitam
853 4538 1046 4602 venire,
1069 4552 1217 4591 serva
1242 4534 1496 4588 mandata
1527 4531 1743 4605 (Matth.

145 4640 274 4692 nx,
308 4627 420 4700 l7).
449 4627 626 4683 Vitam
650 4644 780 4700 ergo
799 4643 907 4684 non
935 4629 1118 4693 habet,
1146 4627 1252 4682 nisi
1274 4627 1369 4698 qui
1392 4632 1588 4682 cuncta
1613 4625 1748 4696 legis

144 4717 422 4774 mandata
442 4720 782 4774 servaverit:
809 4725 864 4775 et
885 4719 977 4790 qui
1003 4719 1170 4774 vitam
1201 4733 1309 4773 non
1337 4717 1608 4785 habuerit,
1632 4731 1745 4773 ca:-

143 4806 316 4864 lestis
363 4811 514 4881 regni
543 4826 651 4867 non
693 4819 871 4881 potest
898 4826 1018 4867 esse
1059 4827 1373 4882 possessor,
1425 4811 1478 4866 in
1507 4827 1614 4881 quo
1641 4825 1747 4867 non

141 4901 387 4969 mortui,
416 4902 509 4958 sed
535 4901 640 4958 vivi
681 4903 880 4974 quique
909 4911 1229 4974 regnabunt.
1257 4902 1400 4958 Nihil
1425 4917 1554 4975 ergo
1578 4903 1746 4974 virgi-

145 4991 305 5047 nitas
329 4992 447 5049 sola
473 4994 738 5065 proficiet,
772 5010 892 5066 qua:
925 4995 1161 5052 caelestis
1183 4996 1335 5068 regni
1367 4995 1594 5068 gloriam
1625 5011 1748 5068 spe-

142 5091 272 5150 rat;
319 5085 430 5140 nisi
473 5096 530 5142 et
558 5087 689 5143 illud
729 5087 1007 5155 habuerit,
1050 5089 1139 5145 cui
1173 5099 1434 5160 perpetua
1477 5090 1588 5144 vita
1623 5104 1748 5160 pro-

144 5178 424 5246 mittitur,
455 5195 554 5251 per
581 5196 746 5252 quam
774 5181 1014 5239 ctelestis
1059 5183 1208 5255 regni
1249 5184 1531 5254 praemium
1577 5184 1752 5254 possi-

141 5271 344 5328 detur.
383 5271 528 5328 Ante
555 5288 684 5345 ergo
713 5275 898 5330 omnia
926 5256 1240 5346 pudicitiam
1271 5276 1749 5347 integritatemque

141 5365 536 5434 servantibus,
560 5376 617 5423 et
645 5367 761 5438 ejus
790 5369 1281 5426 remunerationem
1310 5386 1342 5425 a
1379 5369 1476 5426 Dei
1499 5371 1752 5442 aequitate

138 5457 519 5527 sperantibus
533 5461 913 5516 mandatorum
933 5471 1058 5518 sunt
1073 5462 1426 5519 custodienda
1448 5472 1747 5536 praecepta;

136 5562 217 5603 ne
241 5549 514 5621 gloriosae
534 5553 802 5610 castitatis
825 5563 880 5612 et
901 5555 1245 5613 continentia:
1265 5555 1422 5614 labor
1449 5556 1504 5613 in
1533 5556 1751 5613 irritum

137 5641 497 5702 deducatur.

223 5736 427 5808 Supra
448 5742 761 5800 mandatum
782 5744 867 5802 vel
895 5752 1221 5818 praeceptum
1243 5760 1362 5804 esse
1383 5746 1754 5820 virginitatem

132 5831 391 5901 sapiens
429 5843 484 5891 et
514 5835 698 5912 legens
731 5838 910 5898 nullus
936 5841 1188 5914 ignorat,
1217 5841 1475 5917 Apostolo
1499 5841 1752 5921 dicente:

1920 1955 2058 2012 Tres
2085 1957 2231 2012 enim
2281 1956 2490 2028 species
2515 1964 2663 2022 sunt,
2713 1972 2811 2028 per
2845 1973 2980 2028 quas
3009 1956 3246 2014 caelestis
3285 1958 3438 2032 regni

1846 2047 2124 2118 possessio
2179 2046 2474 2102 introitur.’
2502 2047 2686 2102 Prima
2729 2057 2813 2103 est
2865 2049 3156 2119 pudicitia;
3203 2050 3441 2107 secunda

1847 2141 2036 2197 mundi
2063 2149 2432 2212 contemptus;
2465 2142 2626 2197 tertia
2643 2156 2776 2197 vero
2791 2142 3004 2214 justitia
3027 2161 3041 2198 :
3068 2158 3190 2215 quae
3219 2151 3281 2198 ut
3299 2159 3435 2202 con-

1847 2247 2002 2288 nexa
2035 2233 2332 2304 plurimum
2369 2249 2429 2289 se
2475 2233 2883 2305 possidentibus
2907 2244 3200 2307 prtestant,
3233 2236 3310 2292 ita
3355 2237 3440 2294 dl-

1844 2325 1977 2382 visa:
2021 2327 2279 2398 prodesse
2325 2326 2546 2383 difﬁcile
2597 2336 2824 2399 possunt
2871 2347 2885 2383 :
2923 2329 3052 2385 dum
3101 2344 3439 2402 unaquaeque

1846 2429 2035 2472 earum
2072 2431 2180 2471 non
2213 2427 2436 2487 propter
2471 2433 2530 2473 se
2570 2425 2802 2486 tantum,
2845 2420 2942 2476 sed
2992 2429 3216 2491 propter
3267 2421 3432 2476 aliam

1845 2506 2190 2578 elllagitatur.
2242 2507 2299 2562 In
2343 2508 2535 2578 primis
2577 2523 2708 2580 ergo
2741 2508 3016 2580 .quzeritur
3051 2509 3330 2580 pudicitia,
3380 2519 3442 2565 ut

1847 2598 2063 2656 facilius
2117 2600 2478 2670 subsequatur
2520 2600 2707 2656 mundi
2757 2609 3097 2672 contemptus
3142 2619 3154 2656 :
3197 2602 3322 2672 quia
3369 2602 3438 2658 ab

1848 2690 1957 2747 illis
1994 2691 2228 2747 mundus
2257 2691 2535 2748 contemni
2560 2691 2734 2749 levius
2758 2700 2957 2763 potest,
2989 2692 3080 2762 qui
3106 2691 3440 2747 matrimonii

1849 2783 2080 2839 nexibus
2105 2798 2216 2838 non
2240 2791 2512 2838 tenentur.
2545 2783 2726 2840 Mundi
2755 2799 2886 2840 vero
2907 2791 3251 2854 contemptus
3275 2798 3441 2855 expo-

1850 2875 2042 2943 scitur,
2081 2882 2142 2929 ut
2173 2873 2383 2944 justitia
2413 2883 2799 2942 conservetur;
2833 2891 2994 2946 quam
3034 2875 3260 2946 implere
3289 2873 3435 2932 diffl-

1849 2969 1952 3025 cile
1977 2979 2222 3040 possunt,
2257 2969 2350 3040 qui
2386 2968 2728 3025 saecularium
2758 2961 3025 3024 bonorum
3045 2975 3102 3024 et
3135 2967 3440 3024 mundana-

1797 3127 1800 3132 _
1853 3077 1974 3118 rum
1995 3060 2338 3132 voluptatum
2364 3060 2599 3134 negotiis
2619 3060 2987 3131 implicantur.
3019 3059 3276 3130 Quisquis
3303 3071 3436 3132 ergo

1848 3152 2089 3224 possidet
2134 3151 2367 3223 primam
2411 3151 2645 3222 speciem
2683 3150 2978 3222 pudicitia,
3026 3160 3082 3206 et
3119 3150 3435 3217 secundam,

1849 3260 1969 3318 quae
2012 3254 2097 3302 est
2128 3246 2320 3303 mundi
2349 3254 2722 3318 contemptus,
2755 3261 2864 3301 non
2894 3245 3125 3312 obtinet,
3155 3259 3293 3316 pene
3323 3245 3440 3300 sine

1847 3356 2010 3398 causa
2037 3341 2280 3412 possidet
2321 3341 2585 3411 primam,
2629 3339 2847 3410 quando
2877 3337 3171 3394 secundam
3201 3352 3308 3392 non
3337 3337 3438 3390 ha-

1846 3433 1958 3500 bet,
1989 3441 2209 3502 propter
2236 3448 2398 3503 quam
2430 3433 2604 3502 prima
2635 3433 2861 3502 quaesita
2890 3439 2994 3486 est.
3039 3430 3107 3484 Et
3131 3429 3176 3485 si
3206 3430 3438 3500 primam

1848 3534 1904 3581 et
1931 3526 2222 3580 secundam
2249 3525 2467 3590 habeat,
2507 3525 2595 3580 cui
2626 3524 2806 3589 tertia,
2839 3539 2957 3593 qua:
2978 3520 3315 3589 estjustitia,
3342 3523 3438 3576 de-

1848 3617 1942 3682 sit,
1980 3616 2183 3672 frustra
2222 3615 2432 3672 laborat
2471 3635 2484 3670 :
2529 3615 2786 3688 quoniam
2829 3615 3140 3685 superiores
3170 3614 3287 3668 dum
3316 3628 3442 3683 pro-

1847 3717 1970 3780 pter
2021 3706 2291 3777 justitiam
2337 3707 2609 3779 praecipue
2665 3707 3037 3778 requiruntur.
3099 3705 3239 3774 Quid
3295 3706 3440 3761 enim

1847 3801 2072 3874 prodest
2107 3809 2330 3872 propter
2356 3800 2544 3856 mundi
2575 3808 2945 3869 contemptum
2973 3797 3292 3869 pudicitiam
3335 3797 3436 3851 ha-

1847 3894 1997 3963 bere,
2037 3901 2090 3950 et
2118 3900 2341 3965 propter
2369 3894 2510 3964 quod
2551 3909 2672 3950 eam
2699 3893 2901 3948 habeas
2934 3907 3036 3948 non
3066 3891 3306 3948 habere?
3345 3889 3437 3946 Vel

1849 4001 1950 4042 cur
1969 4002 2057 4043 res
2077 3987 2262 4043 mundi
2287 3994 2626 4053 contemnas,
2649 3986 2694 4041 si
2709 3984 3001 4056 justitiam,
3023 3991 3247 4057 propter
3272 3999 3437 4054 quam

1847 4079 2163 4151 pudicitiam
2204 4087 2259 4134 et
2286 4079 2473 4134 mundi
2509 4083 2880 4148 contemptum
2922 4076 3122 4132 habere
3165 4084 3218 4131 te
3243 4091 3440 4131 convc-

1849 4173 1950 4238 nit,
1990 4188 2097 4228 non
2137 4170 2452 4227 custodias?
2491 4169 2626 4238 Quia
2653 4178 2716 4225 ut
2760 4169 2933 4240 prima
2983 4167 3192 4238 species
3218 4177 3441 4239 propter

1850 4265 2143 4320 secundam
2162 4271 2248 4318 est
2265 4304 2279 4329 ,
2308 4263 2381 4317 ita
2400 4262 2575 4332 prima
2597 4271 2651 4317 et
2681 4261 2913 4317 secunda
2935 4268 3158 4329 propter
3183 4259 3396 4312 tertiam
3423 4273 3436 4315 :

1850 4370 1971 4426 quae
2001 4355 2048 4410 si
2090 4370 2199 4410 non
2229 4353 2412 4418 fuerit,
2446 4368 2546 4408 nec
2573 4353 2748 4424 prima
2783 4365 2882 4405 nec
2907 4349 3142 4404 secunda
3166 4347 3434 4417 proﬁciet.

1922 4445 2070 4502 Dicis
2101 4445 2364 4510 forsitan,
2395 4443 2540 4499 Doce
2569 4457 2698 4514 ergo
2724 4457 2811 4496 me
2849 4439 2979 4510 quid
3008 4439 3078 4493 sit
3099 4438 3306 4507 justitia
3335 4453 3349 4502 ;
3377 4445 3439 4491 ut

1851 4553 1973 4596 eam
1997 4538 2042 4594 si
2066 4536 2434 4608 cognoverim,
2454 4533 2666 4589 facilius
2694 4531 2919 4601 implere
2948 4528 3237 4584 sufficiam.
3253 4527 3439 4582 Dicam

1849 4632 2088 4688 breviter
2106 4638 2166 4686 ut
2192 4629 2366 4694 valeo,
2391 4634 2448 4683 et
2467 4626 2761 4682 verborum
2777 4632 2901 4678 utar
2921 4621 3267 4692 simplicitate
3288 4635 3440 4676 com-

1850 4725 2092 4782 munium
2127 4742 2140 4778 :
2169 4722 2298 4793 quia
2333 4735 2496 4778 causa
2537 4719 2604 4774 de
2637 4733 2743 4789 qua
2781 4716 2994 4788 agimus
3027 4714 3151 4770 talis
3177 4721 3291 4780 est,
3320 4727 3442 4783 qua:

1851 4816 2256 4876 dissertioribus
2286 4813 2554 4870 facundiae
2591 4811 2932 4868 sermonibus
2968 4823 3309 4880 nequaquam
3341 4808 3438 4861 de-

1850 4911 1944 4967 bet
1969 4907 2270 4973 obscurari,
2312 4906 2417 4962 sed‘
2445 4904 2868 4977 simplicioribus
2901 4901 3222 4972 eloquentia:
3251 4911 3440 4953 narra-

1851 5004 2090 5060 tionibus
2135 5001 2296 5074 pandi
2337 5018 2350 5056 :
2395 5016 2484 5056 res
2526 5000 2671 5055 enim
2705 4999 2759 5054 in
2805 5010 3092 5053 commune
3130 4991 3439 5050 necessaria

1853 5095 2127 5153 communi
2175 5094 2336 5151 debet
2379 5108 2628 5150 sermone
2678 5090 2991 5148 monstrari.
3041 5085 3258 5143 Justitia
3306 5098 3438 5156 ergo

1855 5207 1964 5248 non
1993 5197 2078 5246 est
2093 5189 2238 5244 aliud
2267 5203 2430 5258 quam
2460 5203 2566 5243 non
2589 5199 2838 5256 peccare.
2870 5181 2986 5238 Non
3008 5195 3234 5252 peccare
3255 5189 3439 5234 autem

1855 5293 1939 5344 est
1966 5284 2099 5356 legis
2137 5291 2406 5355 praecepta
2442 5296 2681 5337 servare.
2707 5279 3108 5346 Przeceptorum
3131 5281 3311 5328 autem
3340 5272 3440 5327 ob-

1858 5378 2099 5434 servatio
2139 5376 2337 5448 duplici
2382 5389 2580 5449 genere
2611 5372 2914 5429 custoditur
2944 5387 2958 5424 :
2989 5377 3050 5423 ut
3085 5365 3217 5422 nihil
3250 5380 3438 5421 eorum

1859 5485 1980 5544 quae
2021 5467 2381 5540 prohibentur
2425 5466 2627 5532 facias,
2679 5471 2734 5519 et
2780 5469 2973 5518 cuncta
3023 5474 3142 5530 quze
3182 5456 3439 5527 jubentur

1859 5562 2084 5634 implere
2119 5559 2434 5618 contendas.
2478 5557 2593 5612 Hoc
2632 5562 2716 5611 est
2754 5553 2898 5626 quod
2949 5551 3079 5608 dicit
3117 5569 3129 5603 :
3172 5546 3369 5603 Recede
3406 5562 3440 5600 a

1858 5653 2022 5721 malo,
2046 5662 2094 5708 et
2118 5653 2204 5724 [ac
2227 5651 2419 5706 bonum
2445 5647 2618 5722 (Psal.
2648 5663 2844 5714 χχχιιι,
2877 5644 2982 5716 15).
3017 5641 3150 5697 Nolo
3179 5640 3322 5695 enim
3343 5652 3444 5708 pu-

1858 5756 1942 5805 tes
1970 5747 2024 5802 in
2044 5746 2151 5802 hoc
2174 5751 2429 5801 constare
2453 5740 2725 5810 justitiam
2746 5781 2761 5808 ,
2785 5747 2847 5794 ut
2873 5737 3074 5794 malum
3104 5750 3207 5790 non
3238 5730 3439 5794 facias;

1863 5854 1988 5901 cum
2015 5846 2072 5895 et
2098 5837 2300 5894 bonum
2329 5848 2436 5890 non
2468 5831 2646 5889 facere
2675 5831 2878 5889 malum
2908 5830 3010 5901 sit;
3047 5835 3104 5884 et
3130 5826 3186 5883 in
3215 5833 3444 5892 utroque
