  <div class='ocr_page' id='page_1' title='image "/cluster/home/n/w/nwhite01/storage/ocr_20150623/103/hvd.32044015466816/343.png"; bbox 0 0 3972 6328; ppageno 0'>
   <div class='ocr_carea' id='block_1_1' title="bbox 493 446 595 506">
    <p class='ocr_par' dir='ltr' id='par_1_1' title="bbox 493 446 595 506">
     <span class='ocr_line' id='line_1_1' title="bbox 493 446 595 506; baseline 0 -1"><span class='ocrx_word' id='word_1_1' title='bbox 493 446 595 506; x_wconf 80' lang='lat'><strong>675</strong></span> 
     </span>
    </p>
   </div>
   <div class='ocr_carea' id='block_1_2' title="bbox 1529 400 2761 494">
    <p class='ocr_par' dir='ltr' id='par_1_2' title="bbox 1529 400 2761 494">
     <span class='ocr_line' id='line_1_2' title="bbox 1529 400 2761 494; baseline -0.01 0"><span class='ocrx_word' id='word_1_2' title='bbox 1529 430 1584 494; x_wconf 79' lang='grc' dir='ltr'><strong>ς.</strong></span> <span class='ocrx_word' id='word_1_3' title='bbox 1624 400 1995 491; x_wconf 60' lang='grc' dir='ltr'><strong>Βειὴεῠιατι</strong></span> <span class='ocrx_word' id='word_1_4' title='bbox 2021 403 2313 486; x_wconf 63' lang='lat' dir='ltr'><strong>Alienis</strong></span> <span class='ocrx_word' id='word_1_5' title='bbox 2346 402 2761 487; x_wconf 62' lang='lat' dir='ltr'><strong>ANIANENSlS</strong></span> 
     </span>
    </p>
   </div>
   <div class='ocr_carea' id='block_1_3' title="bbox 3658 420 3766 477">
    <p class='ocr_par' dir='ltr' id='par_1_3' title="bbox 3658 420 3766 477">
     <span class='ocr_line' id='line_1_3' title="bbox 3658 420 3766 477; baseline 0 -1"><span class='ocrx_word' id='word_1_6' title='bbox 3658 420 3766 477; x_wconf 80' lang='lat'><strong>676</strong></span> 
     </span>
    </p>
   </div>
   <div class='ocr_carea' id='block_1_4' title="bbox 491 514 3771 637">
    <p class='ocr_par' dir='ltr' id='par_1_4' title="bbox 491 514 3771 637">
     <span class='ocr_line' id='line_1_4' title="bbox 491 514 3771 637; baseline -0.004 -24"><span class='ocrx_word' id='word_1_7' title='bbox 491 565 627 637; x_wconf 64' lang='lat' dir='ltr'><strong>legis</strong></span> <span class='ocrx_word' id='word_1_8' title='bbox 657 552 1033 634; x_wconf 71' lang='lat' dir='ltr'><strong>pmvaricatio</strong></span> <span class='ocrx_word' id='word_1_9' title='bbox 1062 554 1452 623; x_wconf 68' lang='lat' dir='ltr'><strong>committatur.</strong></span> <span class='ocrx_word' id='word_1_10' title='bbox 1483 548 1753 617; x_wconf 77' lang='lat' dir='ltr'><strong>Quoniam</strong></span> <span class='ocrx_word' id='word_1_11' title='bbox 1778 544 1873 617; x_wconf 87' lang='lat' dir='ltr'><strong>qui</strong></span> <span class='ocrx_word' id='word_1_12' title='bbox 1899 542 2069 637; x_wconf 75' lang='lat' dir='ltr'><strong>dixit:</strong></span> <span class='ocrx_word' id='word_1_13' title='bbox 2100 543 2155 606; x_wconf 83' lang='grc' dir='ltr'><strong>Α</strong></span> <span class='ocrx_word' id='word_1_14' title='bbox 2179 514 2441 637; x_wconf 61' lang='grc' dir='ltr'>θὶἀὶιῖᾸιιι</span> <span class='ocrx_word' id='word_1_15' title='bbox 2465 536 2667 637; x_wconf 74' lang='lat' dir='ltr'><strong>grande</strong></span> <span class='ocrx_word' id='word_1_16' title='bbox 2682 536 2832 637; x_wconf 87' lang='lat' dir='ltr'><strong>illum</strong></span> <span class='ocrx_word' id='word_1_17' title='bbox 2851 527 3188 637; x_wconf 67' lang='lat' dir='ltr'><strong>commisisse</strong></span> <span class='ocrx_word' id='word_1_18' title='bbox 3620 536 3771 594; x_wconf 70' lang='lat' dir='ltr'><strong>unde</strong></span> 
     </span>
    </p>
   </div>
   <div class='ocr_carea' id='block_1_5' title="bbox 494 634 2074 718">
    <p class='ocr_par' dir='ltr' id='par_1_5' title="bbox 494 634 2074 718">
     <span class='ocr_line' id='line_1_5' title="bbox 494 634 2074 718; baseline -0.014 -5"><span class='ocrx_word' id='word_1_19' title='bbox 494 634 697 713; x_wconf 65' lang='lat' dir='ltr'><strong>Recede</strong></span> <span class='ocrx_word' id='word_1_20' title='bbox 719 670 753 707; x_wconf 90' lang='lat' dir='ltr'><strong>a</strong></span> <span class='ocrx_word' id='word_1_21' title='bbox 783 650 944 718; x_wconf 86' lang='lat' dir='ltr'><strong>malo,</strong></span> <span class='ocrx_word' id='word_1_22' title='bbox 990 655 1047 704; x_wconf 90' lang='lat' dir='ltr'><strong>et</strong></span> <span class='ocrx_word' id='word_1_23' title='bbox 1075 648 1191 717; x_wconf 89' lang='lat' dir='ltr'><strong>ipse</strong></span> <span class='ocrx_word' id='word_1_24' title='bbox 1218 645 1377 713; x_wconf 67' lang='lat' dir='ltr'><strong>dixit,</strong></span> <span class='ocrx_word' id='word_1_25' title='bbox 1408 640 1522 697; x_wconf 83' lang='lat' dir='ltr'><strong>Fac</strong></span> <span class='ocrx_word' id='word_1_26' title='bbox 1548 640 1759 707; x_wconf 72' lang='lat' dir='ltr'><strong>bonum.</strong></span> <span class='ocrx_word' id='word_1_27' title='bbox 1792 636 1849 694; x_wconf 89' lang='lat' dir='ltr'><strong>Si</strong></span> <span class='ocrx_word' id='word_1_28' title='bbox 1871 653 1903 692; x_wconf 88' lang='lat' dir='ltr'><strong>a</strong></span> <span class='ocrx_word' id='word_1_29' title='bbox 1931 634 2074 691; x_wconf 83' lang='lat' dir='ltr'><strong>male</strong></span> 
     </span>
    </p>
   </div>
   <div class='ocr_carea' id='block_1_6' title="bbox 496 736 2077 812">
    <p class='ocr_par' dir='ltr' id='par_1_6' title="bbox 496 736 2077 812">
     <span class='ocr_line' id='line_1_6' title="bbox 496 736 2077 812; baseline -0.014 -8"><span class='ocrx_word' id='word_1_30' title='bbox 496 746 808 812; x_wconf 82' lang='lat' dir='ltr'><strong>recesseris,</strong></span> <span class='ocrx_word' id='word_1_31' title='bbox 848 751 905 800; x_wconf 88' lang='lat' dir='ltr'><strong>et</strong></span> <span class='ocrx_word' id='word_1_32' title='bbox 946 756 1054 797; x_wconf 89' lang='lat' dir='ltr'><strong>non</strong></span> <span class='ocrx_word' id='word_1_33' title='bbox 1099 737 1294 795; x_wconf 81' lang='lat' dir='ltr'><strong>feceris</strong></span> <span class='ocrx_word' id='word_1_34' title='bbox 1334 736 1569 800; x_wconf 88' lang='lat' dir='ltr'><strong>bonum,</strong></span> <span class='ocrx_word' id='word_1_35' title='bbox 1618 741 1990 802; x_wconf 84' lang='lat' dir='ltr'><strong>transgressor</strong></span> <span class='ocrx_word' id='word_1_36' title='bbox 2017 740 2077 783; x_wconf 89' lang='lat' dir='ltr'><strong>es</strong></span> 
     </span>
    </p>
   </div>
   <div class='ocr_carea' id='block_1_7' title="bbox 490 821 2076 915">
    <p class='ocr_par' dir='ltr' id='par_1_7' title="bbox 490 821 2076 915">
     <span class='ocr_line' id='line_1_7' title="bbox 490 821 2076 915; baseline -0.015 -17"><span class='ocrx_word' id='word_1_37' title='bbox 490 840 657 915; x_wconf 84' lang='lat' dir='ltr'><strong>legis;</strong></span> <span class='ocrx_word' id='word_1_38' title='bbox 701 852 823 909; x_wconf 62' lang='lat' dir='ltr'><strong>qua:</strong></span> <span class='ocrx_word' id='word_1_39' title='bbox 864 850 971 905; x_wconf 84' lang='lat' dir='ltr'><strong>non</strong></span> <span class='ocrx_word' id='word_1_40' title='bbox 995 840 1205 910; x_wconf 86' lang='lat' dir='ltr'><strong>tantum</strong></span> <span class='ocrx_word' id='word_1_41' title='bbox 1234 831 1288 885; x_wconf 89' lang='lat' dir='ltr'><strong>in</strong></span> <span class='ocrx_word' id='word_1_42' title='bbox 1315 828 1581 887; x_wconf 84' lang='lat' dir='ltr'><strong>malorum</strong></span> <span class='ocrx_word' id='word_1_43' title='bbox 1621 832 1839 881; x_wconf 88' lang='lat' dir='ltr'><strong>actuum</strong></span> <span class='ocrx_word' id='word_1_44' title='bbox 1855 821 2076 915; x_wconf 55' lang='lat' dir='ltr'><strong>abomia</strong></span> 
     </span>
    </p>
   </div>
   <div class='ocr_carea' id='block_1_8' title="bbox 492 912 2079 996">
    <p class='ocr_par' dir='ltr' id='par_1_8' title="bbox 492 912 2079 996">
     <span class='ocr_line' id='line_1_8' title="bbox 492 912 2079 996; baseline -0.015 -6"><span class='ocrx_word' id='word_1_45' title='bbox 492 912 723 993; x_wconf 73' lang='lat' dir='ltr'><strong>natione</strong></span> <span class='ocrx_word' id='word_1_46' title='bbox 745 971 760 996; x_wconf 94' lang='lat'><strong>,</strong></span> <span class='ocrx_word' id='word_1_47' title='bbox 810 926 907 984; x_wconf 87' lang='lat' dir='ltr'><strong>sed</strong></span> <span class='ocrx_word' id='word_1_48' title='bbox 951 933 1007 981; x_wconf 91' lang='lat' dir='ltr'><strong>et</strong></span> <span class='ocrx_word' id='word_1_49' title='bbox 1052 925 1107 980; x_wconf 91' lang='lat' dir='ltr'><strong>in</strong></span> <span class='ocrx_word' id='word_1_50' title='bbox 1154 923 1422 979; x_wconf 81' lang='lat' dir='ltr'><strong>bonorum</strong></span> <span class='ocrx_word' id='word_1_51' title='bbox 1476 932 1701 989; x_wconf 88' lang='lat' dir='ltr'><strong>operum</strong></span> <span class='ocrx_word' id='word_1_52' title='bbox 1746 912 2079 987; x_wconf 78' lang='lat' dir='ltr'><strong>perfectione</strong></span> 
     </span>
    </p>
   </div>
   <div class='ocr_carea' id='block_1_9' title="bbox 494 1002 2075 1093">
    <p class='ocr_par' dir='ltr' id='par_1_9' title="bbox 494 1002 2075 1093">
     <span class='ocr_line' id='line_1_9' title="bbox 494 1002 2075 1093; baseline -0.015 -13"><span class='ocrx_word' id='word_1_53' title='bbox 494 1022 816 1093; x_wconf 84' lang='lat' dir='ltr'><strong>completur.</strong></span> <span class='ocrx_word' id='word_1_54' title='bbox 850 1017 1037 1092; x_wconf 83' lang='lat' dir='ltr'><strong>Neque</strong></span> <span class='ocrx_word' id='word_1_55' title='bbox 1072 1013 1217 1070; x_wconf 88' lang='lat' dir='ltr'><strong>enim</strong></span> <span class='ocrx_word' id='word_1_56' title='bbox 1248 1012 1355 1068; x_wconf 90' lang='lat' dir='ltr'><strong>hoc</strong></span> <span class='ocrx_word' id='word_1_57' title='bbox 1393 1009 1570 1066; x_wconf 88' lang='lat' dir='ltr'><strong>solum</strong></span> <span class='ocrx_word' id='word_1_58' title='bbox 1605 1006 1703 1062; x_wconf 90' lang='lat' dir='ltr'><strong>tibi</strong></span> <span class='ocrx_word' id='word_1_59' title='bbox 1742 1002 2075 1077; x_wconf 64' lang='lat' dir='ltr'><strong>praecipitur,</strong></span> 
     </span>
    </p>
   </div>
   <div class='ocr_carea' id='block_1_10' title="bbox 494 1101 2080 1181">
    <p class='ocr_par' dir='ltr' id='par_1_10' title="bbox 494 1101 2080 1181">
     <span class='ocr_line' id='line_1_10' title="bbox 494 1101 2080 1181; baseline -0.015 -6"><span class='ocrx_word' id='word_1_60' title='bbox 494 1126 556 1174; x_wconf 86' lang='lat' dir='ltr'><strong>ut</strong></span> <span class='ocrx_word' id='word_1_61' title='bbox 572 1117 827 1174; x_wconf 79' lang='lat' dir='ltr'><strong>vestitum</strong></span> <span class='ocrx_word' id='word_1_62' title='bbox 846 1113 959 1170; x_wconf 89' lang='lat' dir='ltr'><strong>suis</strong></span> <span class='ocrx_word' id='word_1_63' title='bbox 978 1126 1085 1167; x_wconf 88' lang='lat' dir='ltr'><strong>non</strong></span> <span class='ocrx_word' id='word_1_64' title='bbox 1101 1108 1302 1181; x_wconf 83' lang='lat' dir='ltr'><strong>spolies</strong></span> <span class='ocrx_word' id='word_1_65' title='bbox 1318 1103 1667 1167; x_wconf 80' lang='lat' dir='ltr'><strong>indumentis,</strong></span> <span class='ocrx_word' id='word_1_66' title='bbox 1699 1101 1861 1173; x_wconf 80' lang='lat' dir='ltr'><strong>sedet</strong></span> <span class='ocrx_word' id='word_1_67' title='bbox 1880 1106 1939 1153; x_wconf 89' lang='lat' dir='ltr'><strong>ut</strong></span> <span class='ocrx_word' id='word_1_68' title='bbox 1956 1112 2080 1169; x_wconf 84' lang='lat' dir='ltr'><strong>spo-</strong></span> 
     </span>
    </p>
   </div>
   <div class='ocr_carea' id='block_1_11' title="bbox 491 1182 2080 1278">
    <p class='ocr_par' dir='ltr' id='par_1_11' title="bbox 491 1182 2080 1278">
     <span class='ocr_line' id='line_1_11' title="bbox 491 1182 2080 1278; baseline -0.014 -13"><span class='ocrx_word' id='word_1_69' title='bbox 491 1182 687 1265; x_wconf 82' lang='lat' dir='ltr'><strong>liatum</strong></span> <span class='ocrx_word' id='word_1_70' title='bbox 727 1205 945 1278; x_wconf 89' lang='lat' dir='ltr'><strong>operias</strong></span> <span class='ocrx_word' id='word_1_71' title='bbox 982 1202 1097 1273; x_wconf 84' lang='lat' dir='ltr'><strong>tuis</strong></span> <span class='ocrx_word' id='word_1_72' title='bbox 1133 1219 1147 1255; x_wconf 90' lang='lat'><strong>:</strong></span> <span class='ocrx_word' id='word_1_73' title='bbox 1194 1214 1370 1271; x_wconf 87' lang='lat' dir='ltr'><strong>neque</strong></span> <span class='ocrx_word' id='word_1_74' title='bbox 1397 1206 1460 1252; x_wconf 89' lang='lat' dir='ltr'><strong>ut</strong></span> <span class='ocrx_word' id='word_1_75' title='bbox 1487 1194 1710 1252; x_wconf 88' lang='lat' dir='ltr'><strong>habenti</strong></span> <span class='ocrx_word' id='word_1_76' title='bbox 1739 1207 1935 1264; x_wconf 90' lang='lat' dir='ltr'><strong>panem</strong></span> <span class='ocrx_word' id='word_1_77' title='bbox 1969 1205 2080 1257; x_wconf 89' lang='lat' dir='ltr'><strong>non</strong></span> 
     </span>
    </p>
   </div>
   <div class='ocr_carea' id='block_1_12' title="bbox 492 1283 2080 1367">
    <p class='ocr_par' dir='ltr' id='par_1_12' title="bbox 492 1283 2080 1367">
     <span class='ocr_line' id='line_1_12' title="bbox 492 1283 2080 1367; baseline -0.013 -10"><span class='ocrx_word' id='word_1_78' title='bbox 492 1298 712 1357; x_wconf 77' lang='lat' dir='ltr'><strong>auferas</strong></span> <span class='ocrx_word' id='word_1_79' title='bbox 752 1311 930 1363; x_wconf 81' lang='lat' dir='ltr'><strong>suum,</strong></span> <span class='ocrx_word' id='word_1_80' title='bbox 962 1292 1058 1350; x_wconf 88' lang='lat' dir='ltr'><strong>sed</strong></span> <span class='ocrx_word' id='word_1_81' title='bbox 1081 1300 1143 1367; x_wconf 87' lang='lat' dir='ltr'><strong>ut</strong></span> <span class='ocrx_word' id='word_1_82' title='bbox 1165 1307 1273 1347; x_wconf 91' lang='lat' dir='ltr'><strong>non</strong></span> <span class='ocrx_word' id='word_1_83' title='bbox 1295 1289 1517 1346; x_wconf 83' lang='lat' dir='ltr'><strong>babenti</strong></span> <span class='ocrx_word' id='word_1_84' title='bbox 1540 1295 1693 1343; x_wconf 86' lang='lat' dir='ltr'><strong>tuum</strong></span> <span class='ocrx_word' id='word_1_85' title='bbox 1718 1285 1951 1363; x_wconf 84' lang='lat' dir='ltr'><strong>libenter</strong></span> <span class='ocrx_word' id='word_1_86' title='bbox 1979 1283 2080 1338; x_wconf 90' lang='lat' dir='ltr'><strong>im-</strong></span> 
     </span>
    </p>
   </div>
   <div class='ocr_carea' id='block_1_13' title="bbox 491 1375 2080 1469">
    <p class='ocr_par' dir='ltr' id='par_1_13' title="bbox 491 1375 2080 1469">
     <span class='ocr_line' id='line_1_13' title="bbox 491 1375 2080 1469; baseline -0.011 -20"><span class='ocrx_word' id='word_1_87' title='bbox 491 1393 698 1469; x_wconf 82' lang='lat' dir='ltr'><strong>pertias</strong></span> <span class='ocrx_word' id='word_1_88' title='bbox 737 1409 750 1445; x_wconf 88' lang='lat'><strong>:</strong></span> <span class='ocrx_word' id='word_1_89' title='bbox 782 1404 959 1460; x_wconf 82' lang='lat' dir='ltr'><strong>neque</strong></span> <span class='ocrx_word' id='word_1_90' title='bbox 997 1385 1171 1443; x_wconf 85' lang='lat' dir='ltr'><strong>solum</strong></span> <span class='ocrx_word' id='word_1_91' title='bbox 1199 1391 1262 1438; x_wconf 90' lang='lat' dir='ltr'><strong>ut</strong></span> <span class='ocrx_word' id='word_1_92' title='bbox 1287 1395 1581 1469; x_wconf 82' lang='lat' dir='ltr'><strong>pauperem</strong></span> <span class='ocrx_word' id='word_1_93' title='bbox 1621 1394 1718 1434; x_wconf 91' lang='lat' dir='ltr'><strong>suo</strong></span> <span class='ocrx_word' id='word_1_94' title='bbox 1762 1391 1873 1431; x_wconf 90' lang='lat' dir='ltr'><strong>non</strong></span> <span class='ocrx_word' id='word_1_95' title='bbox 1911 1375 2080 1469; x_wconf 82' lang='lat' dir='ltr'><strong>pellas</strong></span> 
     </span>
    </p>
   </div>
   <div class='ocr_carea' id='block_1_14' title="bbox 490 1467 2078 1555">
    <p class='ocr_par' dir='ltr' id='par_1_14' title="bbox 490 1467 2078 1555">
     <span class='ocr_line' id='line_1_14' title="bbox 490 1467 2078 1555; baseline -0.013 -13"><span class='ocrx_word' id='word_1_96' title='bbox 490 1467 761 1555; x_wconf 79' lang='lat' dir='ltr'><strong>hospitio,</strong></span> <span class='ocrx_word' id='word_1_97' title='bbox 800 1478 896 1538; x_wconf 85' lang='lat' dir='ltr'><strong>sed</strong></span> <span class='ocrx_word' id='word_1_98' title='bbox 922 1487 985 1535; x_wconf 91' lang='lat' dir='ltr'><strong>ut</strong></span> <span class='ocrx_word' id='word_1_99' title='bbox 1026 1478 1243 1548; x_wconf 87' lang='lat' dir='ltr'><strong>pulsum</strong></span> <span class='ocrx_word' id='word_1_100' title='bbox 1281 1483 1335 1531; x_wconf 89' lang='lat' dir='ltr'><strong>et</strong></span> <span class='ocrx_word' id='word_1_101' title='bbox 1376 1467 1483 1529; x_wconf 87' lang='lat' dir='ltr'><strong>non</strong></span> <span class='ocrx_word' id='word_1_102' title='bbox 1513 1472 1807 1528; x_wconf 75' lang='lat' dir='ltr'><strong>habentem</strong></span> <span class='ocrx_word' id='word_1_103' title='bbox 1847 1467 2078 1536; x_wconf 79' lang='lat' dir='ltr'><strong>recipias</strong></span> 
     </span>
    </p>
   </div>
   <div class='ocr_carea' id='block_1_15' title="bbox 492 1562 2079 1647">
    <p class='ocr_par' dir='ltr' id='par_1_15' title="bbox 492 1562 2079 1647">
     <span class='ocr_line' id='line_1_15' title="bbox 492 1562 2079 1647; baseline -0.014 -10"><span class='ocrx_word' id='word_1_104' title='bbox 492 1590 604 1639; x_wconf 87' lang='lat' dir='ltr'><strong>tuo.</strong></span> <span class='ocrx_word' id='word_1_105' title='bbox 635 1578 976 1647; x_wconf 73' lang='lat' dir='ltr'><strong>Praeceptum</strong></span> <span class='ocrx_word' id='word_1_106' title='bbox 1003 1574 1149 1632; x_wconf 87' lang='lat' dir='ltr'><strong>enim</strong></span> <span class='ocrx_word' id='word_1_107' title='bbox 1178 1572 1339 1630; x_wconf 86' lang='lat' dir='ltr'><strong>nobis</strong></span> <span class='ocrx_word' id='word_1_108' title='bbox 1361 1578 1468 1635; x_wconf 87' lang='lat' dir='ltr'><strong>est,</strong></span> <span class='ocrx_word' id='word_1_109' title='bbox 1507 1566 1664 1637; x_wconf 80' lang='lat' dir='ltr'><strong>Flere</strong></span> <span class='ocrx_word' id='word_1_110' title='bbox 1694 1582 1812 1623; x_wconf 84' lang='lat' dir='ltr'><strong>cum</strong></span> <span class='ocrx_word' id='word_1_111' title='bbox 1833 1562 2079 1635; x_wconf 75' lang='lat' dir='ltr'><strong>ﬂentibus</strong></span> 
     </span>
    </p>
   </div>
   <div class='ocr_carea' id='block_1_16' title="bbox 493 1653 2079 1745">
    <p class='ocr_par' dir='ltr' id='par_1_16' title="bbox 493 1653 2079 1745">
     <span class='ocr_line' id='line_1_16' title="bbox 493 1653 2079 1745; baseline -0.01 -19"><span class='ocrx_word' id='word_1_112' title='bbox 493 1670 673 1745; x_wconf 84' lang='lat' dir='ltr'><strong>(Rom.</strong></span> <span class='ocrx_word' id='word_1_113' title='bbox 703 1664 803 1735; x_wconf 65' lang='lat' dir='ltr'><strong>xu,</strong></span> <span class='ocrx_word' id='word_1_114' title='bbox 838 1667 947 1741; x_wconf 65' lang='lat' dir='ltr'><strong>l5),</strong></span> <span class='ocrx_word' id='word_1_115' title='bbox 974 1665 1255 1734; x_wconf 83' lang='lat' dir='ltr'><strong>Quomodo</strong></span> <span class='ocrx_word' id='word_1_116' title='bbox 1281 1677 1402 1719; x_wconf 88' lang='lat' dir='ltr'><strong>cum</strong></span> <span class='ocrx_word' id='word_1_117' title='bbox 1430 1660 1535 1717; x_wconf 84' lang='lat' dir='ltr'><strong>illis</strong></span> <span class='ocrx_word' id='word_1_118' title='bbox 1555 1659 1763 1725; x_wconf 82' lang='lat' dir='ltr'><strong>flemus,</strong></span> <span class='ocrx_word' id='word_1_119' title='bbox 1789 1657 1837 1712; x_wconf 89' lang='lat' dir='ltr'><strong>si</strong></span> <span class='ocrx_word' id='word_1_120' title='bbox 1860 1656 1917 1711; x_wconf 91' lang='lat' dir='ltr'><strong>in</strong></span> <span class='ocrx_word' id='word_1_121' title='bbox 1932 1653 2079 1710; x_wconf 89' lang='lat' dir='ltr'><strong>nullo</strong></span> 
     </span>
    </p>
   </div>
   <div class='ocr_carea' id='block_1_17' title="bbox 492 1747 2080 1828">
    <p class='ocr_par' dir='ltr' id='par_1_17' title="bbox 492 1747 2080 1828">
     <span class='ocr_line' id='line_1_17' title="bbox 492 1747 2080 1828; baseline -0.011 -9"><span class='ocrx_word' id='word_1_122' title='bbox 492 1778 684 1819; x_wconf 88' lang='lat' dir='ltr'><strong>eorum</strong></span> <span class='ocrx_word' id='word_1_123' title='bbox 715 1754 1133 1819; x_wconf 69' lang='lat' dir='ltr'><strong>necessitatibus</strong></span> <span class='ocrx_word' id='word_1_124' title='bbox 1160 1755 1578 1828; x_wconf 86' lang='lat' dir='ltr'><strong>participamus,</strong></span> <span class='ocrx_word' id='word_1_125' title='bbox 1622 1766 1724 1819; x_wconf 80' lang='lat' dir='ltr'><strong>nec</strong></span> <span class='ocrx_word' id='word_1_126' title='bbox 1754 1748 1971 1819; x_wconf 81' lang='lat' dir='ltr'><strong>aliquod</strong></span> <span class='ocrx_word' id='word_1_127' title='bbox 2000 1747 2080 1803; x_wconf 89' lang='lat' dir='ltr'><strong>eis</strong></span> 
     </span>
    </p>
   </div>
   <div class='ocr_carea' id='block_1_18' title="bbox 2177 623 3771 699">
    <p class='ocr_par' dir='ltr' id='par_1_18' title="bbox 2177 623 3771 699">
     <span class='ocr_line' id='line_1_18' title="bbox 2177 623 3771 699; baseline -0.005 -12"><span class='ocrx_word' id='word_1_128' title='bbox 2177 629 2383 687; x_wconf 88' lang='lat' dir='ltr'><strong>merito.</strong></span> <span class='ocrx_word' id='word_1_129' title='bbox 2415 642 2575 699; x_wconf 83' lang='lat' dir='ltr'><strong>poena</strong></span> <span class='ocrx_word' id='word_1_130' title='bbox 2608 627 2896 683; x_wconf 88' lang='lat' dir='ltr'><strong>damnatus</strong></span> <span class='ocrx_word' id='word_1_131' title='bbox 2939 625 3012 683; x_wconf 87' lang='lat' dir='ltr'><strong>sit</strong></span> <span class='ocrx_word' id='word_1_132' title='bbox 3060 625 3291 681; x_wconf 87' lang='lat' dir='ltr'><strong>acriori?</strong></span> <span class='ocrx_word' id='word_1_133' title='bbox 3327 623 3593 683; x_wconf 73' lang='lat' dir='ltr'><strong>Videmus</strong></span> <span class='ocrx_word' id='word_1_134' title='bbox 3634 639 3771 698; x_wconf 80' lang='lat' dir='ltr'><strong>ergo</strong></span> 
     </span>
    </p>
   </div>
   <div class='ocr_carea' id='block_1_19' title="bbox 2178 716 3774 795">
    <p class='ocr_par' dir='ltr' id='par_1_19' title="bbox 2178 716 3774 795">
     <span class='ocr_line' id='line_1_19' title="bbox 2178 716 3774 795; baseline 0 -17"><span class='ocrx_word' id='word_1_135' title='bbox 2178 723 2311 795; x_wconf 88' lang='lat' dir='ltr'><strong>quid</strong></span> <span class='ocrx_word' id='word_1_136' title='bbox 2354 721 2546 779; x_wconf 83' lang='lat' dir='ltr'><strong>fecerit</strong></span> <span class='ocrx_word' id='word_1_137' title='bbox 2595 728 2786 777; x_wconf 90' lang='lat' dir='ltr'><strong>contra</strong></span> <span class='ocrx_word' id='word_1_138' title='bbox 2814 716 3149 774; x_wconf 85' lang='lat' dir='ltr'><strong>mandatum.</strong></span> <span class='ocrx_word' id='word_1_139' title='bbox 3194 719 3275 773; x_wconf 87' lang='lat' dir='ltr'><strong>De</strong></span> <span class='ocrx_word' id='word_1_140' title='bbox 3311 716 3503 777; x_wconf 83' lang='lat' dir='ltr'><strong>fructu</strong></span> <span class='ocrx_word' id='word_1_141' title='bbox 3550 718 3774 778; x_wconf 71' lang='lat' dir='ltr'><strong>arbori!</strong></span> 
     </span>
    </p>
   </div>
   <div class='ocr_carea' id='block_1_20' title="bbox 2176 808 3776 885">
    <p class='ocr_par' dir='ltr' id='par_1_20' title="bbox 2176 808 3776 885">
     <span class='ocr_line' id='line_1_20' title="bbox 2176 808 3776 885; baseline -0.002 -14"><span class='ocrx_word' id='word_1_142' title='bbox 2176 815 2307 871; x_wconf 85' lang='lat' dir='ltr'><strong>edit.</strong></span> <span class='ocrx_word' id='word_1_143' title='bbox 2341 812 2483 882; x_wconf 86' lang='lat' dir='ltr'><strong>Quid</strong></span> <span class='ocrx_word' id='word_1_144' title='bbox 2501 813 2676 885; x_wconf 48' lang='lat' dir='ltr'><strong>‘ergo?</strong></span> <span class='ocrx_word' id='word_1_145' title='bbox 2709 812 2939 883; x_wconf 84' lang='lat' dir='ltr'><strong>Propter</strong></span> <span class='ocrx_word' id='word_1_146' title='bbox 2975 811 3185 866; x_wconf 89' lang='lat' dir='ltr'><strong>arboris</strong></span> <span class='ocrx_word' id='word_1_147' title='bbox 3220 808 3461 867; x_wconf 87' lang='lat' dir='ltr'><strong>fructum</strong></span> <span class='ocrx_word' id='word_1_148' title='bbox 3490 809 3641 866; x_wconf 84' lang='lat' dir='ltr'><strong>Deus</strong></span> <span class='ocrx_word' id='word_1_149' title='bbox 3668 812 3776 868; x_wconf 79' lang='lat' dir='ltr'><strong>lto-</strong></span> 
     </span>
    </p>
   </div>
   <div class='ocr_carea' id='block_1_21' title="bbox 2177 902 3776 979">
    <p class='ocr_par' dir='ltr' id='par_1_21' title="bbox 2177 902 3776 979">
     <span class='ocr_line' id='line_1_21' title="bbox 2177 902 3776 979; baseline -0.003 -14"><span class='ocrx_word' id='word_1_150' title='bbox 2177 908 2380 975; x_wconf 76' lang='lat' dir='ltr'><strong>minem</strong></span> <span class='ocrx_word' id='word_1_151' title='bbox 2431 916 2607 961; x_wconf 88' lang='lat' dir='ltr'><strong>morte</strong></span> <span class='ocrx_word' id='word_1_152' title='bbox 2650 903 2964 963; x_wconf 81' lang='lat' dir='ltr'><strong>mulctavit?</strong></span> <span class='ocrx_word' id='word_1_153' title='bbox 2991 902 3108 959; x_wconf 82' lang='lat' dir='ltr'><strong>Non</strong></span> <span class='ocrx_word' id='word_1_154' title='bbox 3141 912 3364 974; x_wconf 78' lang='lat' dir='ltr'><strong>propter</strong></span> <span class='ocrx_word' id='word_1_155' title='bbox 3405 902 3625 979; x_wconf 82' lang='lat' dir='ltr'><strong>arboris</strong></span> <span class='ocrx_word' id='word_1_156' title='bbox 3662 902 3776 960; x_wconf 80' lang='lat' dir='ltr'><strong>frn-</strong></span> 
     </span>
    </p>
   </div>
   <div class='ocr_carea' id='block_1_22' title="bbox 2178 996 3775 1075">
    <p class='ocr_par' dir='ltr' id='par_1_22' title="bbox 2178 996 3775 1075">
     <span class='ocr_line' id='line_1_22' title="bbox 2178 996 3775 1075; baseline -0.001 -18"><span class='ocrx_word' id='word_1_157' title='bbox 2178 1010 2346 1066; x_wconf 89' lang='lat' dir='ltr'><strong>ctum,</strong></span> <span class='ocrx_word' id='word_1_158' title='bbox 2380 1000 2476 1057; x_wconf 90' lang='lat' dir='ltr'><strong>sed</strong></span> <span class='ocrx_word' id='word_1_159' title='bbox 2505 1007 2725 1075; x_wconf 83' lang='lat' dir='ltr'><strong>propter</strong></span> <span class='ocrx_word' id='word_1_160' title='bbox 2762 996 3005 1053; x_wconf 83' lang='lat' dir='ltr'><strong>mandati</strong></span> <span class='ocrx_word' id='word_1_161' title='bbox 3050 1004 3440 1069; x_wconf 86' lang='lat' dir='ltr'><strong>contemptum.</strong></span> <span class='ocrx_word' id='word_1_162' title='bbox 3482 996 3630 1069; x_wconf 73' lang='lat' dir='ltr'><strong>Ergo</strong></span> <span class='ocrx_word' id='word_1_163' title='bbox 3660 1013 3775 1056; x_wconf 86' lang='lat' dir='ltr'><strong>non</strong></span> 
     </span>
    </p>
   </div>
   <div class='ocr_carea' id='block_1_23' title="bbox 2178 1089 3777 1166">
    <p class='ocr_par' dir='ltr' id='par_1_23' title="bbox 2178 1089 3777 1166">
     <span class='ocr_line' id='line_1_23' title="bbox 2178 1089 3777 1166; baseline 0 -18"><span class='ocrx_word' id='word_1_164' title='bbox 2178 1094 2355 1166; x_wconf 80' lang='lat' dir='ltr'><strong>agitur</strong></span> <span class='ocrx_word' id='word_1_165' title='bbox 2381 1094 2448 1149; x_wconf 88' lang='lat' dir='ltr'><strong>de</strong></span> <span class='ocrx_word' id='word_1_166' title='bbox 2493 1092 2755 1163; x_wconf 82' lang='lat' dir='ltr'><strong>qualitate</strong></span> <span class='ocrx_word' id='word_1_167' title='bbox 2798 1089 3042 1162; x_wconf 85' lang='lat' dir='ltr'><strong>peccati,</strong></span> <span class='ocrx_word' id='word_1_168' title='bbox 3072 1089 3191 1151; x_wconf 64' lang='lat' dir='ltr'><strong>&quot;sed</strong></span> <span class='ocrx_word' id='word_1_169' title='bbox 3223 1090 3290 1146; x_wconf 89' lang='lat' dir='ltr'><strong>de</strong></span> <span class='ocrx_word' id='word_1_170' title='bbox 3336 1092 3777 1161; x_wconf 77' lang='lat' dir='ltr'><strong>transgressione</strong></span> 
     </span>
    </p>
   </div>
   <div class='ocr_carea' id='block_1_24' title="bbox 2179 1181 3775 1256">
    <p class='ocr_par' dir='ltr' id='par_1_24' title="bbox 2179 1181 3775 1256">
     <span class='ocr_line' id='line_1_24' title="bbox 2179 1181 3775 1256; baseline -0.001 -15"><span class='ocrx_word' id='word_1_171' title='bbox 2179 1185 2440 1242; x_wconf 87' lang='lat' dir='ltr'><strong>mandati.</strong></span> <span class='ocrx_word' id='word_1_172' title='bbox 2466 1184 2534 1239; x_wconf 91' lang='lat' dir='ltr'><strong>Et</strong></span> <span class='ocrx_word' id='word_1_173' title='bbox 2563 1184 2657 1256; x_wconf 85' lang='lat' dir='ltr'><strong>qui</strong></span> <span class='ocrx_word' id='word_1_174' title='bbox 2686 1183 2824 1239; x_wconf 84' lang='lat' dir='ltr'><strong>dixit</strong></span> <span class='ocrx_word' id='word_1_175' title='bbox 2849 1182 3003 1250; x_wconf 70' lang='lat' dir='ltr'><strong>Adae,</strong></span> <span class='ocrx_word' id='word_1_176' title='bbox 3034 1193 3095 1238; x_wconf 88' lang='lat' dir='ltr'><strong>ut</strong></span> <span class='ocrx_word' id='word_1_177' title='bbox 3115 1183 3181 1238; x_wconf 90' lang='lat' dir='ltr'><strong>de</strong></span> <span class='ocrx_word' id='word_1_178' title='bbox 3208 1182 3422 1238; x_wconf 87' lang='lat' dir='ltr'><strong>arboris</strong></span> <span class='ocrx_word' id='word_1_179' title='bbox 3448 1181 3642 1238; x_wconf 80' lang='lat' dir='ltr'><strong>fructu</strong></span> <span class='ocrx_word' id='word_1_180' title='bbox 3660 1200 3775 1239; x_wconf 81' lang='lat' dir='ltr'><strong>non</strong></span> 
     </span>
    </p>
   </div>
   <div class='ocr_carea' id='block_1_25' title="bbox 2179 1272 3776 1350">
    <p class='ocr_par' dir='ltr' id='par_1_25' title="bbox 2179 1272 3776 1350">
     <span class='ocr_line' id='line_1_25' title="bbox 2179 1272 3776 1350; baseline -0.001 -18"><span class='ocrx_word' id='word_1_181' title='bbox 2179 1274 2397 1339; x_wconf 84' lang='lat' dir='ltr'><strong>ederet,</strong></span> <span class='ocrx_word' id='word_1_182' title='bbox 2443 1273 2560 1345; x_wconf 89' lang='lat' dir='ltr'><strong>ipse</strong></span> <span class='ocrx_word' id='word_1_183' title='bbox 2603 1273 2701 1330; x_wconf 89' lang='lat' dir='ltr'><strong>tibi</strong></span> <span class='ocrx_word' id='word_1_184' title='bbox 2746 1273 3004 1344; x_wconf 60' lang='lat' dir='ltr'><strong>praecepit</strong></span> <span class='ocrx_word' id='word_1_185' title='bbox 3050 1281 3112 1327; x_wconf 91' lang='lat' dir='ltr'><strong>ut</strong></span> <span class='ocrx_word' id='word_1_186' title='bbox 3145 1288 3253 1328; x_wconf 82' lang='lat' dir='ltr'><strong>non</strong></span> <span class='ocrx_word' id='word_1_187' title='bbox 3288 1272 3626 1350; x_wconf 79' lang='lat' dir='ltr'><strong>maledicas,</strong></span> <span class='ocrx_word' id='word_1_188' title='bbox 3665 1289 3776 1330; x_wconf 84' lang='lat' dir='ltr'><strong>non</strong></span> 
     </span>
    </p>
   </div>
   <div class='ocr_carea' id='block_1_26' title="bbox 2179 1364 3776 1433">
    <p class='ocr_par' dir='ltr' id='par_1_26' title="bbox 2179 1364 3776 1433">
     <span class='ocr_line' id='line_1_26' title="bbox 2179 1364 3776 1433; baseline 0.002 -12"><span class='ocrx_word' id='word_1_189' title='bbox 2179 1365 2498 1431; x_wconf 89' lang='lat' dir='ltr'><strong>mentiaris;</strong></span> <span class='ocrx_word' id='word_1_190' title='bbox 2544 1381 2651 1420; x_wconf 87' lang='lat' dir='ltr'><strong>non</strong></span> <span class='ocrx_word' id='word_1_191' title='bbox 2681 1364 2967 1432; x_wconf 85' lang='lat' dir='ltr'><strong>detrahas;</strong></span> <span class='ocrx_word' id='word_1_192' title='bbox 2998 1379 3111 1420; x_wconf 87' lang='lat' dir='ltr'><strong>non</strong></span> <span class='ocrx_word' id='word_1_193' title='bbox 3147 1365 3523 1433; x_wconf 67' lang='lat' dir='ltr'><strong>detrahentem</strong></span> <span class='ocrx_word' id='word_1_194' title='bbox 3567 1365 3776 1425; x_wconf 59' lang='lat' dir='ltr'><strong>eum</strong></span> 
     </span>
    </p>
   </div>
   <div class='ocr_carea' id='block_1_27' title="bbox 2180 1454 3775 1528">
    <p class='ocr_par' dir='ltr' id='par_1_27' title="bbox 2180 1454 3775 1528">
     <span class='ocr_line' id='line_1_27' title="bbox 2180 1454 3775 1528; baseline -0.001 -15"><span class='ocrx_word' id='word_1_195' title='bbox 2180 1467 2297 1524; x_wconf 88' lang='lat' dir='ltr'><strong>tes;</strong></span> <span class='ocrx_word' id='word_1_196' title='bbox 2324 1466 2399 1515; x_wconf 85' lang='lat' dir='ltr'><strong>ut</strong></span> <span class='ocrx_word' id='word_1_197' title='bbox 2419 1454 2640 1515; x_wconf 83' lang='lat' dir='ltr'><strong>omnino</strong></span> <span class='ocrx_word' id='word_1_198' title='bbox 2662 1471 2769 1511; x_wconf 89' lang='lat' dir='ltr'><strong>non</strong></span> <span class='ocrx_word' id='word_1_199' title='bbox 2798 1456 2985 1528; x_wconf 69' lang='lat' dir='ltr'><strong>iures;</strong></span> <span class='ocrx_word' id='word_1_200' title='bbox 3017 1463 3219 1523; x_wconf 68' lang='lat' dir='ltr'><strong>utnon</strong></span> <span class='ocrx_word' id='word_1_201' title='bbox 3239 1457 3640 1528; x_wconf 74' lang='lat' dir='ltr'><strong>concupiscas;</strong></span> <span class='ocrx_word' id='word_1_202' title='bbox 3664 1472 3775 1512; x_wconf 76' lang='lat' dir='ltr'><strong>non</strong></span> 
     </span>
    </p>
   </div>
   <div class='ocr_carea' id='block_1_28' title="bbox 2180 1546 3773 1623">
    <p class='ocr_par' dir='ltr' id='par_1_28' title="bbox 2180 1546 3773 1623">
     <span class='ocr_line' id='line_1_28' title="bbox 2180 1546 3773 1623; baseline 0.002 -19"><span class='ocrx_word' id='word_1_203' title='bbox 2180 1548 2452 1619; x_wconf 75' lang='lat' dir='ltr'><strong>invideas;</strong></span> <span class='ocrx_word' id='word_1_204' title='bbox 2484 1564 2595 1606; x_wconf 87' lang='lat' dir='ltr'><strong>non</strong></span> <span class='ocrx_word' id='word_1_205' title='bbox 2632 1549 2708 1605; x_wconf 91' lang='lat' dir='ltr'><strong>sis</strong></span> <span class='ocrx_word' id='word_1_206' title='bbox 2739 1549 2986 1620; x_wconf 86' lang='lat' dir='ltr'><strong>tepidus;</strong></span> <span class='ocrx_word' id='word_1_207' title='bbox 3019 1563 3129 1605; x_wconf 88' lang='lat' dir='ltr'><strong>non</strong></span> <span class='ocrx_word' id='word_1_208' title='bbox 3168 1550 3245 1623; x_wconf 75' lang='lat' dir='ltr'><strong>sis</strong></span> <span class='ocrx_word' id='word_1_209' title='bbox 3279 1564 3517 1615; x_wconf 84' lang='lat' dir='ltr'><strong>avarus;</strong></span> <span class='ocrx_word' id='word_1_210' title='bbox 3550 1546 3773 1617; x_wconf 63' lang='lat' dir='ltr'><strong>utmtlli</strong></span> 
     </span>
    </p>
   </div>
   <div class='ocr_carea' id='block_1_29' title="bbox 2180 1626 3776 1712">
    <p class='ocr_par' dir='ltr' id='par_1_29' title="bbox 2180 1626 3776 1712">
     <span class='ocr_line' id='line_1_29' title="bbox 2180 1626 3776 1712; baseline 0.004 -16"><span class='ocrx_word' id='word_1_211' title='bbox 2180 1626 2387 1697; x_wconf 83' lang='lat' dir='ltr'><strong>malum</strong></span> <span class='ocrx_word' id='word_1_212' title='bbox 2419 1655 2520 1710; x_wconf 88' lang='lat' dir='ltr'><strong>pro</strong></span> <span class='ocrx_word' id='word_1_213' title='bbox 2556 1639 2697 1694; x_wconf 87' lang='lat' dir='ltr'><strong>malo</strong></span> <span class='ocrx_word' id='word_1_214' title='bbox 2735 1639 2962 1705; x_wconf 87' lang='lat' dir='ltr'><strong>reddas;</strong></span> <span class='ocrx_word' id='word_1_215' title='bbox 3007 1647 3068 1694; x_wconf 93' lang='lat' dir='ltr'><strong>ut</strong></span> <span class='ocrx_word' id='word_1_216' title='bbox 3100 1639 3359 1697; x_wconf 79' lang='lat' dir='ltr'><strong>inimicos</strong></span> <span class='ocrx_word' id='word_1_217' title='bbox 3387 1649 3516 1697; x_wconf 83' lang='lat' dir='ltr'><strong>tuos</strong></span> <span class='ocrx_word' id='word_1_218' title='bbox 3542 1640 3776 1712; x_wconf 57' lang='lat' dir='ltr'><strong>(Elisus;</strong></span> 
     </span>
    </p>
   </div>
   <div class='ocr_carea' id='block_1_30' title="bbox 2183 1732 3781 1804">
    <p class='ocr_par' dir='ltr' id='par_1_30' title="bbox 2183 1732 3781 1804">
     <span class='ocr_line' id='line_1_30' title="bbox 2183 1732 3781 1804; baseline -0.003 -11"><span class='ocrx_word' id='word_1_219' title='bbox 2183 1743 2244 1799; x_wconf 84' lang='lat' dir='ltr'><strong>ut</strong></span> <span class='ocrx_word' id='word_1_220' title='bbox 2271 1734 2722 1790; x_wconf 85' lang='lat' dir='ltr'><strong>maledicentibus</strong></span> <span class='ocrx_word' id='word_1_221' title='bbox 2740 1732 3026 1789; x_wconf 86' lang='lat' dir='ltr'><strong>benedicas</strong></span> <span class='ocrx_word' id='word_1_222' title='bbox 3049 1750 3063 1800; x_wconf 92' lang='lat'><strong>;</strong></span> <span class='ocrx_word' id='word_1_223' title='bbox 3092 1741 3151 1789; x_wconf 88' lang='lat' dir='ltr'><strong>ut</strong></span> <span class='ocrx_word' id='word_1_224' title='bbox 3168 1748 3268 1804; x_wconf 90' lang='lat' dir='ltr'><strong>pro</strong></span> <span class='ocrx_word' id='word_1_225' title='bbox 3287 1732 3781 1790; x_wconf 58' lang='lat' dir='ltr'><strong>calumniam</strong></span> 
     </span>
    </p>
   </div>
   <div class='ocr_carea' id='block_1_31' title="bbox 492 1824 2082 1923">
    <p class='ocr_par' dir='ltr' id='par_1_31' title="bbox 492 1824 2082 1923">
     <span class='ocr_line' id='line_1_31' title="bbox 492 1824 2082 1923; baseline -0.01 -13"><span class='ocrx_word' id='word_1_226' title='bbox 492 1853 549 1910; x_wconf 91' lang='lat' dir='ltr'><strong>in</strong></span> <span class='ocrx_word' id='word_1_227' title='bbox 578 1848 665 1909; x_wconf 85' lang='lat' dir='ltr'><strong>his</strong></span> <span class='ocrx_word' id='word_1_228' title='bbox 704 1860 925 1923; x_wconf 89' lang='lat' dir='ltr'><strong>propter</strong></span> <span class='ocrx_word' id='word_1_229' title='bbox 970 1864 1107 1922; x_wconf 86' lang='lat' dir='ltr'><strong>quas</strong></span> <span class='ocrx_word' id='word_1_230' title='bbox 1141 1824 1515 1919; x_wconf 72' lang='lat' dir='ltr'><strong>lacrymantur</strong></span> <span class='ocrx_word' id='word_1_231' title='bbox 1555 1841 1735 1899; x_wconf 87' lang='lat' dir='ltr'><strong>causis</strong></span> <span class='ocrx_word' id='word_1_232' title='bbox 1776 1839 2082 1911; x_wconf 81' lang='lat' dir='ltr'><strong>praebemus</strong></span> 
     </span>
    </p>
   </div>
   <div class='ocr_carea' id='block_1_32' title="bbox 2183 1824 3781 1923">
    <p class='ocr_par' dir='ltr' id='par_1_32' title="bbox 2187 1824 3781 1899">
     <span class='ocr_line' id='line_1_32' title="bbox 2187 1824 3781 1899; baseline 0 -19"><span class='ocrx_word' id='word_1_233' title='bbox 2187 1833 2245 1880; x_wconf 85' lang='lat' dir='ltr'><strong>et</strong></span> <span class='ocrx_word' id='word_1_234' title='bbox 2280 1840 2381 1895; x_wconf 88' lang='lat' dir='ltr'><strong>pro</strong></span> <span class='ocrx_word' id='word_1_235' title='bbox 2408 1824 2848 1896; x_wconf 85' lang='lat' dir='ltr'><strong>persecutoribus</strong></span> <span class='ocrx_word' id='word_1_236' title='bbox 2883 1825 3172 1891; x_wconf 48' lang='lat' dir='ltr'><strong>tuisvores;</strong></span> <span class='ocrx_word' id='word_1_237' title='bbox 3212 1832 3273 1879; x_wconf 90' lang='lat' dir='ltr'><strong>ut</strong></span> <span class='ocrx_word' id='word_1_238' title='bbox 3295 1824 3635 1899; x_wconf 79' lang='lat' dir='ltr'><strong>percutienti</strong></span> <span class='ocrx_word' id='word_1_239' title='bbox 3667 1840 3781 1880; x_wconf 75' lang='grc' dir='ltr'>ιιι-</span> 
     </span>
    </p>
   </div>
   <div class='ocr_carea' id='block_1_33' title="bbox 494 1915 3782 2010">
    <p class='ocr_par' dir='ltr' id='par_1_33' title="bbox 494 1915 3782 2010">
     <span class='ocr_line' id='line_1_33' title="bbox 494 1915 3782 2010; baseline -0.007 -11"><span class='ocrx_word' id='word_1_240' title='bbox 494 1915 1022 2010; x_wconf 52' lang='grc' dir='ltr'>ιιιιιὶιίιιιιιίΝείιιιέ</span> <span class='ocrx_word' id='word_1_241' title='bbox 1053 1919 1198 1994; x_wconf 82' lang='lat' dir='ltr'><strong>enim</strong></span> <span class='ocrx_word' id='word_1_242' title='bbox 1231 1915 1453 1990; x_wconf 75' lang='lat' dir='ltr'><strong>ﬂetuum</strong></span> <span class='ocrx_word' id='word_1_243' title='bbox 1485 1940 1793 1989; x_wconf 89' lang='lat' dir='ltr'><strong>nostrorum</strong></span> <span class='ocrx_word' id='word_1_244' title='bbox 1824 1929 1965 1987; x_wconf 88' lang='lat' dir='ltr'><strong>Deus</strong></span> <span class='ocrx_word' id='word_1_245' title='bbox 2000 1928 2085 1982; x_wconf 90' lang='lat' dir='ltr'><strong>in-</strong></span> <span class='ocrx_word' id='word_1_246' title='bbox 2111 1915 2160 1975; x_wconf 89' lang='grc' dir='ltr'><strong>Β</strong></span> <span class='ocrx_word' id='word_1_247' title='bbox 2190 1919 2372 1985; x_wconf 65' lang='lat' dir='ltr'><strong>atillam</strong></span> <span class='ocrx_word' id='word_1_248' title='bbox 2405 1918 2635 1975; x_wconf 79' lang='lat' dir='ltr'><strong>alteram</strong></span> <span class='ocrx_word' id='word_1_249' title='bbox 2662 1918 2936 1989; x_wconf 72' lang='lat' dir='ltr'><strong>praebeas;</strong></span> <span class='ocrx_word' id='word_1_250' title='bbox 2967 1927 3039 1974; x_wconf 65' lang='lat' dir='ltr'><strong>ut&#39;</strong></span> <span class='ocrx_word' id='word_1_251' title='bbox 3057 1919 3112 1973; x_wconf 89' lang='lat' dir='ltr'><strong>in</strong></span> <span class='ocrx_word' id='word_1_252' title='bbox 3137 1918 3635 1991; x_wconf 63' lang='lat' dir='ltr'><strong>iudiciosmeulari</strong></span> <span class='ocrx_word' id='word_1_253' title='bbox 3674 1934 3782 1977; x_wconf 70' lang='lat' dir='ltr'><strong>non</strong></span> 
     </span>
    </p>
   </div>
   <div class='ocr_carea' id='block_1_34' title="bbox 493 2016 2086 2105">
    <p class='ocr_par' dir='ltr' id='par_1_34' title="bbox 493 2016 2086 2105">
     <span class='ocr_line' id='line_1_34' title="bbox 493 2016 2086 2105; baseline -0.013 -13"><span class='ocrx_word' id='word_1_254' title='bbox 493 2016 833 2095; x_wconf 86' lang='lat' dir='ltr'><strong>fructuosum</strong></span> <span class='ocrx_word' id='word_1_255' title='bbox 880 2032 1076 2105; x_wconf 67' lang='lat' dir='ltr'><strong>quaerit</strong></span> <span class='ocrx_word' id='word_1_256' title='bbox 1131 2031 1467 2085; x_wconf 82' lang='lat' dir='ltr'><strong>humorem:</strong></span> <span class='ocrx_word' id='word_1_257' title='bbox 1511 2016 1615 2081; x_wconf 82' lang='lat' dir='ltr'><strong>sed</strong></span> <span class='ocrx_word' id='word_1_258' title='bbox 1657 2023 1783 2095; x_wconf 86' lang='lat' dir='ltr'><strong>quia</strong></span> <span class='ocrx_word' id='word_1_259' title='bbox 1830 2020 2086 2105; x_wconf 61' lang='lat' dir='ltr'><strong>lacrymre</strong></span> 
     </span>
    </p>
   </div>
   <div class='ocr_carea' id='block_1_35' title="bbox 494 2110 2085 2188">
    <p class='ocr_par' dir='ltr' id='par_1_35' title="bbox 494 2110 2085 2188">
     <span class='ocr_line' id='line_1_35' title="bbox 494 2110 2085 2188; baseline -0.012 -6"><span class='ocrx_word' id='word_1_260' title='bbox 494 2125 699 2182; x_wconf 87' lang='lat' dir='ltr'><strong>doloris</strong></span> <span class='ocrx_word' id='word_1_261' title='bbox 727 2123 985 2180; x_wconf 89' lang='lat' dir='ltr'><strong>indicium</strong></span> <span class='ocrx_word' id='word_1_262' title='bbox 1024 2128 1148 2177; x_wconf 88' lang='lat' dir='ltr'><strong>sunt</strong></span> <span class='ocrx_word' id='word_1_263' title='bbox 1173 2160 1189 2186; x_wconf 92' lang='lat'><strong>,</strong></span> <span class='ocrx_word' id='word_1_264' title='bbox 1220 2118 1335 2173; x_wconf 92' lang='lat' dir='ltr'><strong>vult</strong></span> <span class='ocrx_word' id='word_1_265' title='bbox 1360 2126 1414 2173; x_wconf 92' lang='lat' dir='ltr'><strong>te</strong></span> <span class='ocrx_word' id='word_1_266' title='bbox 1456 2116 1530 2171; x_wconf 90' lang='lat' dir='ltr'><strong>ita</strong></span> <span class='ocrx_word' id='word_1_267' title='bbox 1559 2114 1784 2170; x_wconf 85' lang='lat' dir='ltr'><strong>alterius</strong></span> <span class='ocrx_word' id='word_1_268' title='bbox 1806 2110 2085 2188; x_wconf 78' lang='lat' dir='ltr'><strong>angustias</strong></span> 
     </span>
    </p>
   </div>
   <div class='ocr_carea' id='block_1_36' title="bbox 493 2203 2086 2289">
    <p class='ocr_par' dir='ltr' id='par_1_36' title="bbox 493 2203 2086 2289">
     <span class='ocr_line' id='line_1_36' title="bbox 493 2203 2086 2289; baseline -0.009 -14"><span class='ocrx_word' id='word_1_269' title='bbox 493 2217 699 2289; x_wconf 80' lang='lat' dir='ltr'><strong>sentire</strong></span> <span class='ocrx_word' id='word_1_270' title='bbox 724 2224 786 2272; x_wconf 91' lang='lat' dir='ltr'><strong>ut</strong></span> <span class='ocrx_word' id='word_1_271' title='bbox 816 2222 968 2281; x_wconf 89' lang='lat' dir='ltr'><strong>tuas;</strong></span> <span class='ocrx_word' id='word_1_272' title='bbox 1010 2222 1066 2269; x_wconf 92' lang='lat' dir='ltr'><strong>et</strong></span> <span class='ocrx_word' id='word_1_273' title='bbox 1092 2211 1365 2284; x_wconf 88' lang='lat' dir='ltr'><strong>quomodo</strong></span> <span class='ocrx_word' id='word_1_274' title='bbox 1392 2209 1488 2266; x_wconf 88' lang='lat' dir='ltr'><strong>tibi</strong></span> <span class='ocrx_word' id='word_1_275' title='bbox 1521 2208 1577 2263; x_wconf 93' lang='lat' dir='ltr'><strong>in</strong></span> <span class='ocrx_word' id='word_1_276' title='bbox 1606 2206 1701 2262; x_wconf 92' lang='lat' dir='ltr'><strong>tali</strong></span> <span class='ocrx_word' id='word_1_277' title='bbox 1732 2203 2086 2262; x_wconf 85' lang='lat' dir='ltr'><strong>tribulatione</strong></span> 
     </span>
    </p>
   </div>
   <div class='ocr_carea' id='block_1_37' title="bbox 496 2300 2086 2379">
    <p class='ocr_par' dir='ltr' id='par_1_37' title="bbox 496 2300 2086 2379">
     <span class='ocr_line' id='line_1_37' title="bbox 496 2300 2086 2379; baseline -0.009 -12"><span class='ocrx_word' id='word_1_278' title='bbox 496 2311 546 2367; x_wconf 89' lang='lat' dir='ltr'><strong>si</strong></span> <span class='ocrx_word' id='word_1_279' title='bbox 575 2323 737 2366; x_wconf 86' lang='lat' dir='ltr'><strong>esses</strong></span> <span class='ocrx_word' id='word_1_280' title='bbox 755 2308 1037 2369; x_wconf 83' lang='lat' dir='ltr'><strong>subveniri</strong></span> <span class='ocrx_word' id='word_1_281' title='bbox 1063 2320 1311 2379; x_wconf 88' lang='lat' dir='ltr'><strong>cuperes,</strong></span> <span class='ocrx_word' id='word_1_282' title='bbox 1346 2305 1421 2359; x_wconf 88' lang='lat' dir='ltr'><strong>ita</strong></span> <span class='ocrx_word' id='word_1_283' title='bbox 1451 2302 1607 2359; x_wconf 79' lang='lat' dir='ltr'><strong>alteri</strong></span> <span class='ocrx_word' id='word_1_284' title='bbox 1636 2300 1930 2363; x_wconf 85' lang='lat' dir='ltr'><strong>subvenias</strong></span> <span class='ocrx_word' id='word_1_285' title='bbox 1957 2312 2086 2368; x_wconf 74' lang='lat' dir='ltr'><strong>pro-</strong></span> 
     </span>
    </p>
   </div>
   <div class='ocr_carea' id='block_1_38' title="bbox 497 2382 2084 2475">
    <p class='ocr_par' dir='ltr' id='par_1_38' title="bbox 497 2382 2084 2475">
     <span class='ocr_line' id='line_1_38' title="bbox 497 2382 2084 2475; baseline -0.011 -15"><span class='ocrx_word' id='word_1_286' title='bbox 497 2411 620 2475; x_wconf 84' lang='lat' dir='ltr'><strong>pter</strong></span> <span class='ocrx_word' id='word_1_287' title='bbox 645 2388 821 2461; x_wconf 14' lang='lat' dir='ltr'><strong>illud‘:</strong></span> <span class='ocrx_word' id='word_1_288' title='bbox 862 2382 1196 2471; x_wconf 74' lang='lat' dir='ltr'><strong>Quwcunque</strong></span> <span class='ocrx_word' id='word_1_289' title='bbox 1233 2396 1388 2454; x_wconf 81' lang='lat' dir='ltr'><strong>vultis</strong></span> <span class='ocrx_word' id='word_1_290' title='bbox 1426 2403 1481 2450; x_wconf 87' lang='lat' dir='ltr'><strong>ut</strong></span> <span class='ocrx_word' id='word_1_291' title='bbox 1515 2393 1718 2466; x_wconf 75' lang='lat' dir='ltr'><strong>faciant</strong></span> <span class='ocrx_word' id='word_1_292' title='bbox 1743 2391 1884 2448; x_wconf 80' lang='lat' dir='ltr'><strong>vobis</strong></span> <span class='ocrx_word' id='word_1_293' title='bbox 1916 2389 2084 2444; x_wconf 52' lang='lat' dir='ltr'><strong>hemit-</strong></span> 
     </span>
    </p>
   </div>
   <div class='ocr_carea' id='block_1_39' title="bbox 502 2480 2086 2561">
    <p class='ocr_par' dir='ltr' id='par_1_39' title="bbox 502 2480 2086 2561">
     <span class='ocr_line' id='line_1_39' title="bbox 502 2480 2086 2561; baseline -0.011 -11"><span class='ocrx_word' id='word_1_294' title='bbox 502 2511 592 2550; x_wconf 88' lang='lat' dir='ltr'><strong>nes</strong></span> <span class='ocrx_word' id='word_1_295' title='bbox 620 2494 789 2559; x_wconf 80' lang='lat' dir='ltr'><strong>bona,</strong></span> <span class='ocrx_word' id='word_1_296' title='bbox 822 2492 899 2547; x_wconf 91' lang='lat' dir='ltr'><strong>ita</strong></span> <span class='ocrx_word' id='word_1_297' title='bbox 927 2500 977 2547; x_wconf 87' lang='lat' dir='ltr'><strong>et</strong></span> <span class='ocrx_word' id='word_1_298' title='bbox 1008 2507 1095 2547; x_wconf 78' lang='lat' dir='ltr'><strong>vos</strong></span> <span class='ocrx_word' id='word_1_299' title='bbox 1135 2490 1293 2561; x_wconf 78' lang='lat' dir='ltr'><strong>facile</strong></span> <span class='ocrx_word' id='word_1_300' title='bbox 1322 2485 1429 2541; x_wconf 89' lang='lat' dir='ltr'><strong>illis</strong></span> <span class='ocrx_word' id='word_1_301' title='bbox 1458 2484 1704 2541; x_wconf 78' lang='lat' dir='ltr'><strong>similiter</strong></span> <span class='ocrx_word' id='word_1_302' title='bbox 1739 2480 1955 2556; x_wconf 81' lang='lat' dir='ltr'><strong>(Matth.</strong></span> <span class='ocrx_word' id='word_1_303' title='bbox 1984 2493 2086 2546; x_wconf 83' lang='lat' dir='ltr'><strong>vn,</strong></span> 
     </span>
    </p>
   </div>
   <div class='ocr_carea' id='block_1_40' title="bbox 494 2564 2082 2658">
    <p class='ocr_par' dir='ltr' id='par_1_40' title="bbox 494 2564 2082 2658">
     <span class='ocr_line' id='line_1_40' title="bbox 494 2564 2082 2658; baseline -0.011 -16"><span class='ocrx_word' id='word_1_304' title='bbox 494 2586 607 2658; x_wconf 73' lang='lat' dir='ltr'><strong>li).</strong></span> <span class='ocrx_word' id='word_1_305' title='bbox 662 2564 798 2641; x_wconf 81' lang='lat' dir='ltr'><strong>Nam</strong></span> <span class='ocrx_word' id='word_1_306' title='bbox 827 2600 957 2649; x_wconf 88' lang='lat' dir='ltr'><strong>cum</strong></span> <span class='ocrx_word' id='word_1_307' title='bbox 997 2582 1160 2640; x_wconf 87' lang='lat' dir='ltr'><strong>ﬂente</strong></span> <span class='ocrx_word' id='word_1_308' title='bbox 1206 2580 1365 2643; x_wconf 79' lang='lat' dir='ltr'><strong>ﬂere,</strong></span> <span class='ocrx_word' id='word_1_309' title='bbox 1417 2586 1473 2634; x_wconf 91' lang='lat' dir='ltr'><strong>et</strong></span> <span class='ocrx_word' id='word_1_310' title='bbox 1516 2576 1674 2641; x_wconf 84' lang='lat' dir='ltr'><strong>nihil,</strong></span> <span class='ocrx_word' id='word_1_311' title='bbox 1730 2589 1854 2631; x_wconf 91' lang='lat' dir='ltr'><strong>eum</strong></span> <span class='ocrx_word' id='word_1_312' title='bbox 1884 2572 2082 2643; x_wconf 85' lang='lat' dir='ltr'><strong>possis,</strong></span> 
     </span>
    </p>
   </div>
   <div class='ocr_carea' id='block_1_41' title="bbox 492 2664 2084 2742">
    <p class='ocr_par' dir='ltr' id='par_1_41' title="bbox 492 2664 2084 2742">
     <span class='ocr_line' id='line_1_41' title="bbox 492 2664 2084 2742; baseline -0.01 -8"><span class='ocrx_word' id='word_1_313' title='bbox 492 2677 644 2734; x_wconf 80' lang='lat' dir='ltr'><strong>ﬂenti</strong></span> <span class='ocrx_word' id='word_1_314' title='bbox 663 2676 931 2742; x_wconf 83' lang='lat' dir='ltr'><strong>cenfcrre,</strong></span> <span class='ocrx_word' id='word_1_315' title='bbox 963 2671 1399 2731; x_wconf 88' lang='lat' dir='ltr'><strong>subsannationis</strong></span> <span class='ocrx_word' id='word_1_316' title='bbox 1426 2686 1535 2727; x_wconf 91' lang='lat' dir='ltr'><strong>non</strong></span> <span class='ocrx_word' id='word_1_317' title='bbox 1562 2667 1784 2741; x_wconf 87' lang='lat' dir='ltr'><strong>pietatis</strong></span> <span class='ocrx_word' id='word_1_318' title='bbox 1821 2664 2084 2737; x_wconf 79' lang='lat' dir='ltr'><strong>indicium</strong></span> 
     </span>
    </p>
   </div>
   <div class='ocr_carea' id='block_1_42' title="bbox 493 2757 2085 2840">
    <p class='ocr_par' dir='ltr' id='par_1_42' title="bbox 493 2757 2085 2840">
     <span class='ocr_line' id='line_1_42' title="bbox 493 2757 2085 2840; baseline -0.009 -15"><span class='ocrx_word' id='word_1_319' title='bbox 493 2780 597 2835; x_wconf 86' lang='lat' dir='ltr'><strong>est.</strong></span> <span class='ocrx_word' id='word_1_320' title='bbox 636 2769 879 2840; x_wconf 81' lang='lat' dir='ltr'><strong>Denique</strong></span> <span class='ocrx_word' id='word_1_321' title='bbox 916 2766 1165 2823; x_wconf 82' lang='lat' dir='ltr'><strong>Salvator</strong></span> <span class='ocrx_word' id='word_1_322' title='bbox 1191 2772 1376 2822; x_wconf 83' lang='lat' dir='ltr'><strong>noster</strong></span> <span class='ocrx_word' id='word_1_323' title='bbox 1413 2779 1536 2835; x_wconf 87' lang='lat' dir='ltr'><strong>cum</strong></span> <span class='ocrx_word' id='word_1_324' title='bbox 1579 2760 1753 2816; x_wconf 86' lang='lat' dir='ltr'><strong>Maria</strong></span> <span class='ocrx_word' id='word_1_325' title='bbox 1791 2767 1848 2817; x_wconf 87' lang='lat' dir='ltr'><strong>et</strong></span> <span class='ocrx_word' id='word_1_326' title='bbox 1876 2757 2085 2813; x_wconf 82' lang='lat' dir='ltr'><strong>Martha</strong></span> 
     </span>
    </p>
   </div>
   <div class='ocr_carea' id='block_1_43' title="bbox 493 2849 2083 2927">
    <p class='ocr_par' dir='ltr' id='par_1_43' title="bbox 493 2849 2083 2927">
     <span class='ocr_line' id='line_1_43' title="bbox 493 2849 2083 2927; baseline -0.006 -13"><span class='ocrx_word' id='word_1_327' title='bbox 493 2859 686 2914; x_wconf 85' lang='lat' dir='ltr'><strong>Lazari</strong></span> <span class='ocrx_word' id='word_1_328' title='bbox 726 2859 1006 2916; x_wconf 88' lang='lat' dir='ltr'><strong>sororibus</strong></span> <span class='ocrx_word' id='word_1_329' title='bbox 1046 2856 1217 2927; x_wconf 80' lang='lat' dir='ltr'><strong>flevit,</strong></span> <span class='ocrx_word' id='word_1_330' title='bbox 1255 2864 1312 2913; x_wconf 90' lang='lat' dir='ltr'><strong>et</strong></span> <span class='ocrx_word' id='word_1_331' title='bbox 1364 2857 1646 2912; x_wconf 72' lang='lat' dir='ltr'><strong>immensae</strong></span> <span class='ocrx_word' id='word_1_332' title='bbox 1690 2849 2083 2911; x_wconf 73' lang='lat' dir='ltr'><strong>misericordia:</strong></span> 
     </span>
    </p>
   </div>
   <div class='ocr_carea' id='block_1_44' title="bbox 493 2944 2091 3025">
    <p class='ocr_par' dir='ltr' id='par_1_44' title="bbox 493 2944 2091 3025">
     <span class='ocr_line' id='line_1_44' title="bbox 493 2944 2091 3025; baseline -0.005 -16"><span class='ocrx_word' id='word_1_333' title='bbox 493 2954 746 3011; x_wconf 81' lang='lat' dir='ltr'><strong>allectum</strong></span> <span class='ocrx_word' id='word_1_334' title='bbox 790 2954 1159 3025; x_wconf 76' lang='lat' dir='ltr'><strong>lacrymarum</strong></span> <span class='ocrx_word' id='word_1_335' title='bbox 1204 2950 1605 3008; x_wconf 87' lang='lat' dir='ltr'><strong>contestatione</strong></span> <span class='ocrx_word' id='word_1_336' title='bbox 1643 2944 1990 3021; x_wconf 77' lang='lat' dir='ltr'><strong>monstravit,</strong></span> <span class='ocrx_word' id='word_1_337' title='bbox 2031 2953 2091 3005; x_wconf 84' lang='lat' dir='ltr'><strong>et</strong></span> 
     </span>
    </p>
   </div>
   <div class='ocr_carea' id='block_1_45' title="bbox 493 3041 2083 3117">
    <p class='ocr_par' dir='ltr' id='par_1_45' title="bbox 493 3041 2083 3117">
     <span class='ocr_line' id='line_1_45' title="bbox 493 3041 2083 3117; baseline -0.008 -12"><span class='ocrx_word' id='word_1_338' title='bbox 493 3062 639 3105; x_wconf 73' lang='lat' dir='ltr'><strong>vene</strong></span> <span class='ocrx_word' id='word_1_339' title='bbox 686 3045 909 3117; x_wconf 85' lang='lat' dir='ltr'><strong>pietatis</strong></span> <span class='ocrx_word' id='word_1_340' title='bbox 946 3044 1149 3100; x_wconf 88' lang='lat' dir='ltr'><strong>indicia</strong></span> <span class='ocrx_word' id='word_1_341' title='bbox 1191 3057 1317 3101; x_wconf 81' lang='lat' dir='ltr'><strong>mox</strong></span> <span class='ocrx_word' id='word_1_342' title='bbox 1364 3056 1537 3113; x_wconf 85' lang='lat' dir='ltr'><strong>opera</strong></span> <span class='ocrx_word' id='word_1_343' title='bbox 1586 3041 1889 3107; x_wconf 22' lang='lat' dir='ltr'><strong>subsecuta,</strong></span> <span class='ocrx_word' id='word_1_344' title='bbox 1927 3044 2083 3104; x_wconf 90' lang='lat' dir='ltr'><strong>sunt,</strong></span> 
     </span>
    </p>
   </div>
   <div class='ocr_carea' id='block_1_46' title="bbox 496 3120 2086 3213">
    <p class='ocr_par' dir='ltr' id='par_1_46' title="bbox 496 3120 2086 3213">
     <span class='ocr_line' id='line_1_46' title="bbox 496 3120 2086 3213; baseline -0.005 -24"><span class='ocrx_word' id='word_1_345' title='bbox 496 3151 631 3213; x_wconf 80' lang='lat' dir='ltr'><strong>cum</strong></span> <span class='ocrx_word' id='word_1_346' title='bbox 652 3135 946 3189; x_wconf 89' lang='lat' dir='ltr'><strong>suscitatus</strong></span> <span class='ocrx_word' id='word_1_347' title='bbox 980 3132 1221 3189; x_wconf 81' lang='lat' dir='ltr'><strong>Lazarus</strong></span> <span class='ocrx_word' id='word_1_348' title='bbox 1243 3173 1259 3199; x_wconf 94' lang='lat'><strong>,</strong></span> <span class='ocrx_word' id='word_1_349' title='bbox 1300 3130 1469 3203; x_wconf 59' lang='lat' dir='ltr'><strong>cujus,</strong></span> <span class='ocrx_word' id='word_1_350' title='bbox 1494 3144 1659 3187; x_wconf 89' lang='lat' dir='ltr'><strong>causa</strong></span> <span class='ocrx_word' id='word_1_351' title='bbox 1699 3120 2086 3194; x_wconf 79' lang='lat' dir='ltr'><strong>fundebantur,</strong></span> 
     </span>
    </p>
   </div>
   <div class='ocr_carea' id='block_1_47' title="bbox 2185 2010 3783 2086">
    <p class='ocr_par' dir='ltr' id='par_1_47' title="bbox 2185 2010 3783 2086">
     <span class='ocr_line' id='line_1_47' title="bbox 2185 2010 3783 2086; baseline 0.001 -19"><span class='ocrx_word' id='word_1_352' title='bbox 2185 2012 2403 2086; x_wconf 84' lang='lat' dir='ltr'><strong>litiges;</strong></span> <span class='ocrx_word' id='word_1_353' title='bbox 2444 2021 2511 2068; x_wconf 89' lang='lat' dir='ltr'><strong>ut</strong></span> <span class='ocrx_word' id='word_1_354' title='bbox 2554 2012 2598 2068; x_wconf 88' lang='lat' dir='ltr'><strong>si</strong></span> <span class='ocrx_word' id='word_1_355' title='bbox 2645 2013 2769 2083; x_wconf 88' lang='lat' dir='ltr'><strong>quis</strong></span> <span class='ocrx_word' id='word_1_356' title='bbox 2806 2022 2898 2067; x_wconf 89' lang='lat' dir='ltr'><strong>tua</strong></span> <span class='ocrx_word' id='word_1_357' title='bbox 2942 2010 3160 2069; x_wconf 85' lang='lat' dir='ltr'><strong>auferre</strong></span> <span class='ocrx_word' id='word_1_358' title='bbox 3203 2011 3462 2079; x_wconf 85' lang='lat' dir='ltr'><strong>voluerit,</strong></span> <span class='ocrx_word' id='word_1_359' title='bbox 3500 2020 3783 2084; x_wconf 73' lang='lat' dir='ltr'><strong>gratanter</strong></span> 
     </span>
    </p>
   </div>
   <div class='ocr_carea' id='block_1_48' title="bbox 2186 2102 3782 2177">
    <p class='ocr_par' dir='ltr' id='par_1_48' title="bbox 2186 2102 3782 2177">
     <span class='ocr_line' id='line_1_48' title="bbox 2186 2102 3782 2177; baseline 0.003 -19"><span class='ocrx_word' id='word_1_360' title='bbox 2186 2102 2409 2177; x_wconf 84' lang='lat' dir='ltr'><strong>amittas</strong></span> <span class='ocrx_word' id='word_1_361' title='bbox 2430 2120 2455 2170; x_wconf 81' lang='lat'><strong>;-</strong></span> <span class='ocrx_word' id='word_1_362' title='bbox 2473 2112 2533 2159; x_wconf 89' lang='lat' dir='ltr'><strong>ut</strong></span> <span class='ocrx_word' id='word_1_363' title='bbox 2562 2118 2662 2163; x_wconf 79' lang='lat' dir='ltr'><strong>nec</strong></span> <span class='ocrx_word' id='word_1_364' title='bbox 2688 2104 3007 2173; x_wconf 76' lang='lat' dir='ltr'><strong>iracundim,</strong></span> <span class='ocrx_word' id='word_1_365' title='bbox 3037 2120 3140 2162; x_wconf 82' lang='lat' dir='ltr'><strong>nec</strong></span> <span class='ocrx_word' id='word_1_366' title='bbox 3160 2105 3287 2172; x_wconf 73' lang='lat' dir='ltr'><strong>zeli;</strong></span> <span class='ocrx_word' id='word_1_367' title='bbox 3317 2120 3421 2167; x_wconf 84' lang='lat' dir='ltr'><strong>nec</strong></span> <span class='ocrx_word' id='word_1_368' title='bbox 3448 2105 3655 2161; x_wconf 60' lang='lat' dir='ltr'><strong>livoris</strong></span> <span class='ocrx_word' id='word_1_369' title='bbox 3672 2116 3782 2162; x_wconf 43' lang='lat' dir='ltr'><strong>me</strong></span> 
     </span>
    </p>
   </div>
   <div class='ocr_carea' id='block_1_49' title="bbox 2184 2194 3780 2267">
    <p class='ocr_par' dir='ltr' id='par_1_49' title="bbox 2184 2194 3780 2267">
     <span class='ocr_line' id='line_1_49' title="bbox 2184 2194 3780 2267; baseline -0.002 -10"><span class='ocrx_word' id='word_1_370' title='bbox 2184 2194 2295 2257; x_wconf 84' lang='lat' dir='ltr'><strong>lum</strong></span> <span class='ocrx_word' id='word_1_371' title='bbox 2328 2196 2471 2253; x_wconf 88' lang='lat' dir='ltr'><strong>intra</strong></span> <span class='ocrx_word' id='word_1_372' title='bbox 2514 2206 2708 2267; x_wconf 89' lang='lat' dir='ltr'><strong>pectus</strong></span> <span class='ocrx_word' id='word_1_373' title='bbox 2747 2197 3034 2267; x_wconf 80' lang='lat' dir='ltr'><strong>admittas;</strong></span> <span class='ocrx_word' id='word_1_374' title='bbox 3074 2208 3138 2263; x_wconf 81' lang='grc' dir='ltr'>,ιιι</span> <span class='ocrx_word' id='word_1_375' title='bbox 3170 2198 3380 2257; x_wconf 87' lang='lat' dir='ltr'><strong>crimen</strong></span> <span class='ocrx_word' id='word_1_376' title='bbox 3407 2200 3669 2257; x_wconf 66' lang='lat' dir='ltr'><strong>avaritia</strong></span> <span class='ocrx_word' id='word_1_377' title='bbox 3698 2198 3780 2254; x_wconf 69' lang='lat' dir='ltr'><strong>m-</strong></span> 
     </span>
    </p>
   </div>
   <div class='ocr_carea' id='block_1_50' title="bbox 2185 2286 3781 2359">
    <p class='ocr_par' dir='ltr' id='par_1_50' title="bbox 2185 2286 3781 2359">
     <span class='ocr_line' id='line_1_50' title="bbox 2185 2286 3781 2359; baseline 0.004 -18"><span class='ocrx_word' id='word_1_378' title='bbox 2185 2287 2333 2358; x_wconf 86' lang='lat' dir='ltr'><strong>gias;</strong></span> <span class='ocrx_word' id='word_1_379' title='bbox 2368 2297 2428 2343; x_wconf 89' lang='lat' dir='ltr'><strong>ut</strong></span> <span class='ocrx_word' id='word_1_380' title='bbox 2450 2287 2630 2343; x_wconf 91' lang='lat' dir='ltr'><strong>omnis</strong></span> <span class='ocrx_word' id='word_1_381' title='bbox 2654 2287 2922 2359; x_wconf 63' lang='lat' dir='ltr'><strong>superbiae</strong></span> <span class='ocrx_word' id='word_1_382' title='bbox 2940 2303 3004 2344; x_wconf 91' lang='lat' dir='ltr'><strong>ac</strong></span> <span class='ocrx_word' id='word_1_383' title='bbox 3022 2286 3302 2357; x_wconf 72' lang='lat' dir='ltr'><strong>jactantize</strong></span> <span class='ocrx_word' id='word_1_384' title='bbox 3324 2288 3539 2344; x_wconf 88' lang='lat' dir='ltr'><strong>malum</strong></span> <span class='ocrx_word' id='word_1_385' title='bbox 3562 2303 3781 2355; x_wconf 71' lang='lat' dir='ltr'><strong>cavens,</strong></span> 
     </span>
    </p>
   </div>
   <div class='ocr_carea' id='block_1_51' title="bbox 2187 2379 3779 2455">
    <p class='ocr_par' dir='ltr' id='par_1_51' title="bbox 2187 2379 3779 2455">
     <span class='ocr_line' id='line_1_51' title="bbox 2187 2379 3779 2455; baseline 0 -18"><span class='ocrx_word' id='word_1_386' title='bbox 2187 2388 2244 2437; x_wconf 84' lang='lat' dir='ltr'><strong>et</strong></span> <span class='ocrx_word' id='word_1_387' title='bbox 2268 2380 2489 2443; x_wconf 83' lang='lat' dir='ltr'><strong>humilis</strong></span> <span class='ocrx_word' id='word_1_388' title='bbox 2506 2395 2570 2455; x_wconf 84' lang='lat' dir='ltr'><strong>ac</strong></span> <span class='ocrx_word' id='word_1_389' title='bbox 2599 2379 2749 2436; x_wconf 88' lang='lat' dir='ltr'><strong>mitis</strong></span> <span class='ocrx_word' id='word_1_390' title='bbox 2772 2380 2977 2437; x_wconf 76' lang='lat' dir='ltr'><strong>Christi</strong></span> <span class='ocrx_word' id='word_1_391' title='bbox 3003 2380 3156 2437; x_wconf 85' lang='lat' dir='ltr'><strong>vivas</strong></span> <span class='ocrx_word' id='word_1_392' title='bbox 3176 2380 3428 2453; x_wconf 76' lang='lat' dir='ltr'><strong>exemplo</strong></span> <span class='ocrx_word' id='word_1_393' title='bbox 3465 2398 3481 2436; x_wconf 89' lang='lat'><strong>:</strong></span> <span class='ocrx_word' id='word_1_394' title='bbox 3514 2381 3779 2439; x_wconf 66' lang='lat' dir='ltr'><strong>titulorum</strong></span> 
     </span>
    </p>
   </div>
   <div class='ocr_carea' id='block_1_52' title="bbox 2186 2472 3779 2541">
    <p class='ocr_par' dir='ltr' id='par_1_52' title="bbox 2186 2472 3779 2541">
     <span class='ocr_line' id='line_1_52' title="bbox 2186 2472 3779 2541; baseline 0.001 -11"><span class='ocrx_word' id='word_1_395' title='bbox 2186 2473 2460 2531; x_wconf 83' lang='lat' dir='ltr'><strong>consortia</strong></span> <span class='ocrx_word' id='word_1_396' title='bbox 2496 2473 2553 2528; x_wconf 88' lang='lat' dir='ltr'><strong>in</strong></span> <span class='ocrx_word' id='word_1_397' title='bbox 2591 2480 2802 2537; x_wconf 72' lang='lat' dir='ltr'><strong>tantum</strong></span> <span class='ocrx_word' id='word_1_398' title='bbox 2841 2473 3054 2540; x_wconf 85' lang='lat' dir='ltr'><strong>vitans;</strong></span> <span class='ocrx_word' id='word_1_399' title='bbox 3084 2480 3147 2529; x_wconf 87' lang='lat' dir='ltr'><strong>ut</strong></span> <span class='ocrx_word' id='word_1_400' title='bbox 3171 2488 3296 2531; x_wconf 73' lang='lat' dir='ltr'><strong>cum</strong></span> <span class='ocrx_word' id='word_1_401' title='bbox 3322 2472 3779 2541; x_wconf 64' lang='lat' dir='ltr'><strong>fornicator-ibin,</strong></span> 
     </span>
    </p>
   </div>
   <div class='ocr_carea' id='block_1_53' title="bbox 2186 2564 3778 2635">
    <p class='ocr_par' dir='ltr' id='par_1_53' title="bbox 2186 2564 3778 2635">
     <span class='ocr_line' id='line_1_53' title="bbox 2186 2564 3778 2635; baseline 0.003 -15"><span class='ocrx_word' id='word_1_402' title='bbox 2186 2574 2283 2620; x_wconf 90' lang='lat' dir='ltr'><strong>aut</strong></span> <span class='ocrx_word' id='word_1_403' title='bbox 2317 2566 2516 2634; x_wconf 85' lang='lat' dir='ltr'><strong>avaris,</strong></span> <span class='ocrx_word' id='word_1_404' title='bbox 2548 2574 2645 2623; x_wconf 81' lang='lat' dir='ltr'><strong>aut</strong></span> <span class='ocrx_word' id='word_1_405' title='bbox 2678 2564 3150 2635; x_wconf 76' lang='lat' dir='ltr'><strong>maledicenn&#39;bus;</strong></span> <span class='ocrx_word' id='word_1_406' title='bbox 3184 2575 3281 2629; x_wconf 84' lang='lat' dir='ltr'><strong>aut</strong></span> <span class='ocrx_word' id='word_1_407' title='bbox 3306 2567 3537 2635; x_wconf 72' lang='lat' dir='ltr'><strong>invidia,</strong></span> <span class='ocrx_word' id='word_1_408' title='bbox 3571 2567 3778 2625; x_wconf 69' lang='lat' dir='ltr'><strong>antch-</strong></span> 
     </span>
    </p>
   </div>
   <div class='ocr_carea' id='block_1_54' title="bbox 2186 2657 3783 2733">
    <p class='ocr_par' dir='ltr' id='par_1_54' title="bbox 2186 2657 3783 2733">
     <span class='ocr_line' id='line_1_54' title="bbox 2186 2657 3783 2733; baseline 0.003 -21"><span class='ocrx_word' id='word_1_409' title='bbox 2186 2657 2550 2725; x_wconf 87' lang='lat' dir='ltr'><strong>tractoribus,</strong></span> <span class='ocrx_word' id='word_1_410' title='bbox 2582 2657 2950 2725; x_wconf 79' lang='lat' dir='ltr'><strong>autebriosis,</strong></span> <span class='ocrx_word' id='word_1_411' title='bbox 2991 2666 3085 2714; x_wconf 88' lang='lat' dir='ltr'><strong>aut</strong></span> <span class='ocrx_word' id='word_1_412' title='bbox 3110 2659 3421 2733; x_wconf 84' lang='lat' dir='ltr'><strong>rapacibus,</strong></span> <span class='ocrx_word' id='word_1_413' title='bbox 3468 2672 3579 2716; x_wconf 84' lang='lat' dir='ltr'><strong>nec</strong></span> <span class='ocrx_word' id='word_1_414' title='bbox 3604 2658 3783 2716; x_wconf 66' lang='lat' dir='ltr'><strong>cibum</strong></span> 
     </span>
    </p>
   </div>
   <div class='ocr_carea' id='block_1_55' title="bbox 2186 2750 3785 2833">
    <p class='ocr_par' dir='ltr' id='par_1_55' title="bbox 2186 2750 3785 2833">
     <span class='ocr_line' id='line_1_55' title="bbox 2186 2750 3785 2833; baseline -0.001 -24"><span class='ocrx_word' id='word_1_415' title='bbox 2186 2751 2390 2823; x_wconf 87' lang='lat' dir='ltr'><strong>capias.</strong></span> <span class='ocrx_word' id='word_1_416' title='bbox 2420 2750 2592 2821; x_wconf 83' lang='lat' dir='ltr'><strong>Quem</strong></span> <span class='ocrx_word' id='word_1_417' title='bbox 2618 2751 2672 2833; x_wconf 2' lang='lat' dir='ltr'><strong>psi</strong></span> <span class='ocrx_word' id='word_1_418' title='bbox 2699 2751 2755 2806; x_wconf 90' lang='lat' dir='ltr'><strong>in</strong></span> <span class='ocrx_word' id='word_1_419' title='bbox 2785 2750 2973 2833; x_wconf 63' lang='lat' dir='ltr'><strong>aliqua</strong></span> <span class='ocrx_word' id='word_1_420' title='bbox 3004 2751 3430 2823; x_wconf 80' lang='lat' dir='ltr'><strong>contempseris,</strong></span> <span class='ocrx_word' id='word_1_421' title='bbox 3457 2752 3511 2809; x_wconf 84' lang='lat' dir='ltr'><strong>si</strong></span> <span class='ocrx_word' id='word_1_422' title='bbox 3540 2750 3785 2828; x_wconf 76' lang='lat' dir='ltr'><strong>pepercit</strong></span> 
     </span>
    </p>
   </div>
   <div class='ocr_carea' id='block_1_56' title="bbox 2184 2830 3779 2918">
    <p class='ocr_par' dir='ltr' id='par_1_56' title="bbox 2184 2830 3779 2918">
     <span class='ocr_line' id='line_1_56' title="bbox 2184 2830 3779 2918; baseline 0.007 -19"><span class='ocrx_word' id='word_1_423' title='bbox 2184 2845 2341 2917; x_wconf 69' lang='lat' dir='ltr'><strong>Adae,</strong></span> <span class='ocrx_word' id='word_1_424' title='bbox 2356 2852 2544 2916; x_wconf 83' lang='lat' dir='ltr'><strong>parcet</strong></span> <span class='ocrx_word' id='word_1_425' title='bbox 2562 2830 2623 2900; x_wconf 83' lang='lat' dir='ltr'><strong>et</strong></span> <span class='ocrx_word' id='word_1_426' title='bbox 2640 2844 2761 2903; x_wconf 90' lang='lat' dir='ltr'><strong>tibi.</strong></span> <span class='ocrx_word' id='word_1_427' title='bbox 2790 2833 2904 2902; x_wconf 77' lang='lat' dir='ltr'><strong>tino</strong></span> <span class='ocrx_word' id='word_1_428' title='bbox 2921 2830 3002 2900; x_wconf 88' lang='lat' dir='ltr'><strong>illi</strong></span> <span class='ocrx_word' id='word_1_429' title='bbox 3024 2846 3197 2918; x_wconf 63' lang='lat' dir='ltr'><strong>magis</strong></span> <span class='ocrx_word' id='word_1_430' title='bbox 3216 2844 3560 2917; x_wconf 70' lang='lat' dir='ltr'><strong>parcendum</strong></span> <span class='ocrx_word' id='word_1_431' title='bbox 3581 2845 3779 2910; x_wconf 67' lang='lat' dir='ltr'><strong>ama,</strong></span> 
     </span>
    </p>
   </div>
   <div class='ocr_carea' id='block_1_57' title="bbox 2187 2937 3785 3012">
    <p class='ocr_par' dir='ltr' id='par_1_57' title="bbox 2187 2937 3785 3012">
     <span class='ocr_line' id='line_1_57' title="bbox 2187 2937 3785 3012; baseline 0.003 -20"><span class='ocrx_word' id='word_1_432' title='bbox 2187 2938 2286 3011; x_wconf 80' lang='lat' dir='ltr'><strong>qui</strong></span> <span class='ocrx_word' id='word_1_433' title='bbox 2323 2938 2502 2994; x_wconf 84' lang='lat' dir='ltr'><strong>adhuc</strong></span> <span class='ocrx_word' id='word_1_434' title='bbox 2546 2937 2700 2995; x_wconf 85' lang='lat' dir='ltr'><strong>rudis</strong></span> <span class='ocrx_word' id='word_1_435' title='bbox 2746 2946 2806 2994; x_wconf 87' lang='lat' dir='ltr'><strong>et</strong></span> <span class='ocrx_word' id='word_1_436' title='bbox 2851 2937 3095 2995; x_wconf 78' lang='lat' dir='ltr'><strong>novellus</strong></span> <span class='ocrx_word' id='word_1_437' title='bbox 3116 2948 3269 3012; x_wconf 75' lang='lat' dir='ltr'><strong>erat,</strong></span> <span class='ocrx_word' id='word_1_438' title='bbox 3304 2948 3363 2997; x_wconf 80' lang='lat' dir='ltr'><strong>et</strong></span> <span class='ocrx_word' id='word_1_439' title='bbox 3404 2938 3622 2999; x_wconf 78' lang='lat' dir='ltr'><strong>nullius</strong></span> <span class='ocrx_word' id='word_1_440' title='bbox 3662 2949 3785 2996; x_wconf 76' lang='lat' dir='ltr'><strong>ante</strong></span> 
     </span>
    </p>
   </div>
   <div class='ocr_carea' id='block_1_58' title="bbox 2186 3031 3783 3102">
    <p class='ocr_par' dir='ltr' id='par_1_58' title="bbox 2186 3031 3783 3102">
     <span class='ocr_line' id='line_1_58' title="bbox 2186 3031 3783 3102; baseline 0.003 -16"><span class='ocrx_word' id='word_1_441' title='bbox 2186 3031 2466 3102; x_wconf 86' lang='lat' dir='ltr'><strong>peccantis</strong></span> <span class='ocrx_word' id='word_1_442' title='bbox 2502 3038 2561 3086; x_wconf 88' lang='lat' dir='ltr'><strong>et</strong></span> <span class='ocrx_word' id='word_1_443' title='bbox 2595 3039 2818 3101; x_wconf 84' lang='lat' dir='ltr'><strong>propter</strong></span> <span class='ocrx_word' id='word_1_444' title='bbox 2851 3039 3136 3101; x_wconf 81' lang='lat' dir='ltr'><strong>peccatum</strong></span> <span class='ocrx_word' id='word_1_445' title='bbox 3181 3047 3336 3088; x_wconf 87' lang='lat' dir='ltr'><strong>suum</strong></span> <span class='ocrx_word' id='word_1_446' title='bbox 3367 3033 3668 3093; x_wconf 70' lang='lat' dir='ltr'><strong>morientis</strong></span> <span class='ocrx_word' id='word_1_447' title='bbox 3697 3048 3783 3091; x_wconf 78' lang='lat' dir='ltr'><strong>re-</strong></span> 
     </span>
    </p>
   </div>
   <div class='ocr_carea' id='block_1_59' title="bbox 2189 3122 3785 3194">
    <p class='ocr_par' dir='ltr' id='par_1_59' title="bbox 2189 3122 3785 3194">
     <span class='ocr_line' id='line_1_59' title="bbox 2189 3122 3785 3194; baseline 0.003 -16"><span class='ocrx_word' id='word_1_448' title='bbox 2189 3123 2509 3185; x_wconf 66' lang='lat' dir='ltr'><strong>trahebatur</strong></span> <span class='ocrx_word' id='word_1_449' title='bbox 2532 3122 2813 3193; x_wconf 81' lang='lat' dir='ltr'><strong>exemplo:</strong></span> <span class='ocrx_word' id='word_1_450' title='bbox 2836 3123 2933 3179; x_wconf 79' lang='lat' dir='ltr'><strong>tibi</strong></span> <span class='ocrx_word' id='word_1_451' title='bbox 2957 3137 3091 3180; x_wconf 89' lang='lat' dir='ltr'><strong>vero</strong></span> <span class='ocrx_word' id='word_1_452' title='bbox 3108 3132 3231 3194; x_wconf 88' lang='lat' dir='ltr'><strong>post</strong></span> <span class='ocrx_word' id='word_1_453' title='bbox 3253 3133 3403 3180; x_wconf 88' lang='lat' dir='ltr'><strong>tanta</strong></span> <span class='ocrx_word' id='word_1_454' title='bbox 3428 3126 3785 3193; x_wconf 71' lang='lat' dir='ltr'><strong>decumana,</strong></span> 
     </span>
    </p>
   </div>
   <div class='ocr_carea' id='block_1_60' title="bbox 499 3213 3623 3298">
    <p class='ocr_par' dir='ltr' id='par_1_60' title="bbox 499 3213 3623 3298">
     <span class='ocr_line' id='line_1_60' title="bbox 499 3213 3623 3298; baseline -0.005 -11"><span class='ocrx_word' id='word_1_455' title='bbox 499 3227 779 3287; x_wconf 88' lang='lat' dir='ltr'><strong>sororibus</strong></span> <span class='ocrx_word' id='word_1_456' title='bbox 803 3225 1045 3280; x_wconf 88' lang='lat' dir='ltr'><strong>redditur</strong></span> <span class='ocrx_word' id='word_1_457' title='bbox 1076 3224 1257 3298; x_wconf 82' lang='lat' dir='ltr'><strong>(Joan.</strong></span> <span class='ocrx_word' id='word_1_458' title='bbox 1286 3224 1390 3297; x_wconf 65' lang='grc' dir='ltr'>ιιι).</span> <span class='ocrx_word' id='word_1_459' title='bbox 1417 3222 1534 3280; x_wconf 87' lang='lat' dir='ltr'><strong>Hoc</strong></span> <span class='ocrx_word' id='word_1_460' title='bbox 1564 3221 1668 3295; x_wconf 76' lang='lat' dir='ltr'><strong>fuit</strong></span> <span class='ocrx_word' id='word_1_461' title='bbox 1700 3222 1935 3295; x_wconf 74' lang='lat' dir='ltr'><strong>piecum</strong></span> <span class='ocrx_word' id='word_1_462' title='bbox 1955 3220 2085 3275; x_wconf 83' lang='lat' dir='ltr'><strong>ﬂen—</strong></span> <span class='ocrx_word' id='word_1_463' title='bbox 2119 3266 2156 3298; x_wconf 36' lang='grc' dir='ltr'><strong>Α</strong></span> <span class='ocrx_word' id='word_1_464' title='bbox 2187 3223 2312 3286; x_wconf 88' lang='lat' dir='ltr'><strong>post</strong></span> <span class='ocrx_word' id='word_1_465' title='bbox 2344 3214 2514 3287; x_wconf 76' lang='lat' dir='ltr'><strong>legem</strong></span> <span class='ocrx_word' id='word_1_466' title='bbox 2532 3254 2548 3283; x_wconf 94' lang='lat'><strong>,</strong></span> <span class='ocrx_word' id='word_1_467' title='bbox 2579 3228 2687 3285; x_wconf 80' lang='lat' dir='ltr'><strong>quo</strong></span> <span class='ocrx_word' id='word_1_468' title='bbox 2715 3213 2877 3273; x_wconf 83' lang='lat' dir='ltr'><strong>modo</strong></span> <span class='ocrx_word' id='word_1_469' title='bbox 2902 3213 3184 3286; x_wconf 83' lang='lat' dir='ltr'><strong>indulgere</strong></span> <span class='ocrx_word' id='word_1_470' title='bbox 3205 3215 3385 3285; x_wconf 84' lang='lat' dir='ltr'><strong>possit</strong></span> <span class='ocrx_word' id='word_1_471' title='bbox 3398 3215 3623 3288; x_wconf 69' lang='lat' dir='ltr'><strong>ignoro;</strong></span> 
     </span>
    </p>
   </div>
   <div class='ocr_carea' id='block_1_61' title="bbox 500 3286 3785 3389">
    <p class='ocr_par' dir='ltr' id='par_1_61' title="bbox 500 3286 3785 3389">
     <span class='ocr_line' id='line_1_61' title="bbox 500 3286 3785 3389; baseline -0.002 -15"><span class='ocrx_word' id='word_1_472' title='bbox 500 3300 642 3374; x_wconf 81' lang='lat' dir='ltr'><strong>tibus</strong></span> <span class='ocrx_word' id='word_1_473' title='bbox 688 3316 837 3383; x_wconf 84' lang='lat' dir='ltr'><strong>ﬂere,</strong></span> <span class='ocrx_word' id='word_1_474' title='bbox 892 3286 1235 3373; x_wconf 75' lang='lat' dir='ltr'><strong>occasionem</strong></span> <span class='ocrx_word' id='word_1_475' title='bbox 1282 3286 1443 3370; x_wconf 44' lang='lat' dir='ltr'><strong>tle&#39;tus</strong></span> <span class='ocrx_word' id='word_1_476' title='bbox 1491 3286 1728 3389; x_wconf 72' lang='lat' dir='ltr'><strong>auferre.</strong></span> <span class='ocrx_word' id='word_1_477' title='bbox 1779 3310 1886 3367; x_wconf 88' lang='lat' dir='ltr'><strong>Sed</strong></span> <span class='ocrx_word' id='word_1_478' title='bbox 1933 3302 2087 3381; x_wconf 82' lang='lat' dir='ltr'><strong>quasi</strong></span> <span class='ocrx_word' id='word_1_479' title='bbox 2114 3286 2158 3349; x_wconf 62' lang='grc' dir='ltr'><strong>(ἶ</strong></span> <span class='ocrx_word' id='word_1_480' title='bbox 2258 3306 2344 3362; x_wconf 84' lang='lat' dir='ltr'><strong>Au</strong></span> <span class='ocrx_word' id='word_1_481' title='bbox 2375 3286 2566 3362; x_wconf 85' lang='lat' dir='ltr'><strong>tibide</strong></span> <span class='ocrx_word' id='word_1_482' title='bbox 2598 3305 2929 3377; x_wconf 70' lang='lat' dir='ltr'><strong>virginitatis</strong></span> <span class='ocrx_word' id='word_1_483' title='bbox 2951 3307 3312 3378; x_wconf 72' lang='lat' dir='ltr'><strong>praerogativa</strong></span> <span class='ocrx_word' id='word_1_484' title='bbox 3338 3286 3648 3365; x_wconf 69' lang='lat' dir='ltr'><strong>blautﬂris?</strong></span> <span class='ocrx_word' id='word_1_485' title='bbox 3679 3307 3785 3366; x_wconf 69' lang='lat' dir='ltr'><strong>le-</strong></span> 
     </span>
    </p>
   </div>
   <div class='ocr_carea' id='block_1_62' title="bbox 499 3401 2089 3487">
    <p class='ocr_par' dir='ltr' id='par_1_62' title="bbox 499 3401 2089 3487">
     <span class='ocr_line' id='line_1_62' title="bbox 499 3401 2089 3487; baseline -0.002 -21"><span class='ocrx_word' id='word_1_486' title='bbox 499 3418 692 3483; x_wconf 88' lang='lat' dir='ltr'><strong>potens</strong></span> <span class='ocrx_word' id='word_1_487' title='bbox 717 3451 733 3476; x_wconf 95' lang='lat'><strong>,</strong></span> <span class='ocrx_word' id='word_1_488' title='bbox 770 3408 1004 3480; x_wconf 85' lang='lat' dir='ltr'><strong>inquies,</strong></span> <span class='ocrx_word' id='word_1_489' title='bbox 1056 3408 1207 3485; x_wconf 78' lang='lat' dir='ltr'><strong>fecit.</strong></span> <span class='ocrx_word' id='word_1_490' title='bbox 1242 3406 1453 3487; x_wconf 31' lang='lat' dir='ltr'><strong>.Verum</strong></span> <span class='ocrx_word' id='word_1_491' title='bbox 1476 3423 1577 3463; x_wconf 89' lang='lat' dir='ltr'><strong>nec</strong></span> <span class='ocrx_word' id='word_1_492' title='bbox 1621 3401 1719 3467; x_wconf 85' lang='lat' dir='ltr'><strong>tibi</strong></span> <span class='ocrx_word' id='word_1_493' title='bbox 1758 3403 2089 3479; x_wconf 83' lang='lat' dir='ltr'><strong>impossibile</strong></span> 
     </span>
    </p>
   </div>
   <div class='ocr_carea' id='block_1_63' title="bbox 495 3491 2088 3574">
    <p class='ocr_par' dir='ltr' id='par_1_63' title="bbox 495 3491 2088 3574">
     <span class='ocr_line' id='line_1_63' title="bbox 495 3491 2088 3574; baseline -0.003 -16"><span class='ocrx_word' id='word_1_494' title='bbox 495 3502 708 3574; x_wconf 89' lang='lat' dir='ltr'><strong>aliquid</strong></span> <span class='ocrx_word' id='word_1_495' title='bbox 746 3491 1064 3574; x_wconf 75' lang='lat' dir='ltr'><strong>imperatur.</strong></span> <span class='ocrx_word' id='word_1_496' title='bbox 1101 3499 1350 3573; x_wconf 87' lang='lat' dir='ltr'><strong>implevit</strong></span> <span class='ocrx_word' id='word_1_497' title='bbox 1386 3498 1569 3556; x_wconf 88' lang='lat' dir='ltr'><strong>omnia</strong></span> <span class='ocrx_word' id='word_1_498' title='bbox 1611 3498 1703 3571; x_wconf 88' lang='lat' dir='ltr'><strong>qui</strong></span> <span class='ocrx_word' id='word_1_499' title='bbox 1740 3499 1885 3570; x_wconf 90' lang='lat' dir='ltr'><strong>quod</strong></span> <span class='ocrx_word' id='word_1_500' title='bbox 1913 3497 2088 3571; x_wconf 91' lang='lat' dir='ltr'><strong>potuit</strong></span> 
     </span>
    </p>
   </div>
   <div class='ocr_carea' id='block_1_64' title="bbox 495 3590 647 3652">
    <p class='ocr_par' dir='ltr' id='par_1_64' title="bbox 495 3590 647 3652">
     <span class='ocr_line' id='line_1_64' title="bbox 495 3590 647 3652; baseline -0.013 -2"><span class='ocrx_word' id='word_1_501' title='bbox 495 3590 647 3652; x_wconf 84' lang='lat' dir='ltr'><strong>fecit.</strong></span> 
     </span>
    </p>
   </div>
   <div class='ocr_carea' id='block_1_65' title="bbox 568 3682 2084 3765">
    <p class='ocr_par' dir='ltr' id='par_1_65' title="bbox 568 3682 2084 3765">
     <span class='ocr_line' id='line_1_65' title="bbox 568 3682 2084 3765; baseline -0.002 -23"><span class='ocrx_word' id='word_1_502' title='bbox 568 3687 698 3754; x_wconf 90' lang='lat' dir='ltr'><strong>Sed,</strong></span> <span class='ocrx_word' id='word_1_503' title='bbox 723 3694 782 3743; x_wconf 88' lang='lat' dir='ltr'><strong>ut</strong></span> <span class='ocrx_word' id='word_1_504' title='bbox 800 3688 982 3745; x_wconf 88' lang='lat' dir='ltr'><strong>dicere</strong></span> <span class='ocrx_word' id='word_1_505' title='bbox 1010 3701 1372 3763; x_wconf 77' lang='lat' dir='ltr'><strong>cmperamus,</strong></span> <span class='ocrx_word' id='word_1_506' title='bbox 1406 3701 1516 3743; x_wconf 89' lang='lat' dir='ltr'><strong>non</strong></span> <span class='ocrx_word' id='word_1_507' title='bbox 1546 3683 1746 3765; x_wconf 86' lang='lat' dir='ltr'><strong>sufﬁcit</strong></span> <span class='ocrx_word' id='word_1_508' title='bbox 1772 3682 2084 3739; x_wconf 87' lang='lat' dir='ltr'><strong>Christiano</strong></span> 
     </span>
    </p>
   </div>
   <div class='ocr_carea' id='block_1_66' title="bbox 497 3770 2095 3848">
    <p class='ocr_par' dir='ltr' id='par_1_66' title="bbox 497 3770 2095 3848">
     <span class='ocr_line' id='line_1_66' title="bbox 497 3770 2095 3848; baseline -0.001 -16"><span class='ocrx_word' id='word_1_509' title='bbox 497 3794 530 3832; x_wconf 87' lang='lat' dir='ltr'><strong>a</strong></span> <span class='ocrx_word' id='word_1_510' title='bbox 560 3778 720 3833; x_wconf 89' lang='lat' dir='ltr'><strong>malis</strong></span> <span class='ocrx_word' id='word_1_511' title='bbox 760 3794 818 3833; x_wconf 92' lang='lat' dir='ltr'><strong>se</strong></span> <span class='ocrx_word' id='word_1_512' title='bbox 862 3778 1171 3846; x_wconf 89' lang='lat' dir='ltr'><strong>abstinere,</strong></span> <span class='ocrx_word' id='word_1_513' title='bbox 1206 3778 1312 3834; x_wconf 89' lang='lat' dir='ltr'><strong>nisi</strong></span> <span class='ocrx_word' id='word_1_514' title='bbox 1355 3770 1521 3834; x_wconf 80' lang='lat' dir='ltr'><strong>etiam</strong></span> <span class='ocrx_word' id='word_1_515' title='bbox 1568 3770 1833 3834; x_wconf 81' lang='lat' dir='ltr'><strong>bonorum</strong></span> <span class='ocrx_word' id='word_1_516' title='bbox 1859 3770 2095 3848; x_wconf 84' lang='lat' dir='ltr'><strong>operum</strong></span> 
     </span>
    </p>
   </div>
   <div class='ocr_carea' id='block_1_67' title="bbox 497 3868 2085 3952">
    <p class='ocr_par' dir='ltr' id='par_1_67' title="bbox 497 3868 2085 3952">
     <span class='ocr_line' id='line_1_67' title="bbox 497 3868 2085 3952; baseline -0.001 -25"><span class='ocrx_word' id='word_1_517' title='bbox 497 3870 679 3927; x_wconf 81' lang='lat' dir='ltr'><strong>officia</strong></span> <span class='ocrx_word' id='word_1_518' title='bbox 722 3868 1029 3942; x_wconf 85' lang='lat' dir='ltr'><strong>perfecerit.</strong></span> <span class='ocrx_word' id='word_1_519' title='bbox 1063 3869 1218 3952; x_wconf 84' lang='lat' dir='ltr'><strong>Quod</strong></span> <span class='ocrx_word' id='word_1_520' title='bbox 1257 3871 1349 3926; x_wconf 89' lang='lat' dir='ltr'><strong>illo</strong></span> <span class='ocrx_word' id='word_1_521' title='bbox 1390 3870 1477 3926; x_wconf 88' lang='lat' dir='ltr'><strong>vel</strong></span> <span class='ocrx_word' id='word_1_522' title='bbox 1513 3870 1747 3926; x_wconf 78' lang='lat' dir='ltr'><strong>maxime</strong></span> <span class='ocrx_word' id='word_1_523' title='bbox 1774 3869 2085 3925; x_wconf 89' lang='lat' dir='ltr'><strong>testimonio</strong></span> 
     </span>
    </p>
   </div>
   <div class='ocr_carea' id='block_1_68' title="bbox 499 3964 2085 4039">
    <p class='ocr_par' dir='ltr' id='par_1_68' title="bbox 499 3964 2085 4039">
     <span class='ocr_line' id='line_1_68' title="bbox 499 3964 2085 4039; baseline -0.002 -17"><span class='ocrx_word' id='word_1_524' title='bbox 499 3966 880 4038; x_wconf 87' lang='lat' dir='ltr'><strong>comprobatur</strong></span> <span class='ocrx_word' id='word_1_525' title='bbox 905 4006 923 4033; x_wconf 93' lang='lat'><strong>,</strong></span> <span class='ocrx_word' id='word_1_526' title='bbox 981 3966 1126 4036; x_wconf 89' lang='lat' dir='ltr'><strong>quod</strong></span> <span class='ocrx_word' id='word_1_527' title='bbox 1175 3966 1541 4039; x_wconf 82' lang='lat' dir='ltr'><strong>comminatur</strong></span> <span class='ocrx_word' id='word_1_528' title='bbox 1586 3965 1852 4038; x_wconf 86' lang='lat' dir='ltr'><strong>Dominus</strong></span> <span class='ocrx_word' id='word_1_529' title='bbox 1892 3964 2085 4022; x_wconf 68' lang='lat' dir='ltr'><strong>aeterni</strong></span> 
     </span>
    </p>
   </div>
   <div class='ocr_carea' id='block_1_69' title="bbox 501 4057 2083 4130">
    <p class='ocr_par' dir='ltr' id='par_1_69' title="bbox 501 4057 2083 4130">
     <span class='ocr_line' id='line_1_69' title="bbox 501 4057 2083 4130; baseline -0.001 -17"><span class='ocrx_word' id='word_1_530' title='bbox 501 4058 643 4130; x_wconf 81' lang='lat' dir='ltr'><strong>ignis</strong></span> <span class='ocrx_word' id='word_1_531' title='bbox 685 4072 809 4114; x_wconf 90' lang='lat' dir='ltr'><strong>reos</strong></span> <span class='ocrx_word' id='word_1_532' title='bbox 852 4057 990 4124; x_wconf 87' lang='lat' dir='ltr'><strong>fore,</strong></span> <span class='ocrx_word' id='word_1_533' title='bbox 1041 4058 1135 4129; x_wconf 92' lang='lat' dir='ltr'><strong>qui</strong></span> <span class='ocrx_word' id='word_1_534' title='bbox 1174 4058 1423 4129; x_wconf 88' lang='lat' dir='ltr'><strong>quamvis</strong></span> <span class='ocrx_word' id='word_1_535' title='bbox 1455 4058 1587 4127; x_wconf 29' lang='lat' dir='ltr'><strong>mali,</strong></span> <span class='ocrx_word' id='word_1_536' title='bbox 1620 4058 1756 4114; x_wconf 88' lang='lat' dir='ltr'><strong>nihil</strong></span> <span class='ocrx_word' id='word_1_537' title='bbox 1797 4058 2083 4130; x_wconf 76' lang='lat' dir='ltr'><strong>gesserint,</strong></span> 
     </span>
    </p>
   </div>
   <div class='ocr_carea' id='block_1_70' title="bbox 500 4148 2084 4223">
    <p class='ocr_par' dir='ltr' id='par_1_70' title="bbox 500 4148 2084 4223">
     <span class='ocr_line' id='line_1_70' title="bbox 500 4148 2084 4223; baseline -0.001 -16"><span class='ocrx_word' id='word_1_538' title='bbox 500 4166 611 4207; x_wconf 89' lang='lat' dir='ltr'><strong>non</strong></span> <span class='ocrx_word' id='word_1_539' title='bbox 654 4148 880 4205; x_wconf 87' lang='lat' dir='ltr'><strong>fecerint</strong></span> <span class='ocrx_word' id='word_1_540' title='bbox 907 4164 1076 4221; x_wconf 79' lang='lat' dir='ltr'><strong>omne</strong></span> <span class='ocrx_word' id='word_1_541' title='bbox 1114 4150 1258 4223; x_wconf 89' lang='lat' dir='ltr'><strong>quod</strong></span> <span class='ocrx_word' id='word_1_542' title='bbox 1290 4152 1491 4206; x_wconf 90' lang='lat' dir='ltr'><strong>bonum</strong></span> <span class='ocrx_word' id='word_1_543' title='bbox 1535 4158 1650 4219; x_wconf 87' lang='lat' dir='ltr'><strong>est,</strong></span> <span class='ocrx_word' id='word_1_544' title='bbox 1685 4149 1871 4207; x_wconf 88' lang='lat' dir='ltr'><strong>dicens</strong></span> <span class='ocrx_word' id='word_1_545' title='bbox 1896 4170 1910 4205; x_wconf 87' lang='lat'><strong>:</strong></span> <span class='ocrx_word' id='word_1_546' title='bbox 1940 4149 2084 4206; x_wconf 84' lang='lat' dir='ltr'><strong>Tunc</strong></span> 
     </span>
    </p>
   </div>
   <div class='ocr_carea' id='block_1_71' title="bbox 500 4240 2082 4312">
    <p class='ocr_par' dir='ltr' id='par_1_71' title="bbox 500 4240 2082 4312">
     <span class='ocr_line' id='line_1_71' title="bbox 500 4240 2082 4312; baseline 0.001 -16"><span class='ocrx_word' id='word_1_547' title='bbox 500 4240 638 4297; x_wconf 84' lang='lat' dir='ltr'><strong>dicet</strong></span> <span class='ocrx_word' id='word_1_548' title='bbox 676 4257 769 4295; x_wconf 74' lang='lat' dir='ltr'><strong>rea:</strong></span> <span class='ocrx_word' id='word_1_549' title='bbox 788 4241 871 4296; x_wconf 84' lang='lat' dir='ltr'><strong>Itis</strong></span> <span class='ocrx_word' id='word_1_550' title='bbox 902 4241 992 4312; x_wconf 85' lang='lat' dir='ltr'><strong>qui</strong></span> <span class='ocrx_word' id='word_1_551' title='bbox 1017 4240 1086 4295; x_wconf 88' lang='lat' dir='ltr'><strong>ad</strong></span> <span class='ocrx_word' id='word_1_552' title='bbox 1114 4241 1386 4297; x_wconf 78' lang='lat' dir='ltr'><strong>sinistram</strong></span> <span class='ocrx_word' id='word_1_553' title='bbox 1421 4250 1541 4296; x_wconf 83' lang='lat' dir='ltr'><strong>sunt</strong></span> <span class='ocrx_word' id='word_1_554' title='bbox 1568 4260 1583 4297; x_wconf 71' lang='grc' dir='ltr'>ε</span> <span class='ocrx_word' id='word_1_555' title='bbox 1606 4241 1873 4297; x_wconf 86' lang='lat' dir='ltr'><strong>Discedite</strong></span> <span class='ocrx_word' id='word_1_556' title='bbox 1913 4260 1947 4297; x_wconf 89' lang='lat' dir='ltr'><strong>a</strong></span> <span class='ocrx_word' id='word_1_557' title='bbox 1979 4259 2082 4311; x_wconf 86' lang='lat' dir='ltr'><strong>me,</strong></span> 
     </span>
    </p>
   </div>
   <div class='ocr_carea' id='block_1_72' title="bbox 501 4333 2087 4407">
    <p class='ocr_par' dir='ltr' id='par_1_72' title="bbox 501 4333 2087 4407">
     <span class='ocr_line' id='line_1_72' title="bbox 501 4333 2087 4407; baseline 0.002 -20"><span class='ocrx_word' id='word_1_558' title='bbox 501 4333 788 4399; x_wconf 84' lang='lat' dir='ltr'><strong>maledicti,</strong></span> <span class='ocrx_word' id='word_1_559' title='bbox 817 4335 874 4388; x_wconf 86' lang='lat' dir='ltr'><strong>in</strong></span> <span class='ocrx_word' id='word_1_560' title='bbox 899 4333 1071 4405; x_wconf 85' lang='lat' dir='ltr'><strong>ignem</strong></span> <span class='ocrx_word' id='word_1_561' title='bbox 1104 4346 1379 4401; x_wconf 70' lang='grc' dir='ltr'><strong>αἰεί-ωιτη,</strong></span> <span class='ocrx_word' id='word_1_562' title='bbox 1405 4351 1554 4407; x_wconf 87' lang='lat' dir='ltr'><strong>quem</strong></span> <span class='ocrx_word' id='word_1_563' title='bbox 1578 4336 1891 4407; x_wconf 65' lang='lat' dir='ltr'><strong>prwparavit</strong></span> <span class='ocrx_word' id='word_1_564' title='bbox 1923 4334 2087 4391; x_wconf 86' lang='lat' dir='ltr'><strong>Pater</strong></span> 
     </span>
    </p>
   </div>
   <div class='ocr_carea' id='block_1_73' title="bbox 501 4425 2084 4503">
    <p class='ocr_par' dir='ltr' id='par_1_73' title="bbox 501 4425 2084 4503">
     <span class='ocr_line' id='line_1_73' title="bbox 501 4425 2084 4503; baseline 0.003 -23"><span class='ocrx_word' id='word_1_565' title='bbox 501 4443 646 4503; x_wconf 85' lang='lat' dir='ltr'><strong>meus</strong></span> <span class='ocrx_word' id='word_1_566' title='bbox 691 4425 901 4481; x_wconf 86' lang='lat' dir='ltr'><strong>diabolo</strong></span> <span class='ocrx_word' id='word_1_567' title='bbox 939 4437 989 4482; x_wconf 86' lang='lat' dir='ltr'><strong>et</strong></span> <span class='ocrx_word' id='word_1_568' title='bbox 1021 4425 1224 4498; x_wconf 83' lang='lat' dir='ltr'><strong>angelis</strong></span> <span class='ocrx_word' id='word_1_569' title='bbox 1253 4427 1368 4498; x_wconf 83' lang='lat' dir='ltr'><strong>ejus</strong></span> <span class='ocrx_word' id='word_1_570' title='bbox 1408 4444 1426 4481; x_wconf 95' lang='lat'><strong><em>:</em></strong></span> <span class='ocrx_word' id='word_1_571' title='bbox 1466 4428 1659 4493; x_wconf 78' lang='lat' dir='ltr'><strong>esurivi</strong></span> <span class='ocrx_word' id='word_1_572' title='bbox 1705 4429 1861 4495; x_wconf 85' lang='lat' dir='ltr'><strong>enim,</strong></span> <span class='ocrx_word' id='word_1_573' title='bbox 1903 4436 1951 4483; x_wconf 87' lang='lat' dir='ltr'><strong>et</strong></span> <span class='ocrx_word' id='word_1_574' title='bbox 1980 4445 2084 4484; x_wconf 81' lang='lat' dir='ltr'><strong>non</strong></span> 
     </span>
    </p>
   </div>
   <div class='ocr_carea' id='block_1_74' title="bbox 501 4518 2085 4592">
    <p class='ocr_par' dir='ltr' id='par_1_74' title="bbox 501 4518 2085 4592">
     <span class='ocr_line' id='line_1_74' title="bbox 501 4518 2085 4592; baseline 0.001 -19"><span class='ocrx_word' id='word_1_575' title='bbox 501 4519 719 4574; x_wconf 83' lang='lat' dir='ltr'><strong>dedistis</strong></span> <span class='ocrx_word' id='word_1_576' title='bbox 745 4518 875 4573; x_wconf 79' lang='lat' dir='ltr'><strong>mihi</strong></span> <span class='ocrx_word' id='word_1_577' title='bbox 902 4518 1246 4585; x_wconf 86' lang='lat' dir='ltr'><strong>manducare,</strong></span> <span class='ocrx_word' id='word_1_578' title='bbox 1286 4526 1391 4575; x_wconf 88' lang='lat' dir='ltr'><strong>etc.</strong></span> <span class='ocrx_word' id='word_1_579' title='bbox 1419 4518 1633 4592; x_wconf 81' lang='lat' dir='ltr'><strong>(Matth.</strong></span> <span class='ocrx_word' id='word_1_580' title='bbox 1666 4536 1793 4587; x_wconf 80' lang='lat' dir='ltr'><strong>xxv,</strong></span> <span class='ocrx_word' id='word_1_581' title='bbox 1820 4519 1932 4591; x_wconf 75' lang='grc'><strong>41).</strong></span> <span class='ocrx_word' id='word_1_582' title='bbox 1966 4520 2085 4577; x_wconf 82' lang='lat' dir='ltr'><strong>Non</strong></span> 
     </span>
    </p>
   </div>
   <div class='ocr_carea' id='block_1_75' title="bbox 2189 3399 3787 3471">
    <p class='ocr_par' dir='ltr' id='par_1_75' title="bbox 2189 3399 3787 3471">
     <span class='ocr_line' id='line_1_75' title="bbox 2189 3399 3787 3471; baseline 0.003 -16"><span class='ocrx_word' id='word_1_583' title='bbox 2189 3407 2383 3458; x_wconf 86' lang='lat' dir='ltr'><strong>mento.</strong></span> <span class='ocrx_word' id='word_1_584' title='bbox 2401 3399 2575 3456; x_wconf 81' lang='lat' dir='ltr'><strong>Adam</strong></span> <span class='ocrx_word' id='word_1_585' title='bbox 2606 3409 2661 3456; x_wconf 91' lang='lat' dir='ltr'><strong>et</strong></span> <span class='ocrx_word' id='word_1_586' title='bbox 2688 3400 2858 3455; x_wconf 81' lang='lat' dir='ltr'><strong>Evam</strong></span> <span class='ocrx_word' id='word_1_587' title='bbox 2882 3400 3125 3470; x_wconf 77' lang='lat' dir='ltr'><strong>virgines</strong></span> <span class='ocrx_word' id='word_1_588' title='bbox 3164 3401 3485 3471; x_wconf 80' lang='lat' dir='ltr'><strong>deliquisse,</strong></span> <span class='ocrx_word' id='word_1_589' title='bbox 3510 3416 3610 3457; x_wconf 82' lang='lat' dir='ltr'><strong>nec</strong></span> <span class='ocrx_word' id='word_1_590' title='bbox 3633 3403 3787 3459; x_wconf 76' lang='lat' dir='ltr'><strong>inte-</strong></span> 
     </span>
    </p>
   </div>
   <div class='ocr_carea' id='block_1_76' title="bbox 2187 3491 3787 3565">
    <p class='ocr_par' dir='ltr' id='par_1_76' title="bbox 2187 3491 3787 3565">
     <span class='ocr_line' id='line_1_76' title="bbox 2187 3491 3787 3565; baseline 0 -16"><span class='ocrx_word' id='word_1_591' title='bbox 2187 3492 2719 3565; x_wconf 46' lang='lat' dir='ltr'><strong>gritatem‘corporis</strong></span> <span class='ocrx_word' id='word_1_592' title='bbox 2760 3491 3031 3563; x_wconf 73' lang='lat' dir='ltr'><strong>profuisse</strong></span> <span class='ocrx_word' id='word_1_593' title='bbox 3051 3495 3424 3565; x_wconf 69' lang='lat' dir='ltr'><strong>peccantibus.</strong></span> <span class='ocrx_word' id='word_1_594' title='bbox 3456 3494 3617 3564; x_wconf 65' lang='lat' dir='ltr'><strong>Virgo</strong></span> <span class='ocrx_word' id='word_1_595' title='bbox 3647 3508 3787 3565; x_wconf 65' lang='lat' dir='ltr'><strong>qua</strong></span> 
     </span>
    </p>
   </div>
   <div class='ocr_carea' id='block_1_77' title="bbox 2183 3585 3787 3660">
    <p class='ocr_par' dir='ltr' id='par_1_77' title="bbox 2183 3585 3787 3660">
     <span class='ocr_line' id='line_1_77' title="bbox 2183 3585 3787 3660; baseline -0.003 -14"><span class='ocrx_word' id='word_1_596' title='bbox 2183 3595 2397 3660; x_wconf 77' lang='lat' dir='ltr'><strong>peccat,</strong></span> <span class='ocrx_word' id='word_1_597' title='bbox 2434 3586 2563 3645; x_wconf 81' lang='lat' dir='ltr'><strong>Evae</strong></span> <span class='ocrx_word' id='word_1_598' title='bbox 2589 3601 2699 3642; x_wconf 87' lang='lat' dir='ltr'><strong>nun</strong></span> <span class='ocrx_word' id='word_1_599' title='bbox 2722 3585 2909 3645; x_wconf 65' lang='lat' dir='ltr'><strong>Maria</strong></span> <span class='ocrx_word' id='word_1_600' title='bbox 2934 3587 3299 3657; x_wconf 77' lang='lat' dir='ltr'><strong>couiparauda</strong></span> <span class='ocrx_word' id='word_1_601' title='bbox 3325 3595 3429 3643; x_wconf 79' lang='lat' dir='ltr'><strong>est.</strong></span> <span class='ocrx_word' id='word_1_602' title='bbox 3459 3586 3578 3642; x_wconf 73' lang='lat' dir='ltr'><strong>Non</strong></span> <span class='ocrx_word' id='word_1_603' title='bbox 3607 3601 3787 3660; x_wconf 62' lang='lat' dir='ltr'><strong>nega.</strong></span> 
     </span>
    </p>
   </div>
   <div class='ocr_carea' id='block_1_78' title="bbox 2184 3680 3787 3752">
    <p class='ocr_par' dir='ltr' id='par_1_78' title="bbox 2184 3680 3787 3752">
     <span class='ocr_line' id='line_1_78' title="bbox 2184 3680 3787 3752; baseline -0.002 -13"><span class='ocrx_word' id='word_1_604' title='bbox 2184 3696 2309 3743; x_wconf 77' lang='lat' dir='ltr'><strong>mus</strong></span> <span class='ocrx_word' id='word_1_605' title='bbox 2353 3683 2408 3737; x_wconf 91' lang='lat' dir='ltr'><strong>in</strong></span> <span class='ocrx_word' id='word_1_606' title='bbox 2443 3681 2699 3752; x_wconf 77' lang='lat' dir='ltr'><strong>praesenti</strong></span> <span class='ocrx_word' id='word_1_607' title='bbox 2748 3689 2991 3751; x_wconf 84' lang='lat' dir='ltr'><strong>tempore</strong></span> <span class='ocrx_word' id='word_1_608' title='bbox 3041 3680 3380 3751; x_wconf 68' lang='lat' dir='ltr'><strong>pmnitentize</strong></span> <span class='ocrx_word' id='word_1_609' title='bbox 3432 3680 3787 3748; x_wconf 77' lang='lat' dir='ltr'><strong>remedium;</strong></span> 
     </span>
    </p>
   </div>
   <div class='ocr_carea' id='block_1_79' title="bbox 2184 3773 3783 3845">
    <p class='ocr_par' dir='ltr' id='par_1_79' title="bbox 2184 3773 3783 3845">
     <span class='ocr_line' id='line_1_79' title="bbox 2184 3773 3783 3845; baseline -0.004 -12"><span class='ocrx_word' id='word_1_610' title='bbox 2184 3776 2293 3833; x_wconf 85' lang='lat' dir='ltr'><strong>sed</strong></span> <span class='ocrx_word' id='word_1_611' title='bbox 2308 3776 2593 3832; x_wconf 85' lang='lat' dir='ltr'><strong>hortamur</strong></span> <span class='ocrx_word' id='word_1_612' title='bbox 2616 3773 2789 3845; x_wconf 77' lang='lat' dir='ltr'><strong>magis</strong></span> <span class='ocrx_word' id='word_1_613' title='bbox 2813 3773 3099 3844; x_wconf 70' lang='lat' dir='ltr'><strong>prtemium</strong></span> <span class='ocrx_word' id='word_1_614' title='bbox 3117 3784 3337 3845; x_wconf 71' lang='lat' dir='ltr'><strong>Sperare</strong></span> <span class='ocrx_word' id='word_1_615' title='bbox 3366 3773 3596 3839; x_wconf 82' lang='lat' dir='ltr'><strong>debere,</strong></span> <span class='ocrx_word' id='word_1_616' title='bbox 3616 3788 3783 3844; x_wconf 75' lang='lat' dir='ltr'><strong>quam</strong></span> 
     </span>
    </p>
   </div>
   <div class='ocr_carea' id='block_1_80' title="bbox 2184 3863 3785 3936">
    <p class='ocr_par' dir='ltr' id='par_1_80' title="bbox 2184 3863 3785 3936">
     <span class='ocr_line' id='line_1_80' title="bbox 2184 3863 3785 3936; baseline -0.001 -14"><span class='ocrx_word' id='word_1_617' title='bbox 2184 3865 2418 3922; x_wconf 81' lang='lat' dir='ltr'><strong>veniam.</strong></span> <span class='ocrx_word' id='word_1_618' title='bbox 2468 3863 2661 3935; x_wconf 79' lang='lat' dir='ltr'><strong>Turpe</strong></span> <span class='ocrx_word' id='word_1_619' title='bbox 2688 3871 2775 3919; x_wconf 87' lang='lat' dir='ltr'><strong>est</strong></span> <span class='ocrx_word' id='word_1_620' title='bbox 2816 3863 2962 3921; x_wconf 88' lang='lat' dir='ltr'><strong>enim</strong></span> <span class='ocrx_word' id='word_1_621' title='bbox 3003 3863 3115 3920; x_wconf 82' lang='lat' dir='ltr'><strong>illis</strong></span> <span class='ocrx_word' id='word_1_622' title='bbox 3154 3864 3343 3925; x_wconf 70' lang='lat' dir='ltr'><strong>delitui</strong></span> <span class='ocrx_word' id='word_1_623' title='bbox 3381 3864 3785 3936; x_wconf 70' lang='lat' dir='ltr'><strong>indulgentiam</strong></span> 
     </span>
    </p>
   </div>
   <div class='ocr_carea' id='block_1_81' title="bbox 2183 3958 3788 4031">
    <p class='ocr_par' dir='ltr' id='par_1_81' title="bbox 2183 3958 3788 4031">
     <span class='ocr_line' id='line_1_81' title="bbox 2183 3958 3788 4031; baseline 0 -15"><span class='ocrx_word' id='word_1_624' title='bbox 2183 3958 2480 4031; x_wconf 86' lang='lat' dir='ltr'><strong>postulare,</strong></span> <span class='ocrx_word' id='word_1_625' title='bbox 2504 3970 2624 4029; x_wconf 69' lang='lat' dir='ltr'><strong>qua:</strong></span> <span class='ocrx_word' id='word_1_626' title='bbox 2649 3958 2891 4030; x_wconf 74' lang='lat' dir='ltr'><strong>palmam</strong></span> <span class='ocrx_word' id='word_1_627' title='bbox 2905 3958 3571 4030; x_wconf 82' lang='lat' dir='ltr'><strong>virginitatisexspectant</strong></span> <span class='ocrx_word' id='word_1_628' title='bbox 3593 3976 3621 4025; x_wconf 69' lang='grc' dir='ltr'><em>ς</em></span> <span class='ocrx_word' id='word_1_629' title='bbox 3643 3970 3705 4016; x_wconf 78' lang='lat' dir='ltr'><strong>et</strong></span> <span class='ocrx_word' id='word_1_630' title='bbox 3723 3961 3788 4015; x_wconf 59' lang='lat' dir='ltr'><strong>il:-</strong></span> 
     </span>
    </p>
   </div>
   <div class='ocr_carea' id='block_1_82' title="bbox 2183 4050 3784 4122">
    <p class='ocr_par' dir='ltr' id='par_1_82' title="bbox 2183 4050 3784 4122">
     <span class='ocr_line' id='line_1_82' title="bbox 2183 4050 3784 4122; baseline 0.003 -18"><span class='ocrx_word' id='word_1_631' title='bbox 2183 4050 2392 4107; x_wconf 91' lang='lat' dir='ltr'><strong>licitum</strong></span> <span class='ocrx_word' id='word_1_632' title='bbox 2422 4050 2626 4121; x_wconf 88' lang='lat' dir='ltr'><strong>aliquid</strong></span> <span class='ocrx_word' id='word_1_633' title='bbox 2665 4051 2967 4118; x_wconf 87' lang='lat' dir='ltr'><strong>incurrere,</strong></span> <span class='ocrx_word' id='word_1_634' title='bbox 2996 4067 3118 4122; x_wconf 65' lang='lat' dir='ltr'><strong>quae</strong></span> <span class='ocrx_word' id='word_1_635' title='bbox 3141 4066 3203 4109; x_wconf 84' lang='lat' dir='ltr'><strong>se</strong></span> <span class='ocrx_word' id='word_1_636' title='bbox 3228 4052 3403 4107; x_wconf 80' lang='lat' dir='ltr'><strong>etiam</strong></span> <span class='ocrx_word' id='word_1_637' title='bbox 3423 4066 3459 4107; x_wconf 83' lang='lat' dir='ltr'><strong>a</strong></span> <span class='ocrx_word' id='word_1_638' title='bbox 3489 4052 3668 4109; x_wconf 81' lang='lat' dir='ltr'><strong>licitis</strong></span> <span class='ocrx_word' id='word_1_639' title='bbox 3693 4068 3784 4109; x_wconf 74' lang='lat' dir='ltr'><strong>ca-</strong></span> 
     </span>
    </p>
   </div>
   <div class='ocr_carea' id='block_1_83' title="bbox 2185 4142 3785 4214">
    <p class='ocr_par' dir='ltr' id='par_1_83' title="bbox 2185 4142 3785 4214">
     <span class='ocr_line' id='line_1_83' title="bbox 2185 4142 3785 4214; baseline 0.002 -15"><span class='ocrx_word' id='word_1_640' title='bbox 2185 4151 2448 4199; x_wconf 86' lang='lat' dir='ltr'><strong>stravere.</strong></span> <span class='ocrx_word' id='word_1_641' title='bbox 2475 4142 2710 4203; x_wconf 85' lang='lat' dir='ltr'><strong>Licitum</strong></span> <span class='ocrx_word' id='word_1_642' title='bbox 2741 4143 2940 4214; x_wconf 85' lang='lat' dir='ltr'><strong>quippe</strong></span> <span class='ocrx_word' id='word_1_643' title='bbox 2961 4153 3048 4200; x_wconf 87' lang='lat' dir='ltr'><strong>est</strong></span> <span class='ocrx_word' id='word_1_644' title='bbox 3081 4143 3414 4203; x_wconf 68' lang='lat' dir='ltr'><strong>multitudini</strong></span> <span class='ocrx_word' id='word_1_645' title='bbox 3462 4144 3619 4200; x_wconf 81' lang='lat' dir='ltr'><strong>inire</strong></span> <span class='ocrx_word' id='word_1_646' title='bbox 3653 4161 3785 4202; x_wconf 69' lang='lat' dir='ltr'><strong>eau-</strong></span> 
     </span>
    </p>
   </div>
   <div class='ocr_carea' id='block_1_84' title="bbox 2186 4236 3789 4309">
    <p class='ocr_par' dir='ltr' id='par_1_84' title="bbox 2186 4236 3789 4309">
     <span class='ocr_line' id='line_1_84' title="bbox 2186 4236 3789 4309; baseline 0.002 -16"><span class='ocrx_word' id='word_1_647' title='bbox 2186 4236 2439 4298; x_wconf 87' lang='lat' dir='ltr'><strong>sortium.</strong></span> <span class='ocrx_word' id='word_1_648' title='bbox 2470 4237 2537 4295; x_wconf 86' lang='lat' dir='ltr'><strong>Et</strong></span> <span class='ocrx_word' id='word_1_649' title='bbox 2564 4246 2627 4293; x_wconf 90' lang='lat' dir='ltr'><strong>ut</strong></span> <span class='ocrx_word' id='word_1_650' title='bbox 2665 4238 2948 4294; x_wconf 63' lang='lat' dir='ltr'><strong>laudandae</strong></span> <span class='ocrx_word' id='word_1_651' title='bbox 2979 4247 3126 4305; x_wconf 86' lang='lat' dir='ltr'><strong>sunt,</strong></span> <span class='ocrx_word' id='word_1_652' title='bbox 3162 4253 3285 4308; x_wconf 67' lang='lat' dir='ltr'><strong>qum</strong></span> <span class='ocrx_word' id='word_1_653' title='bbox 3314 4248 3550 4309; x_wconf 75' lang='lat' dir='ltr'><strong>propter</strong></span> <span class='ocrx_word' id='word_1_654' title='bbox 3570 4239 3789 4296; x_wconf 51' lang='grc' dir='ltr'><strong>Ωιι-δᾶ</strong></span> 
     </span>
    </p>
   </div>
   <div class='ocr_carea' id='block_1_85' title="bbox 2187 4332 3788 4411">
    <p class='ocr_par' dir='ltr' id='par_1_85' title="bbox 2187 4332 3788 4411">
     <span class='ocr_line' id='line_1_85' title="bbox 2187 4332 3788 4411; baseline 0 -22"><span class='ocrx_word' id='word_1_655' title='bbox 2187 4347 2431 4389; x_wconf 87' lang='lat' dir='ltr'><strong>amorem</strong></span> <span class='ocrx_word' id='word_1_656' title='bbox 2452 4341 2510 4389; x_wconf 91' lang='lat' dir='ltr'><strong>et</strong></span> <span class='ocrx_word' id='word_1_657' title='bbox 2540 4332 2779 4405; x_wconf 62' lang='lat' dir='ltr'><strong>caelestis</strong></span> <span class='ocrx_word' id='word_1_658' title='bbox 2804 4332 2959 4403; x_wconf 87' lang='lat' dir='ltr'><strong>regni</strong></span> <span class='ocrx_word' id='word_1_659' title='bbox 2995 4332 3222 4411; x_wconf 74' lang='lat' dir='ltr'><strong>gloriam</strong></span> <span class='ocrx_word' id='word_1_660' title='bbox 3251 4332 3504 4404; x_wconf 73' lang='lat' dir='ltr'><strong>copulam</strong></span> <span class='ocrx_word' id='word_1_661' title='bbox 3537 4343 3788 4389; x_wconf 71' lang='lat' dir='ltr'><strong>conten-</strong></span> 
     </span>
    </p>
   </div>
   <div class='ocr_carea' id='block_1_86' title="bbox 2182 4426 3789 4499">
    <p class='ocr_par' dir='ltr' id='par_1_86' title="bbox 2182 4426 3789 4499">
     <span class='ocr_line' id='line_1_86' title="bbox 2182 4426 3789 4499; baseline -0.001 -17"><span class='ocrx_word' id='word_1_662' title='bbox 2182 4427 2395 4499; x_wconf 86' lang='lat' dir='ltr'><strong>pserint</strong></span> <span class='ocrx_word' id='word_1_663' title='bbox 2438 4426 2781 4497; x_wconf 88' lang='lat' dir='ltr'><strong>nuptiarum;</strong></span> <span class='ocrx_word' id='word_1_664' title='bbox 2825 4426 2899 4480; x_wconf 86' lang='lat' dir='ltr'><strong>ita</strong></span> <span class='ocrx_word' id='word_1_665' title='bbox 2948 4427 3269 4482; x_wconf 78' lang='lat' dir='ltr'><strong>damnanda:</strong></span> <span class='ocrx_word' id='word_1_666' title='bbox 3297 4441 3407 4481; x_wconf 89' lang='lat' dir='ltr'><strong>non</strong></span> <span class='ocrx_word' id='word_1_667' title='bbox 3446 4437 3625 4491; x_wconf 88' lang='lat' dir='ltr'><strong>sunt,</strong></span> <span class='ocrx_word' id='word_1_668' title='bbox 3667 4440 3789 4497; x_wconf 70' lang='lat' dir='ltr'><strong>qua</strong></span> 
     </span>
    </p>
   </div>
   <div class='ocr_carea' id='block_1_87' title="bbox 2184 4516 3789 4588">
    <p class='ocr_par' dir='ltr' id='par_1_87' title="bbox 2184 4516 3789 4588">
     <span class='ocr_line' id='line_1_87' title="bbox 2184 4516 3789 4588; baseline -0.001 -14"><span class='ocrx_word' id='word_1_669' title='bbox 2184 4526 2408 4588; x_wconf 86' lang='lat' dir='ltr'><strong>propter</strong></span> <span class='ocrx_word' id='word_1_670' title='bbox 2427 4516 2754 4574; x_wconf 64' lang='lat' dir='ltr'><strong>innocentiae</strong></span> <span class='ocrx_word' id='word_1_671' title='bbox 2779 4516 3133 4584; x_wconf 77' lang='lat' dir='ltr'><strong>voluntatetu,</strong></span> <span class='ocrx_word' id='word_1_672' title='bbox 3159 4517 3394 4573; x_wconf 89' lang='lat' dir='ltr'><strong>nondum</strong></span> <span class='ocrx_word' id='word_1_673' title='bbox 3422 4517 3539 4572; x_wconf 86' lang='lat' dir='ltr'><strong>Deo</strong></span> <span class='ocrx_word' id='word_1_674' title='bbox 3565 4517 3789 4573; x_wconf 64' lang='lat' dir='ltr'><strong>devota</strong></span> 
     </span>
    </p>
   </div>
   <div class='ocr_carea' id='block_1_88' title="bbox 502 4609 3787 4713">
    <p class='ocr_par' dir='ltr' id='par_1_88' title="bbox 502 4609 3787 4713">
     <span class='ocr_line' id='line_1_88' title="bbox 502 4609 3787 4713; baseline 0.001 -48"><span class='ocrx_word' id='word_1_675' title='bbox 502 4609 638 4665; x_wconf 74' lang='lat' dir='ltr'><strong>dixit</strong></span> <span class='ocrx_word' id='word_1_676' title='bbox 677 4627 689 4662; x_wconf 91' lang='lat'><strong>:</strong></span> <span class='ocrx_word' id='word_1_677' title='bbox 722 4610 993 4665; x_wconf 88' lang='lat' dir='ltr'><strong>Discedite</strong></span> <span class='ocrx_word' id='word_1_678' title='bbox 1020 4626 1051 4665; x_wconf 89' lang='lat' dir='ltr'><strong>a</strong></span> <span class='ocrx_word' id='word_1_679' title='bbox 1079 4624 1186 4678; x_wconf 86' lang='lat' dir='ltr'><strong>me,</strong></span> <span class='ocrx_word' id='word_1_680' title='bbox 1218 4610 1529 4678; x_wconf 87' lang='lat' dir='ltr'><strong>maledicti,</strong></span> <span class='ocrx_word' id='word_1_681' title='bbox 1556 4612 1681 4675; x_wconf 85' lang='lat' dir='ltr'><strong>quia</strong></span> <span class='ocrx_word' id='word_1_682' title='bbox 1708 4611 2080 4678; x_wconf 88' lang='lat' dir='ltr'><strong>homicidium,</strong></span> <span class='ocrx_word' id='word_1_683' title='bbox 2106 4653 2160 4713; x_wconf 83' lang='lat' dir='ltr'><strong>D</strong></span> <span class='ocrx_word' id='word_1_684' title='bbox 2186 4610 2432 4668; x_wconf 88' lang='lat' dir='ltr'><strong>remedio</strong></span> <span class='ocrx_word' id='word_1_685' title='bbox 2481 4610 2784 4682; x_wconf 76' lang='lat' dir='ltr'><strong>aposwlico</strong></span> <span class='ocrx_word' id='word_1_686' title='bbox 2824 4610 3140 4667; x_wconf 82' lang='lat' dir='ltr'><strong>abutuntur.</strong></span> <span class='ocrx_word' id='word_1_687' title='bbox 3195 4611 3358 4683; x_wconf 76' lang='lat' dir='ltr'><strong>Ergo,</strong></span> <span class='ocrx_word' id='word_1_688' title='bbox 3404 4619 3467 4665; x_wconf 89' lang='lat' dir='ltr'><strong>ut</strong></span> <span class='ocrx_word' id='word_1_689' title='bbox 3514 4611 3787 4679; x_wconf 71' lang='lat' dir='ltr'><strong>diximus,</strong></span> 
     </span>
    </p>
   </div>
   <div class='ocr_carea' id='block_1_89' title="bbox 502 4699 2080 4773">
    <p class='ocr_par' dir='ltr' id='par_1_89' title="bbox 502 4699 2080 4773">
     <span class='ocr_line' id='line_1_89' title="bbox 502 4699 2080 4773; baseline 0.004 -20"><span class='ocrx_word' id='word_1_690' title='bbox 502 4701 629 4771; x_wconf 85' lang='lat' dir='ltr'><strong>quia</strong></span> <span class='ocrx_word' id='word_1_691' title='bbox 652 4699 1001 4768; x_wconf 78' lang='lat' dir='ltr'><strong>adulterium,</strong></span> <span class='ocrx_word' id='word_1_692' title='bbox 1048 4711 1143 4756; x_wconf 89' lang='lat' dir='ltr'><strong>aut</strong></span> <span class='ocrx_word' id='word_1_693' title='bbox 1163 4702 1297 4773; x_wconf 85' lang='lat' dir='ltr'><strong>quia</strong></span> <span class='ocrx_word' id='word_1_694' title='bbox 1327 4702 1471 4759; x_wconf 88' lang='lat' dir='ltr'><strong>furta</strong></span> <span class='ocrx_word' id='word_1_695' title='bbox 1504 4702 1713 4760; x_wconf 87' lang='lat' dir='ltr'><strong>fecistis</strong></span> <span class='ocrx_word' id='word_1_696' title='bbox 1748 4723 1760 4758; x_wconf 92' lang='lat'><strong>:</strong></span> <span class='ocrx_word' id='word_1_697' title='bbox 1795 4720 1904 4760; x_wconf 93' lang='lat' dir='ltr'><strong>non</strong></span> <span class='ocrx_word' id='word_1_698' title='bbox 1934 4706 2080 4771; x_wconf 88' lang='lat' dir='ltr'><strong>enim</strong></span> 
     </span>
    </p>
   </div>
   <div class='ocr_carea' id='block_1_90' title="bbox 501 4792 2078 4870">
    <p class='ocr_par' dir='ltr' id='par_1_90' title="bbox 501 4792 2078 4870">
     <span class='ocr_line' id='line_1_90' title="bbox 501 4792 2078 4870; baseline 0.007 -26"><span class='ocrx_word' id='word_1_699' title='bbox 501 4792 628 4863; x_wconf 87' lang='lat' dir='ltr'><strong>quia</strong></span> <span class='ocrx_word' id='word_1_700' title='bbox 656 4792 859 4851; x_wconf 85' lang='lat' dir='ltr'><strong>malum</strong></span> <span class='ocrx_word' id='word_1_701' title='bbox 885 4793 1141 4853; x_wconf 88' lang='lat' dir='ltr'><strong>fecissent</strong></span> <span class='ocrx_word' id='word_1_702' title='bbox 1162 4815 1178 4866; x_wconf 89' lang='lat'><strong>;</strong></span> <span class='ocrx_word' id='word_1_703' title='bbox 1204 4799 1301 4856; x_wconf 89' lang='lat' dir='ltr'><strong>sed</strong></span> <span class='ocrx_word' id='word_1_704' title='bbox 1316 4800 1441 4870; x_wconf 90' lang='lat' dir='ltr'><strong>quia</strong></span> <span class='ocrx_word' id='word_1_705' title='bbox 1460 4800 1662 4855; x_wconf 89' lang='lat' dir='ltr'><strong>bonum</strong></span> <span class='ocrx_word' id='word_1_706' title='bbox 1685 4815 1795 4856; x_wconf 89' lang='lat' dir='ltr'><strong>non</strong></span> <span class='ocrx_word' id='word_1_707' title='bbox 1818 4798 2078 4867; x_wconf 86' lang='lat' dir='ltr'><strong>fecerant,</strong></span> 
     </span>
    </p>
   </div>
   <div class='ocr_carea' id='block_1_91' title="bbox 500 4885 2081 4962">
    <p class='ocr_par' dir='ltr' id='par_1_91' title="bbox 500 4885 2081 4962">
     <span class='ocr_line' id='line_1_91' title="bbox 500 4885 2081 4962; baseline 0.004 -23"><span class='ocrx_word' id='word_1_708' title='bbox 500 4885 929 4944; x_wconf 87' lang='lat' dir='ltr'><strong>condemnantur</strong></span> <span class='ocrx_word' id='word_1_709' title='bbox 960 4896 1016 4946; x_wconf 90' lang='lat' dir='ltr'><strong>et</strong></span> <span class='ocrx_word' id='word_1_710' title='bbox 1053 4898 1268 4947; x_wconf 72' lang='lat' dir='ltr'><strong>teterna:</strong></span> <span class='ocrx_word' id='word_1_711' title='bbox 1297 4891 1563 4962; x_wconf 63' lang='lat' dir='ltr'><strong>gehennae</strong></span> <span class='ocrx_word' id='word_1_712' title='bbox 1601 4890 1880 4960; x_wconf 86' lang='lat' dir='ltr'><strong>suppliciis</strong></span> <span class='ocrx_word' id='word_1_713' title='bbox 1931 4890 2081 4947; x_wconf 88' lang='lat' dir='ltr'><strong>addi-</strong></span> 
     </span>
    </p>
   </div>
   <div class='ocr_carea' id='block_1_92' title="bbox 502 4981 2081 5052">
    <p class='ocr_par' dir='ltr' id='par_1_92' title="bbox 502 4981 2081 5052">
     <span class='ocr_line' id='line_1_92' title="bbox 502 4981 2081 5052; baseline 0.001 -17"><span class='ocrx_word' id='word_1_714' title='bbox 502 4985 697 5035; x_wconf 80' lang='lat' dir='ltr'><strong>cuntur</strong></span> <span class='ocrx_word' id='word_1_715' title='bbox 726 4997 740 5033; x_wconf 90' lang='lat'><strong>:</strong></span> <span class='ocrx_word' id='word_1_716' title='bbox 770 4995 871 5037; x_wconf 90' lang='lat' dir='ltr'><strong>nec</strong></span> <span class='ocrx_word' id='word_1_717' title='bbox 909 4981 1035 5052; x_wconf 89' lang='lat' dir='ltr'><strong>quia</strong></span> <span class='ocrx_word' id='word_1_718' title='bbox 1076 4995 1198 5052; x_wconf 71' lang='lat' dir='ltr'><strong>quae</strong></span> <span class='ocrx_word' id='word_1_719' title='bbox 1228 4981 1503 5051; x_wconf 86' lang='lat' dir='ltr'><strong>prohibita</strong></span> <span class='ocrx_word' id='word_1_720' title='bbox 1529 4987 1655 5035; x_wconf 90' lang='lat' dir='ltr'><strong>sunt</strong></span> <span class='ocrx_word' id='word_1_721' title='bbox 1697 4981 2081 5051; x_wconf 85' lang='lat' dir='ltr'><strong>admisissent;</strong></span> 
     </span>
    </p>
   </div>
   <div class='ocr_carea' id='block_1_93' title="bbox 462 5058 2083 5145">
    <p class='ocr_par' dir='ltr' id='par_1_93' title="bbox 462 5058 2083 5145">
     <span class='ocr_line' id='line_1_93' title="bbox 462 5058 2083 5145; baseline 0.005 -21"><span class='ocrx_word' id='word_1_722' title='bbox 462 5058 467 5065; x_wconf 65' lang='grc'>’</span> <span class='ocrx_word' id='word_1_723' title='bbox 500 5071 595 5126; x_wconf 87' lang='lat' dir='ltr'><strong>sed</strong></span> <span class='ocrx_word' id='word_1_724' title='bbox 625 5073 752 5141; x_wconf 90' lang='lat' dir='ltr'><strong>quia</strong></span> <span class='ocrx_word' id='word_1_725' title='bbox 773 5087 895 5143; x_wconf 85' lang='lat' dir='ltr'><strong>quae</strong></span> <span class='ocrx_word' id='word_1_726' title='bbox 916 5080 1189 5145; x_wconf 72' lang='lat' dir='ltr'><strong>prmcepta</strong></span> <span class='ocrx_word' id='word_1_727' title='bbox 1210 5080 1369 5128; x_wconf 89' lang='lat' dir='ltr'><strong>erant</strong></span> <span class='ocrx_word' id='word_1_728' title='bbox 1398 5072 1622 5144; x_wconf 88' lang='lat' dir='ltr'><strong>implere</strong></span> <span class='ocrx_word' id='word_1_729' title='bbox 1656 5073 1897 5133; x_wconf 83' lang='lat' dir='ltr'><strong>noluere.</strong></span> <span class='ocrx_word' id='word_1_730' title='bbox 1928 5074 2083 5141; x_wconf 86' lang='lat' dir='ltr'><strong>Unde</strong></span> 
     </span>
    </p>
   </div>
   <div class='ocr_carea' id='block_1_94' title="bbox 502 5161 2082 5239">
    <p class='ocr_par' dir='ltr' id='par_1_94' title="bbox 502 5161 2082 5239">
     <span class='ocr_line' id='line_1_94' title="bbox 502 5161 2082 5239; baseline 0.006 -25"><span class='ocrx_word' id='word_1_731' title='bbox 502 5161 1011 5239; x_wconf 80' lang='lat' dir='ltr'><strong>advertendumest</strong></span> <span class='ocrx_word' id='word_1_732' title='bbox 1060 5178 1222 5235; x_wconf 89' lang='lat' dir='ltr'><strong>quam</strong></span> <span class='ocrx_word' id='word_1_733' title='bbox 1271 5178 1423 5233; x_wconf 88' lang='lat' dir='ltr'><strong>spem</strong></span> <span class='ocrx_word' id='word_1_734' title='bbox 1473 5162 1675 5239; x_wconf 84' lang='lat' dir='ltr'><strong>habere</strong></span> <span class='ocrx_word' id='word_1_735' title='bbox 1708 5166 1935 5235; x_wconf 89' lang='lat' dir='ltr'><strong>possint,</strong></span> <span class='ocrx_word' id='word_1_736' title='bbox 1987 5168 2082 5239; x_wconf 86' lang='lat' dir='ltr'><strong>qui</strong></span> 
     </span>
    </p>
   </div>
   <div class='ocr_carea' id='block_1_95' title="bbox 504 5236 2085 5335">
    <p class='ocr_par' dir='ltr' id='par_1_95' title="bbox 504 5236 2085 5335">
     <span class='ocr_line' id='line_1_95' title="bbox 504 5236 2085 5335; baseline 0.007 -29"><span class='ocrx_word' id='word_1_737' title='bbox 504 5254 678 5310; x_wconf 82' lang='lat' dir='ltr'><strong>adhuc</strong></span> <span class='ocrx_word' id='word_1_738' title='bbox 700 5236 1111 5326; x_wconf 27' lang='lat' dir='ltr'><strong>aliquid&#39;corum</strong></span> <span class='ocrx_word' id='word_1_739' title='bbox 1140 5252 1366 5335; x_wconf 65' lang='lat' dir='ltr'><strong>faciunt,</strong></span> <span class='ocrx_word' id='word_1_740' title='bbox 1397 5272 1517 5327; x_wconf 84' lang='lat' dir='ltr'><strong>quae</strong></span> <span class='ocrx_word' id='word_1_741' title='bbox 1545 5236 1931 5327; x_wconf 59' lang='lat' dir='ltr'><strong>prohibentur;</strong></span> <span class='ocrx_word' id='word_1_742' title='bbox 1955 5236 2085 5319; x_wconf 82' lang='lat' dir='ltr'><strong>cum</strong></span> 
     </span>
    </p>
   </div>
   <div class='ocr_carea' id='block_1_96' title="bbox 502 5342 2081 5421">
    <p class='ocr_par' dir='ltr' id='par_1_96' title="bbox 502 5342 2081 5421">
     <span class='ocr_line' id='line_1_96' title="bbox 502 5342 2081 5421; baseline 0.008 -24"><span class='ocrx_word' id='word_1_743' title='bbox 502 5342 669 5397; x_wconf 86' lang='lat' dir='ltr'><strong>etiam</strong></span> <span class='ocrx_word' id='word_1_744' title='bbox 691 5344 770 5398; x_wconf 89' lang='lat' dir='ltr'><strong>rei</strong></span> <span class='ocrx_word' id='word_1_745' title='bbox 795 5353 941 5417; x_wconf 88' lang='lat' dir='ltr'><strong>sunt,</strong></span> <span class='ocrx_word' id='word_1_746' title='bbox 964 5344 1195 5416; x_wconf 75' lang='lat' dir='ltr'><strong>qui&#39;non</strong></span> <span class='ocrx_word' id='word_1_747' title='bbox 1220 5344 1466 5403; x_wconf 88' lang='lat' dir='ltr'><strong>fecerunt</strong></span> <span class='ocrx_word' id='word_1_748' title='bbox 1485 5363 1606 5419; x_wconf 75' lang='lat' dir='ltr'><strong>qua:</strong></span> <span class='ocrx_word' id='word_1_749' title='bbox 1637 5346 1918 5421; x_wconf 72' lang='lat' dir='ltr'><strong>iubentur.</strong></span> <span class='ocrx_word' id='word_1_750' title='bbox 1945 5351 2081 5409; x_wconf 87' lang='lat' dir='ltr'><strong>Nolo</strong></span> 
     </span>
    </p>
   </div>
   <div class='ocr_carea' id='block_1_97' title="bbox 503 5424 2079 5517">
    <p class='ocr_par' dir='ltr' id='par_1_97' title="bbox 503 5424 2079 5517">
     <span class='ocr_line' id='line_1_97' title="bbox 503 5424 2079 5517; baseline 0.01 -30"><span class='ocrx_word' id='word_1_751' title='bbox 503 5434 649 5489; x_wconf 87' lang='lat' dir='ltr'><strong>enim</strong></span> <span class='ocrx_word' id='word_1_752' title='bbox 677 5435 775 5492; x_wconf 86' lang='lat' dir='ltr'><strong>tibi</strong></span> <span class='ocrx_word' id='word_1_753' title='bbox 808 5438 862 5492; x_wconf 90' lang='lat' dir='ltr'><strong>in</strong></span> <span class='ocrx_word' id='word_1_754' title='bbox 902 5439 1006 5495; x_wconf 92' lang='lat' dir='ltr'><strong>hoc</strong></span> <span class='ocrx_word' id='word_1_755' title='bbox 1044 5439 1376 5508; x_wconf 77' lang='lat' dir='ltr'><strong>blandiaris,</strong></span> <span class='ocrx_word' id='word_1_756' title='bbox 1424 5442 1470 5498; x_wconf 90' lang='lat' dir='ltr'><strong>si</strong></span> <span class='ocrx_word' id='word_1_757' title='bbox 1500 5424 1677 5514; x_wconf 83' lang='lat' dir='ltr'><strong>aliqua</strong></span> <span class='ocrx_word' id='word_1_758' title='bbox 1708 5459 1819 5517; x_wconf 70' lang='lat' dir='ltr'><strong>non</strong></span> <span class='ocrx_word' id='word_1_759' title='bbox 1863 5444 2079 5517; x_wconf 86' lang='lat' dir='ltr'><strong>feceris,</strong></span> 
     </span>
    </p>
   </div>
   <div class='ocr_carea' id='block_1_98' title="bbox 504 5528 2081 5607">
    <p class='ocr_par' dir='ltr' id='par_1_98' title="bbox 504 5528 2081 5607">
     <span class='ocr_line' id='line_1_98' title="bbox 504 5528 2081 5607; baseline 0.008 -25"><span class='ocrx_word' id='word_1_760' title='bbox 504 5528 630 5599; x_wconf 82' lang='lat' dir='ltr'><strong>quia</strong></span> <span class='ocrx_word' id='word_1_761' title='bbox 659 5529 837 5602; x_wconf 88' lang='lat' dir='ltr'><strong>aliqua</strong></span> <span class='ocrx_word' id='word_1_762' title='bbox 870 5531 1096 5601; x_wconf 88' lang='lat' dir='ltr'><strong>feceris;</strong></span> <span class='ocrx_word' id='word_1_763' title='bbox 1134 5550 1261 5590; x_wconf 90' lang='lat' dir='ltr'><strong>cum</strong></span> <span class='ocrx_word' id='word_1_764' title='bbox 1294 5535 1552 5607; x_wconf 90' lang='lat' dir='ltr'><strong>scriptum</strong></span> <span class='ocrx_word' id='word_1_765' title='bbox 1580 5544 1668 5591; x_wconf 91' lang='lat' dir='ltr'><strong>est</strong></span> <span class='ocrx_word' id='word_1_766' title='bbox 1700 5551 1716 5590; x_wconf 90' lang='lat'><strong>:</strong></span> <span class='ocrx_word' id='word_1_767' title='bbox 1746 5536 1850 5604; x_wconf 81' lang='lat' dir='ltr'><strong>Qui</strong></span> <span class='ocrx_word' id='word_1_768' title='bbox 1873 5540 2081 5596; x_wconf 83' lang='lat' dir='ltr'><strong>univer-</strong></span> 
     </span>
    </p>
   </div>
   <div class='ocr_carea' id='block_1_99' title="bbox 500 5620 2079 5701">
    <p class='ocr_par' dir='ltr' id='par_1_99' title="bbox 500 5620 2079 5701">
     <span class='ocr_line' id='line_1_99' title="bbox 500 5620 2079 5701; baseline 0.006 -24"><span class='ocrx_word' id='word_1_769' title='bbox 500 5620 792 5693; x_wconf 75' lang='lat' dir='ltr'><strong>samlegem</strong></span> <span class='ocrx_word' id='word_1_770' title='bbox 810 5627 1102 5692; x_wconf 81' lang='lat' dir='ltr'><strong>servaverit,</strong></span> <span class='ocrx_word' id='word_1_771' title='bbox 1120 5622 1352 5697; x_wconf 71' lang='lat' dir='ltr'><strong>o/Tendat</strong></span> <span class='ocrx_word' id='word_1_772' title='bbox 1379 5636 1554 5683; x_wconf 80' lang='lat' dir='ltr'><strong>autem</strong></span> <span class='ocrx_word' id='word_1_773' title='bbox 1581 5627 1637 5682; x_wconf 87' lang='lat' dir='ltr'><strong>in</strong></span> <span class='ocrx_word' id='word_1_774' title='bbox 1658 5644 1760 5683; x_wconf 88' lang='lat' dir='ltr'><strong>uno</strong></span> <span class='ocrx_word' id='word_1_775' title='bbox 1777 5668 1793 5696; x_wconf 86' lang='lat'><strong>,</strong></span> <span class='ocrx_word' id='word_1_776' title='bbox 1817 5630 1990 5700; x_wconf 79' lang='lat' dir='ltr'><strong>factus</strong></span> <span class='ocrx_word' id='word_1_777' title='bbox 1998 5639 2079 5701; x_wconf 83' lang='lat' dir='ltr'><strong>est</strong></span> 
     </span>
    </p>
   </div>
   <div class='ocr_carea' id='block_1_100' title="bbox 502 5713 2079 5790">
    <p class='ocr_par' dir='ltr' id='par_1_100' title="bbox 502 5713 2079 5790">
     <span class='ocr_line' id='line_1_100' title="bbox 502 5713 2079 5790; baseline 0.003 -20"><span class='ocrx_word' id='word_1_778' title='bbox 502 5713 738 5770; x_wconf 69' lang='lat' dir='ltr'><strong>omnium</strong></span> <span class='ocrx_word' id='word_1_779' title='bbox 758 5731 876 5771; x_wconf 84' lang='lat' dir='ltr'><strong>reus</strong></span> <span class='ocrx_word' id='word_1_780' title='bbox 893 5715 948 5789; x_wconf 80' lang='grc'><strong>(1</strong></span> <span class='ocrx_word' id='word_1_781' title='bbox 951 5734 1032 5771; x_wconf 89' lang='lat' dir='ltr'><strong>ac.</strong></span> <span class='ocrx_word' id='word_1_782' title='bbox 1059 5733 1120 5783; x_wconf 89' lang='grc' dir='ltr'>ιι,</span> <span class='ocrx_word' id='word_1_783' title='bbox 1136 5716 1245 5788; x_wconf 85' lang='lat' dir='ltr'><strong>l0).</strong></span> <span class='ocrx_word' id='word_1_784' title='bbox 1263 5716 1437 5774; x_wconf 82' lang='lat' dir='ltr'><strong>Adam</strong></span> <span class='ocrx_word' id='word_1_785' title='bbox 1457 5718 1603 5774; x_wconf 87' lang='lat' dir='ltr'><strong>enim</strong></span> <span class='ocrx_word' id='word_1_786' title='bbox 1623 5717 1792 5775; x_wconf 89' lang='lat' dir='ltr'><strong>semel</strong></span> <span class='ocrx_word' id='word_1_787' title='bbox 1812 5720 2079 5790; x_wconf 88' lang='lat' dir='ltr'><strong>peccavit,</strong></span> 
     </span>
    </p>
   </div>
   <div class='ocr_carea' id='block_1_101' title="bbox 503 5810 2083 5884">
    <p class='ocr_par' dir='ltr' id='par_1_101' title="bbox 503 5810 2083 5884">
     <span class='ocr_line' id='line_1_101' title="bbox 503 5810 2083 5884; baseline 0.002 -20"><span class='ocrx_word' id='word_1_788' title='bbox 503 5813 564 5864; x_wconf 90' lang='lat' dir='ltr'><strong>et</strong></span> <span class='ocrx_word' id='word_1_789' title='bbox 588 5816 834 5864; x_wconf 90' lang='lat' dir='ltr'><strong>mortuus</strong></span> <span class='ocrx_word' id='word_1_790' title='bbox 865 5816 979 5875; x_wconf 89' lang='lat' dir='ltr'><strong>est;</strong></span> <span class='ocrx_word' id='word_1_791' title='bbox 1016 5818 1073 5865; x_wconf 88' lang='lat' dir='ltr'><strong>et</strong></span> <span class='ocrx_word' id='word_1_792' title='bbox 1108 5817 1168 5865; x_wconf 91' lang='lat' dir='ltr'><strong>tu</strong></span> <span class='ocrx_word' id='word_1_793' title='bbox 1192 5817 1247 5866; x_wconf 88' lang='lat' dir='ltr'><strong>te</strong></span> <span class='ocrx_word' id='word_1_794' title='bbox 1271 5810 1452 5867; x_wconf 88' lang='lat' dir='ltr'><strong>vivere</strong></span> <span class='ocrx_word' id='word_1_795' title='bbox 1477 5810 1758 5867; x_wconf 72' lang='lat' dir='ltr'><strong>existimas</strong></span> <span class='ocrx_word' id='word_1_796' title='bbox 1781 5810 1912 5866; x_wconf 89' lang='lat' dir='ltr'><strong>illud</strong></span> <span class='ocrx_word' id='word_1_797' title='bbox 1939 5826 2083 5884; x_wconf 70' lang='lat' dir='ltr'><strong>srepe</strong></span> 
     </span>
    </p>
   </div>
   <div class='ocr_carea' id='block_1_102' title="bbox 505 5890 2086 5974">
    <p class='ocr_par' dir='ltr' id='par_1_102' title="bbox 505 5890 2086 5974">
     <span class='ocr_line' id='line_1_102' title="bbox 505 5890 2086 5974; baseline 0.001 -17"><span class='ocrx_word' id='word_1_798' title='bbox 505 5890 850 5957; x_wconf 67' lang='lat' dir='ltr'><strong>eorumittens</strong></span> <span class='ocrx_word' id='word_1_799' title='bbox 880 5899 1020 5969; x_wconf 83' lang='lat' dir='ltr'><strong>quod</strong></span> <span class='ocrx_word' id='word_1_800' title='bbox 1057 5898 1223 5954; x_wconf 89' lang='lat' dir='ltr'><strong>alium</strong></span> <span class='ocrx_word' id='word_1_801' title='bbox 1257 5900 1381 5955; x_wconf 86' lang='lat' dir='ltr'><strong>dum</strong></span> <span class='ocrx_word' id='word_1_802' title='bbox 1410 5900 1577 5957; x_wconf 90' lang='lat' dir='ltr'><strong>semel</strong></span> <span class='ocrx_word' id='word_1_803' title='bbox 1604 5908 1971 5974; x_wconf 86' lang='lat' dir='ltr'><strong>perpetrasset</strong></span> <span class='ocrx_word' id='word_1_804' title='bbox 1995 5917 2086 5959; x_wconf 88' lang='lat' dir='ltr'><strong>oc-</strong></span> 
     </span>
    </p>
   </div>
   <div class='ocr_carea' id='block_1_103' title="bbox 2186 4702 3791 4775">
    <p class='ocr_par' dir='ltr' id='par_1_103' title="bbox 2186 4702 3791 4775">
     <span class='ocr_line' id='line_1_103' title="bbox 2186 4702 3791 4775; baseline -0.001 -16"><span class='ocrx_word' id='word_1_805' title='bbox 2186 4719 2305 4774; x_wconf 71' lang='lat' dir='ltr'><strong>quu:</strong></span> <span class='ocrx_word' id='word_1_806' title='bbox 2329 4703 2604 4761; x_wconf 85' lang='lat' dir='ltr'><strong>connubia</strong></span> <span class='ocrx_word' id='word_1_807' title='bbox 2631 4703 2911 4770; x_wconf 89' lang='lat' dir='ltr'><strong>deserunt,</strong></span> <span class='ocrx_word' id='word_1_808' title='bbox 2934 4719 3044 4759; x_wconf 90' lang='lat' dir='ltr'><strong>non</strong></span> <span class='ocrx_word' id='word_1_809' title='bbox 3078 4702 3289 4770; x_wconf 85' lang='lat' dir='ltr'><strong>illicita,</strong></span> <span class='ocrx_word' id='word_1_810' title='bbox 3319 4702 3421 4760; x_wconf 83' lang='lat' dir='ltr'><strong>sed</strong></span> <span class='ocrx_word' id='word_1_811' title='bbox 3444 4702 3605 4759; x_wconf 63' lang='lat' dir='ltr'><strong>licia</strong></span> <span class='ocrx_word' id='word_1_812' title='bbox 3630 4719 3791 4775; x_wconf 73' lang='lat' dir='ltr'><strong>sper-</strong></span> 
     </span>
    </p>
   </div>
   <div class='ocr_carea' id='block_1_104' title="bbox 2187 4793 3791 4866">
    <p class='ocr_par' dir='ltr' id='par_1_104' title="bbox 2187 4793 3791 4866">
     <span class='ocr_line' id='line_1_104' title="bbox 2187 4793 3791 4866; baseline 0.001 -14"><span class='ocrx_word' id='word_1_813' title='bbox 2187 4803 2340 4857; x_wconf 81' lang='lat' dir='ltr'><strong>nunt.</strong></span> <span class='ocrx_word' id='word_1_814' title='bbox 2373 4793 2654 4866; x_wconf 85' lang='lat' dir='ltr'><strong>Ejusmodi</strong></span> <span class='ocrx_word' id='word_1_815' title='bbox 2683 4803 2862 4852; x_wconf 86' lang='lat' dir='ltr'><strong>autem</strong></span> <span class='ocrx_word' id='word_1_816' title='bbox 2900 4795 2949 4851; x_wconf 88' lang='lat' dir='ltr'><strong>si</strong></span> <span class='ocrx_word' id='word_1_817' title='bbox 2979 4794 3194 4865; x_wconf 70' lang='lat' dir='ltr'><strong>iurent;</strong></span> <span class='ocrx_word' id='word_1_818' title='bbox 3236 4795 3281 4851; x_wconf 62' lang='grc' dir='ltr'><strong><em>ἐ</em></strong></span> <span class='ocrx_word' id='word_1_819' title='bbox 3321 4794 3703 4863; x_wconf 71' lang='lat' dir='ltr'><strong>maledicam;</strong></span> <span class='ocrx_word' id='word_1_820' title='bbox 3741 4798 3791 4853; x_wconf 71' lang='lat' dir='ltr'><strong>si</strong></span> 
     </span>
    </p>
   </div>
   <div class='ocr_carea' id='block_1_105' title="bbox 2187 4886 3791 4958">
    <p class='ocr_par' dir='ltr' id='par_1_105' title="bbox 2187 4886 3791 4958">
     <span class='ocr_line' id='line_1_105' title="bbox 2187 4886 3791 4958; baseline 0.004 -17"><span class='ocrx_word' id='word_1_821' title='bbox 2187 4887 2506 4953; x_wconf 82' lang='lat' dir='ltr'><strong>detrahant;</strong></span> <span class='ocrx_word' id='word_1_822' title='bbox 2537 4886 2584 4943; x_wconf 90' lang='lat' dir='ltr'><strong>si</strong></span> <span class='ocrx_word' id='word_1_823' title='bbox 2612 4887 2961 4944; x_wconf 81' lang='lat' dir='ltr'><strong>detrahentes</strong></span> <span class='ocrx_word' id='word_1_824' title='bbox 2997 4887 3277 4958; x_wconf 84' lang='lat' dir='ltr'><strong>patiantur</strong></span> <span class='ocrx_word' id='word_1_825' title='bbox 3299 4886 3530 4957; x_wconf 81' lang='lat' dir='ltr'><strong>audire;</strong></span> <span class='ocrx_word' id='word_1_826' title='bbox 3576 4886 3628 4947; x_wconf 77' lang='lat' dir='ltr'><strong>si</strong></span> <span class='ocrx_word' id='word_1_827' title='bbox 3667 4905 3791 4947; x_wconf 70' lang='lat' dir='ltr'><strong>ma-</strong></span> 
     </span>
    </p>
   </div>
   <div class='ocr_carea' id='block_1_106' title="bbox 2187 4977 3795 5051">
    <p class='ocr_par' dir='ltr' id='par_1_106' title="bbox 2187 4977 3795 5051">
     <span class='ocr_line' id='line_1_106' title="bbox 2187 4977 3795 5051; baseline 0.004 -18"><span class='ocrx_word' id='word_1_828' title='bbox 2187 4977 2299 5037; x_wconf 86' lang='lat' dir='ltr'><strong>lum</strong></span> <span class='ocrx_word' id='word_1_829' title='bbox 2321 4993 2421 5049; x_wconf 90' lang='lat' dir='ltr'><strong>pro</strong></span> <span class='ocrx_word' id='word_1_830' title='bbox 2448 4978 2590 5039; x_wconf 82' lang='lat' dir='ltr'><strong>male</strong></span> <span class='ocrx_word' id='word_1_831' title='bbox 2615 4978 2874 5046; x_wconf 77' lang='lat' dir='ltr'><strong>reddant;</strong></span> <span class='ocrx_word' id='word_1_832' title='bbox 2920 4978 2971 5034; x_wconf 88' lang='lat' dir='ltr'><strong>si</strong></span> <span class='ocrx_word' id='word_1_833' title='bbox 3007 4979 3319 5051; x_wconf 87' lang='lat' dir='ltr'><strong>cupiditatis</strong></span> <span class='ocrx_word' id='word_1_834' title='bbox 3346 4981 3402 5035; x_wconf 89' lang='lat' dir='ltr'><strong>in</strong></span> <span class='ocrx_word' id='word_1_835' title='bbox 3425 4980 3651 5051; x_wconf 75' lang='lat' dir='ltr'><strong>allatis,</strong></span> <span class='ocrx_word' id='word_1_836' title='bbox 3686 4991 3795 5040; x_wconf 65' lang='lat' dir='ltr'><strong>aut</strong></span> 
     </span>
    </p>
   </div>
   <div class='ocr_carea' id='block_1_107' title="bbox 2190 5069 3793 5142">
    <p class='ocr_par' dir='ltr' id='par_1_107' title="bbox 2190 5069 3793 5142">
     <span class='ocr_line' id='line_1_107' title="bbox 2190 5069 3793 5142; baseline 0.006 -17"><span class='ocrx_word' id='word_1_837' title='bbox 2190 5069 2432 5129; x_wconf 75' lang='lat' dir='ltr'><strong>avaritia:</strong></span> <span class='ocrx_word' id='word_1_838' title='bbox 2457 5070 2514 5125; x_wconf 88' lang='lat' dir='ltr'><strong>in</strong></span> <span class='ocrx_word' id='word_1_839' title='bbox 2545 5071 2783 5142; x_wconf 84' lang='lat' dir='ltr'><strong>propriis</strong></span> <span class='ocrx_word' id='word_1_840' title='bbox 2805 5072 3011 5130; x_wconf 85' lang='lat' dir='ltr'><strong>crimen</strong></span> <span class='ocrx_word' id='word_1_841' title='bbox 3037 5073 3363 5142; x_wconf 78' lang='lat' dir='ltr'><strong>incurrant;</strong></span> <span class='ocrx_word' id='word_1_842' title='bbox 3385 5075 3431 5130; x_wconf 86' lang='lat' dir='ltr'><strong>si</strong></span> <span class='ocrx_word' id='word_1_843' title='bbox 3456 5076 3564 5132; x_wconf 77' lang='lat' dir='ltr'><strong>zeli</strong></span> <span class='ocrx_word' id='word_1_844' title='bbox 3589 5086 3694 5134; x_wconf 78' lang='lat' dir='ltr'><strong>aut</strong></span> <span class='ocrx_word' id='word_1_845' title='bbox 3726 5078 3793 5134; x_wconf 75' lang='grc' dir='ltr'><strong>ε-</strong></span> 
     </span>
    </p>
   </div>
   <div class='ocr_carea' id='block_1_108' title="bbox 2186 5160 3795 5242">
    <p class='ocr_par' dir='ltr' id='par_1_108' title="bbox 2186 5160 3795 5242">
     <span class='ocr_line' id='line_1_108' title="bbox 2186 5160 3795 5242; baseline 0.005 -25"><span class='ocrx_word' id='word_1_846' title='bbox 2186 5160 2335 5217; x_wconf 84' lang='lat' dir='ltr'><strong>voris</strong></span> <span class='ocrx_word' id='word_1_847' title='bbox 2373 5176 2584 5218; x_wconf 88' lang='lat' dir='ltr'><strong>venena</strong></span> <span class='ocrx_word' id='word_1_848' title='bbox 2622 5163 2967 5233; x_wconf 86' lang='lat' dir='ltr'><strong>possideant;</strong></span> <span class='ocrx_word' id='word_1_849' title='bbox 3014 5165 3063 5221; x_wconf 85' lang='lat' dir='ltr'><strong>si</strong></span> <span class='ocrx_word' id='word_1_850' title='bbox 3103 5170 3305 5221; x_wconf 74' lang='lat' dir='ltr'><strong>contra</strong></span> <span class='ocrx_word' id='word_1_851' title='bbox 3322 5164 3519 5238; x_wconf 72' lang='lat' dir='ltr'><strong>iugalia</strong></span> <span class='ocrx_word' id='word_1_852' title='bbox 3547 5176 3617 5225; x_wconf 83' lang='lat' dir='ltr'><strong>et‘</strong></span> <span class='ocrx_word' id='word_1_853' title='bbox 3646 5186 3795 5242; x_wconf 72' lang='lat' dir='ltr'><strong>apo-</strong></span> 
     </span>
    </p>
   </div>
   <div class='ocr_carea' id='block_1_109' title="bbox 2186 5252 3791 5329">
    <p class='ocr_par' dir='ltr' id='par_1_109' title="bbox 2186 5252 3791 5329">
     <span class='ocr_line' id='line_1_109' title="bbox 2186 5252 3791 5329; baseline 0.004 -19"><span class='ocrx_word' id='word_1_854' title='bbox 2186 5252 2378 5310; x_wconf 90' lang='lat' dir='ltr'><strong>stolica</strong></span> <span class='ocrx_word' id='word_1_855' title='bbox 2410 5252 2658 5313; x_wconf 87' lang='lat' dir='ltr'><strong>instituta</strong></span> <span class='ocrx_word' id='word_1_856' title='bbox 2697 5254 2952 5312; x_wconf 88' lang='lat' dir='ltr'><strong>indecens</strong></span> <span class='ocrx_word' id='word_1_857' title='bbox 2977 5254 3183 5326; x_wconf 79' lang='lat' dir='ltr'><strong>aliquid</strong></span> <span class='ocrx_word' id='word_1_858' title='bbox 3222 5264 3316 5312; x_wconf 75' lang='lat' dir='ltr'><strong>aut</strong></span> <span class='ocrx_word' id='word_1_859' title='bbox 3352 5256 3656 5329; x_wconf 80' lang='lat' dir='ltr'><strong>loquantur</strong></span> <span class='ocrx_word' id='word_1_860' title='bbox 3680 5270 3791 5317; x_wconf 72' lang='lat' dir='ltr'><strong>aut</strong></span> 
     </span>
    </p>
   </div>
   <div class='ocr_carea' id='block_1_110' title="bbox 2185 5346 3793 5423">
    <p class='ocr_par' dir='ltr' id='par_1_110' title="bbox 2185 5346 3793 5423">
     <span class='ocr_line' id='line_1_110' title="bbox 2185 5346 3793 5423; baseline 0.006 -20"><span class='ocrx_word' id='word_1_861' title='bbox 2185 5346 2457 5419; x_wconf 87' lang='lat' dir='ltr'><strong>cogitent;</strong></span> <span class='ocrx_word' id='word_1_862' title='bbox 2489 5349 2537 5404; x_wconf 89' lang='lat' dir='ltr'><strong>si</strong></span> <span class='ocrx_word' id='word_1_863' title='bbox 2564 5348 2622 5404; x_wconf 91' lang='lat' dir='ltr'><strong>in</strong></span> <span class='ocrx_word' id='word_1_864' title='bbox 2649 5364 2817 5407; x_wconf 84' lang='lat' dir='ltr'><strong>carne</strong></span> <span class='ocrx_word' id='word_1_865' title='bbox 2851 5348 3098 5419; x_wconf 84' lang='lat' dir='ltr'><strong>placendi</strong></span> <span class='ocrx_word' id='word_1_866' title='bbox 3126 5351 3307 5409; x_wconf 81' lang='lat' dir='ltr'><strong>studio</strong></span> <span class='ocrx_word' id='word_1_867' title='bbox 3332 5362 3555 5423; x_wconf 75' lang='lat' dir='ltr'><strong>emnpte</strong></span> <span class='ocrx_word' id='word_1_868' title='bbox 3588 5364 3647 5410; x_wconf 82' lang='lat' dir='ltr'><strong>et</strong></span> <span class='ocrx_word' id='word_1_869' title='bbox 3684 5372 3793 5412; x_wconf 73' lang='lat' dir='ltr'><strong>or-</strong></span> 
     </span>
    </p>
   </div>
   <div class='ocr_carea' id='block_1_111' title="bbox 2183 5440 3795 5514">
    <p class='ocr_par' dir='ltr' id='par_1_111' title="bbox 2183 5440 3795 5514">
     <span class='ocr_line' id='line_1_111' title="bbox 2183 5440 3795 5514; baseline 0.005 -17"><span class='ocrx_word' id='word_1_870' title='bbox 2183 5449 2314 5511; x_wconf 76' lang='lat' dir='ltr'><strong>nate</strong></span> <span class='ocrx_word' id='word_1_871' title='bbox 2347 5441 2681 5513; x_wconf 81' lang='lat' dir='ltr'><strong>procedant;</strong></span> <span class='ocrx_word' id='word_1_872' title='bbox 2725 5441 2773 5498; x_wconf 88' lang='lat' dir='ltr'><strong>si</strong></span> <span class='ocrx_word' id='word_1_873' title='bbox 2811 5440 2993 5511; x_wconf 83' lang='lat' dir='ltr'><strong>aliqua</strong></span> <span class='ocrx_word' id='word_1_874' title='bbox 3014 5456 3169 5514; x_wconf 69' lang='lat' dir='ltr'><strong>quae,</strong></span> <span class='ocrx_word' id='word_1_875' title='bbox 3204 5452 3267 5499; x_wconf 89' lang='lat' dir='ltr'><strong>ut</strong></span> <span class='ocrx_word' id='word_1_876' title='bbox 3292 5444 3531 5514; x_wconf 71' lang='lat' dir='ltr'><strong>assolet,</strong></span> <span class='ocrx_word' id='word_1_877' title='bbox 3578 5446 3795 5505; x_wconf 73' lang='lat' dir='ltr'><strong>illicita</strong></span> 
     </span>
    </p>
   </div>
   <div class='ocr_carea' id='block_1_112' title="bbox 2186 5520 3793 5608">
    <p class='ocr_par' dir='ltr' id='par_1_112' title="bbox 2186 5520 3793 5608">
     <span class='ocr_line' id='line_1_112' title="bbox 2186 5520 3793 5608; baseline 0.004 -18"><span class='ocrx_word' id='word_1_878' title='bbox 2186 5542 2316 5590; x_wconf 85' lang='lat' dir='ltr'><strong>sunt</strong></span> <span class='ocrx_word' id='word_1_879' title='bbox 2343 5520 2571 5601; x_wconf 73' lang='lat' dir='ltr'><strong>faciant,</strong></span> <span class='ocrx_word' id='word_1_880' title='bbox 2594 5534 2725 5605; x_wconf 89' lang='lat' dir='ltr'><strong>quid</strong></span> <span class='ocrx_word' id='word_1_881' title='bbox 2749 5534 2997 5605; x_wconf 87' lang='lat' dir='ltr'><strong>proderit</strong></span> <span class='ocrx_word' id='word_1_882' title='bbox 3020 5535 3102 5595; x_wconf 90' lang='lat' dir='ltr'><strong>eis</strong></span> <span class='ocrx_word' id='word_1_883' title='bbox 3126 5536 3397 5606; x_wconf 85' lang='lat' dir='ltr'><strong>sprevisse</strong></span> <span class='ocrx_word' id='word_1_884' title='bbox 3423 5537 3571 5608; x_wconf 83' lang='lat' dir='ltr'><strong>quod</strong></span> <span class='ocrx_word' id='word_1_885' title='bbox 3590 5538 3793 5607; x_wconf 72' lang='lat' dir='ltr'><strong>ﬂeuit,</strong></span> 
     </span>
    </p>
   </div>
   <div class='ocr_carea' id='block_1_113' title="bbox 2185 5626 3795 5703">
    <p class='ocr_par' dir='ltr' id='par_1_113' title="bbox 2185 5626 3795 5703">
     <span class='ocr_line' id='line_1_113' title="bbox 2185 5626 3795 5703; baseline 0.006 -22"><span class='ocrx_word' id='word_1_886' title='bbox 2185 5636 2241 5681; x_wconf 91' lang='lat' dir='ltr'><strong>et</strong></span> <span class='ocrx_word' id='word_1_887' title='bbox 2260 5641 2517 5682; x_wconf 83' lang='lat' dir='ltr'><strong>exercere</strong></span> <span class='ocrx_word' id='word_1_888' title='bbox 2544 5626 2688 5697; x_wconf 89' lang='lat' dir='ltr'><strong>quod</strong></span> <span class='ocrx_word' id='word_1_889' title='bbox 2712 5641 2820 5681; x_wconf 88' lang='lat' dir='ltr'><strong>non</strong></span> <span class='ocrx_word' id='word_1_890' title='bbox 2850 5626 3012 5682; x_wconf 89' lang='lat' dir='ltr'><strong>licet?</strong></span> <span class='ocrx_word' id='word_1_891' title='bbox 3028 5626 3086 5683; x_wconf 92' lang='lat' dir='ltr'><strong>Si</strong></span> <span class='ocrx_word' id='word_1_892' title='bbox 3112 5627 3194 5682; x_wconf 89' lang='lat' dir='ltr'><strong>vis</strong></span> <span class='ocrx_word' id='word_1_893' title='bbox 3214 5628 3473 5698; x_wconf 88' lang='lat' dir='ltr'><strong>prodesse</strong></span> <span class='ocrx_word' id='word_1_894' title='bbox 3495 5630 3596 5687; x_wconf 74' lang='lat' dir='ltr'><strong>tibi</strong></span> <span class='ocrx_word' id='word_1_895' title='bbox 3624 5634 3795 5703; x_wconf 71' lang='lat' dir='ltr'><strong>quod</strong></span> 
     </span>
    </p>
   </div>
   <div class='ocr_carea' id='block_1_114' title="bbox 2185 5716 3799 5790">
    <p class='ocr_par' dir='ltr' id='par_1_114' title="bbox 2185 5716 3799 5790">
     <span class='ocr_line' id='line_1_114' title="bbox 2185 5716 3799 5790; baseline 0.004 -17"><span class='ocrx_word' id='word_1_896' title='bbox 2185 5717 2395 5774; x_wconf 89' lang='lat' dir='ltr'><strong>licitum</strong></span> <span class='ocrx_word' id='word_1_897' title='bbox 2427 5718 2831 5789; x_wconf 89' lang='lat' dir='ltr'><strong>contempsisti,</strong></span> <span class='ocrx_word' id='word_1_898' title='bbox 2861 5716 2990 5774; x_wconf 87' lang='lat' dir='ltr'><strong>vide</strong></span> <span class='ocrx_word' id='word_1_899' title='bbox 3010 5733 3079 5775; x_wconf 88' lang='lat' dir='ltr'><strong>ne</strong></span> <span class='ocrx_word' id='word_1_900' title='bbox 3114 5718 3243 5789; x_wconf 83' lang='lat' dir='ltr'><strong>quid</strong></span> <span class='ocrx_word' id='word_1_901' title='bbox 3270 5733 3465 5779; x_wconf 82' lang='lat' dir='ltr'><strong>eorum</strong></span> <span class='ocrx_word' id='word_1_902' title='bbox 3497 5735 3624 5790; x_wconf 60' lang='lat' dir='ltr'><strong>qua</strong></span> <span class='ocrx_word' id='word_1_903' title='bbox 3662 5739 3799 5780; x_wconf 76' lang='lat' dir='ltr'><strong>non</strong></span> 
     </span>
    </p>
   </div>
   <div class='ocr_carea' id='block_1_115' title="bbox 2184 5810 3803 5887">
    <p class='ocr_par' dir='ltr' id='par_1_115' title="bbox 2184 5810 3803 5887">
     <span class='ocr_line' id='line_1_115' title="bbox 2184 5810 3803 5887; baseline 0.004 -22"><span class='ocrx_word' id='word_1_904' title='bbox 2184 5811 2351 5887; x_wconf 79' lang='lat' dir='ltr'><strong>licent</strong></span> <span class='ocrx_word' id='word_1_905' title='bbox 2370 5810 2560 5867; x_wconf 87' lang='lat' dir='ltr'><strong>facias.</strong></span> <span class='ocrx_word' id='word_1_906' title='bbox 2592 5810 2827 5867; x_wconf 86' lang='lat' dir='ltr'><strong>Stultum</strong></span> <span class='ocrx_word' id='word_1_907' title='bbox 2852 5812 2996 5868; x_wconf 83' lang='lat' dir='ltr'><strong>enim</strong></span> <span class='ocrx_word' id='word_1_908' title='bbox 3025 5822 3111 5869; x_wconf 84' lang='lat' dir='ltr'><strong>est</strong></span> <span class='ocrx_word' id='word_1_909' title='bbox 3141 5813 3386 5869; x_wconf 84' lang='lat' dir='ltr'><strong>timuisse</strong></span> <span class='ocrx_word' id='word_1_910' title='bbox 3407 5815 3555 5884; x_wconf 85' lang='lat' dir='ltr'><strong>quod</strong></span> <span class='ocrx_word' id='word_1_911' title='bbox 3588 5816 3803 5879; x_wconf 74' lang='lat' dir='ltr'><strong>minus</strong></span> 
     </span>
    </p>
   </div>
   <div class='ocr_carea' id='block_1_116' title="bbox 2187 5901 3819 5979">
    <p class='ocr_par' dir='ltr' id='par_1_116' title="bbox 2187 5901 3819 5979">
     <span class='ocr_line' id='line_1_116' title="bbox 2187 5901 3819 5979; baseline 0.002 -19"><span class='ocrx_word' id='word_1_912' title='bbox 2187 5911 2303 5971; x_wconf 86' lang='lat' dir='ltr'><strong>cst,</strong></span> <span class='ocrx_word' id='word_1_913' title='bbox 2329 5909 2387 5957; x_wconf 90' lang='lat' dir='ltr'><strong>ct</strong></span> <span class='ocrx_word' id='word_1_914' title='bbox 2414 5918 2521 5958; x_wconf 89' lang='lat' dir='ltr'><strong>non</strong></span> <span class='ocrx_word' id='word_1_915' title='bbox 2545 5903 2739 5959; x_wconf 85' lang='lat' dir='ltr'><strong>timere</strong></span> <span class='ocrx_word' id='word_1_916' title='bbox 2761 5902 2909 5975; x_wconf 72' lang='lat' dir='ltr'><strong>quod</strong></span> <span class='ocrx_word' id='word_1_917' title='bbox 2938 5902 3116 5975; x_wconf 69' lang='lat' dir='ltr'><strong>majus</strong></span> <span class='ocrx_word' id='word_1_918' title='bbox 3136 5912 3237 5979; x_wconf 72' lang='lat' dir='ltr'><strong>est</strong></span> <span class='ocrx_word' id='word_1_919' title='bbox 3266 5920 3285 5959; x_wconf 87' lang='lat'><strong>:</strong></span> <span class='ocrx_word' id='word_1_920' title='bbox 3313 5912 3413 5960; x_wconf 82' lang='lat' dir='ltr'><strong>aut</strong></span> <span class='ocrx_word' id='word_1_921' title='bbox 3432 5901 3507 5959; x_wconf 84' lang='lat' dir='ltr'><strong>ab</strong></span> <span class='ocrx_word' id='word_1_922' title='bbox 3532 5903 3624 5963; x_wconf 77' lang='lat' dir='ltr'><strong>his</strong></span> <span class='ocrx_word' id='word_1_923' title='bbox 3655 5919 3819 5971; x_wconf 55' lang='lat' dir='ltr'><strong>nm</strong></span> 
     </span>
    </p>
   </div>
  </div>
