3972 6328
477 305 583 379 619

1466 316 1525 372 S.
1563 313 1926 376 BENEDICTI
1961 310 2255 370 ABBATIS
2293 309 2709 368 ANIANENSIS

479 437 651 498 tendit
679 438 749 494 ad
779 396 976 492 caelum
1003 452 1017 490 :
1042 433 1168 505 quia
1211 432 1468 504 scriptum
1506 442 1590 489 est
1631 451 1645 488 :
1693 434 1804 489 Iter
1851 440 2048 488 rectum
2073 429 2128 491 Α
2150 435 2259 495 tur,
2287 427 2497 498 possint
2514 426 2811 482 visceribus
2837 423 3075 481 intimari
3101 441 3116 481 :
3143 422 3504 497 multomagis
3543 433 3744 484 tamen

481 534 639 604 facite
687 530 902 603 pedibus
948 529 1130 583 vestris
1167 526 1300 599 (Isa.
1331 541 1459 592 LVII,
1481 526 1604 596 id);
1636 541 1865 598 agnosce
1892 525 1989 580 tibi
2017 539 2050 580 a
2146 521 2250 576 hoc
2276 521 2544 592 virginem
2564 518 2789 588 implere
2811 532 3033 574 necesse
3062 525 3166 584 est,
3193 533 3356 588 quam
3388 533 3494 574 nec
3520 520 3744 585 mariti,

480 624 590 678 Deo
611 621 818 677 artiﬁce
851 635 958 676 non
982 620 1050 674 ad
1077 619 1228 683 vitia,
1254 618 1349 673 sed
1401 618 1469 673 ad
1506 619 1761 674 virtutem
1807 617 2048 674 membra

479 713 710 769 formata
745 731 758 767 :
797 721 853 768 et
896 727 1020 768 cum
1068 711 1348 766 universos
1405 718 1556 765 artus
1606 709 1951 765 mundaveris
1979 708 2050 763 ab

481 803 629 860 omni
656 802 815 858 sorde
851 801 1078 871 peccati,
1103 807 1157 854 et
1185 807 1298 855 toto
1343 799 1510 854 fueris
1555 798 1888 854 sanctiﬁcata
1930 813 2052 853 cor-

478 909 634 965 pore,
661 902 788 948 tunc
827 893 921 946 tibi
951 891 1251 946 castitatem
1290 890 1560 962 intelligas
1606 889 1965 961 profuturam,
1997 897 2051 944 et

480 999 603 1040 cum
633 984 780 1039 omni
811 983 1004 1038 fiducia
1032 982 1266 1052 palmam
1286 982 1617 1054 virginitatis
1633 990 1908 1052 exspecta.

553 1076 692 1145 Quid
713 1077 782 1131 sit
808 1083 1048 1131 sanctam
1079 1090 1200 1131 esse
1252 1092 1488 1147 corpore,
1532 1075 1770 1131 breviter
1811 1075 2048 1145 quidem,

481 1167 575 1224 sed
626 1166 783 1238 plene
827 1165 1143 1236 exposuisse
1197 1180 1284 1221 me
1314 1166 1584 1221 arbitror:
1617 1181 1759 1220 nunc
1785 1166 1928 1236 quod
1969 1179 2054 1219 se-

483 1257 688 1329 quitur,
714 1265 762 1311 et
787 1256 998 1327 spiritu,
1030 1269 1189 1311 nosse
1221 1254 1478 1310 debemus
1507 1273 1520 1310 :
1546 1257 1648 1311 hoc
1685 1263 1788 1320 est,
1817 1263 1878 1308 ut
1908 1253 2052 1324 quod

481 1366 648 1422 opere
693 1349 847 1406 nefas
897 1357 980 1406 est
1018 1349 1154 1413 ﬁeri,
1197 1365 1297 1407 nec
1321 1349 1403 1405 fas
1425 1351 1496 1406 sit
1527 1351 1852 1423 c0gitatione
1873 1351 2054 1406 conci-

484 1455 632 1512 pere.
657 1439 752 1495 llla
778 1439 923 1495 enim
952 1447 1038 1495 est
1061 1447 1243 1495 sancta
1276 1447 1384 1495 tam
1407 1455 1634 1510 corpore
1652 1457 1811 1512 quam
1837 1441 2050 1512 spiritu,

479 1546 600 1601 qua:
623 1547 726 1587 nec
755 1538 934 1584 mente
959 1545 1060 1585 nec
1106 1530 1267 1585 corde
1328 1530 1620 1600 delinquit;
1675 1531 1850 1587 sciens
1889 1532 2054 1587 etiam

478 1621 658 1678 cordis
679 1635 798 1676 esse
828 1621 1185 1690 inspectorem
1208 1619 1377 1675 Deum
1412 1637 1425 1673 :
1455 1628 1510 1676 et
1544 1620 1748 1676 idcirco
1771 1623 1969 1692 satagit
1995 1629 2058 1676 ut

2148 626 2248 666 nec
2277 609 2528 676 ﬁliorum,
2551 624 2652 666 nec
2676 609 2898 664 alterius
2946 609 3287 665 necessitatis
3330 624 3496 665 causa
3547 609 3747 680 prohi-

2149 704 2260 770 bet,
2288 704 2591 774 Equominus
2640 701 2877 757 divinam
2915 700 3252 772 Scripturam
3292 701 3585 772 perﬁciat;
3633 714 3749 760 nec

2149 795 2350 866 aliqua,
2376 797 2420 850 si
2448 803 2656 866 peccet,
2688 795 2887 866 poterit
2910 796 3264 851 excusatione
3289 794 3532 851 defendi.

2220 888 2265 944 Ο
2295 888 2469 958 virgo,
2517 903 2673 942 serva
2728 887 3065 957 propositum
3119 887 3217 943 tibi
3262 901 3465 958 magno
3509 885 3747 956 prmio

2151 980 2502 1036 destinatum.
2534 979 2800 1036 Praeclara
2824 988 2910 1035 est
2938 981 3078 1051 apud
3125 981 3292 1036 Deum
3319 981 3664 1052 virginitatis
3689 990 3748 1036 et

2151 1073 2423 1143 pudicitia:
2445 1074 2638 1139 virtus,
2662 1072 2709 1128 si
2734 1087 2840 1128 non
2871 1073 2993 1128 aliis
3016 1083 3360 1144 peccatorum
3382 1082 3440 1129 et
3471 1074 3747 1128 malorum

2152 1163 2392 1233 lapsibus
2419 1163 2740 1218 inﬁrmetur.
2765 1163 3012 1234 Agnosce
3049 1171 3248 1219 statum
3297 1173 3475 1229 tuum,
3505 1180 3749 1235 agnosce

2151 1252 2352 1320 locum,
2379 1268 2612 1325 agnosce
2636 1254 2992 1323 propositum.
3043 1252 3247 1309 Christi
3271 1269 3478 1325 sponsa
3508 1238 3744 1320 diceris;

2153 1345 2280 1401 vide
2326 1361 2394 1400 ne
2439 1346 2569 1416 quid
2611 1345 2889 1417 indignum
2919 1360 3005 1412 eo,
3034 1345 3123 1400 cui
3160 1345 3488 1418 desponsata
3517 1347 3744 1413 videris,

2154 1437 2408 1493 admittas
2441 1453 2455 1492 :
2483 1439 2592 1493 cito
2617 1438 2820 1493 scribet
2852 1437 3163 1508 repudium,
3189 1438 3235 1493 si
3280 1437 3337 1493 in
3368 1446 3424 1494 te
3457 1439 3551 1493 vel
3581 1455 3744 1494 unum

2153 1528 2352 1583 viderit
2395 1529 2738 1583 adulterium.
2785 1528 3131 1598 Quaecunque
3179 1529 3324 1584 enim
3369 1530 3746 1584 humanorum

2156 1620 2552 1691 sponsaliorum
2578 1621 2892 1692 pignoribus
2922 1620 3294 1686 subarrhatur,
3341 1622 3538 1677 statim
3587 1638 3622 1676 a
3651 1622 3742 1677 do-

479 1719 630 1774 omni
655 1718 813 1774 modo
835 1717 997 1772 etiam
1025 1716 1262 1771 animum
1282 1731 1401 1772 cum
1428 1731 1654 1786 corpore
1679 1718 1936 1772 mundum
1957 1719 2057 1773 ha-
2081 1779 2123 1786 _
2157 1711 2416 1778 mesticis,
2441 1727 2472 1766 a
2495 1710 2867 1777 familiaribus,
2891 1713 2959 1767 ab
2984 1713 3174 1768 amicis
3197 1713 3381 1783 sponsi
3425 1713 3671 1770 sollicite
3697 1725 3749 1770 et

479 1807 608 1864 beat
642 1824 673 1862 a
702 1815 944 1878 peccato,
972 1807 1147 1862 sciens
1176 1807 1436 1876 scriptum
1487 1779 1607 1863 esse
1637 1825 1650 1862 :
1679 1807 1834 1862 Omni
1881 1819 2054 1863 cttsto-
2080 1779 2130 1839 Β
2157 1804 2442 1876 diligenter
2482 1805 2709 1876 requirit
2731 1813 2788 1861 et
2815 1821 2846 1860 a
2875 1805 3126 1871 servulis,
3168 1807 3356 1876 quales
3393 1806 3630 1876 juvenis
3661 1810 3751 1865 ha-

481 1900 572 1954 dia
596 1917 745 1955 serva
775 1915 866 1953 cor
887 1907 1034 1953 tuum
1063 1895 1243 1969 (Prov.
1270 1913 1345 1964 tv,
1378 1899 1492 1969 25).
1517 1899 1585 1953 Ει
1605 1899 1799 1954 iterum
1827 1917 1840 1954 :
1870 1899 2053 1970 Diligit
2085 1935 2094 1946 ι

485 1988 741 2044 Dominus
771 1999 952 2043 sancta
980 1987 1183 2053 corda;
1214 1990 1411 2060 accepti
1443 1999 1566 2044 sunt
1592 1999 1765 2044 autem
1810 1990 1859 2044 ei
1879 2007 2053 2045 omnes

479 2081 805 2136 immaculati
847 2079 1053 2154 (Ibid.).
1108 2082 1176 2137 Et
1220 2082 1346 2138 alibi
1391 2101 1403 2137 :
1457 2082 1607 2138 Beati
1654 2082 1849 2137 mundo
1876 2083 2052 2150 corde,

480 2180 728 2252 quoniam
762 2181 863 2250 ipsi
891 2179 1058 2234 Deum
1103 2179 1344 2234 videbunt
1376 2179 1589 2253 (Matth.
1619 2195 1673 2246 ν,
1707 2179 1793 2252 8);
1815 2181 1959 2250 quod
1989 2179 2056 2235 de

487 2273 598 2330 illis
621 2274 724 2330 dici
742 2273 996 2341 arbitror,
1028 2288 1162 2344 quos
1184 2273 1512 2329 conscientia
1538 2273 1592 2326 in
1618 2272 1763 2326 nulla
1785 2270 2056 2344 redarguit

480 2369 636 2439 culpa
663 2368 892 2439 peccati.
940 2368 1018 2422 De
1057 2367 1249 2438 quibus
1297 2374 1352 2422 et
1400 2364 1662 2422 Joannem
1717 2366 1771 2420 in
1817 2363 2053 2434 Epistola

483 2461 688 2516 dixisse
719 2476 843 2516 reor
874 2479 886 2516 :
921 2459 979 2515 Si
1028 2477 1120 2515 cor
1167 2469 1401 2514 nostrum
1449 2475 1541 2513 nos
1571 2475 1674 2512 non
1710 2456 2054 2529 reprehendit,

482 2553 731 2623 ﬁduciam
761 2553 1008 2607 habemus
1029 2552 1097 2606 ad
1127 2551 1312 2616 Deum,
1336 2560 1384 2605 et
1414 2567 1733 2622 quaecunque
1757 2549 2056 2621 petierimus

487 2643 799 2714 accipiemus
825 2642 888 2696 ab
915 2658 974 2696 eo
1004 2639 1056 2713 (Ι
1081 2639 1244 2696 Joan.
1279 2657 1361 2707 ιιι,
1387 2641 1500 2712 20).
1546 2639 1678 2696 Nolo
1703 2639 1978 2696 existimes
2002 2645 2056 2693 te

484 2735 690 2789 crimen
720 2734 918 2805 fugisse
945 2733 1174 2804 peccati,
1199 2733 1244 2788 si
1265 2733 1596 2787 voluntatem
1644 2747 1752 2787 non
1799 2737 2057 2801 sequatur

487 2824 729 2892 effectus,
760 2842 881 2882 cum
931 2825 1192 2896 scriptum
1215 2824 1286 2879 sit
1318 2843 1330 2878 :
1367 2824 1676 2895 Quicunque
1707 2822 1890 2878 uiderit
1939 2838 2058 2875 mu-

483 2915 661 2971 lierem
694 2916 761 2970 ad
787 2916 1254 2986 concupiscendum
1279 2932 1414 2982 eam,
1441 2916 1558 2986 jam
1602 2915 1886 2969 moechatus
1906 2923 1980 2968 est
2001 2915 2056 2969 in

489 3007 644 3061 corde
670 3023 765 3061 suo
797 3006 1012 3079 (Matth.
1043 3023 1096 3073 ν,
1123 3007 1236 3080 27).
1260 3007 1371 3062 Nec
1391 3007 1559 3072 dicas,
1583 3005 1822 3076 Cogitavi
1843 3007 2057 3077 quidem

2153 1894 2280 1950 beat
2306 1910 2506 1962 mores,
2537 1895 2666 1966 quid
2690 1896 3030 1966 potissimum
3054 1897 3264 1968 diligat,
3305 1898 3441 1967 quid
3488 1901 3748 1970 accipiat,

2155 2005 2262 2060 quo
2291 2005 2394 2063 usu
2443 1989 2610 2056 vivat,
2637 1980 2742 2060 qua
2779 2005 2839 2046 se
2883 1991 3270 2047 consuetudine
3313 1999 3487 2055 regat,
3552 1994 3750 2063 quibus

2154 2082 2628 2153 utatur-dapibus,
2657 2083 3178 2155 quibus,pra*cipue
3224 2085 3383 2140 rebus
3435 2085 3750 2142 delectetur

2155 2184 2212 2232 et
2258 2177 2503 2249 gaudeat.
2549 2178 2678 2246 Qua:
2726 2195 2849 2235 cum
2896 2178 3164 2246 didicerit,
3202 2181 3362 2234 itase
3408 2179 3467 2234 in
3492 2181 3751 2234 omnibus

2156 2273 2440 2338 temperat,
2470 2277 2532 2323 ut
2560 2271 2741 2340 sponsi
2779 2270 3020 2326 moribus
3068 2287 3226 2326 suum
3267 2266 3629 2340 obsequium,
3660 2286 3749 2325 sua

2149 2359 2485 2430 jucunditas,
2515 2377 2611 2418 sua
2641 2363 2938 2432 diligentia,
2967 2379 3063 2420 sua
3086 2365 3196 2419 vita
3243 2364 3569 2420 concordet.
3603 2364 3670 2418 Et
3697 2374 3745 2417 tu

2157 2467 2276 2522 quae
2296 2451 2572 2509 Christum
2599 2470 2854 2525 sponsum
2881 2456 3067 2524 habes,
3100 2472 3132 2511 a
3161 2456 3480 2512 domesticis
3507 2466 3564 2510 et
3596 2455 3746 2510 fami—

2155 2542 2382 2599 liaribus
2408 2543 2547 2615 ejus,
2582 2547 2767 2615 sponsi
2789 2547 2866 2601 tui
2893 2563 3080 2614 mores
3099 2548 3396 2618 interroga,
3423 2556 3481 2602 et
3526 2555 3749 2602 strenue

2157 2649 2222 2690 ac
2245 2634 2474 2691 solerter
2501 2636 2735 2706 inquire,
2767 2637 2822 2692 in
2851 2639 3046 2708 quibus
3105 2640 3377 2710 praecipue
3422 2639 3748 2703 delectetur,

2157 2727 2373 2797 qualem
2422 2729 2870 2797 compositionem
2921 2731 2977 2784 in
3036 2737 3086 2785 te
3130 2731 3363 2786 vestium
3415 2731 3636 2801 diligat,
3665 2747 3754 2785 (n-

2151 2816 2389 2888 jusmodi
2418 2820 2768 2890 concupiscat
2793 2829 3066 2877 ornatum.
3119 2822 3276 2877 Dicat
3314 2822 3414 2876 tibi
3448 2822 3572 2890 ejus
3596 2823 3753 2878 fami-

2154 2909 2478 2967 liarissimus
2522 2911 2737 2979 Petrus,
2789 2913 2882 2984 qui
2909 2929 2979 2968 ne
3023 2914 3206 2983 nuptis
3231 2913 3456 2984 quidem
3479 2928 3748 2984 corpora-

2156 3002 2261 3058 lem
2284 3004 2550 3075 permittit
2571 3014 2844 3073 ornatum,
2870 3007 3012 3062 sicut
3027 3007 3082 3061 in
3107 3005 3348 3077 Epistola
3373 3022 3474 3060 sua
3493 3007 3748 3077 scripsit:

486 3099 580 3154 sed
609 3113 718 3154 non
741 3097 942 3169 perfeci
978 3100 1140 3170 :quia
1167 3102 1331 3154 etiam
1368 3097 1750 3167 concupiscere
1775 3097 1926 3153 nefas
1951 3105 2053 3153 est.
2084 3132 2129 3196 Ο
2161 3093 2412 3152 Mulieres
2439 3097 2683 3152 similiter
2701 3098 2949 3168 subjecta:
2993 3099 3120 3154 viris
3150 3100 3280 3165 suis,
3312 3107 3369 3152 ut
3409 3099 3460 3152 si
3505 3099 3601 3170 qui
3651 3117 3751 3153 non

486 3188 640 3246 Unde
659 3192 852 3247 beatus
874 3191 1066 3248 Petrus
1091 3193 1347 3263 praecepit
1369 3191 1554 3247 dicens
1578 3209 1592 3244 :
1626 3190 1843 3246 Animas
1864 3200 2057 3248 vestras

483 3281 832 3351 castiﬁcantes
857 3282 912 3352 (I
936 3280 1082 3339 Petr.
1103 3299 1145 3350 ι,
1167 3282 1282 3357 22),
1309 3282 1400 3354 qui
1423 3282 1470 3338 si
1496 3281 1696 3337 nullam
1722 3283 1914 3339 animae
1933 3300 2060 3340 con-

484 3371 876 3442 stuprationem
904 3382 1107 3441 nosset,
1140 3389 1240 3430 nec
1263 3372 1553 3430 castiﬁcari
1595 3389 1714 3430 eam
1759 3375 2059 3432 desideras-

486 3470 587 3517 set.
615 3461 722 3519 Sed
749 3471 804 3518 et
829 3464 1006 3520 locum
1037 3465 1184 3520 illum
1219 3480 1328 3536 quo
1345 3467 1656 3522 continetur
1681 3483 1695 3521 :
1727 3465 1801 3520 Hi
1824 3476 1945 3521 sunt
1968 3467 2058 3537 qui

481 3568 538 3606 se
563 3569 681 3607 cum
712 3553 1020 3610 mulieribus
1035 3572 1138 3611 non
1164 3557 1647 3628 coinquinaverunt,
1681 3558 1904 3630 uirgines
1919 3559 2056 3612 enim

481 3655 922 3714 permanserunt:
943 3647 998 3700 hi
1019 3657 1306 3718 sequuntur
1339 3649 1565 3720 Agnum,
1609 3666 1911 3722 quocunque
1936 3648 2058 3703 ierit

484 3733 669 3805 (Apoc.
697 3753 811 3804 xw,
833 3736 910 3810 4).
938 3738 1210 3795 Attentius
1230 3741 1574 3796 considerare
1594 3739 1849 3796 debemus
1867 3748 1922 3795 et
1941 3739 2058 3794 ani-

486 3826 850 3895 madvertere,
903 3829 950 3884 si
1005 3829 1170 3886 solius
1213 3831 1535 3902 integritatis
1565 3833 1836 3904 pudicitiae
1861 3833 2056 3888 merito

485 3917 586 3986 ipsi
614 3918 796 3973 divino
827 3919 1106 3973 comitatui
1135 3920 1472 3989 copulentur,
1489 3927 1544 3976 et
1566 3935 1662 3990 per
1685 3922 1866 3976 omnia
1893 3923 2058 3978 caelo-

484 4023 605 4062 rum
645 4009 882 4063 tabulata
937 4010 1242 4066 discurrant
1271 4031 1284 4066 :
1317 4028 1386 4066 an
1435 4021 1490 4068 et
1534 4012 1637 4066 alia
1687 4014 1814 4080 sint,
1863 4015 2057 4083 quibus

487 4096 741 4166 adjuncta
768 4097 1051 4170 virginitas
1081 4107 1244 4154 tantae
1292 4101 1642 4157 beatitudinis
1681 4101 1905 4171 gloriam
1928 4118 2057 4159 con-

485 4196 798 4259 sequantur.
837 4187 943 4244 Sed
977 4189 1119 4244 unde
1161 4190 1263 4246 hoc
1302 4191 1440 4245 scire
1480 4192 1808 4261 poterimus?
1846 4194 1922 4250 De
1968 4210 2056 4250 se-

485 4281 797 4352 quentibus,
847 4281 950 4337 nisi
1007 4281 1182 4346 fallor,
1214 4280 1268 4336 in
1299 4283 1494 4352 quibus
1533 4285 1791 4355 scriptum
1823 4295 1907 4342 est
1937 4304 1952 4342 :
1983 4286 2055 4341 Hi

480 4375 637 4445 empti
658 4383 777 4430 sunt
803 4392 867 4430 ea:
894 4375 1190 4430 hominibus
1211 4376 1460 4447 primitite
1505 4375 1616 4446 Deo
1656 4387 1703 4432 et
1731 4395 1888 4450 agno,
1916 4389 1965 4434 et
2000 4379 2055 4434 in

483 4483 572 4520 ore
597 4468 827 4537 ipsorum
865 4485 967 4522 non
996 4478 1070 4524 est
1099 4470 1360 4523 inventum
1386 4471 1713 4525 mendacium
1743 4486 1761 4524 .·
1783 4473 1894 4527 sine
1940 4489 2053 4526 ma-

483 4556 607 4611 cula
628 4559 767 4612 enim
813 4568 933 4612 sunt
962 4559 1170 4630 (Ibid.).
1218 4559 1382 4616 Vides
1410 4576 1540 4632 ergo
1567 4561 1708 4632 quod
1735 4578 1842 4617 non
1867 4562 1920 4617 in
1946 4578 2053 4619 uno

485 4656 697 4702 tantum
721 4649 963 4704 membro
983 4647 1276 4706 Dominicis
1290 4650 1596 4707 referantur
1615 4652 1878 4707 inhaerere
1899 4654 2051 4708 vcsti-

483 4740 616 4812 giis;
645 4739 737 4795 sed
758 4739 833 4794 illi
858 4739 949 4810 qui
977 4749 1173 4810 prteter
1198 4742 1566 4813 virginitatem
1607 4741 1675 4795 ab
1698 4743 1846 4797 omni
1867 4752 2053 4799 conta-

481 4832 640 4904 gione
669 4831 875 4902 peccati
906 4832 1306 4888 immaculatam
1346 4833 1614 4904 gesserint
1633 4833 1824 4888 vitam.
1850 4835 2056 4892 Idcirco

487 4925 639 4995 virgo
667 4925 752 4980 vel
784 4925 1016 4979 maxime
1045 4926 1258 4995 nuptias
1283 4925 1509 4995 spernit,
1553 4934 1614 4980 ut
1657 4925 1784 4981 dum
1816 4929 2058 4985 securior

479 5027 584 5082 est,
611 5017 840 5085 facilius,
865 5017 1008 5088 quod
1035 5018 1197 5074 etiam
1246 5033 1277 5073 a
1318 5017 1644 5075 nubentibus
1672 5020 1951 5090 quaeritur,
1986 5021 2055 5076 ab

479 5111 628 5164 omni
657 5125 715 5166 se
738 5111 932 5166 delicto
957 5111 1248 5178 custodiat,
1272 5119 1328 5166 et
1370 5112 1618 5168 universa
1642 5114 1775 5187 legis
1801 5116 2054 5171 mandata

480 5200 744 5270 perﬁciat.
801 5201 936 5256 Nam
983 5203 1028 5258 si
1077 5219 1186 5260 non
1210 5204 1400 5270 nubat,
1431 5213 1486 5260 et
1511 5220 1575 5261 ea
1608 5207 1956 5265 nihilominus
1975 5209 2056 5264 fa-

481 5293 609 5355 ciat,
639 5307 669 5346 a
697 5293 892 5362 quibus
911 5301 967 5349 et
992 5303 1170 5365 nuptae
1199 5311 1320 5351 esse
1337 5294 1601 5364 iubentur
1628 5297 1918 5364 immunes,
1945 5315 2054 5354 non

481 5383 726 5452 nupsisse
752 5384 878 5452 quid
903 5385 1175 5456 proderit?
1200 5385 1516 5458 Quanquam
1548 5389 1693 5442 enim
1743 5387 1870 5442 nulli
1897 5387 2056 5444 Chri-

479 5466 774 5531 stianorum
797 5491 1023 5547 peccare
1046 5478 1226 5546 liceat,
1253 5488 1309 5535 et
1349 5495 1537 5536 omnes
1567 5480 1870 5550 quicunque
1896 5481 2055 5552 Spiri-

479 5565 604 5620 talis
632 5567 834 5624 lavacri
863 5571 1290 5627 sanctiﬁcatione
1337 5579 1655 5642 purgantur,
1710 5571 2053 5629 immaculata

477 5661 768 5718 decurrere
795 5665 1083 5719 conveniat
1105 5666 1246 5732 vita;
1276 5673 1332 5720 ut
1363 5664 1614 5720 Ecclesia:
1647 5681 1766 5735 quae
1789 5666 1904 5719 sine
1936 5683 2052 5721 ma-

475 5751 618 5814 cula.
657 5752 777 5810 sine
821 5769 972 5828 ruga,
1007 5759 1121 5812 sine
1150 5758 1326 5830 aliquo
1354 5757 1612 5831 ejusmodi
1655 5773 1775 5814 esse
1803 5757 2056 5817 describi-

2077 4515 2131 4575 D

2160 3187 2376 3244 credunt
2398 3190 2570 3256 verbo,
2599 3207 2692 3262 per
2719 3189 3000 3246 mulierum
3021 3192 3465 3247 conversationem
3493 3191 3611 3244 sine
3639 3208 3754 3245 rer-

2160 3281 2223 3336 bo
2268 3281 2581 3352 lucri/iant:
2610 3284 3002 3341 considerantes
3057 3287 3113 3341 in
3165 3287 3354 3340 timore
3399 3285 3499 3340 Dei
3535 3295 3750 3338 castam

2160 3376 2598 3430 conversationem
2626 3387 2868 3443 vestram,
2893 3395 3119 3448 quarum
3161 3379 3227 3432 sit
3272 3395 3378 3432 non
3419 3377 3747 3431 extrinsecus

2159 3463 2503 3534 capillatum,
2527 3476 2618 3522 aut
2650 3467 2993 3522 circumdatio
3007 3469 3145 3533 auri,
3169 3479 3260 3522 aut
3279 3468 3563 3522 indumenti
3586 3469 3752 3521 testi-

2159 3566 2451 3611 mentorum
2473 3558 2679 3624 cultus;
2705 3559 2795 3613 sed
2822 3560 2911 3630 qui
2933 3561 3218 3615 absconsus
3247 3561 3420 3615 cordis
3451 3569 3528 3614 est
3562 3561 3750 3623 homo,

2158 3647 2215 3701 in
2237 3647 2727 3719 incorruptibilitate
2761 3650 2922 3720 quieti
2956 3660 3004 3705 et
3044 3651 3264 3705 modesti
3315 3652 3557 3723 spiritus,
3609 3652 3751 3722 quod

2158 3749 2234 3794 est
2264 3739 2318 3794 in
2342 3751 2617 3811 conspectu
2637 3741 2735 3797 Dei
2758 3742 2990 3814 locuples
3023 3741 3075 3816 (Ι
3099 3740 3246 3797 Petr.
3289 3758 3372 3809 ιιι,
3404 3743 3481 3814 1).
3507 3743 3674 3798 Dicat
3701 3752 3750 3798 et

2160 3832 2296 3888 alius
2349 3834 2620 3905 apostolus
2671 3836 2862 3891 beatus
2915 3834 3132 3902 Paulus,
3177 3836 3268 3906 qui
3297 3835 3365 3890 ad
3396 3835 3750 3891 Timotheum

2158 3924 2405 3980 scribens
2432 3926 2762 3997 episcopum,
2792 3929 2981 3983 eadem
3025 3929 3091 3983 de
3134 3926 3370 3984 ﬁdelium
3411 3927 3749 3984 feminarum

2158 4017 2443 4088 disciplina
2465 4026 2720 4074 testatur:
2741 4019 2987 4076 Mulieres
3016 4020 3255 4083 similiter
3271 4023 3324 4074 in
3343 4020 3529 4074 habitu
3552 4033 3744 4076 ornate

2159 4125 2278 4163 cum
2301 4111 2610 4164 verecundia
2637 4120 2686 4166 et
2706 4112 3002 4178 sobrietate,
3032 4120 3275 4167 ornantes
3297 4129 3375 4178 se,
3408 4129 3518 4167 non
3536 4115 3750 4168 intortis

2158 4201 2412 4265 crinibus,
2437 4211 2528 4258 aut
2550 4220 2700 4269 auro,
2734 4213 2824 4258 aut
2850 4206 3172 4276 margaritis,
3203 4213 3293 4259 aut
3320 4214 3460 4259 veste
3479 4210 3748 4276 pretiosa;

2158 4293 2249 4348 sed
2271 4295 2411 4366 quod
2437 4295 2581 4349 decet
2631 4295 2872 4350 mulieres
2923 4299 3278 4366 promittentes
3316 4298 3622 4352 castitatem
3662 4316 3751 4370 per

2161 4383 2346 4438 bonam
2373 4385 2811 4439 conversationem
2839 4385 2893 4457 (Ι
2915 4385 3051 4441 Tim.
3084 4403 3144 4454 ll,
3171 4387 3248 4460 9).

2231 4473 2340 4530 Sed
2367 4473 2594 4530 forsitan
2624 4475 2757 4531 dicis
2788 4496 2800 4530 :
2827 4475 2937 4532 Cur
2959 4478 3074 4534 haec
3103 4479 3292 4539 iisdem
3318 4485 3555 4552 apostoli
3577 4484 3749 4555 virgi—

2162 4563 2321 4618 nibus
2347 4580 2454 4620 non
2473 4566 2781 4636 jusserunt?
2808 4567 2942 4636 Quia
2988 4585 3096 4625 non
3135 4573 3506 4627 necessarium
3522 4573 3748 4643 judica-

2161 4654 2293 4710 bant
2326 4675 2338 4710 :
2368 4671 2436 4711 ne
2462 4656 2584 4712 talis
2609 4657 2908 4729 virginibus
2936 4663 3284 4719 commonitio
3328 4665 3518 4734 potius
3549 4666 3752 4734 injuria

2161 4761 2322 4817 quam
2362 4748 2668 4804 emendatio
2715 4751 3024 4808 videretur?
3065 4753 3173 4811 Sed
3221 4769 3325 4811 nec
3363 4771 3460 4812 eas
3503 4774 3746 4828 unquam

2161 4846 2326 4893 tantae
2346 4839 2665 4896 temeritatis
2691 4841 2804 4898 fore
2833 4844 3207 4914 credidissent,
3231 4855 3293 4903 ut
3317 4863 3387 4904 ne
3413 4851 3600 4921 nuptis
3635 4851 3756 4923 qui-

2161 4929 2284 4984 dem
2312 4944 2570 4985 concessa
2600 4932 2836 4988 carnalia
2865 4945 3188 4992 ornamenta
3215 4950 3271 4993 et
3297 4948 3517 4996 terrena
3548 4958 3756 5012 prasa-

2160 5030 2394 5078 merent.
2447 5021 2654 5079 Revera
2696 5041 2892 5090 ornare
2920 5043 2978 5083 se
3019 5038 3073 5084 et
3099 5045 3430 5101 componere
3479 5035 3639 5106 virgo
3662 5035 3756 5088 de—

2161 5115 2253 5170 bet
2285 5130 2300 5168 :
2329 5121 2456 5170 nam
2485 5118 2752 5188 quomodo
2773 5135 2972 5190 sponso
3007 5136 3106 5177 suo
3148 5123 3364 5193 placere
3392 5129 3617 5196 poterit,
3641 5128 3750 5181 nisi

2162 5207 2459 5275 composita
2489 5215 2544 5262 et
2570 5217 2761 5264 ornata
2783 5213 3143 5280 processerit?
3167 5213 3404 5271 Ornetur
3441 5216 3624 5288 plane,
3649 5218 3748 5272 sed

2161 5297 2512 5355 interioribus
2538 5303 2894 5368 ornamentis,
2927 5312 2981 5359 et
3007 5306 3328 5375 spiritaliter
3371 5324 3480 5363 non
3513 5309 3754 5365 carnali-

2161 5399 2246 5447 ter
2270 5401 2624 5463 componatur
2662 5411 2676 5448 :
2699 5395 2825 5464 quia
2852 5395 2993 5451 Deus
3019 5412 3126 5452 non
3152 5399 3395 5468 corporis
3422 5399 3522 5454 sed
3547 5401 3753 5454 animm

2161 5483 2408 5539 decorem
2436 5485 2490 5538 in
2511 5483 2602 5539 illa
2629 5486 2953 5541 considerat.
3009 5485 3151 5558 Ergo
3213 5495 3268 5541 et
3293 5497 3370 5554 tu,
3399 5503 3752 5559 quaecunque

2160 5576 2396 5630 animam
2432 5586 2579 5632 tuam
2602 5593 2632 5631 a
2655 5576 2768 5632 Deo
2789 5577 2934 5648 diligi
2962 5585 3016 5633 et
3037 5578 3330 5633 inhabitari
3369 5581 3752 5650 concupiscis.

2159 5670 2304 5724 omni
2329 5685 2448 5724 eam
2467 5669 2743 5741 diligentia
2773 5685 3054 5744 compone,
3078 5679 3134 5725 et
3181 5671 3558 5740 spiritualibus
3582 5671 3754 5726 indu-

2161 5761 2361 5825 mentis
2381 5777 2604 5820 exorna.
2633 5761 2774 5819 Nihil
2794 5761 2858 5836 in
2901 5777 2966 5819 ca
2996 5762 3344 5835 dedecorum,
3365 5763 3505 5822 nihil
3528 5763 3748 5822 fmdum
