3972 6328
175 315 258 370 68l
605 313 836 372 cousx
873 281 1328 372 REGULABUM.
1369 309 1740 369 APPENDIX.
1781 308 2090 369 amour.
2133 309 2225 366 an
2263 308 2570 368 nona-cn.
2609 311 2702 368 er
2737 309 2924 369 vmc.

3287 317 3400 373 682

171 437 416 503 appareat.
451 428 811 498 Resplendeat
833 444 967 484 auro
1006 429 1250 500 iustitia,
1296 430 1522 498 gemmis
1559 427 1723 485 reful-
1748 425 2027 490 Aveniat,
2060 439 2219 481 nemo
2258 433 2312 480 te
2357 424 2533 482 fallaci
2578 441 2825 483 sermone
2874 428 3113 485 seducat.
3151 428 3268 486 Non
3293 434 3400 489 nisi

169 533 277 596 geat
291 523 606 587 sanctitatis,
632 538 695 577 ac
714 503 1107 592 pretiosissimo
1128 523 1399 593 pudicitia
1420 524 1715 593 margarita

166 623 408 671 coruscet.
439 613 544 668 Pro
565 617 727 685 bysso
755 622 810 668 et
831 617 1026 680 serico,
1060 616 1443 672 misericordia
1473 625 1527 672 et
1545 617 1715 686 pieta-

164 708 230 763 tis
255 708 418 762 tunica
443 708 740 774 vestiatur;
790 711 1087 763 secundum
1113 709 1257 778 quod
1281 711 1545 781 scriptum
1587 718 1671 764 est
1696 727 1709 764 :

162 795 353 852 Induite
399 813 520 866 ergo
552 813 659 862 vos,
707 797 840 851 sicut
887 796 1033 852 electi
1078 798 1195 863 Dei,
1244 799 1414 853 sancti
1439 810 1484 853 et
1516 800 1712 865 dilecti,

160 892 333 945 viscera
358 889 754 955 misericordia,
788 890 1177 959 benignitatem,
1218 890 1582 955 humilitatem,
1608 900 1711 946 etc.

159 977 282 1050 (Col.
305 995 378 1044 111,
409 978 517 1051 12).
550 978 618 1033 Et
645 995 754 1034 non
804 980 1052 1034 decorem
1097 995 1333 1036 cerussa
1373 989 1465 1034 aut
1491 981 1716 1037 alterius

154 1071 392 1141 pigmenti
435 1079 660 1140 quarat,
714 1071 808 1124 sed
868 1071 1191 1126 innocentia
1240 1088 1306 1127 ac
1350 1073 1716 1143 simplicitatis

153 1159 421 1215 candorem
452 1161 668 1215 habeat.
719 1159 956 1215 Roseum
1009 1161 1346 1216 verecundia
1393 1162 1630 1218 colorem
1661 1170 1717 1217 et

151 1267 460 1323 purpureum
502 1253 718 1307 ruboris
761 1251 1092 1322 pudorisque
1141 1253 1436 1321 possideat.
1491 1251 1713 1308 Caelesti

152 1343 380 1398 abluatur
418 1344 564 1399 nitro
626 1344 907 1409 doctrina,
963 1352 1019 1398 et
1067 1344 1320 1399 lamentis
1377 1345 1712 1413 spiritalibus

152 1433 472 1489 emundetur.
501 1433 656 1488 Nulla
683 1436 736 1488 in
759 1449 822 1489 ca
846 1435 1085 1501 malitia,
1104 1435 1252 1489 nulla
1276 1435 1473 1490 diaboli
1500 1436 1712 1492 macula

151 1524 502 1595 relinquatur;
536 1534 591 1580 et
616 1541 684 1579 ne
714 1527 929 1594 quando
950 1526 1090 1580 male
1128 1528 1370 1582 redoleat
1395 1529 1562 1583 odore
1588 1543 1712 1598 pec-

147 1616 266 1680 cati,
293 1625 562 1688 unguento
593 1617 930 1672 suavissima
956 1618 1234 1688 sapientia:
1255 1626 1309 1673 et
1334 1619 1575 1674 scientia
1594 1635 1714 1690 per-

142 1707 400 1763 fundatur.

207 1799 514 1869 Hujusmodi
539 1800 682 1856 Deus
709 1802 906 1871 quarit
934 1810 1208 1866 ornatum,
1232 1811 1287 1857 et
1321 1802 1558 1857 animam
1581 1803 1707 1857 tali-
1735 1787 1784 1847 B

142 1902 222 1950 ter
242 1894 588 1964 compositam
619 1896 976 1965 concupiscit.
1031 1895 1299 1950 Memento
1328 1905 1380 1950 te
1422 1896 1519 1950 Dei
1549 1897 1716 1951 ﬁliam

141 1984 240 2039 dici
254 1984 538 2039 secundum
559 1984 701 2054 quod
717 1985 792 2038 ait
811 2003 824 2039 :
842 1986 1002 2050 Audi,
1017 1985 1155 2054 filia,
1176 1995 1221 2038 et
1244 1986 1354 2039 vide
1371 1983 1542 2054 (Psal.
1566 2001 1713 2052 xuv,

139 2075 246 2146 11).
277 2074 378 2130 Sed
405 2083 460 2129 et
487 2084 542 2129 tu
568 2076 682 2146 ipsa
713 2076 1142 2144 quotiescunque
1170 2077 1338 2130 Deum
1366 2076 1584 2130 Patrem
1614 2092 1712 2131 no-

137 2165 440 2230 minas,Dei
467 2176 516 2221 te
543 2166 704 2220 ﬁliam
727 2181 848 2221 esse
879 2167 1114 2221 testaris.
1145 2167 1285 2237 Ergo
1306 2166 1348 2220 si
1378 2167 1472 2220 Dei
1499 2166 1604 2220 ﬁlia
1633 2181 1712 2233 es,

129 2258 256 2312 vide
286 2273 350 2312 ne
371 2259 499 2328 quid
526 2273 715 2312 eorum
743 2258 909 2313 facias
931 2275 1051 2328 qua
1094 2259 1203 2314 Deo
1230 2258 1374 2312 Patri
1413 2259 1712 2330 incongrua

126 2347 279 2400 sint:
310 2349 399 2402 sed
436 2362 534 2418 age
554 2349 734 2402 omnia
763 2349 916 2417 quasi
951 2348 1059 2402 ﬁlia
1091 2349 1206 2402 Dei.
1256 2349 1533 2418 Cognosce
1580 2364 1714 2420 quo-

123 2437 291 2492 modo
320 2438 476 2508 hujus
504 2440 682 2494 saculi
711 2441 971 2494 nobilium
1017 2441 1140 2495 ﬁlia
1168 2457 1227 2496 se
1280 2451 1494 2512 gerant,
1518 2445 1714 2512 quibus

126 2537 445 2582 assuescant
493 2530 756 2595 moribus,
801 2530 1064 2599 quibusve
1119 2547 1177 2586 se
1226 2532 1524 2602 disciplinis
1552 2534 1712 2588 insti-

126 2629 301 2675 tuant.
329 2620 497 2674 Tanta
528 2622 847 2690 quibusdam
878 2624 1203 2678 verecundia
1227 2633 1330 2690 est,
1358 2633 1507 2680 tanta
1537 2627 1714 2696 gravi-

126 2720 234 2775 tas,
286 2719 433 2765 tanta
487 2713 772 2779 modestia,
805 2723 865 2768 ut
893 2724 1209 2771 caterorum
1239 2718 1517 2773 hominum
1550 2720 1712 2775 ritum

125 2804 330 2858 intuitu
361 2805 612 2859 humana
640 2806 993 2878 ingenuitatis
1019 2810 1278 2864 excedant
1312 2829 1323 2863 :
1356 2819 1412 2865 et
1447 2826 1515 2866 ne
1550 2826 1712 2880 quam

123 2897 370 2953 honestis
413 2899 729 2967 parentibus
777 2901 890 2955 suis
918 2916 1016 2971 per
1061 2900 1268 2970 lapsum
1293 2919 1448 2958 suum
1478 2902 1714 2958 infamia

119 2988 349 3042 inurant
372 2998 581 3055 notam,
612 2990 840 3044 alteram
869 2992 971 3046 sibi
1002 2994 1400 3063 quodammodo
1426 2995 1568 3049 inter
1612 2997 1711 3050 ho-

116 3078 304 3134 mines
335 3081 742 3137 consuetudinis
771 3083 1025 3139 studeant
1053 3083 1233 3142 faccre
1261 3095 1529 3141 naturam.
1559 3087 1626 3142 Et
1657 3095 1712 3141 tu

1818 525 2038 571 sanctos
2072 525 2126 571 et
2143 517 2320 586 justos
2347 526 2402 573 et
2430 519 2704 589 simplices
2731 528 2784 575 et
2814 519 3129 578 innocentes
3157 531 3210 577 et
3237 539 3404 594 puros

1817 608 2057 663 caelestis
2083 609 2202 664 aula
2249 611 2521 681 suscipiet.
2563 611 2778 666 Nullum
2833 614 2974 682 apud
3022 614 3190 668 Deum
3240 616 3406 672 habet

1817 700 2023 754 malitia
2070 701 2265 756 locum.
2317 702 2400 756 Ab
2430 704 2577 758 omni
2620 703 2857 772 nequitia
2882 712 2936 758 et
2982 703 3105 760 dolo
3140 707 3401 762 mundum

1815 806 1936 847 esse
1961 807 2184 848 necesse
2230 802 2334 860 est,
2367 795 2460 864 qui
2509 795 2658 865 cupit
2709 810 2937 866 regnare
2985 811 3107 850 cum
3159 795 3401 854 Christo.

1814 881 1961 938 Nihil
1993 891 2103 937 tam
2149 885 2504 951 contrarium,
2539 885 2672 940 nihil
2722 894 2831 938 tam
2891 887 3221 942 exsecrabile
3269 886 3397 954 Deo,

1814 988 1978 1043 quam
2007 973 2242 1043 aliquem
2287 975 2491 1040 odisse,
2547 975 2796 1046 aliquem.
2822 976 2959 1031 velle
3010 977 3238 1045 ladere;
3267 979 3402 1034 nihil

1814 1071 1925 1118 tam
1964 1064 2264 1134 probabile,
2295 1080 2459 1135 quam
2484 1081 2672 1120 omnes
2722 1082 2923 1121 amare.
2953 1065 3103 1133 Quod
3131 1067 3403 1139 Propheta

1813 1157 1995 1211 sciens
2017 1165 2251 1211 testatur
2280 1158 2466 1212 dicens
2501 1176 2514 1212 :
2545 1158 2648 1224 Qui
2677 1158 2896 1229 diligitis
2935 1158 3237 1228 Dominum,
3267 1162 3405 1216 odite

1811 1248 2012 1303 malum
2037 1248 2213 1321 (Psal.
2243 1267 2385 1315 xcvr,
2427 1250 2538 1322 10).

1886 1340 2023 1396 Vide
2046 1357 2115 1396 ne
2138 1341 2190 1395 in
2215 1341 2396 1410 aliquo
2425 1342 2719 1396 humanam
2745 1342 2972 1412 gloriam
3005 1334 3229 1413 diligas;
3258 1357 3326 1398 ne
3347 1349 3404 1397 et

1811 1439 1902 1485 tua
1926 1431 2067 1486 inter
2089 1431 2210 1486 illos
2229 1433 2406 1502 portio
2436 1441 2796 1501 computetur,
2823 1433 3019 1503 quibus
3041 1433 3247 1488 dictum
3275 1440 3360 1487 est
3384 1449 3398 1486 :

1814 1521 2090 1587 Quomodo
2141 1539 2230 1576 vos
2275 1524 2489 1593 potestis
2523 1525 2754 1588 credere,
2803 1524 3025 1593 gloriam
3065 1524 3129 1578 ab
3181 1525 3404 1578 invicem

1811 1615 2097 1684 qttterentes
2121 1613 2302 1684 (Joan.
2328 1630 2380 1680 v,
2404 1614 2532 1682 44)?
2572 1615 2637 1667 Et
2659 1614 2726 1668 de
2747 1615 2940 1683 quibus
2959 1629 3058 1682 per
3082 1615 3405 1684 prephetam

1812 1702 2008 1756 dicitur
2043 1721 2055 1756 :
2089 1705 2233 1774 Auge
2281 1706 2355 1758 eis
2388 1711 2554 1770 mala,
2603 1721 2734 1773 auge
2783 1708 2924 1757 male
2961 1703 3204 1774 gloriosis
3251 1714 3407 1758 terra

1815 1792 1950 1863 (Isa.
2007 1794 2154 1864 xcv).
2202 1795 2439 1849 Etalibi
2482 1813 2509 1847 ει
2551 1792 2951 1864 Confundimini
3007 1810 3040 1846 a
3090 1793 3406 1863 gloriatione

1818 1892 2014 1949 vestra,
2067 1884 2130 1937 ab
2160 1885 2435 1954 opprobrio
2482 1886 2536 1938 in
2584 1896 2857 1955 conspectu
2906 1884 3026 1938 Dei.
3076 1883 3212 1940 Nolo
3260 1884 3408 1941 enim

1820 1974 1939 2029 illas
1957 1975 2240 2044 respicias,
2271 1991 2392 2044 qua
2414 1977 2594 2030 saculi
2624 1992 2728 2031 non
2753 1976 2959 2032 Christi
2990 1986 3117 2032 sunt
3136 1977 3406 2048 virgines;

1819 2081 1937 2135 qua
1960 2066 2222 2135 propositi
2246 2053 2328 2120 sui
2350 2075 2404 2120 et
2427 2067 2778 2137 professionis
2805 2069 3151 2123 immemores
3174 2068 3412 2138 gaudent

1817 2156 1872 2210 in
1897 2156 2124 2222 deliciis,
2150 2157 2206 2210 in
2236 2158 2431 2226 opibus
2459 2159 2818 2223 delectantur,
2849 2167 2904 2212 et
2951 2174 3227 2228 corporea
3255 2157 3410 2214 nobi-

1818 2242 1988 2298 litatis
2013 2245 2222 2315 origine
2252 2246 2609 2300 delectantur.
2643 2248 2773 2314 Qua
2795 2248 2837 2300 si
2872 2247 3114 2316 profecto
3141 2247 3238 2300 Dei
3260 2247 3404 2304 filias

1819 2351 1875 2390 se
1898 2349 2019 2390 esse
2045 2337 2356 2402 crederent,
2382 2353 2658 2406 nunquam
2686 2347 2808 2408 post
2835 2338 3049 2392 divinos
3069 2339 3281 2392 natales
3309 2353 3411 2392 no-

1814 2428 2083 2484 bilitatem
2116 2429 2521 2482 admirarentur
2543 2430 2858 2494 humanam,
2914 2444 3015 2483 nec
3043 2429 3410 2500 gloriarentur

1817 2521 1872 2575 in
1895 2529 2053 2590 patre
2074 2519 2315 2588 quolibet
2358 2520 2626 2573 honorato
2653 2537 2666 2572 :
2700 2519 2744 2573 si
2775 2517 2992 2572 Patrem
3025 2518 3199 2572 Deum
3225 2534 3285 2574 se
3314 2519 3412 2572 ba-

1819 2613 1952 2668 bere
1981 2613 2270 2673 sentirent,
2300 2611 2634 2665 nobilitatem
2655 2611 2834 2664 carnis
2859 2624 2965 2664 non
2984 2619 3250 2664 amarent.
3269 2608 3410 2677 Quid

1815 2705 1915 2760 tibi
1968 2707 2020 2759 in
2070 2705 2286 2774 generis
2335 2703 2618 2759 nobilitate
2660 2703 2944 2768 blandiris,
2975 2710 3032 2756 et
3071 2701 3410 2772 complaces?

1815 2797 1960 2852 Duos
1983 2797 2234 2852 homines
2264 2795 2396 2850 fecit
2416 2795 2484 2849 ab
2509 2796 2731 2849 exordio
2756 2795 2915 2859 Deus,
2935 2809 3002 2848 ex
3024 2793 3221 2862 quibus
3246 2793 3412 2848 totius

1815 2889 2036 2960 generis
2064 2887 2285 2942 humani
2323 2887 2457 2940 silva
2481 2886 2758 2941 descendit
2791 2903 2804 2939 :
2847 2885 3178 2939 mundanam
3207 2883 3408 2938 nobili-

1816 2990 1984 3037 tatem
2009 2995 2116 3035 non
2148 2987 2358 3033 natura
2405 2981 2629 3047 aquilas
2660 2977 2930 3048 prastitit,
2965 2975 3058 3030 sed
3099 2975 3412 3044 cupiditatis

1817 3073 2060 3129 ambitio.
2110 3071 2272 3128 Certe
2314 3085 2502 3126 omnes
2555 3085 2650 3139 per
2681 3069 2848 3122 divini
2877 3067 3076 3122 lavacri
3106 3067 3412 3137 generatio-

115 3189 260 3244 ergo
281 3174 546 3246 originem
574 3184 722 3231 tuam
757 3179 991 3248 respice,
1019 3195 1185 3250 genus
1221 3181 1454 3246 intuere,
1485 3183 1708 3251 gloriam

1820 3183 1936 3222 nem
1969 3165 2205 3236 aequales
2231 3163 2516 3227 ellicimur,
2539 3173 2595 3217 et
2622 3162 2768 3216 nulla
2791 3163 2934 3216 inter
2972 3177 3066 3216 eos
3090 3169 3268 3231 potest
3289 3176 3412 3217 esse

115 3265 430 3321 nobilitatis
452 3268 675 3323 adverte
707 3287 720 3322 :
750 3285 983 3339 agnosce
1007 3280 1059 3325 te
1082 3287 1185 3325 non
1213 3273 1466 3337 hominis,
1496 3273 1588 3326 sed
1613 3273 1710 3328 Dei

113 3356 315 3424 ﬁliam,
350 3366 406 3414 et
454 3359 648 3415 divina
696 3361 994 3416 nativitatis
1044 3363 1321 3418 nobilitate
1376 3365 1707 3419 decoratam.

110 3447 206 3503 Ita
237 3455 291 3502 te
319 3449 535 3515 exhibe,
556 3457 618 3504 ut
647 3451 702 3504 in
732 3460 784 3506 te
814 3451 1053 3506 etelcstis
1095 3454 1352 3507 nativitas
1399 3463 1603 3522 pateat,
1659 3463 1713 3510 et

114 3541 443 3611 ingenuitas
465 3543 640 3598 divina
668 3543 954 3598 clarescat.
986 3543 1070 3598 Sit
1108 3545 1162 3597 in
1195 3553 1246 3597 te
1292 3561 1428 3599 nova
1453 3547 1712 3614 gravitas,

113 3633 392 3687 honestas
416 3632 763 3698 admirabilis,
795 3633 1060 3703 stupenda
1084 3637 1426 3700 verecundia,
1456 3636 1592 3688 mira
1621 3651 1718 3705 pa—

114 3721 346 3787 tientia,
372 3723 647 3794 virginalis
674 3725 938 3790 incessus,
968 3734 1022 3780 et
1070 3741 1214 3780 vera
1251 3727 1522 3796 pudicitia:
1568 3728 1718 3782 habi-

113 3823 243 3879 tus,
274 3824 329 3870 et
363 3831 542 3872 sermo
583 3832 798 3887 semper
837 3818 1136 3881 modestus,
1169 3826 1225 3872 et
1271 3832 1368 3872 suo
1396 3818 1450 3873 in
1477 3827 1718 3887 tempore

111 3905 487 3978 proferendus
520 3917 621 3963 :ut
661 3910 904 3980 quisquis
950 3918 1003 3964 te
1053 3910 1271 3975 viderit,
1320 3910 1618 3966 admiretur
1663 3919 1719 3966 et

113 3997 282 4053 dicat
313 4016 326 4052 :
358 3999 488 4067 Qua
523 4000 641 4055 hac
687 4016 839 4056 nova
865 4002 1005 4056 inter
1032 4002 1281 4057 homines
1311 4005 1594 4075 gravitatis
1617 4020 1717 4074 pa-

108 4093 323 4148 tientia
354 4094 472 4147 est?
496 4109 615 4162 qua
637 4095 856 4164 pudoris
885 4096 1244 4151 verecundia?
1271 4111 1391 4165 qua
1418 4097 1718 4152 honestatis

106 4183 435 4240 modestia?
486 4199 606 4253 qua
652 4185 939 4240 maturitas
985 4185 1296 4256 sapientia?
1343 4184 1460 4240 Non
1490 4196 1572 4241 est
1613 4187 1718 4242 ista

105 4278 371 4332 humana
413 4276 704 4345 institutio,
736 4293 838 4333 nec
881 4277 1168 4348 disciplina
1195 4279 1418 4334 moralis
1451 4297 1463 4331 :
1497 4279 1719 4335 caleste

101 4369 264 4425 mihi
290 4369 495 4439 aliquid
535 4370 588 4424 in
623 4377 839 4425 terreno
865 4385 1094 4441 corpore
1141 4370 1364 4425 redolet.
1395 4369 1532 4426 Puto
1576 4371 1720 4440 quod

98 4457 342 4516 habitet
392 4460 447 4513 in
497 4459 818 4529 quibusdam
861 4460 1170 4516 hominibus
1209 4461 1371 4515 Deus.
1418 4461 1634 4515 Etcum
1665 4469 1717 4516 te

95 4549 334 4605 Christi
373 4549 629 4604 famulam
683 4565 803 4606 esse
843 4551 1175 4621 cognoverit,
1234 4550 1442 4620 majore
1495 4560 1716 4622 stupore

91 4639 429 4705 tenebitur,
447 4648 502 4695 et
529 4640 789 4712 cogitabit
814 4641 990 4711 qualis
1015 4642 1104 4698 ille
1149 4643 1220 4698 sit
1256 4643 1538 4710 Dominus,
1565 4644 1719 4715 cujus

84 4729 251 4785 talis
281 4730 478 4785 ancilla
505 4738 608 4786 est.

189 4819 255 4874 Si
286 4821 371 4876 vis
401 4837 532 4893 ergo
557 4837 678 4879 esse
705 4839 828 4880 cum
855 4823 1093 4888 Christo,
1141 4833 1197 4880 et
1250 4834 1464 4896 partem
1513 4827 1716 4882 habere

79 4929 246 4970 cum
275 4912 520 4979 Christo,
557 4914 759 4971 Christi
794 4915 891 4969 tibi
919 4915 1166 4986 exemplo
1185 4917 1477 4972 vivendum
1497 4927 1598 4980 est,
1621 4916 1716 4987 qui

74 5009 176 5064 ab
210 5006 377 5060 omni
400 5006 605 5061 malitia
630 5015 683 5062 et
705 5006 946 5074 nequitia
972 5006 1045 5060 ita
1076 5005 1177 5060 fuit
1195 5015 1507 5074 extraneus,
1534 5017 1714 5063 utnec

73 5099 372 5159 inimicis
401 5099 620 5169 quidem
647 5099 820 5154 vicem
849 5096 1118 5162 redderet,
1148 5098 1277 5167 quin
1302 5100 1481 5169 potius
1524 5106 1580 5153 et
1615 5114 1714 5169 pro

70 5190 254 5265 ipsis
278 5197 489 5245 oraret.
515 5190 652 5245 Nolo
666 5191 811 5244 enim
839 5205 933 5245 eas
949 5189 1158 5243 animas
1180 5189 1517 5247 Christianas
1531 5192 1718 5248 existi-

67 5298 258 5347 mes,
292 5296 420 5350 qua
453 5289 546 5336 aut
567 5281 764 5335 fratres
817 5290 910 5334 aut
940 5293 1156 5334 sorores
1190 5294 1296 5334 non
1323 5281 1444 5335 dico
1469 5281 1718 5348 oderunt,

67 5373 210 5431 sed
265 5388 402 5443 qua
449 5373 726 5443 proximos
751 5380 861 5427 toto
889 5373 1051 5427 corde
1073 5380 1128 5426 et
1175 5373 1505 5428 conscientia
1535 5389 1722 5430 coram

64 5469 206 5528 Dci
241 5468 572 5523 testimonio
601 5485 707 5523 non
740 5468 1001 5539 diligunt;
1025 5483 1148 5523 cum
1172 5467 1496 5523 Christianis
1520 5468 1722 5526 Christi

61 5557 490 5617 similitudine
516 5559 761 5614 inimicos
793 5560 958 5613 etiam
1009 5575 1194 5615 amare
1243 5575 1467 5615 necesse
1519 5562 1606 5616 sit.
1663 5562 1720 5619 Si

63 5657 454 5709 sanctorum
489 5650 642 5720 cupis
689 5650 891 5705 habere
943 5653 1298 5717 consortium,
1348 5668 1378 5706 a
1422 5652 1640 5708 malitia
1668 5663 1722 5709 et

57 5742 396 5814 nequitia
425 5742 661 5810 cogitatu
695 5750 883 5812 pectus
910 5743 1162 5799 emunda.
1210 5741 1380 5800 Nemo
1411 5754 1461 5801 te
1488 5745 1718 5801 circum-

550 5837 824 5898 Parant.
876 5837 1036 5916 c111.

1815 3259 2094 3324 discretLo,
2151 3273 2288 3327 quos
2352 3257 2611 3311 nativitas
2665 3256 2900 3309 secunda
2959 3253 3266 3325 generavit;
3313 3267 3413 3323 per

1815 3367 1979 3421 quam
2005 3359 2112 3404 tam
2143 3350 2294 3404 dives
2329 3362 2490 3418 quam
2514 3362 2741 3417 pauper,
2777 3356 2886 3400 tam
2928 3345 3065 3400 liber
3104 3361 3267 3415 quam
3290 3358 3408 3399 ser-

1812 3457 1934 3506 vus,
1970 3451 2083 3494 tam
2123 3441 2320 3495 nobilis
2362 3453 2525 3509 quam
2561 3437 2814 3507 ignobilis
2849 3437 2942 3490 Dei
2977 3436 3204 3490 efﬁcitur
3233 3435 3406 3502 ﬁlius;

1819 3542 1874 3587 et
1900 3541 2114 3586 terrena
2145 3531 2400 3586 nobilitas
2420 3530 2707 3601 splendore
2741 3529 2981 3584 caelestis
3003 3529 3187 3599 gloria
3215 3528 3408 3583 adum-

1817 3623 2033 3688 bratur,
2061 3630 2116 3677 et
2144 3636 2412 3690 nusquam
2436 3620 2657 3675 omnino
2675 3620 2790 3688 jam
2819 3626 3096 3688 comparet
3119 3636 3131 3671 :
3165 3618 3292 3672 dum
3316 3617 3412 3686 qui

1817 3723 1966 3768 retro
1992 3715 2047 3768 in
2077 3712 2428 3768 sacularibus
2450 3710 2748 3766 honoribus
2781 3709 3017 3779 impares
3043 3707 3277 3774 fuerant,
3300 3721 3413 3762 ete-

1820 3809 1975 3864 lestis
1989 3817 2046 3862 et
2065 3808 2259 3863 divina
2279 3804 2581 3860 nobilitatis
2602 3803 2773 3872 gloria
2787 3801 3070 3873 aqualiter
3083 3801 3408 3856 vestiuntur.

1821 3898 2014 3954 Nullus
2032 3898 2145 3967 jam
2175 3894 2502 3967 ignobilitati
2529 3894 2700 3958 locus,
2723 3907 2824 3947 nec
2844 3892 3077 3962 degener
3118 3891 3408 3961 quisquam

1817 4001 1925 4059 est,
1957 4006 2117 4061 quem
2155 3990 2352 4045 divina
2380 3987 2681 4043 nativitatis
2724 3986 3026 4041 sublimitas
3074 3991 3253 4049 ornat,
3306 3982 3412 4038 nisi

1817 4089 1962 4158 apud
1983 4087 2126 4150 illos,
2158 4085 2249 4154 qui
2281 4099 2387 4138 non
2412 4090 2601 4152 putant
2645 4080 2899 4136 humanis
2921 4078 3164 4134 calestia
3202 4092 3412 4148 prapo-

1817 4177 1993 4232 nenda
2020 4195 2033 4230 :
2067 4183 2160 4230 aut
2187 4175 2234 4229 si
2260 4180 2474 4244 putant,
2503 4188 2668 4244 quam
2688 4187 2885 4226 vanum
2913 4180 3018 4236 est,
3043 4177 3103 4223 ut
3127 4184 3186 4224 se
3218 4168 3324 4223 illis
3356 4167 3411 4222 in

1819 4267 2120 4322 minoribus
2168 4265 2483 4336 praferant,
2515 4279 2652 4335 quos
2689 4264 2791 4318 sibi
2836 4263 2892 4318 in
2936 4261 3230 4329 majoribus
3252 4275 3412 4330 pares

1819 4363 2018 4427 sciunt,
2035 4371 2091 4416 et
2112 4361 2266 4431 quasi
2292 4360 2432 4415 infra
2464 4375 2522 4414 se
2547 4359 2753 4430 positos
2782 4358 2838 4434 in
2881 4365 3028 4411 terra
3076 4353 3408 4418 existiment,

1819 4469 1956 4525 quos
1975 4453 2077 4508 sibi
2108 4451 2344 4521 aequales
2373 4451 2428 4505 in
2472 4449 2788 4505 calestibus
2817 4446 3076 4502 credunt?
3111 4445 3192 4499 Tu
3230 4451 3413 4498 autem

1821 4561 2156 4618 quacunque
2203 4544 2427 4609 Christi,
2476 4559 2582 4598 non
2631 4541 2814 4597 saculi
2857 4540 3010 4610 virgo
3063 4553 3146 4606 es,
3192 4551 3412 4594 omnem

1818 4639 2105 4712 prasentis
2125 4646 2249 4691 Vita
2274 4636 2502 4706 gloriam
2556 4633 2702 4705 fuge,
2725 4640 2787 4687 ut
2822 4647 2944 4687 eam
2989 4646 3112 4702 qua
3139 4631 3195 4686 in
3224 4629 3410 4687 futuro

1818 4730 2157 4803 promittitur
2183 4726 2566 4797 consequaris.
2620 4794 2622 4796 ν

1891 4821 2308 4878 Contentionum
2333 4818 2519 4884 verba,
2550 4825 2606 4873 et
2631 4817 2995 4874 animositatis
3015 4831 3209 4873 causas
3232 4815 3408 4881 evita;

1821 4915 2215 4970 discordiarum
2229 4926 2444 4983 quoque
2469 4919 2523 4967 et
2539 4911 2715 4966 litium
2739 4912 3054 4967 occasiones
3074 4906 3408 4980 subterfuge.

1821 5006 1958 5061 Nam
1988 5006 2056 5073 si,
2097 5004 2253 5074 juxta
2298 5003 2542 5073 Apostoli
2584 5003 2906 5068 doctrinam,
2949 5000 3166 5057 Servum
3196 4998 3412 5053 Domini

1822 5099 2029 5170 litigare
2068 5114 2173 5152 non
2200 5105 2400 5167 oportet
2455 5095 2541 5168 (11
2586 5095 2721 5150 Tim.
2755 5111 2815 5160 11,
2855 5091 2981 5165 24),
3009 5098 3211 5162 quanto
3237 5089 3413 5159 magis

1824 5191 1921 5246 Dei
1947 5188 2231 5244 ancillam?
2259 5188 2414 5258 cujus
2439 5202 2549 5256 quo
2578 5185 2936 5242 verecundior
2965 5190 3052 5238 est
3073 5195 3260 5247 sexus,
3287 5179 3410 5236 ani-

1826 5297 1950 5338 mus
1977 5281 2138 5336 debet
2177 5293 2297 5334 esse
2345 5278 2662 5334 modestior.
2714 5275 2978 5348 Linguam
3022 5289 3055 5328 a
3098 5272 3412 5344 maliloquio

1829 5374 2044 5439 cohibe,
2071 5379 2126 5428 et
2148 5371 2230 5426 ori
2265 5378 2358 5426 tuo
2402 5369 2617 5425 frenum
2643 5368 2776 5439 legis
2818 5367 3065 5438 impone,
3098 5372 3160 5420 ut
3186 5372 3333 5432 tunc,
3364 5364 3411 5421 si

1828 5465 1973 5521 forte
1996 5464 2257 5534 loquaris,
2281 5461 2497 5532 quando
2523 5468 2705 5516 tacere
2723 5466 3007 5530 peccatum
3036 5458 3129 5524 sit,
3175 5472 3308 5512 cave
3343 5471 3415 5513 ne

1830 5559 1959 5632 quid
1997 5557 2141 5629 quod
2169 5557 2225 5612 in
2271 5554 2749 5628 reprehensionem
2803 5551 2987 5608 veniat
3036 5551 3207 5607 dicas.
3251 5547 3415 5618 Lapis

1829 5654 2062 5709 emissus
2088 5659 2171 5707 est
2213 5665 2392 5706 sermo
2433 5647 2704 5719 prolatus;
2750 5651 3077 5717 quapropter
3121 5642 3213 5697 diu
3257 5647 3413 5695 ante-

1830 5762 1994 5818 quam
2016 5744 2323 5821 proferatur
2345 5742 2668 5816 cogitandus
2694 5751 2796 5799 est.
2828 5740 2996 5797 Beata
3038 5737 3237 5810 quippe
3273 5733 3416 5799 labia

2898 5834 2979 5898 22
