3972 6328
556 327 660 385 683

1560 320 1619 376 S.
1658 317 2028 376 BENEDICTI
2064 314 2357 374 ABBATIS
2394 314 2807 375 AMANENSIS

3732 325 3828 382 681

559 447 701 505 sunt,
756 453 879 513 qua:
928 452 1203 515 nunquam
1251 436 1395 509 quod
1445 449 1702 492 revocare
1749 434 1949 491 iterum
1985 433 2152 489 velint
2175 442 2230 504 Α
2254 433 2339 489 nis
2371 414 2540 490 oculis
2562 433 2843 504 indignum
2867 432 2962 500 sit,
3004 441 3100 489 aut
3155 433 3417 513 opereris,
3459 443 3553 493 aut
3611 441 3825 513 cogites.

557 532 834 588 emittunt.
858 530 1075 586 Pudicm
1096 528 1293 589 mentis
1318 542 1497 587 sermo
1524 526 1689 582 etiam
1728 525 1889 582 debet
1909 541 2029 583 esse
2045 539 2145 596 pu-

560 626 734 690 dicus,
776 625 1121 701 quisediﬁeet
1150 639 1365 695 semper
1402 624 1594 696 magis,
1644 638 1807 694 quam
1855 623 2143 697 aliquando

558 715 807 775 destruat
836 716 1135 782 audientes,
1166 715 1461 770 secundum
1500 714 1646 791 quod
1690 714 1947 789 praecepit
1998 712 2143 783 Apo-

559 809 731 865 stolus
751 810 936 869 dicens
965 827 977 863 :
1010 807 1191 863 Omnis
1224 824 1394 865 sermo
1440 806 1614 862 malus
1633 823 1697 861 ex
1723 823 1811 860 ore
1849 816 2016 862 uestro
2039 822 2144 865 non

552 901 807 977 procedat
830 914 849 954 .‘
875 901 966 956 sed
990 901 1037 955 si
1054 899 1173 972 quis
1198 899 1360 956 bonus
1384 898 1455 953 ad
1483 897 1883 971 wdiﬁcationem
1904 897 2055 969 ﬁdei,
2084 904 2144 950 ut

557 993 642 1048 det
662 994 894 1067 gratiam
922 991 1250 1049 audientibus
1277 990 1494 1063 (Ephes.
1522 1006 1596 1057 tv,
1627 989 1738 1061 29).
1764 990 2007 1046 Pretiosa
2032 990 2144 1053 Deo

556 1084 741 1158 lingua
768 1096 852 1143 est
868 1100 992 1158 quae
1019 1101 1128 1141 non
1157 1086 1275 1141 sine
1326 1084 1524 1140 divinis
1576 1084 1739 1140 rebus
1782 1083 1932 1140 novit
1977 1085 2144 1145 verba

556 1188 894 1245 construere,
923 1186 978 1234 et
1001 1188 1248 1235 sanctum
1271 1195 1334 1234 os
1360 1177 1758 1236 undectnlestia
1792 1194 2006 1255 semper
2026 1181 2141 1239 elo-

556 1273 684 1345 quia
739 1270 1110 1342 proferuntur.
1167 1272 1488 1335 Absentium
1543 1274 1941 1330 obtrectatores
1987 1274 2144 1346 quasi

555 1362 816 1432 malignos
837 1362 1133 1436 Scriptura:
1156 1366 1481 1421 auctoritate
1513 1364 1748 1432 deterre,
1783 1367 1910 1438 quia
1935 1366 2039 1422 hoc
2061 1365 2144 1421 in-

553 1460 637 1509 ter
653 1455 883 1513 virtutes
904 1456 1132 1526 perfecti
1160 1457 1397 1513 hominis
1440 1457 1714 1536 Propheta
1755 1467 2144 1519 commemorat

552 1544 725 1621 (Psal.
750 1564 865 1615 Juv,
896 1548 975 1621 5),
1010 1550 1054 1605 si
1082 1558 1209 1607 ante
1235 1558 1584 1620 conspectum
1612 1551 1751 1621 justi
1778 1551 2048 1623 malignus
2073 1552 2143 1611 ad

551 1635 784 1691 nihilum
807 1638 1126 1705 deducatur,
1182 1639 1274 1708 qui
1319 1650 1506 1695 contra
1535 1641 1842 1713 proximum
1880 1657 1987 1697 non
2016 1656 2143 1711 pro-

549 1727 731 1791 banda
760 1728 1071 1801 protulerit.
1103 1728 1219 1784 Non
1251 1728 1377 1785 licet
1396 1729 1493 1783 tibi
1520 1729 1744 1787 alterius
1788 1730 2141 1805 vituperatio-

549 1833 677 1877 nem
702 1819 971 1890 patienter
997 1821 1217 1887 audire;
1248 1822 1375 1891 quia
1423 1838 1525 1877 nec
1552 1822 1621 1884 ab
1650 1823 1771 1881 aliis
1795 1834 1949 1895 optas
1970 1826 2137 1896 recipi

551 1919 724 1973 tuam.
747 1907 1010 1981 lnjustum
1043 1914 1244 1984 quippe
1273 1901 1356 1969 est
1400 1915 1665 1985 quidquid
1717 1924 1908 1971 contra
1935 1914 2138 1977 Christi

550 1999 904 2071 Evangelium
950 2002 1117 2067 venit,
1153 2002 1196 2057 si
1246 2003 1399 2058 alteri
1448 2006 1592 2074 quod
1637 2005 1735 2060 tibi
1762 2006 1834 2061 ab
1883 2007 1991 2063 alio
2018 2006 2137 2065 fieri

552 2090 842 2153 molestum
878 2099 980 2158 est,
1011 2093 1239 2161 patiaris
1259 2093 1444 2148 inferri
1473 2094 1688 2166 (Matth.
1711 2112 1807 2165 vn,
1842 2096 1951 2171 12).
1980 2097 2139 2154 Sem-

547 2195 649 2263 per
667 2180 905 2254 linguam
933 2190 1080 2237 tuam
1110 2183 1176 2239 de
1218 2183 1376 2242 bonis
1420 2185 1571 2256 loqui
1608 2202 1883 2257 assuesce,
1902 2198 1962 2244 et
1984 2190 2139 2245 audi.

549 2277 841 2331 tum'tuum
867 2273 936 2327 ad
959 2271 1223 2329 bonorum
1246 2277 1420 2345 magis
1441 2277 1656 2335 laudem
1686 2294 1854 2353 quam
1873 2281 1943 2339 ad
1962 2282 2137 2343 malo-

546 2376 670 2427 rum
697 2362 1152 2433 vituperationem
1180 2369 1550 2429 accommoda.

618 2454 753 2510 Vide
804 2463 865 2510 ut
918 2457 1100 2511 omnia
1154 2473 1491 2530 quaecunque
1544 2460 1846 2528 benefacis,
1915 2470 2137 2534 propter

547 2543 723 2619 Deum
770 2543 973 2613 facias;
1024 2548 1202 2604 sciens
1243 2547 1360 2617 ejus
1398 2551 1477 2606 rei
1529 2559 1739 2609 tantum
1764 2560 1817 2608 te
1847 2569 1877 2608 a
1906 2553 2134 2615 Domino

544 2644 893 2706 recepturam
914 2652 1033 2693 esse
1063 2642 1368 2695 mercedem
1393 2658 1421 2707 ;-
1459 2658 1622 2717 quam
1663 2644 1781 2714 ejus
1819 2643 2031 2701 timoris
2079 2656 2135 2703 et

546 2724 851 2783 dilectionis
879 2744 1045 2785 causa
1067 2730 1381 2801 perfeceris.
1411 2732 1612 2790 Sancta
1638 2736 1810 2808 magis
1828 2751 1950 2793 esse
1962 2752 2133 2807 quam

542 2819 715 2875 videri
744 2822 901 2877 stude
925 2840 939 2876 :
968 2822 1095 2893 quia
1121 2824 1254 2879 ninil
1296 2826 1517 2905 prodest
1555 2827 1812 2888 aestimari
1852 2829 1995 2901 quod
2023 2844 2133 2889 non

543 2912 653 2973 sit:
684 2921 743 2969 et
769 2914 998 2985 duplicis
1025 2916 1236 2986 peccati
1286 2926 1470 2977 reatus
1495 2926 1601 2984 est,
1625 2935 1735 2977 non
1758 2920 1959 2983 habere
1987 2921 2135 2995 quod

544 3003 810 3070 creditur,
841 3013 896 3060 et
921 3006 1065 3077 quod
1087 3022 1196 3062 non
1221 3008 1426 3067 habeas
1447 3010 1721 3073 simulare.-

615 3094 674 3149 In
709 3091 930 3164 jejuniis
956 3098 1127 3169 magis
1174 3115 1339 3170 quam
1389 3100 1443 3161 in
1468 3101 1647 3175 epulis
1664 3101 1962 3171 delectare,
1987 3104 2132 3163 illius

545 3185 721 3242 viduae
748 3201 979 3254 memor,
1008 3204 1127 3258 qua:
1156 3205 1263 3245 non
1313 3170 1625 3255 discedebat
1650 3195 1717 3253 de
1746 3197 1962 3267 templo,
1989 3197 2132 3268 jeju—
2156 3170 2203 3238 (δ

544 3278 653 3335 niis
681 3285 737 3333 et
755 3278 1222 3339 obsecrationibus
1251 3283 1360 3343 Deo
1384 3284 1627 3347 serviens
1664 3286 1750 3343 die
1774 3303 1839 3344 ac
1866 3298 2042 3349 nocte.
2068 3290 2136 3351 Et

540 3369 590 3428 si
629 3371 788 3427 vidua
833 3374 1055 3447 quidem
1092 3374 1151 3431 in
1179 3373 1365 3432 Iudaea
1411 3377 1536 3437 talis
1564 3385 1713 3446 erat,
1741 3379 1953 3453 qualem
1990 3397 2136 3439 nunc

539 3459 809 3534 virginem
830 3463 1087 3519 convenit
1107 3478 1230 3520 esse
1257 3464 1495 3531 Christi?
1525 3466 1732 3531 Divina:
1751 3470 1925 3541 magis
1948 3471 2134 3527 lectio-

539 3553 628 3610 nis‘
651 3546 963 3621 convivium
994 3555 1177 3629 dilige,
1201 3565 1257 3623 et
1277 3559 1610 3631 spiritalibus
1638 3569 1691 3617 te
1719 3562 1954 3620 saturari
1982 3563 2134 3634 dapi-

539 3642 646 3700 bus
667 3646 1028 3721 concupisce,
1060 3656 1115 3703 et
1138 3648 1257 3713 illos
1278 3650 1462 3726 potius
1508 3666 1690 3722 quaere
1722 3654 1902 3720 cibos,
1936 3655 2134 3729 quibus

542 3735 727 3795 anima
756 3738 928 3811 magis
963 3755 1123 3812 quam
1152 3756 1349 3813 corpus
1388 3743 1683 3799 reficietur.
1721 3743 1916 3801 Carnis
1944 3755 2001 3803 et
2019 3747 2131 3803 vini

539 3828 754 3901 species
779 3832 935 3900 quasi
959 3831 1157 3890 caloris
1177 3832 1420 3895 fomenta
1437 3844 1491 3891 et
1514 3836 1755 3894 libidinis
1778 3838 2133 3904 incitame

542 3922 702 3994 fuge;
736 3933 793 3979 et
823 3935 969 3993 tunc,
992 3928 1036 3984 si
1066 3928 1229 3997 forte,
1254 3932 1380 3987 vino
1424 3934 1620 4006 exiguo
1677 3943 1831 3997 utere
1864 3952 1988 3995 cum
2021 3946 2133 3993 sto.-

540 4017 722 4073 maelii
755 4017 908 4085 dolor
926 4028 983 4075 et
1008 4021 1177 4081 nimia
1203 4024 1448 4099 corporis
1484 4026 1773 4098 compellat
1820 4028 2128 4091 inﬁmu‘tas.

538 4104 886 4173 Iracundiam
914 4112 1104 4180 vince;
1129 4113 1527 4173 animositatem
1548 4117 1772 4184 cohibe;
1800 4121 2134 4192 etquidquid

540 4196 675 4255 illud
701 4207 806 4267 est,
833 4202 977 4271 quod
1000 4210 1125 4273 post
1150 4200 1352 4263 factum
1372 4206 1748 4279 paenitentiam
1773 4208 1996 4283 ingerit,
2022 4212 2133 4289 vel-

539 4296 602 4345 ut
624 4291 863 4362 proximi
906 4294 1157 4355 criminis
1190 4295 1650 4361 abominationem
1703 4300 1938 4358 declina.
1985 4302 2132 4363 Satis

538 4382 895 4454 tranquillam
920 4392 977 4441 et
997 4387 1238 4457 quietam
1266 4390 1519 4447 convenit
1540 4406 1660 4449 esse
1702 4402 1963 4467 mentem,
1986 4405 2042 4455 et
2062 4400 2131 4457 ab

538 4473 688 4528 omni
707 4476 1122 4547 perturbatione
1146 4478 1348 4537 furoris
1373 4481 1627 4551 alienam,
1649 4500 1768 4555 qua:
1794 4485 1891 4545 Dei
1919 4488 2131 4549 habita-

539 4563 721 4631 culum
750 4581 871 4622 esse
896 4568 1199 4636 desiderat;
1230 4571 1323 4640 qui
1348 4588 1448 4643 per
1468 4572 1793 4645 Prophetam
1821 4586 2052 4637 testatur
2076 4588 2130 4637 et

541 4650 673 4707 dicit
700 4670 713 4705 :
754 4651 927 4724 Super
948 4671 1102 4726 quem
1133 4659 1452 4730 requiescam
1499 4662 1683 4731 alium,
1712 4665 1814 4719 nisi
1842 4683 1999 4738 super
2036 4670 2131 4735 Itu-

540 4741 715 4799 milem
730 4754 779 4799 et
794 4747 1047 4817 quietum,
1063 4757 1112 4804 et
1126 4757 1429 4811 trementem
1450 4753 1599 4808 verba
1622 4772 1738 4810 mea
1767 4753 1939 4829 (Psal.
1978 4777 2128 4828 LXVI,

539 4833 596 4909 2)
616 4834 641 4889 'I
663 4834 920 4893 Omnium
948 4854 1173 4912 operum
1204 4852 1257 4896 et
1285 4844 1673 4916 cogitationum
1703 4854 1918 4904 tuarum
1941 4867 2132 4933 specu-

541 4924 776 4993 latorem
794 4926 966 4999 Deum
984 4933 1168 5001 crede,
1194 4940 1248 4989 et
1267 4949 1397 4991 cave
1415 4949 1486 4992 ne
1510 4937 1804 5011 quidquam
1827 4924 1973 5013 quod
1996 4943 2131 5000 divi-

537 5061 1428 5081 M—

1353 5085 1606 5094 Ἦ

1881 5090 2692 5112 im

1428 5112 2131 5309 ἐμπαίει

2240 5199 2899 5327 BASIIJI

2320 525 2454 582 Cum
2518 526 2821 583 orationem
2867 525 3146 581 celebrare
3193 527 3504 596 desideras,
3566 531 3737 589 talem
3785 545 3829 593 te

2245 618 2441 673 exhibe
2460 619 2616 688 quasi
2661 631 2779 689 quae
2809 618 2884 693 sis
2930 634 3053 673 cum
3102 618 3333 675 Domino
3385 621 3669 679 locutura.
3712 624 3829 683 Cum

2244 712 2512 782 psalmum
2534 712 2689 777 dicis,
2720 709 2872 781 cujus
2891 712 3056 768 verba
3078 712 3215 773 dicis
3242 729 3510 788 agnosce;
3536 726 3598 773 et
3622 718 3682 774 in
3702 737 3829 777 com-

2243 810 2537 880 punctione
2565 810 2738 882 magis
2766 810 2932 864 animi
2961 826 3125 880 quam
3151 812 3206 869 in
3231 811 3457 869 tinnula:
3482 816 3645 870 vocis
3665 815 3829 873 dulce-

2247 900 2373 955 dine
2392 900 2683 956 delectare.
2713 900 3007 973 Lacrymas
3028 902 3172 959 enim
3194 903 3481 975 psallentis
3502 905 3665 963 Deus
3684 912 3829 981 magis

2247 1005 2413 1061 quam
2437 992 2590 1049 vocis
2616 992 2846 1061 gratiam
2879 994 3199 1065 comprobat
3227 1009 3243 1048 :
3277 995 3418 1051 sicut
3460 995 3747 1068 Propheta
3765 1001 3828 1056 di-

2245 1083 2353 1139 cit:
2390 1081 2587 1138 Servite
2613 1083 2839 1140 Domino
2862 1088 2918 1139 in
2938 1085 3145 1152 timore,
3158 1096 3207 1142 et
3230 1087 3494 1143 exsatiate
3521 1091 3572 1144 ei
3597 1108 3722 1145 cum
3748 1104 3826 1148 tre-

2250 1197 2395 1239 more
2420 1179 2592 1251 (Psal.
2626 1198 2686 1253 ιι,
2713 1181 2822 1255 ll).
2858 1182 2959 1245 Ubi
2994 1183 3157 1245 timor
3178 1194 3234 1247 et
3262 1194 3468 1251 tremor
3489 1197 3607 1255 est.
3640 1190 3713 1245 ibi
3742 1208 3828 1251 non

2244 1271 2393 1326 vocis
2415 1270 2578 1327 elatio
2600 1280 2703 1341 est,
2734 1274 2827 1329 sed
2859 1276 3054 1335 animae
3078 1275 3275 1335 ﬂebilis
3319 1287 3373 1334 et
3410 1280 3736 1355 lattrymosa
3756 1285 3827 1339 de

2238 1361 2424 1435 jectio.
2452 1361 2715 1420 Omnibus
2740 1366 2953 1425 actibus
2974 1368 3082 1423 tuis
3104 1368 3440 1441 diligentiam
3464 1372 3702 1437 adhibe,
3728 1378 3826 1446 quia

2245 1455 2504 1527 scriptum
2534 1464 2650 1511 est:
2678 1456 2992 1516 Maledictus
3018 1462 3173 1517 homo
3198 1464 3290 1534 qni
3310 1464 3445 1539 facit
3477 1483 3623 1539 opus
3647 1467 3827 1527 Dat-iii

2245 1546 2562 1619 negligenter
2609 1548 2742 1620 (Jer.
2772 1566 2961 1618 XLVIII,
2988 1553 3097 1623 10).
3122 1555 3345 1615 Crescat
3366 1558 3424 1613 in
3456 1567 3513 1621 te
3538 1576 3683 1619 cum
3703 1564 3827 1621 aluit

2243 1637 2437 1706 gratia,
2469 1648 2679 1694 crescat
2704 1656 2826 1695 cum
2870 1650 3030 1699 aetate
3053 1643 3298 1712 justitia;
3326 1655 3383 1703 et
3430 1649 3577 1705 fides
3632 1666 3825 1725 cupa»

2242 1724 2438 1781 fectior
2465 1728 2737 1795 videatur,
2764 1746 2871 1800 quo
2892 1734 3075 1789 senior
3095 1751 3184 1791 es:
3214 1739 3341 1807 quia
3369 1739 3655 1800 Dominus
3676 1724 3825 1799 noster

2166 1800 2216 1861 Β
2242 1814 2420 1881 Iesus,
2438 1817 2531 1888 qui
2553 1820 2712 1876 nobis
2739 1822 2955 1881 vivendi
2980 1825 3201 1898 reliquit
3227 1800 3567 1903 exemplum,
3602 1837 3827 1905 pmﬁcie-

2242 1906 2337 1963 bat
2367 1924 2476 1963 non
2508 1919 2664 1965 (etate
2693 1919 2899 1969 tantum
2916 1930 3207 1989 corporea,
3251 1922 3349 1979 sed
3391 1932 3445 1978 et
3494 1927 3763 1999 sapientia
3790 1939 3826 1984 tt

2241 2001 2415 2083 gratia
2442 2002 2675 2075 spiritali
2702 2021 2879 2059 coram
2904 2006 3015 2063 Deo
3044 2019 3095 2064 et
3119 2010 3417 2071 hominibus
3448 2016 3620 2089 (Luc.
3656 2036 3718 2089 ιι,
3738 2021 3825 2091 25)-

2226 2090 2415 2162 _Omne
2439 2102 2649 2166 tempus
2686 2096 2742 2151 in
2771 2112 2878 2167 quo
2905 2107 2958 2155 te
2986 2092 3100 2161 non
3133 2105 3416 2169 meliorem
3437 2114 3720 2178 senseris,
3743 2090 3827 2168 hoc

2241 2188 2296 2239 te
2323 2186 2533 2241 aestima
2558 2188 2883 2257 perdidisse.
2922 2190 3172 2265 Creptum
3219 2197 3559 2279 virginitatis
3606 2207 3829 2275 proposi-

2240 2288 2355 2336 tum
2383 2281 2450 2337 ad
2478 2281 2640 2337 ﬁnem
2683 2300 2853 2355 usque
2899 2302 3200 2359 conserva;
3232 2292 3362 2365 quia
3410 2310 3528 2353 non
3559 2296 3827 2355 inchom

2241 2380 2475 2439 tantum,
2503 2375 2597 2430 sed
2617 2375 2916 2447 perfecisse
2935 2379 3154 2439 virtutis
3180 2390 3286 2449 .est,
3336 2384 3483 2445 sicut
3510 2387 3571 2441 in
3605 2388 3827 2461 Evange-

2238 2460 2313 2518 lio
2342 2463 2601 2519 Dominus
2641 2466 2719 2520 ait
2750 2484 2761 2519 :
2792 2465 2895 2533 Qui
2921 2474 3325 2539 perseveraverit
3366 2491 3540 2547 usque
3569 2479 3635 2531 in
3664 2460 3825 2549 ﬁmi,

2238 2553 2325 2611 hic
2345 2554 2518 2611 salvus
2549 2557 2649 2613 erit
2672 2555 2889 2629 (Matth.
2914 2576 3052 2631 χιιι,
3086 2560 3196 2633 10).
3228 2561 3371 2619 Cave
3386 2581 3459 2621 ne
3493 2567 3589 2623 cui
3619 2569 3827 2625 ueleou-

2237 2645 2545 2719 cupiscendi
2574 2648 2919 2705 occasionem
2971 2651 3200 2718 tribuas,
3254 2654 3385 2729 quia
3439 2671 3826 2726 sponsnstuus

2236 2739 2383 2796 Deus
2402 2741 2586 2798 zelans
2611 2752 2725 2812 est;
2757 2745 3107 2805 criminosior
3132 2756 3217 2806 est
3240 2748 3387 2803 enim
3432 2749 3662 2808 Christi
3705 2753 3828 2809 adul-

2238 2844 2355 2897 tera
2384 2853 2548 2908 quam
2574 2840 2779 2899 mariti.
2825 2840 2976 2899 Unde
3022 2842 3251 2919 pulchre
3294 2843 3553 2907 Romana
3599 2848 3827 2913 Ecclesia

2236 2928 2561 3002 apostolico,
2593 2930 2709 2989 sine
2740 2932 2922 2999 dubio,
2966 2932 3122 3004 cujus
3164 2935 3353 2997 sedent
3376 2936 3622 3004 obtinet,
3656 2941 3831 3012 spiritu

2235 3019 2494 3087 animata,
2524 3029 2635 3079 tam
2663 3036 2906 3083 severam
2935 3040 3110 3096 nuper
3143 3026 3459 3098 huiusmodi
3510 3032 3829 3091 sententiam

2236 3114 2452 3181 statuit,
2473 3122 2532 3169 ut
2552 3114 2643 3169 vix
2664 3115 2749 3171 vel
2772 3117 3097 3193 pmnitentia
3150 3120 3369 3190 dignam
3389 3121 3703 3193 iudicaret,
3728 3140 3829 3197 qu

2234 3205 2634 3269 sanctiﬁcatum
2660 3206 2775 3269 Deo
2797 3224 2994 3289 corpus
3040 3211 3331 3273 libidinosa

2234 3296 2517 3354 violasset.
2896 3286 2901 3291 ’

2304 3388 2436 3446 Esto
2488 3404 2618 3461 ergo
2655 3392 2910 3453 omnibus
2957 3393 3182 3455 vivendi
3233 3394 3435 3475 forma,
3474 3405 3591 3455 esto
3639 3415 3835 3463 exen-

2231 3481 2382 3553 plum
2409 3500 2424 3534 :
2452 3485 2701 3561 praecede
2731 3494 2786 3540 et
2810 3486 2866 3542 in
2892 3498 3020 3547 aeta
3045 3504 3182 3567 quos
3210 3490 3264 3547 in
3293 3493 3560 3551 castitatis
3576 3494 3830 3555 sanctiﬁ-

2234 3576 2450 3635 catione
2467 3578 2782 3649 praecurris.
2814 3580 3093 3654 Virginem
3118 3592 3171 3643 te
3202 3585 3256 3641 in
3290 3588 3553 3649 omnibus
3594 3590 3827 3656 exhibe;

2233 3669 2371 3725 nihil
2400 3672 2773 3747 corruptionis
2802 3673 3090 3747 ohjiciatur
3105 3678 3268 3750 capiti
3292 3688 3407 3748 tuo,
3448 3682 3617 3752 cujus
3645 3695 3829 3753 corp.

2233 3758 2510 3830 integrum
2538 3771 2653 3831 est;
2702 3774 2762 3823 ut
2783 3773 2839 3820 et
2867 3775 2958 3822 tua
2982 3768 3057 3827 sit
3094 3769 3425 3829 inviolabilis
3458 3776 3826 3837 conversatio.

2232 3848 2302 3906 Et
2323 3854 2581 3921 quoniam
2614 3856 2759 3917 sicut
2784 3857 2843 3915 in
2865 3860 3092 3917 exordio
3110 3861 3355 3937 epistola:
3381 3863 3603 3932 praefati
3626 3880 3824 3930 sum

2232 3948 2286 3996 te
2328 3940 2429 4003 Dei
2474 3944 2804 4005 sacrificium
2826 3945 3065 4014 factum;
3093 3951 3451 4022 quodntique
3475 3956 3825 4013 sanctitate.

2233 4049 2389 4095 suam
2431 4038 2596 4093 etiam
2646 4039 2768 4097 alus
2810 4040 3091 4117 impertit,
3114 4052 3181 4103 ut
3214 4044 3461 4119 quisquis
3488 4061 3561 4103 ex
3580 4062 3662 4103 eo
3688 4050 3823 4119 diu,

2233 4130 2547 4199 sumpserit,
2588 4132 3042 4195 sanctiﬁcationis
3066 4142 3128 4195 et
3166 4137 3285 4208 ipse
3307 4136 3382 4192 sit
3404 4139 3705 4211 pax-60295
3728 4160 3741 4194 :
3762 4142 3825 4199 ita

2232 4235 2363 4294 ergo
2388 4231 2445 4279 et
2470 4238 2571 4294 per
2593 4230 2671 4291 te,
2694 4226 2856 4301 quasi
2890 4242 2993 4301 per
3025 4228 3267 4291 divinam
3294 4231 3561 4300 hostium,
3592 4234 3826 4295 sanctiﬁ-

2234 4319 2427 4377 centur
2455 4322 2511 4375 et
2544 4322 2796 4385 cameras;
2850 4332 2973 4379 cum
3011 4320 3212 4391 quibus
3252 4331 3309 4379 te
3353 4323 3428 4383 ita
3472 4324 3543 4385 iu
3574 4327 3830 4389 “lib

2234 4404 2528 4471 exhibeas,
2556 4415 2617 4461 ut
2641 4409 2892 4481 quisquis
2913 4410 3081 4473 vitam
3108 4420 3256 4475 tuam
3298 4422 3400 4473 auat
3422 4417 3625 4481 auditu
3662 4417 3828 4475 mi-

2233 4498 2373 4569 gerit
2393 4509 2486 4561 aut
2514 4501 2654 4568 visu,
2672 4504 3131 4571 sanctiﬁcationis
3158 4508 3269 4569 vim
3294 4510 3499 4571 sentiat
3514 4527 3531 4576 ;
3548 4520 3613 4573 et
3634 4513 3697 4571 in
3714 4520 3827 4573 ιιι-

2234 4599 2352 4651 ωω
2388 4593 2500 4653 sibi
2549 4594 2816 4667 inteﬂigat
2862 4598 3099 4669 gratiam
3150 4613 3216 4664 es
3270 4608 3362 4665 ius
3403 4604 3827 4665 convasatis.

2232 4683 2564 4751 transfundi,
2591 4695 2652 4741 ut
2673 4687 2802 4742 dum
2841 4697 2891 4743 le
2917 4690 3121 4745 imitari
3146 4692 3508 4764 concupiscit.
3538 4694 3646 4755 Dei
3666 4693 3829 4755 ncli-

2233 4773 2360 4833 ticio
2390 4784 2451 4839 et
2474 4777 2594 4850 ipse
2618 4779 2695 4843 sit
2720 4779 2938 4852 dignus.

1060 5106 1073 5117 ι
1264 5112 1271 5113 κ
1428 5112 1433 5117 υ

1569 5357 1770 5416 CAESA
1778 5359 1941 5417 REIE
1976 5363 2433 5425 CAPPADOCIE
2472 5371 2784 5435 EPISCOPI

1157 5488 1756 5576 ADMONITIO
1831 5493 1966 5577 AD
2024 5499 2403 5586 FILIUM
2463 5507 3197 5598 SPlBITUALEM.

1108 5686 1529 5749 PROGSMIUM.

614 5773 778 5849 Audi,
823 5779 934 5852 fili,
977 5783 1403 5845 admonitionem
1445 5787 1626 5848 Patris
1671 5791 1771 5861 tui,
1820 5801 1876 5849 et
1920 5794 2123 5855 inclina
2162 5871 2171 5877 _

2229 5722 2417 5762 aurem
2443 5714 2593 5765 tuam
2619 5711 2691 5768 ad
2716 5715 2884 5772 verba
2918 5733 3066 5787 mea,
3096 5727 3155 5777 et
3182 5726 3542 5784 accommoda
3582 5730 3723 5787 mihi
3776 5730 3837 5787 ε-

2233 5799 2427 5858 benter
2448 5801 2913 5893 auditum‘tuum,
2934 5821 2997 5893 et
3018 5814 3440 5901 sordescede
3479 5836 3673 5883 cuncta
3695 5842 3829 5901 qua
