3972 6328
153 461 240 522 685
583 458 816 516 CODEX
852 457 1309 516 REGULARUM.
1348 455 1717 515 APPENDIX.
1759 453 2067 511 EXHORT.
2104 454 2197 512 AD
2236 453 2541 510 MONACH.
2585 455 2676 510 ET
2717 453 2906 514 VIRG.
3264 457 3372 517 686

151 584 366 641 dicuntur
412 576 681 632 ausculta.
731 576 903 647 Cupio
934 575 1098 630 'enim
1157 584 1208 629 te
1259 575 1526 629 instruere
1575 588 1694 642 qure
1720 576 1772 637 Α
1797 575 1884 631 cui
1914 573 2030 645 regi
2060 580 2112 627 te
2157 571 2226 626 ad
2261 569 2604 626 militandum
2634 571 2912 640 probasti;
2967 582 3024 629 et
3051 582 3255 644 quanto
3297 587 3383 630 su-

148 676 213 731 sit
249 669 524 742 spiritualis
552 669 767 730 militia.
799 678 854 724 et
884 669 1084 739 quibus
1110 668 1284 724 modis
1324 668 1437 738 regi
1470 675 1560 721 tuo
1587 667 1688 721 mi-
1789 671 1976 742 perius
2023 675 2110 723 est
2161 681 2289 737 rege
2332 675 2552 721 terreno
2615 664 2906 736 imperium
2953 668 3198 734 caeleste,
3228 676 3383 724 tanto
3483 722 3486 723 ν

148 765 285 822 litare
314 762 524 817 debeas.
555 759 925 815 lntensissime
948 774 1079 830 ergo
1100 758 1286 812 audiat
1313 773 1506 813 sensus
1542 766 1687 822 tuus,
1791 761 2189 834 pmcellentior
2232 767 2316 816 est
2366 762 2567 832 gradus
2615 761 2954 817 excellentia:
3004 769 3111 818 tum
3160 770 3384 820 terreno

146 857 426 914 elanimam
468 862 620 908 illam
646 852 828 908 minus
854 858 1158 922 ρτωενενει
1184 866 1439 915 somnus;
1484 850 1580 905 sed
1621 848 1692 904 ad
1793 859 1983 912 milite.
2015 855 2236 910 Turrim
2264 855 2537 910 excelsam
2583 863 2901 911 construere
2950 856 3159 928 cogitas
3183 895 3198 922 ,
3236 856 3382 928 prai-

145 947 624 1022 vigilandumexeita
639 945 932 1011 eam,etad
956 945 1196 1000 studium
1220 944 1553 1012 intelligendi
1578 957 1693 998 ser-
1792 961 1929 1020 para
1957 961 2088 1018 ergo
2117 946 2216 1001 tibi
2255 952 2506 1014 sumptus
2546 946 2614 999 ad
2650 953 3003 1013 structuram,
3035 953 3097 1001 ut
3141 956 3385 1018 emptum

143 1057 332 1098 monem
355 1040 738 1096 meum.Verba
763 1039 908 1094 enim
933 1039 1035 1093 ista
1065 1044 1194 1092 sunt
1219 1051 1285 1090 ex
1318 1051 1422 1101 me,
1450 1035 1543 1090 sed
1565 1050 1693 1104 pro-
1795 1041 2083 1098 aediﬁcium
2113 1038 2182 1093 ad
2224 1037 2528 1109 perfectum
2568 1039 2838 1105 deducas;
2877 1054 2947 1094 ne
2991 1040 3207 1109 quando
3249 1045 3390 1111 prae-

141 1135 240 1192 lata
275 1151 332 1191 ex
367 1133 564 1189 divinis
588 1131 846 1188 fontibus.
875 1131 1065 1200 Neque
1091 1129 1239 1184 enim
1264 1143 1404 1182 nova
1442 1127 1692 1182 doctrina
1797 1133 2138 1189 tereuntibus
2172 1132 2360 1187 venias
2401 1132 2456 1186 in
2499 1132 2670 1186 risum
2695 1173 2709 1197 ,
2748 1137 2805 1187 et
2847 1131 3188 1203 gratulentur
3235 1131 3302 1187 de
3333 1139 3388 1190 te

140 1232 381 1288 instruam
412 1237 485 1293 te,
519 1228 614 1284 sed
647 1243 712 1282 ea
758 1242 923 1296 quam
973 1225 1136 1280 didici
1184 1241 1214 1279 a
1256 1225 1503 1296 patribus
1533 1225 1688 1278 meis.
1795 1225 2001 1279 inimici
2046 1225 2142 1279 tui.
2175 1223 2301 1279 Haec
2340 1223 2508 1280 turris
2545 1239 2653 1278 non
2695 1239 2763 1279 ex
2808 1223 3077 1295 lapidibus
3117 1224 3390 1280 construi-

139 1324 275 1381 llanc
305 1323 445 1379 enim
474 1322 522 1376 si
549 1320 843 1376 immiseris
871 1320 925 1373 in
946 1334 1041 1374 cor
1083 1327 1253 1382 tuum,
1287 1317 1341 1370 in
1394 1331 1527 1387 pace
1563 1314 1696 1370 diri-
1799 1327 1905 1382 tur,
1946 1317 2041 1370 sed
2069 1331 2137 1370 ex
2186 1316 2481 1371 virtutibus
2511 1315 2708 1371 animm
2741 1337 2754 1370 :
2787 1331 2891 1371 nec
2939 1316 3089 1382 auri,
3144 1331 3246 1372 nec
3297 1332 3388 1370 ar-

137 1423 310 1488 gentur
350 1413 544 1469 itinera
580 1419 697 1477 tua,
745 1424 845 1464 nec
878 1409 1279 1480 approximabit
1308 1408 1376 1461 ad
1425 1416 1476 1460 te
1523 1405 1693 1460 ullum
1798 1409 1941 1478 genti
1991 1407 2197 1479 indiget
2231 1409 2559 1479 sumptibus,
2588 1409 2685 1462 sed
2733 1410 3150 1464 conversatione
3197 1408 3388 1465 ﬁdeli:
3431 1438 3440 1446 -

135 1498 476 1574 malum,'sed
501 1503 690 1576 procul
726 1502 983 1558 abscedet
1031 1517 1064 1556 a
1096 1509 1150 1556 te
1174 1500 1354 1556 omnis
1393 1498 1694 1554 adversitas
1797 1515 1922 1554 nam
1947 1507 2176 1556 terrente
2204 1514 2336 1571 Opes
2359 1500 2654 1570 plurimum
2697 1499 2766 1555 ad
2800 1500 3178 1557 aedificandum
3225 1501 3394 1570 impe—

134 1599 329 1654 animai.
866 1645 872 1658 .

619 1685 851 1743 CAPUT
890 1683 1182 1740 PRIMUM.

566 1777 646 1834 De
699 1777 892 1832 militia
945 1774 1234 1846 spirituali.

197 1871 254 1928 Si
286 1884 410 1941 ergo
450 1869 628 1938 cupis,
667 1867 761 1932 ﬁli,
793 1867 1028 1921 militare
1065 1867 1197 1932 Deo,
1237 1864 1312 1919 illi
1361 1863 1461 1920 soli
1491 1864 1691 1918 milita-

1797 1591 1975 1647 diunt.

2437 1681 2667 1740 CAPUT
2703 1684 2768 1738 ll.

2318 1773 2396 1830 De
2435 1778 2625 1832 virtute
2662 1782 2872 1833 animae.

1877 1865 2030 1922 Unus
2058 1864 2337 1936 profectus
2359 1868 2430 1922 sit
2457 1869 2578 1935 tibi,
2610 1869 2708 1935 illi,
2743 1871 2790 1925 si
2816 1871 3036 1927 domino
3053 1870 3155 1926 uni
3187 1873 3397 1927 servire

124 1965 225 2021 bis.
257 1937 402 2019 Sicut
444 1937 589 2017 enim
625 1961 717 2029 qui
755 1960 990 2013 militant
1019 1959 1133 2030 regi
1188 1967 1405 2012 terreno
1442 1957 1696 2011 omnibus
1725 1937 1774 2000 Β
1801 1957 2104 2023 desideras,
2126 1973 2226 2013 nec
2239 1959 2398 2014 alicui
2416 1960 2470 2014 in
2487 1962 2595 2015 vita
2615 1969 2706 2017 tua
2725 1962 2942 2032 placere
2958 1963 3174 2019 coneris
3189 1965 3288 2019 nisi
3317 1963 3396 2019 illi

117 2055 280 2126 jussis
303 2054 416 2125 ejus
444 2052 728 2114 obediunt,
765 2051 845 2104 sic
865 2060 921 2105 et
940 2049 1034 2120 qui
1063 2048 1299 2104 militant
1320 2048 1434 2118 regi
1467 2047 1698 2114 caelesti,

117 2146 313 2225 debent
348 2143 590 2200 coelestia
621 2141 897 2198 custodire
946 2149 1238 2212 praecepta.
1274 2139 1428 2195 Miles
1456 2149 1704 2194 terrenus

113 2253 435 2308 quocunque
476 2236 596 2291 loco
621 2234 874 2300 mittitur,
921 2240 1242 2304 paratus'ac
1271 2238 1553 2302 promptus
1597 2236 1701 2294 est,

113 2345 294 2398 neque
319 2344 378 2384 se
409 2328 594 2382 uxoris
633 2326 719 2380 vel
758 2325 1052 2380 liberorum
1084 2324 1257 2394 gratia
1299 2335 1565 2377 excursare
1607 2335 1736 2374 ειη-ι

107 2425 302 2488 debit;
343 2423 516 2477 multo
554 2421 728 2491 magis
766 2420 921 2474 miles
973 2418 1176 2473 Christi
1213 2418 1331 2472 sine
1379 2417 1561 2487 aliquo
1604 2416 1706 2470 int-

107 2515 420 2587 pedimento
449 2515 590 2585 regis
641 2513 724 2568 sui
762 2513 923 2567 debet
971 2512 1200 2582 imperio
1251 2511 1492 2566 obedire.
1550 2499 1704 2567 Miles

109 2615 361 2662 terrenus
381 2613 571 2659 contra
621 2604 834 2658 hostem
861 2596 1130 2657 visibilem
1166 2602 1343 2674 pergit
1372 2601 1439 2655 ad
1461 2600 1659 2656 bellum
1683 2617 1699 2668 ;

111 2705 298 2754 tecum
325 2711 456 2752 vero
481 2697 654 2752 hostis
684 2696 974 2751 invisibilis
1001 2697 1243 2766 quotidie
1273 2695 1568 2767 praeliando
1593 2711 1703 2752 non

105 2792 331 2849 desinit.
371 2789 453 2844 Illi
483 2798 673 2845 contra
701 2804 923 2844 carnem
952 2797 1007 2843 et
1057 2789 1378 2860 sanguinem
1433 2796 1517 2843 est
1551 2787 1707 2843 dimi-

103 2885 288 2950 catio;
317 2884 418 2939 tibi
464 2898 596 2939 vero
645 2883 904 2938 adversus
933 2881 1198 2952 spiritalia
1227 2881 1362 2935 vitia
1393 2879 1446 2935 in
1477 2879 1710 2936 coelesti-

101 2979 214 3033 bus
242 2975 516 3031 eluctatio.
547 2975 640 3030 llle
667 2983 859 3029 contra
890 2973 1164 3028 carnalem
1210 2972 1424 3027 hostem
1461 2971 1698 3027 carnali-

99 3069 216 3126 bus
239 3069 405 3122 armis
428 3066 636 3132 utitur;
675 3074 733 3120 tu
754 3079 885 3120 vero
914 3072 1105 3120 contra
1149 3064 1452 3134 spiritalem
1489 3065 1708 3118 hostem

100 3158 445 3230 spiritalibus
485 3157 655 3212 armis
683 3157 916 3227 indiges.
944 3155 1039 3211 llle
1070 3157 1126 3210 in
1147 3155 1336 3226 przelio
1368 3155 1580 3226 galeam
1607 3153 1712 3209 fer-

95 3265 262 3306 ream
285 3257 496 3320 gestat;
529 3248 628 3304 sed
661 3256 754 3303 tua
794 3248 948 3318 galea
976 3246 1227 3303 Christus
1255 3248 1348 3313 sit,
1379 3247 1472 3316 qui
1498 3254 1583 3302 est
1612 3262 1700 3302 ca-

93 3354 205 3420 put
235 3355 405 3401 tuum.
431 3345 523 3401 llle
551 3344 742 3411 lorica,
767 3361 836 3400 nc
867 3346 1203 3411 vulneretur,
1231 3345 1451 3401 indutus
1474 3355 1584 3412 est;
1611 3345 1705 3401 sed

1804 2052 1940 2118 soli;
1987 2068 2086 2107 nec
2112 2067 2346 2123 occupes
2373 2053 2428 2106 in
2452 2053 2684 2109 diversis
2709 2057 2873 2110 rebus
2917 2056 3158 2111 animum
3204 2065 3391 2123 tuum;

1805 2147 1900 2201 sed
1946 2145 2203 2201 abscinde
2229 2162 2259 2201 a
2305 2154 2359 2200 te
2399 2147 2677 2203 carnalem
2722 2159 2984 2214 amorem,
3015 2164 3081 2204 ne
3130 2165 3161 2204 a
3210 2159 3263 2204 te
3303 2149 3401 2205 Dei

1808 2239 2056 2292 timorem
2103 2239 2374 2294 excludat.
2417 2240 2588 2296 Omne
2633 2241 2826 2296 vitium
2881 2243 3090 2313 expelle
3121 2245 3190 2299 ab
3220 2243 3400 2298 anima

1805 2337 1935 2396 tua,
1995 2339 2054 2385 ut
2114 2333 2347 2388 virtutes
2388 2333 2587 2388 animm
2636 2335 2962 2405 conquirere
3012 2335 3209 2406 possis.
3259 2335 3402 2392 Audi

1791 2421 1975 2491 igitur
2021 2436 2142 2491 quae
2195 2423 2267 2478 sit
2315 2424 2487 2478 virtus
2535 2424 2746 2492 animae,
2792 2434 2847 2480 et
2895 2441 3055 2495 quam
3103 2427 3403 2481 maximum

1803 2512 1855 2567 ei
1922 2513 2173 2568 conferat
2233 2513 2464 2569 lucrum.
2532 2516 2718 2572 Virtus
2781 2516 2978 2573 anima:
3027 2527 3109 2572 est
3175 2517 3405 2587 diligere

1805 2606 2115 2671 Dominum,
2162 2615 2213 2661 el
2241 2608 2422 2662 odisse
2457 2622 2578 2678 qum
2617 2624 2724 2664 non
2777 2609 2952 2681 diligit
3003 2608 3164 2666 Deus.
3213 2610 3404 2667 Virtus

1807 2702 2005 2756 anima:
2043 2707 2129 2756 est
2171 2708 2227 2755 et
2267 2701 2585 2771 patientiam
2633 2703 2856 2768 sectari,
2883 2709 2936 2759 et
2969 2704 3037 2759 ab
3063 2703 3406 2774 impatientia

1808 2793 2104 2848 declinare.
2138 2789 2326 2849 Virtus
2350 2795 2545 2849 animae
2563 2803 2648 2850 est
2671 2795 2982 2851 castitatem
3016 2808 3125 2850 tam
3151 2796 3399 2866 corporis

1809 2899 1974 2956 quam
2018 2887 2213 2941 anima:
2250 2887 2546 2942 custodire.
2595 2884 2784 2942 Virtus
2841 2887 3038 2942 animae
3088 2896 3173 2943 est
3207 2901 3406 2942 vanam

1809 2977 2041 3049 gloriam
2073 2985 2446 3045 contemnere,
2492 2985 2548 3033 et
2573 2978 2756 3034 omnia
2784 2977 2989 3035 caduca
3023 2977 3257 3034 calcare.
3290 2977 3408 3034 Vir-

1808 3077 1898 3127 tus
1921 3071 2116 3127 animae
2139 3082 2225 3128 est
2255 3072 2545 3128 humilitati
2574 3074 2814 3140 studere,
2842 3081 2895 3132 et
2919 3081 3190 3129 tumorem
3213 3088 3406 3144 super-

1807 3163 1911 3218 bia:
1938 3162 2260 3218 abominari.
2277 3160 2464 3218 Virtus
2485 3171 2569 3220 est
2594 3163 2790 3220 animae
2810 3165 3099 3220 veritatem
3131 3160 3406 3235 amplecti,

1812 3263 1866 3311 et
1885 3270 2046 3312 omne
2078 3254 2418 3310 mendacium
2452 3255 2656 3329 fugere.
2705 3254 2891 3313 Virtus
2929 3263 3014 3314 est
3044 3255 3240 3310 animae
3268 3256 3410 3310 iram

1810 3349 2088 3414 cohibere,
2133 3357 2189 3404 et
2241 3347 2480 3404 furorem
2512 3349 2832 3419 reprimere.
2865 3349 3046 3404 Virtus
3092 3353 3176 3402 est
3213 3347 3412 3402 animas

91 3452 208 3509 pro
235 3437 406 3492 lorica
431 3437 510 3493 sis
533 3436 639 3492 ﬁde
681 3436 887 3492 Christi
941 3437 1334 3492 circumdatus.
1382 3437 1478 3492 llle
1511 3444 1705 3492 contra
1805 3456 1997 3510 pacem
2021 3441 2268 3512 diligere,
2301 3451 2355 3495 et
2380 3441 2636 3496 invidiam
2662 3440 2958 3497 exacerari.
3005 3440 3187 3497 Virtus
3214 3438 3412 3492 animae

92 3529 490 3586 adversarium
544 3544 702 3584 suum
756 3529 928 3584 mittit
957 3527 1202 3583 lanceam
1244 3537 1300 3582 et
1344 3530 1599 3600 sagittas;
1645 3535 1703 3581 tu

90 3630 307 3680 contra
333 3621 706 3676 adversarium
739 3621 924 3676 divina
964 3621 1181 3690 eloquia
1205 3619 1467 3688 jaculare,
1501 3628 1557 3674 ct
1587 3632 1709 3688 per-

85 3715 328 3773 cutiens
372 3728 495 3768 eum
542 3715 726 3771 verbis
781 3714 1118 3785 propheticis
1175 3713 1343 3769 dicito
1385 3728 1401 3766 :
1449 3713 1707 3768 Dominus

85 3807 235 3862 mihi
259 3807 484 3877 adjutor
501 3816 600 3873 est,
624 3817 673 3862 et
703 3823 796 3878 ego
817 3807 1064 3861 deridebo
1093 3807 1335 3861 inimicos
1355 3823 1496 3861 meos
1532 3803 1706 3879 (Psal.

84 3913 251 3956 cxvu
271 3897 313 3968 ).
345 3896 440 3954 llle
482 3898 653 3954 donec
695 3915 877 3970 pugna
906 3899 1138 3970 geritur,
1167 3913 1320 3953 arma
1355 3914 1387 3954 a
1415 3898 1710 3969 semetipso

85 4006 212 4047 non
244 3991 493 4061 projicit,
549 4005 619 4046 ne
656 3992 728 4048 ab
775 3991 1089 4047 adversario
1132 3989 1482 4057 vulneretur;
1521 3990 1596 4044 ita
1656 3998 1710 4045 et

88 4091 150 4137 tu
197 4096 485 4151 nunquam
524 4081 692 4137 debes
740 4096 866 4137 esse
909 4095 1164 4146 securus,
1213 4081 1340 4151 quia
1387 4091 1511 4135 tuus
1535 4080 1710 4136 hostis

85 4174 263 4228 hoste
285 4170 434 4227 illius
451 4180 536 4227 est
559 4172 811 4228 astutior.
827 4172 974 4227 illius
991 4172 1207 4242 quidem
1227 4173 1399 4226 hostis
1415 4172 1481 4226 ad
1497 4179 1710 4241 tempus

79 4263 368 4330 dimicat;
421 4271 546 4319 tuus
583 4277 716 4318 vero
768 4264 964 4329 hostis,
1002 4263 1245 4332 quandiu
1294 4263 1351 4316 in
1383 4263 1560 4318 stadio
1585 4263 1710 4316 vitai

79 4357 269 4429 hujus
310 4358 593 4424 consistis,
637 4365 819 4414 tecum
873 4372 1116 4429 pugnare
1162 4371 1271 4411 non
1321 4364 1519 4411 cessat.
1560 4353 1712 4411 illius

74 4464 258 4505 arma
312 4449 585 4506 laboriosa
629 4459 688 4506 et
717 4450 905 4522 gravia
935 4459 1062 4505 sunt
1097 4449 1166 4505 ad
1210 4449 1574 4522 portandum;
1621 4454 1712 4504 tua

1809 3544 1895 3591 est
1931 3533 2000 3589 ab
2028 3535 2176 3588 omni
2231 3533 2460 3589 stultitia
2494 3533 2790 3599 declinare,
2833 3539 2888 3590 et
2933 3531 3254 3603 sapientiam
3280 3515 3412 3608 divi-

1807 3645 1933 3684 nam
1962 3629 2232 3698 amplecti.
2264 3627 2451 3684 Virtus
2481 3627 2680 3682 animae
2708 3632 2793 3682 est
2826 3637 3043 3681 omnem
3071 3623 3407 3694 voluptatem

1810 3723 1993 3778 carnis
2023 3719 2294 3790 subjicere
2329 3719 2519 3776 menti.
2548 3719 2731 3775 Virtus
2761 3718 2954 3774 anima:
2981 3724 3085 3788 _est
3122 3713 3410 3770 avaritiam

1810 3828 2089 3885 spernere,
2104 3823 2158 3868 et
2183 3812 2546 3868 voluntariam
2580 3817 2859 3867 assumere
2879 3817 3278 3882 paupertatem.
3295 3803 3407 3861 Has

1810 3908 1977 3979 igitur
2003 3907 2234 3962 virtutes
2264 3905 2418 3962 facile
2437 3904 2644 3977 poteris
2669 3903 2939 3968 obtinere,
2973 3901 3018 3957 si
3056 3897 3399 3957 saecularium

1810 4015 1998 4056 rerum
2029 4015 2188 4056 curas
2234 3998 2559 4070 neglexeris,
2593 4004 2649 4053 et
2682 3996 2905 4053 caducis
2948 4011 3014 4050 ac
3041 3993 3275 4051 terrenis
3321 4005 3409 4048 re-

1810 4091 1913 4147 bus
1948 4091 2190 4147 coelestia
2241 4090 2606 4162 praeposueris
2651 4107 2664 4144 :
2707 4095 2764 4144 et
2811 4087 2857 4144 si
2908 4086 3157 4143 voluntas
3211 4092 3302 4142 tua
3353 4080 3411 4140 in

1813 4183 2065 4240 laudibus
2095 4183 2191 4239 Dei
2227 4182 2392 4238 fuerit
2416 4189 2702 4253 occupata,
2734 4188 2787 4236 et
2810 4177 3014 4251 judicia
3053 4177 3171 4246 ejus
3219 4175 3305 4230 die
3343 4187 3411 4229 ac

1812 4283 1973 4331 nocte
2020 4276 2318 4347 impensius
2379 4275 2674 4330 meditatus
2724 4272 2861 4338 eris;
2893 4269 3003 4326 eris
3043 4276 3222 4323 autem
3267 4263 3411 4319 Tan-

1813 4387 1972 4442 quam
2029 4370 2230 4442 lignum
2279 4369 2420 4441 quod
2464 4367 2763 4440 plumatum
2811 4372 2886 4419 est
2940 4377 3092 4417 secus
3155 4358 3408 4411 decursus

1815 4478 2075 4535 aquarum
2114 4460 2285 4534 (Psal.
2321 4476 2372 4527 ι,
2413 4461 2494 4530 3),
2544 4467 2601 4514 et
2642 4470 2834 4514 omnes
2886 4453 3096 4507 fructus
3131 4446 3408 4520 spiritales

1814 4554 2060 4609 orientur
2093 4567 2162 4608 ex
2209 4558 2280 4615 te,
2312 4559 2370 4606 et
2412 4563 2479 4606 ex
2513 4562 2673 4605 servo
2707 4545 2916 4601 amicus
2965 4539 3249 4598 vocaberis
3286 4537 3404 4594 Dei.

2415 4658 2644 4716 CAPUT
2683 4649 2771 4712 111.

2328 4734 2406 4788 De
2441 4730 2718 4786 diiectione
2757 4724 2872 4781 Dei.

1883 4828 1965 4885 Ex
2000 4833 2112 4884 tota
2136 4826 2304 4897 igitur
2328 4826 2530 4881 virtute
2575 4831 2664 4877 tua
2704 4817 2869 4892 dilige
2912 4815 3226 4882 Dominum,
3255 4819 3314 4868 ut
3347 4811 3408 4868 in

47 4912 367 4972 ἱυιΐαδίεο
412 4912 506 4969 me
540 4929 641 4984 1)το
689 4913 876 4968 labore
928 4922 1146 4970 ῐθιτθῐιο
1191 4921 1469 4968 lefren“!!!
1506 4913 1708 4985 accipit
1811 4922 2065 4978 omnibus
2103 4920 2315 4975 actibus
2361 4917 2469 4972 tuis
2507 4915 2724 4987 placeas
2754 4913 2851 4968 illi.
2895 4907 2953 4967 Si
2980 4909 3127 4967 enim
3157 4906 3250 4978 qui
3277 4918 3408 4960 wn-

45 5007 434 5073 donarium;
474 5015 534 5063 tu
562 5023 692 5063 vero
708 5023 808 5078 pro
823 5006 1054 5077 spiritali
1092 5007 1276 5062 labore
1302 5006 1525 5062 caeleste
1565 5007 1706 5063 reci-

1813 5013 2017 5086 iugium
2046 5010 2406 5076 contraxerit,
2421 5007 2645 5065 festinat
2667 5007 2885 5078 placere
2909 5003 3065 5058 uxori
3088 5009 3218 5066 suze,
3235 4997 3407 5053 multo

42 5104 208 5173 pies
241 5098 558 5168 premium.
577 5097 812 5154 Coeleste
832 5097 978 5153 enim
1005 5097 1205 5151 donum
1228 5103 1507 5168 exspectet
1522 5111 1708 5151 mona-
1812 5105 1988 5177 magis
2012 5103 2310 5158 monachus
2334 5101 2585 5157 omnibus
2607 5099 2783 5155 modis
2814 5097 2973 5153 debet
3004 5093 3221 5163 placere
3247 5089 3407 5146 Chri-

39 5197 254 5259 chus,
291 5191 393 5261 qui
444 5202 693 5248 terrenos
740 5200 892 5248 actus
939 5206 971 5246 a
1019 5191 1310 5260 semetipso
1362 5190 1600 5262 proiicit,
1639 5207 1711 5249 ne
1811 5206 1915 5253 sto.
1977 5195 2082 5261 Qui
2127 5194 2298 5264 diligit
2343 5192 2658 5258 Dominum,
2706 5191 2821 5262 ejus
2873 5193 3132 5258 praecepta
3177 5181 3406 5237 custodit

39 5283 439 5357 implicetse
464 5285 700 5356 negotiis
730 5283 1084 5341 saecularibus
1122 5282 1364 5338 militans
1407 5284 1537 5338 Deo.
1566 5281 1709 5339 Dilﬂ-
1813 5287 1876 5359 (Ι
1911 5284 2074 5340 Joan.
2109 5289 2192 5355 ιι).
2223 5284 2366 5338 Deus
2389 5284 2535 5338 enim
2561 5298 2670 5337 non
2711 5295 2770 5336 se
2794 5278 2910 5332 vult
2947 5275 3128 5330 verbis
3168 5280 3406 5329 tantum-

35 5381 183 5438 cile
222 5393 480 5448 namque
508 5387 591 5434 est
629 5379 837 5435 servire
867 5378 1075 5433 duobus
1101 5375 1365 5443 dominis;
1410 5391 1512 5432 nec
1534 5385 1713 5448 potest
1812 5378 1973 5433 modo
1994 5376 2178 5446 diligi,
2211 5377 2306 5431 sed
2335 5390 2402 5430 ex
2447 5374 2613 5430 corde
2661 5385 2799 5444 puro
2826 5378 2881 5426 et
2918 5367 3176 5439 cperibus
3214 5366 3401 5437 justis.

33 5473 406 5547 quisquam
439 5471 685 5526 serviens
735 5485 1059 5526 mammonae
1087 5469 1350 5540 spiritalia
1381 5484 1532 5524 arma
1579 5485 1708 5540 por-
1815 5470 1920 5537 Qui
1969 5470 2105 5524 enim
2147 5469 2316 5522 dicit:
2343 5467 2507 5538 diligo
2536 5463 2727 5530 Deum,
2767 5473 2816 5518 et
2845 5462 3099 5517 mandata
3145 5461 3258 5532 ejus
3300 5477 3406 5516 non

33 5575 239 5627 tare,
269 5562 379 5617 sed
402 5564 591 5635 jugum
639 5563 840 5620 Christi
871 5579 1035 5619 suave
1087 5579 1148 5618 ac
1184 5563 1301 5617 leve
1337 5577 1369 5618 a
1417 5563 1712 5632 semetipso
1815 5560 2060 5626 custodit,
2082 5560 2310 5615 mendax
2329 5570 2403 5614 est
2438 5558 2647 5631 (lbid.).
2678 5555 2996 5627 Hujusmodi
3025 5553 3168 5608 enim
3203 5552 3287 5608 vir
3306 5550 3406 5606 fal-

30 5655 324 5732 repellit
360 5671 425 5712 ac
451 5657 668 5728 projicit
693 5677 705 5711 :
730 5666 786 5714 et
827 5657 1090 5727 quidquid
1125 5670 1288 5728 grave
1331 5663 1386 5709 et
1421 5669 1711 5709 onerosum
1816 5654 1877 5710 lit
1900 5655 2270 5724 semetipsum,
2298 5662 2404 5707 et‘a
2430 5651 2722 5720 semetipso
2757 5649 3052 5704 seducitur.
3087 5647 3228 5702 Dens
3257 5645 3404 5700 enim

28 5760 143 5809 est
191 5749 429 5805 animm
459 5738 718 5815 sum,hhoc
748 5749 798 5805 ei
827 5749 1040 5804 videtur
1063 5765 1230 5805 suave
1257 5763 1320 5802 ac
1357 5748 1494 5803 leve.
1526 5747 1715 5804 Istius—
1817 5762 1925 5802 non
1968 5745 2257 5799 verborum
2290 5745 2382 5798 sed
2427 5741 2612 5796 cordis
2661 5742 2959 5812 inspector,
2999 5749 3054 5794 et
3090 5737 3266 5809 diligit
3310 5749 3406 5790 eos

27 5841 241 5899 modi
279 5841 435 5896 vira
465 5843 700 5912 propriis
743 5843 910 5897 armis
934 5843 1272 5907 vulneratur,
1304 5851 1358 5895 et
1391 5858 1513 5896 cum
1541 5841 1717 5912 diligit
1817 5840 1908 5908 qui
1956 5839 2011 5892 in
2064 5837 2411 5907 simplicitate
2451 5835 2632 5890 cordis
2670 5835 2915 5890 serviunt
2940 5833 3010 5889 ei.
3057 5831 3113 5888 Si
3152 5839 3404 5887 terrenos

26 5932 448 6010 periculum,
480 5933 671 5991 incidit
715 5935 784 5991 ad
824 5942 1074 5992 mortem.
1110 5933 1191 5990 Tu
1217 5942 1399 5991 autem
1429 5933 1713 5989 considera
1817 5939 2072 6006 parentes
2096 5946 2219 5988 cum
2245 5930 2342 5988 tali
2369 5927 2567 5986 aﬂ‘ectu
2589 5927 2995 6002 diligimus,qui
3015 5927 3072 5984 in
3101 5933 3210 5981 tam
3233 5933 3402 5998 parve

69 4557 236 4598 vero
265 4556 425 4597 arma
453 4543 762 4599 volentibus
789 4551 1014 4614 portare
1056 4541 1246 4598 suavia
1294 4557 1357 4596 ac
1391 4539 1532 4596 levia
1561 4546 1706 4594 sunt.

61 4633 186 4689 llle
216 4647 354 4687 cum
383 4633 727 4704 superaverit
753 4633 1150 4698 adversarium,
1187 4629 1256 4685 ad
1303 4630 1526 4685 domum
1578 4645 1710 4686 con-

51 4727 243 4802 jugis
277 4742 348 4782 ac
386 4727 688 4783 liberorum
734 4736 1069 4794 revertetur;
1117 4735 1178 4782 tu
1215 4741 1368 4791 vero,
1395 4725 1553 4780 hoste
1577 4741 1705 4795 pro-

52 4825 306 4884 strato,
328 4818 383 4873 in
413 4819 545 4876 illud
565 4820 790 4876 caeleste
813 4835 1036 4890 regnum
1067 4833 1190 4874 cum
1219 4818 1473 4874 omnibus
1496 4819 1703 4875 sanctis

1735 4674 1790 4735 D
