4044 6338
591 357 696 418 687

1595 361 1652 416 S.
1693 356 2054 416 BENEDICTI
2090 356 2314 413 ABBAT
2319 357 2380 413 IS
2416 357 2826 416 ANIANENSIS

3748 361 3848 421 688

574 463 838 542 tempore
886 487 986 544 pro
1025 472 1183 529 nobis
1225 470 1599 529 sustinuerunt
1645 473 1887 529 laborem
1915 513 1930 538 ,
1996 487 2175 526 nonne
2202 475 2254 534 Α
2279 471 2355 544 git
2377 472 2598 527 fratrem
2623 487 2800 536 suum,
2835 471 2890 526 in
2917 470 3309 542 tranquillitate
3332 479 3414 527 est
3437 487 3533 529 cor
3561 471 3716 544 ejus;
3747 477 3854 533 fra-

561 562 763 634 .magis
810 563 968 618 nobis
1018 563 1256 618 ctelestis
1313 563 1575 617 amandus
1617 562 1733 617 est?
1773 563 1909 617 Nam
1939 570 1994 616 et
2029 562 2174 616 circa

563 652 710 721 'nos,
749 637 894 726 quod
919 654 1022 708 fuit
1047 670 1236 710 eorum
1281 655 1621 724 obsequium,
1653 653 1856 709 Christi
1896 662 1979 709 est
2019 654 2177 708 bene-

561 744 795 810 ;ﬁcium,
826 745 919 815 qui
970 745 1214 800 omnium
1248 747 1589 815 dispensator
1639 747 1875 817 optimus
1904 754 2007 801 est.
2040 745 2175 801 Nam

590 847 884 910 antequam
917 854 1270 894 nasceremur
1296 839 1352 894 in
1389 839 1492 894 hoc
1534 839 1748 904 saeculo,
1779 847 2034 909 parentes
2081 853 2178 892 no-

587 929 675 986 bis
708 945 808 984 sua
838 929 1176 1001 providentia
1206 939 1366 985 antea
1386 930 1734 1000 praeparavit,
1767 946 1998 1001 quorum
2023 931 2178 987 obse-

559 1023 722 1094 .quio
752 1023 1075 1079 nutriemur.
1109 1022 1218 1078 Sed
1245 1030 1300 1078 et
1338 1023 1533 1077 matris
1568 1024 1736 1077 ubera
1767 1032 1896 1078 tunc
1921 1023 2060 1078 laete
2092 1037 2178 1077 re-

540 1091 545 1108 l
587 1091 827 1183 plentur,
881 1115 1096 1184 quando
1141 1113 1322 1169 infans
1375 1113 1538 1168 fuerit
1588 1123 1766 1168 natus.
1824 1114 1963 1184 Ergo
2003 1114 2177 1185 magis

591 1205 842 1261 omnibus
867 1207 1152 1278 diligamus
1179 1208 1369 1272 Deum,
1394 1207 1486 1276 qui
1529 1222 1627 1262 nos
1654 1215 1707 1263 et
1734 1195 2063 1277 propinquos
2089 1220 2181 1261 no-

567 1305 736 1358 ~atros
767 1298 998 1370 propriis
1032 1299 1281 1355 manibus
1329 1300 1512 1364 ﬁnxit;
1543 1309 1598 1354 et
1644 1312 1839 1356 cuncta
1878 1301 2019 1354 bona
2056 1316 2177 1370 quze

565 1406 717 1464 erga
765 1407 864 1446 nos
902 1400 1167 1463 geruntur
1190 1394 1433 1463 quotidie
1461 1393 1580 1463 ejus
1623 1394 1902 1450 beneﬁciis
1938 1393 2180 1448 ascriba-

589 1500 734 1540 mus.
763 1483 898 1538 Nam
923 1492 980 1538 et
1010 1494 1266 1554 parentes
1290 1495 1506 1541 nostros
1531 1486 1682 1556 quasi
1719 1488 1936 1557 propria
1967 1488 2178 1542 viscera

587 1575 893 1649 diligamus,
927 1577 971 1630 si
1018 1577 1278 1633 accedere
1302 1594 1402 1634 nos
1427 1580 1495 1633 ad
1525 1580 1811 1634 servitium
1837 1578 2044 1634 Christi
2072 1595 2176 1633 non

588 1669 882 1738 prohibent
942 1687 955 1722 :
1024 1670 1070 1724 si
1121 1678 1303 1725 autem
1364 1671 1694 1740 prohibent,
1751 1687 1851 1725 nec
1905 1670 2178 1739 sepultura

587 1758 697 1815 illis
721 1776 752 1814 a
782 1759 938 1815 nobis
962 1759 1207 1815 debetur.
1249 1760 1497 1816 Christus
1547 1761 1848 1832 diligendus
1885 1769 1969 1816 est
2018 1777 2180 1832 super

586 1858 861 1919 parentes,
892 1850 1018 1920 quia
1049 1867 1156 1904 non
1182 1850 1429 1906 tribuunt
1466 1851 1622 1906 nobis
1667 1861 1924 1923 parentes
1961 1867 2024 1906 ea
2054 1867 2174 1921 qua:

584 1936 836 1995 Christus
876 1940 1086 1995 tribuit.
1116 1941 1186 1996 Et
1225 1942 1345 2010 quis
1382 1941 1645 1996 beneﬁcia
1672 1941 1790 2012 ejus
1818 1949 2177 2013 congruenter

567 2017 848 2088 enarret?
887 2033 984 2089 Vel
1039 2042 1301 2104 quantum
1348 2035 1505 2088 nobis
1559 2034 1787 2099 tribuit,
1834 2043 1890 2088 et
1937 2035 2177 2104 quotidie

569 2111 875 2194 praebendo
896 2143 1002 2183 non
1035 2126 1270 2182 desinit?
1307 2127 1501 2183 Videns
1538 2127 1682 2182 enim
1708 2127 1851 2184 Deus
1876 2128 2178 2184 innumeris

585 2223 826 2293 peccatis
854 2237 953 2277 nos
994 2222 1278 2286 obnoxios,
1308 2238 1415 2277 non
1461 2222 1728 2292 despexit,
1759 2222 1852 2276 sed
1889 2221 2173 2286 liberavit;

585 2327 688 2368 nec
715 2329 837 2369 eum
863 2314 1082 2368 alienati
1107 2313 1176 2368 ab
1197 2329 1264 2369 eo
1286 2314 1338 2368 in
1374 2313 1603 2368 diversis
1638 2314 1919 2369 erroribus
1949 2329 2176 2385 vagare-

583 2420 727 2466 mur,
755 2406 808 2459 in
835 2406 1192 2476 pmecipitlum
1224 2406 1419 2461 mortis
1449 2422 1555 2459 non
1586 2405 1759 2468 duxit,
1787 2407 1879 2461 sed
1912 2407 1976 2460 ad
2008 2407 2176 2460 vitam

584 2503 902 2566 perpetuam
955 2497 1250 2551 revocavit.
1301 2497 1368 2551 Et
1411 2513 1533 2552 cum
1564 2499 1757 2570 Ingrati
1790 2499 2177 2564 beneﬁciorum

585 2586 704 2656 ejus
743 2586 1055 2657 ingeramus
1085 2590 1150 2644 ab
1179 2605 1266 2655 co,
1293 2598 1354 2644 ut
1395 2589 1560 2645 Pater
1588 2591 2040 2662 clementissimus
2084 2608 2178 2647 ex-

585 2677 809 2746 quisivit
833 2693 934 2733 nos
961 2697 973 2731 :
1003 2688 1057 2734 et
1086 2695 1209 2735 cum
1241 2680 1296 2734 in
1321 2681 1449 2736 sede
1488 2681 1704 2737 sublimi
1737 2683 1971 2748 sederet,
2000 2685 2174 2739 nostri

585 2771 788 2842 gratia'
817 2771 1100 2828 descendit
1136 2772 1204 2826 ad
1244 2780 1448 2837 terras,
1493 2783 1548 2828 et
1585 2774 1640 2828 in
1691 2782 1840 2830 tanta
1873 2775 2177 2830 humilitate

586 2859 770 2922 venit,
825 2867 886 2914 ut
929 2860 1184 2916 servilem
1228 2861 1460 2917 formam
1511 2873 1844 2930 assumeret;
1882 2874 1938 2920 et
1981 2865 2072 2934 qui
2121 2866 2177 2921 in

583 2951 786 3022 pugillo
839 2967 938 3007 suo
987 2954 1230 3009 continet
1275 2955 1464 3010 orbem
1516 2963 1822 3020 terrarum,
1873 2958 2068 3027 pannis
2121 2958 2177 3014 in

583 3042 848 3112 praesepio
878 3042 1149 3098 involutus
1197 3052 1281 3099 est
1328 3063 1343 3099 :
1377 3055 1434 3100 et
1463 3046 1555 3116 qui
1594 3045 1793 3102 etelum
1835 3046 2016 3117 palma
2058 3063 2176 3116 me-

587 3132 738 3196 titur,
779 3149 885 3188 non
945 3134 1135 3188 habuit
1186 3135 1280 3189 ubi
1326 3145 1486 3206 caput
1529 3136 1837 3192 reclinaret.
1896 3137 2031 3192 Cum
2086 3153 2176 3194 es—

565 3215 671 3290 set
699 3225 870 3289 dives,
907 3237 1112 3295 pauper
1157 3235 1241 3280 est
1273 3225 1450 3280 factus
1476 3267 1490 3290 ,
1543 3234 1603 3280 ut
1649 3243 1747 3282 nos
1794 3227 2093 3282 ditaremur
2123 3229 2178 3284 in

563 3314 711 3386 illo;
752 3322 806 3370 et
853 3316 945 3384 qui
977 3315 1030 3369 in
1063 3315 1297 3370 nubibus
1343 3326 1604 3372 venturus
1634 3326 1718 3372 est
1749 3317 1816 3373 ad
1853 3317 2180 3386 judicandos

562 3407 737 3478 vivos
785 3415 840 3460 et
895 3415 1161 3472 mortuos,
1211 3405 1481 3476 judicium
1530 3408 1766 3465 hominis
1810 3410 2073 3480 pertulit;
2123 3419 2180 3466 et

565 3514 708 3576 cum
743 3491 1058 3558 sitientibus
1086 3504 1162 3558 sit
1188 3503 1312 3560 fons
1340 3505 1634 3570 atternalis,
1681 3487 1804 3560 cum
1852 3507 2060 3562 sitisset
2083 3523 2180 3578 po-

583 3590 808 3647 stulavit
824 3607 1018 3664 aquam
1047 3609 1078 3647 a
1101 3593 1446 3650 Samaritana
1470 3595 1728 3651 muliere:
1747 3597 1907 3667 etqui
1929 3596 1982 3650 in
2011 3612 2179 3652 carne

567 3681 800 3753 propria
826 3693 1071 3740 nostram
1096 3688 1331 3742 esuriem
1352 3689 1636 3751 saturavit,
1665 3689 1891 3744 esurivit
1915 3705 2037 3744 cum
2060 3697 2180 3746 ten-

567 3767 794 3828 taretur
828 3775 883 3828 in
927 3784 1143 3844 eremo;
1173 3787 1228 3834 et
1257 3779 1344 3834 cui
1372 3779 1717 3834 ministratur
1745 3794 1867 3834 eum
1913 3779 2074 3834 Patre
2111 3779 2180 3834 ab

565 3853 814 3938 angelis,
857 3869 1170 3926 hominibus
1201 3871 1515 3927 ministrare
1546 3872 1802 3940 dignatur
1831 3889 1843 3925 :
1891 3880 1946 3927 et
1984 3887 2176 3928 manus

571 3956 703 4036 pejus
749 3973 849 4028 per
895 3975 1032 4030 quas
1068 3962 1297 4018 virtutes
1321 3963 1587 4032 plurimas
1628 3972 1885 4034 operatus
1923 3973 2042 4029 est,
2079 3978 2178 4033 pro

585 4051 743 4106 nobis
769 4053 997 4109 conﬁxae
1026 4063 1153 4110 sunt
1191 4055 1389 4122 clavis;
1419 4066 1475 4111 et
1501 4058 1584 4113 ori
1629 4056 1747 4125 ejus
1781 4071 1880 4127 per
1919 4057 2062 4126 quod
2092 4073 2180 4112 sa-

571 4141 818 4208 lutarem
849 4143 1154 4199 doctrinam
1187 4148 1535 4202 annuntiavit
1562 4148 1894 4203 hominibus.
1927 4163 2027 4218 pro
2055 4148 2178 4204 cibo

585 4235 657 4292 fel
684 4237 950 4294 dederunt
977 4258 988 4294 :
1016 4248 1072 4294 et
1113 4240 1204 4311 qui
1238 4241 1442 4296 nullum
1486 4242 1626 4298 lmsit
1652 4243 1736 4297 vel
1764 4241 1971 4308 nocuit,
2003 4257 2177 4298 caesus

584 4337 642 4384 et
665 4330 954 4400 opprobria
986 4331 1239 4402 pertulit;
1291 4341 1346 4387 et
1386 4335 1540 4405 cujus
1563 4343 1698 4389 nutu
1741 4349 1932 4389 omnes
1977 4334 2177 4390 mortui

571 4423 893 4504 'resuseitati
922 4432 1067 4489 sunt,
1098 4425 1378 4482 voluntate
1407 4443 1504 4483 sua
1533 4437 1766 4482 mortem
1801 4427 1983 4482 crucis
2015 4428 2180 4483 susti-

583 4509 720 4567 nuit.
753 4505 989 4572 Et’ideo
1039 4518 1154 4573 haec
1207 4519 1390 4574 omnia
1449 4536 1660 4590 passus,
1712 4529 1770 4574 ut
1813 4521 1970 4575 nobis
2009 4522 2172 4575 vitam

579 4592 847 4660 aeternam
891 4608 1136 4664 donaret.
1170 4610 1236 4665 Et
1271 4626 1396 4665 cum
1429 4605 1585 4665 nobis
1616 4612 1883 4665 immensa
1913 4610 2176 4666 beneﬁcia

582 4701 828 4762 praestet,
859 4696 993 4750 nihil
1019 4698 1242 4769 exigita
1270 4702 1447 4766 nobis,
1494 4701 1596 4756 nisi
1638 4709 1698 4755 ut
1750 4702 1945 4772 templa
1991 4711 2177 4757 nostra

582 4785 864 4858 impolluta
903 4789 952 4843 ei
985 4805 1284 4858 servemus,
1325 4801 1385 4847 ut
1423 4808 1640 4863 semper
1663 4793 1717 4847 in
1744 4795 1904 4848 nobis
1943 4795 2175 4863 habitet,

579 4867 639 4934 et
681 4893 782 4935 nos
811 4894 1233 4950 permaneamus
1275 4884 1330 4938 in
1372 4883 1485 4939 illo.
1517 4883 1634 4939 Non
1680 4885 1917 4954 postulat
1956 4901 1984 4939 a
2020 4886 2177 4944 nobis

583 4985 802 5036 aurum,
828 4979 924 5026 aut
943 4981 1249 5043 argentum,
1276 4974 1359 5028 vel
1382 4975 1642 5047 quidquid
1673 4974 2016 5043 hujusmodi;
2051 4993 2175 5032 nam

579 5070 636 5139 et
671 5062 718 5118 si
764 5061 969 5118 fuerint
993 5064 1151 5119 nobis
1185 5065 1310 5132 ista,
1343 5066 1618 5136 dispertiri
1656 5067 1940 5139 egentibus
1983 5069 2177 5138 praeci-

580 5155 701 5226 pit:
740 5170 843 5211 nos
887 5155 1037 5228 ipsos
1065 5158 1278 5226 quaerit,
1309 5173 1411 5214 nos
1460 5159 1754 5224 desiderat,
1806 5160 1858 5215 in
1901 5159 2060 5216 nobis
2089 5175 2176 5216 re-

583 5245 872 5316 quiescere
909 5248 1081 5319 cupit.

1187 5343 1418 5402 CAPUT
1468 5344 1559 5400 IV.

1028 5437 1108 5493 De
1153 5437 1431 5494 dilectione
1472 5437 1717 5510 proximi.

583 5593 588 5596 _
653 5527 991 5588 Accedamus
1015 5545 1146 5602 ergo
1175 5529 1244 5585 ad
1287 5545 1432 5596 eum,
1465 5538 1520 5585 et
1547 5527 1865 5598 copulemur
1891 5526 1949 5582 in
1979 5523 2174 5581 affectu

585 5618 724 5688 ejus,
761 5630 819 5678 et
843 5632 905 5678 ut
931 5637 1032 5678 nos
1059 5623 1210 5695 ipsos
1235 5635 1483 5677 amemus
1503 5627 1560 5676 et
1584 5619 1884 5691 proximos.
1912 5616 2018 5682 Qui
2055 5614 2177 5668 dili-

585 5713 690 5782 git,
723 5712 918 5782 inquit,
948 5715 1270 5784 proximum,
1296 5711 1440 5782 ﬁlius
1471 5711 1569 5766 Dei
1595 5716 1828 5765 vocatur.
1865 5706 1968 5776 Qui
1994 5715 2174 5761 autem

586 5817 618 5859 ο
653 5802 930 5861 contrario
949 5803 1086 5870 odit,
1117 5804 1263 5861 ﬁlius
1290 5801 1489 5860 diaboli
1521 5807 1886 5871 nuncupatur.
1917 5795 2018 5864 Qui
2056 5795 2177 5850 dili-

2279 571 2413 617 trem
2441 579 2571 617 vero
2614 562 2806 640 odiens
2838 569 3158 632 tempestate
3205 565 3441 618 maxima
3491 566 3856 626 circumdatus

2275 662 2378 710 est.
2412 656 2506 710 Vir
2539 655 2806 725 benignus
2851 656 3065 712 etiamsi
3091 657 3299 726 patitur
3340 658 3618 730 injuriam,
3659 678 3760 733 pro
3786 666 3860 720 ni-

2274 747 2385 803 hilo
2423 749 2603 814 ducit;
2639 749 2856 818 iniquus
2900 751 3064 806 etiam
3111 751 3344 822 proximi
3383 758 3538 809 actus
3586 764 3861 813 contume-

2274 839 2404 894 liam
2452 839 2767 895 arbitratur.
2815 839 2918 908 Qui
2945 841 3214 897 charitate
3251 841 3445 912 plenus
3491 849 3598 910 est,
3630 847 3861 902 serenis-

2277 930 2414 985 simo
2436 930 2588 986 vultu
2609 931 2854 1000 procedit
2879 948 2894 985 :
2922 931 3010 986 vir
3035 940 3220 988 autem
3248 931 3374 988 odio
3401 931 3596 1004 plenus
3624 935 3861 992 ambulat

2275 1018 2588 1078 iracundus.
2621 1021 2702 1075 Tu
2727 1031 2929 1087 autem,
2977 1020 3076 1089 ﬁli,
3118 1021 3439 1094 benignitati
3468 1025 3629 1081 stude
3671 1027 3729 1082 in
3753 1027 3860 1083 vita

2275 1118 2386 1175 tua,
2415 1118 2472 1165 et
2497 1111 2805 1181 proximum
2837 1119 2987 1167 tuum
3031 1113 3230 1168 habeto
3271 1116 3530 1184 tanquam
3577 1130 3752 1170 unum
3800 1132 3861 1172 ex

2277 1201 2536 1256 membris
2585 1201 2711 1257 tuis.
2769 1199 2997 1258 Omnem
3061 1204 3336 1261 hominem
3387 1203 3573 1274 judica
3637 1206 3861 1264 fratrem

2279 1299 2450 1346 tuum.
2488 1292 2756 1348 Memento
2781 1295 2926 1364 quod
2954 1311 3094 1351 unus
3129 1295 3329 1351 artifex
3357 1310 3424 1352 ac
3459 1313 3623 1354 verus
3663 1307 3756 1354 est
3781 1300 3863 1372 qui

2279 1385 2522 1440 condidit
2565 1401 2683 1440 nos.
2719 1385 2834 1440 Non
2871 1403 3094 1466 moveas
3139 1389 3394 1459 cuiquam
3443 1390 3766 1446 scandalum
3815 1393 3865 1449 in

2278 1478 2420 1543 vita;
2445 1487 2500 1532 et
2528 1494 2632 1532 non
2663 1479 2809 1548 quod
2835 1479 2934 1534 tibi
2955 1480 3084 1535 utile
3105 1489 3209 1546 est,
3239 1481 3334 1536 sed
3372 1481 3471 1546 illi,
3496 1483 3686 1538 facito.
3715 1483 3866 1552 Quod

2281 1568 2378 1621 tibi
2404 1568 2652 1624 accidere
2683 1585 2790 1624 non
2815 1569 2918 1633 vis,
2951 1585 3051 1625 nec
3077 1571 3126 1624 ei
3167 1571 3354 1641 cupias
3376 1573 3618 1628 evenire.
3655 1571 3716 1628 Si
3752 1589 3866 1631 eum

2279 1663 2480 1718 videris
2504 1665 2558 1718 in
2598 1665 2755 1720 bonis
2786 1666 2998 1722 actibus
3025 1676 3460 1735 conversantem,
3485 1669 3866 1739 congratulare

2283 1755 2356 1819 ei,
2388 1765 2442 1810 et
2469 1756 2613 1812 illius
2651 1757 2906 1827 gaudium
2933 1765 3082 1814 tuum
3101 1759 3324 1825 ducito;
3366 1768 3421 1816 et
3448 1762 3494 1816 si
3537 1761 3755 1831 aliquid
3783 1779 3867 1835 pa—

2201 1840 2248 1900 B
2277 1845 2443 1900 tiatur
2471 1846 2756 1902 adversum
2777 1888 2791 1913 ,
2843 1858 3152 1917 compatere
3199 1851 3249 1905 ei
3268 1891 3283 1916 ,
3314 1859 3369 1907 et
3396 1851 3538 1907 illius
3589 1853 3865 1909 tristitiam

2277 1944 2424 1990 tuam
2470 1938 2668 2006 deputa
2720 1955 2733 1992 :
2789 1954 3006 1995 omnem
3042 1940 3308 1997 malitiam
3357 1943 3564 2014 expelle
3587 1944 3661 2000 ab
3689 1946 3866 2000 anima

2265 2038 2391 2094 tua,
2418 2035 2473 2084 et
2500 2029 2747 2084 odiorum
2788 2030 3018 2087 ﬂammae
3049 2047 3157 2088 non
3187 2035 3533 2090 .comburent
3557 2050 3657 2090 cor
3698 2044 3867 2091 tuum.

2277 2119 2478 2174 Contra
2523 2119 2874 2189 impetentem
2917 2131 3013 2177 aut
3045 2123 3346 2194 subjectum
3376 2125 3472 2180 tibi
3509 2125 3622 2182 noli
3659 2127 3873 2183 iracun-

2279 2212 2365 2266 dia
2403 2215 2766 2279 commoveri;
2800 2215 2897 2270 sed
2930 2225 3186 2286 tanquam
3222 2227 3374 2272 tuum
3405 2221 3714 2276 membrum
3757 2239 3871 2294 pro-

2277 2303 2456 2372 prium
2509 2318 2634 2357 cum
2665 2303 2861 2360 habeto
2906 2307 2960 2362 in
3005 2308 3278 2363 omnibus.
3305 2307 3383 2362 Ne
3425 2309 3619 2380 diligas
3649 2310 3872 2369 fratrem

2279 2402 2452 2449 tuum.
2480 2395 2734 2451 simulato
2780 2397 2967 2465 corde,
3001 2413 3102 2454 nec
3143 2413 3268 2454 eum
3312 2399 3474 2455 labiis
3518 2401 3780 2457 osculans
3808 2418 3871 2456 ex

2278 2486 2382 2541 alia
2410 2495 2564 2556 parte
2602 2485 2827 2543 insidias
2858 2486 3030 2544 facias
3079 2489 3150 2543 ei.
3184 2488 3417 2546 Dolosus
3455 2489 3602 2544 enim
3651 2490 3742 2544 vir
3774 2505 3871 2566 pa-

2280 2577 2430 2632 ciﬁca
2468 2578 2633 2632 verba
2677 2577 2884 2646 profert
2903 2593 3114 2640 exure,
3147 2588 3200 2634 et
3229 2579 3282 2633 in
3313 2579 3498 2635 abdito
3531 2579 3738 2634 mentis
3758 2594 3876 2650 sup-

2277 2667 2526 2738 plantare
2551 2659 2861 2737 proximum
2883 2683 3038 2723 suum
3063 2669 3374 2724 meditatur.
3402 2669 3463 2724 In
3485 2669 3573 2724 his
3593 2683 3732 2740 ergo
3753 2684 3875 2741 ope-

2278 2759 2430 2814 ribus
2467 2760 2534 2814 ad
2562 2760 2901 2815 iracundiam
2935 2770 3263 2831 provocatur
3289 2760 3453 2816 Deus.
3491 2760 3717 2818 Puritas
3736 2762 3873 2818 enim

2259 2865 2399 2920 qua:
2420 2850 2598 2920 placet
2622 2850 2674 2905 in
2704 2861 2997 2920 conspectu
3032 2852 3269 2920 Domini,
3302 2852 3511 2924 respuit
3535 2867 3705 2910 omne
3726 2852 3875 2925 quid-

2279 2941 2409 3012 quid
2438 2941 2693 2998 simulato
2721 2943 2886 2999 corde
2913 2933 3167 3000 eﬁicitur.

2910 3057 3138 3116 CAPUT
3177 3057 3244 3114 ν.

2813 3128 2887 3184 De
2945 3131 3122 3184 studio
3179 3131 3346 3202 pacis.

2205 3196 2250 3259 (ἶ
2353 3223 2433 3278 Tu
2467 3232 2648 3278 autem
2693 3239 2910 3279 omnem
2966 3196 3373 3280 simulationem
3412 3222 3574 3296 longe
3612 3223 3707 3282 fac
3736 3242 3768 3282 a
3799 3233 3878 3293 te,

2279 3325 2336 3370 et
2379 3332 2447 3372 ne
2489 3317 2676 3387 cupias
2731 3318 3084 3388 supplantare
3113 3318 3420 3389 proximum
3471 3325 3646 3383 tuum,
3701 3333 3882 3389 neque

2279 3411 2531 3466 mordere
2577 3421 2670 3464 aut
2697 3410 2902 3466 laniare
2950 3412 3255 3468 membrum
3311 3419 3479 3466 tuum.
3525 3409 3684 3478 Quod
3725 3421 3786 3466 et
3835 3412 3885 3470 si

2279 3503 2608 3573 quandoque
2640 3510 2701 3556 ut
2724 3502 2888 3558 homo
2911 3501 3087 3558 iratus
3127 3501 3320 3567 fueris,
3355 3500 3494 3556 ultra
3515 3499 3645 3557 solis
3677 3501 3884 3557 termi-

2280 3610 2412 3650 num
2439 3609 2546 3649 non
2579 3594 2848 3665 producas
2883 3593 3223 3648 iracundiam
3251 3602 3432 3659 tuam;
3468 3592 3563 3648 sed
3587 3600 3648 3648 et
3679 3608 3881 3648 recon-

2279 3688 2469 3745 ciliare
2515 3688 2584 3744 ad
2622 3702 2832 3759 pacem,
2875 3696 2930 3743 et
2970 3686 3215 3758 deprime
3263 3703 3482 3743 omnem
3529 3685 3785 3745 furorem
3819 3688 3884 3744 ab

2281 3779 2459 3834 anima
2486 3788 2595 3833 tua.
2623 3777 2726 3845 Qui
2779 3778 2926 3834 enim
2961 3777 3304 3848 amplectitur
3327 3792 3518 3848 pacem
3569 3780 3627 3834 in
3680 3762 3883 3835 mentis

2281 3886 2392 3927 sua:
2442 3869 2699 3940 hospitio,
2755 3869 3093 3926 mansionem
3130 3876 3401 3940 praeparat
3435 3867 3701 3937 Christo;
3760 3871 3883 3941 quia

2281 3961 2533 4016 Christus
2561 3967 2797 4030 pax‘est,
2824 3967 2882 4015 et
2909 3959 2964 4014 in
2991 3973 3127 4030 pace
3173 3959 3518 4029 requiescere
3561 3960 3759 4030 cupit;
3807 3961 3885 4015 νήι-

2281 4063 2465 4109 autem
2490 4039 2704 4108 invidus
2734 4053 2986 4108 omnibus
3011 4052 3186 4108 modis
3208 4059 3547 4108 exsecratur.
3573 4053 3682 4108 Vir
3702 4054 3884 4124 pacm--

2280 4162 2376 4201 cus
2413 4145 2468 4200 in
2520 4144 2913 4214 tranquillitate
2959 4153 3044 4200 est
3085 4159 3302 4214 semper
3327 4160 3424 4200 cor
3461 4144 3612 4214 ejus;
3670 4146 3887 4200 invidus

2280 4247 2463 4294 autem
2507 4237 2701 4294 similis
2742 4239 2864 4293 navi
2891 4253 3014 4294 cum
3035 4236 3278 4306 iactatur
3325 4253 3356 4292 a
3403 4236 3666 4293 ﬂuctibus
3691 4239 3885 4292 maris.

2280 4330 2453 4386 Homo
2483 4330 2742 4400 paciﬁcus
2773 4344 3021 4384 securam
3047 4329 3290 4400 possidet
3327 4335 3570 4384 mentem
3604 4346 3619 4383 :
3658 4330 3884 4385 invidus

2281 4429 2463 4476 autem
2499 4421 2552 4474 in
2591 4418 2999 4490 perturbatione
3028 4426 3126 4492 est
3164 4433 3408 4488 semper;
3449 4418 3543 4488 qui
3579 4428 3776 4475 autem
3808 4435 3892 4475 se-

2282 4519 2463 4566 ctatur
2492 4525 2680 4581 pacem
2699 4551 2714 4575 ,
2747 4518 2898 4566 tutus
2917 4521 3002 4566 est
3024 4525 3240 4580 semper
3260 4510 3500 4579 undique
3523 4524 3588 4564 ac
3610 4511 3887 4564 munitus.

2281 4601 2418 4656 Nam
2449 4601 2665 4656 invidus
2691 4609 2750 4655 ut
2784 4601 2944 4672 lupus
2972 4617 3139 4673 rapax
3175 4600 3382 4656 insanit
3431 4601 3705 4656 inaniter.
3740 4600 3894 4656 Paci-

2280 4695 2418 4749 ﬁcus
2449 4701 2532 4748 est
2561 4701 2622 4748 ut
2657 4693 2813 4749 vinea
2842 4695 3072 4750 honesta
3101 4694 3385 4749 abundans
3405 4693 3588 4750 fructu
3620 4696 3890 4766 copioso;

2282 4787 2448 4841 invidi
2477 4794 2658 4842 autem
2695 4801 2830 4856 opus
2859 4786 3158 4859 indigentia
3194 4802 3260 4842 ac
3286 4787 3506 4842 miseria
3555 4787 3854 4844 detinetur
3882 4805 3893 4839 :

2281 4890 2337 4936 et
2362 4887 2624 4950 quantum
2649 4880 2910 4950 paciﬁcus
2929 4880 3171 4950 gaudens
3206 4880 3260 4935 in
3293 4879 3522 4935 Domino
3550 4879 3894 4943 delectatur,

2282 4979 2496 5026 tantum
2531 4970 2747 5025 invidus
2775 4971 3059 5026 tabescens
3101 4969 3170 5024 ad
3195 4970 3424 5026 nihilum
3471 4970 3778 5041 redigitur.
3817 4969 3898 5034 Ex

2287 5063 2618 5120 abundantia
2663 5057 3163 5133 lzetititepaciﬁcus
3199 5063 3364 5120 homo
3399 5064 3791 5136 dignoscitur;
3830 5079 3899 5122 ex

2286 5155 2435 5210 vultu
2457 5153 2698 5210 marcido
2718 5162 2772 5209 et
2797 5152 2982 5210 furore
3007 5155 3166 5225 pleno
3205 5155 3420 5211 invidus
3446 5155 3898 5214 demonstratur.

2286 5245 2555 5303 Paeiﬁcus
2583 5246 2746 5301 homo
2794 5246 3130 5302 consortium
3167 5246 3483 5318 angelorum
3527 5246 3900 5302 merebitur:

2289 5340 2504 5397 invidus
2530 5340 2693 5395 homo
2737 5339 3009 5410 particeps
3034 5338 3449 5394 'dremoniorum
3491 5334 3784 5394 efﬁcietur
3806 5353 3825 5393 :
3848 5343 3906 5394 et

2285 5435 2428 5492 sicut
2454 5449 2556 5507 pax
2604 5439 2813 5490 secreta
2863 5432 3063 5490 mentis
3109 5431 3402 5498 illuminat,
3447 5431 3522 5487 ita
3547 5430 3780 5486 invidia
3818 5447 3906 5488 oc-

2281 5526 2425 5581 culta
2456 5524 2638 5582 cordis
2657 5523 2915 5592 obcaecat.
2945 5522 3060 5580 Pax
3083 5522 3231 5580 enim
3257 5520 3469 5593 ,effugat
3498 5528 3559 5576 et
3591 5521 3908 5592 perturbat

2283 5629 2498 5670 omnem
2546 5613 2909 5680 discordiam,
2947 5614 3150 5670 invidia
3179 5623 3362 5670 autem
3411 5611 3780 5670 iracundiam
3811 5629 3907 5670 cu-

2284 5705 2472 5760 mulat.
2497 5705 2542 5760 A
2571 5705 2856 5775 splendore
2880 5713 3064 5762 autem
3089 5705 3240 5776 pacis
3279 5702 3551 5774 eifugatur
3569 5704 3778 5760 omnis
3805 5717 3903 5760 ca-

2284 5797 2424 5868 ligo;
2449 5804 2506 5852 et
2526 5797 2618 5853 ubi
2650 5798 2925 5854 obsederit
2943 5796 3165 5862 invidia,
3198 5795 3270 5852 ibi
3296 5793 3608 5852 obscuritas
3633 5802 3706 5851 et
3739 5803 3906 5852 exte-
