3972 6328
146 334 235 393 689

567 328 796 388 CODEX
834 326 1290 386 REGULARUM.
1332 327 1702 383 APPENDIX.
1744 325 2052 383 EXHORT.
2096 327 2188 380 AD
2228 323 2530 380 MONACH.
2574 325 2664 379 ET
2705 321 2866 380 VIRG
2939 402 2941 404 η

3264 322 3367 384 690

142 455 290 509 riores
315 453 563 504 tenebrae.
595 445 817 502 Sectare
859 459 1008 516 ergo,
1041 444 1151 510 illi,
1180 442 1536 499 desiderabile
1584 456 1681 496 no-
1705 439 2122 502 Acomburitur
2147 477 2165 504 ,
2211 438 2284 492 ita
2339 438 2432 507 qui
2477 439 2648 507 tangit
2702 436 2944 492 mulieris
2989 453 3207 496 carnem
3259 462 3366 502 non

138 559 246 599 tuen
285 540 442 613 pacis,
474 548 533 594 ut
579 537 784 594 fructus
825 538 978 607 pacis
1025 537 1203 605 possis
1258 535 1578 604 acquirere;
1629 540 1685 587 et

135 649 389 693 exsecrere
415 633 694 698 invidiam,
717 647 784 686 ne
809 632 1076 686 malorum
1107 629 1371 698 fructibus
1400 625 1678 696 replearis.

134 728 444 786 Rationabile
474 741 706 797 namque
746 724 946 780 animal
983 724 1187 779 creavit
1208 731 1261 776 te
1291 723 1448 784 Deus,
1477 727 1534 772 ut
1556 733 1683 788 pos-

132 821 203 876 sis
228 822 520 876 discernere
561 819 703 874 inter
747 818 949 874 bonum
985 824 1040 870 et
1081 813 1302 878 malum,
1336 821 1395 866 ut
1426 825 1544 880 quae
1576 810 1685 864 sint

131 913 311 984 Optima
351 911 548 984 eligas,
597 918 653 966 et
691 909 898 965 inutilia
945 921 1208 977 respuas,
1249 903 1431 958 omnia
1479 899 1686 956 exami-

129 1021 250 1071 nes,
283 1019 394 1075 quae
445 1003 554 1058 sint
600 1002 743 1058 bona
793 1008 999 1064 teneas,
1026 999 1093 1053 ab
1145 997 1292 1054 omni
1334 990 1514 1066 specie
1541 990 1684 1044 mala

125 1105 394 1160 abstineas.

721 1185 949 1244 CAPUT
979 1183 1072 1240 Vl.

671 1278 764 1354 [De
831 1275 1103 1346 patientia.

185 1375 300 1441 Fili,
344 1372 661 1445 patientiam
708 1368 909 1438 arripe,
939 1364 1066 1436 quia
1111 1361 1348 1416 maxima
1380 1366 1466 1414 est
1504 1357 1683 1412 virtus

119 1470 318 1533 animat,
337 1475 394 1522 ut
413 1465 674 1521 velociter
691 1461 758 1516 ad
782 1457 1170 1516 sublimitatem
1186 1450 1534 1524 perfectionis
1559 1463 1684 1519 pos—

115 1552 189 1618 sis
209 1559 506 1616 ascendere.
538 1553 970 1611 Retributionem
998 1548 1276 1619 patientiae
1314 1553 1419 1599 tua:
1447 1559 1514 1597 ne
1543 1555 1686 1610 qua:-

113 1669 201 1708 ras
251 1653 314 1707 ab
364 1650 600 1714 homine,
652 1655 713 1701 ut
760 1645 814 1699 in
855 1643 1039 1698 futuro
1093 1640 1270 1711 possis
1315 1637 1560 1706 accipere
1613 1633 1682 1688 ab

110 1755 307 1802 aeterno
335 1743 563 1798 Domino
615 1748 877 1795 aeternam
923 1733 1358 1790 retributionem.
1411 1725 1682 1781 Patientia

1785 529 1964 585 evadit
1999 532 2116 584 sine
2169 530 2367 584 damno
2418 532 2610 584 animae
2661 547 2802 597 suaa;
2859 541 2915 584 et
2967 532 3093 589 licet
3140 551 3366 608 corpore

1785 630 1970 676 castus
2014 623 2270 686 evaserit,
2322 631 2504 677 mente
2548 631 2725 676 tamen
2772 631 2828 677 et
2866 625 3029 680 corde
3083 638 3374 698 corruptus

1787 717 2045 771 abscedit.

2360 810 2588 888 CAPUT
2644 810 2778 866 an

2165 903 2237 957 De
2276 903 2457 958 circuli
2501 921 2678 957 amore
2717 904 2986 974 fugiendo.

1855 993 1952 1049 Dic
1997 994 2152 1058 mihi,
2183 1009 2386 1062 quaeso,
2439 993 2536 1058 fili,
2569 995 2693 1063 quis
2720 994 2790 1048 sit
2813 995 3088 1064 profectus
3133 996 3326 1051 animm
3352 1038 3367 1060 ,

1785 1077 1972 1141 amare
2023 1085 2206 1140 carnis
2243 1084 2736 1154 pulchritudinem?
2774 1084 2963 1140 Nonne
3017 1087 3156 1141 sicut
3187 1085 3370 1142 fenum

1784 1192 1909 1231 cum
1936 1192 1968 1230 a
1995 1176 2208 1229 fervore
2229 1173 2434 1229 aestatis
2459 1189 2778 1242 percussum
2816 1175 2998 1241 fuerit,
3025 1177 3225 1232 arescit
3246 1218 3260 1241 ,
3317 1186 3374 1230 et

1784 1267 2046 1338 paulatim
2102 1265 2392 1335 pristinum
2437 1265 2691 1320 decorem
2742 1266 2976 1321 amittit?
3033 1265 3236 1320 Similis
3287 1276 3373 1320 est

1784 1361 1947 1416 etiam
1998 1359 2207 1430 species
2267 1360 2518 1414 humana:
2565 1341 2774 1412 natura:
2829 1377 2843 1413 :
2900 1358 3220 1414 succedente
3268 1359 3368 1412 sibi

1785 1459 2065 1506 senectute
2095 1451 2274 1506 omnis
2303 1451 2467 1506 decor
2508 1452 2771 1522 pristinus
2799 1453 3028 1521 deperit,
3073 1459 3128 1506 et
3153 1466 3289 1522 quos
3315 1452 3367 1504 in

1786 1556 2028 1597 amorem
2081 1543 2164 1597 sui
2217 1550 2376 1596 antea
2431 1526 2787 1608 concitabat,
2838 1543 3182 1612 postmodum
3249 1543 3370 1598 odio

1785 1651 1975 1690 eorum
2007 1634 2288 1690 afﬁcietur.
2317 1635 2453 1690 Nam
2489 1651 2610 1690 cum
2661 1635 3014 1690 intervenerit
3043 1651 3212 1701 mors,
3244 1644 3370 1689 tunc

1785 1726 2002 1794 penitus
2037 1727 2213 1780 omnis
2261 1725 2606 1795 pulchritudo
2654 1726 2952 1792 delebitur;
2994 1735 3050 1782 et
3106 1735 3235 1782 tunc
3285 1741 3371 1781 co-

109 1837 322 1910 grandis
349 1846 434 1892 est
475 1833 683 1890 medela
715 1831 940 1894 animae,
993 1825 1331 1897 impatientia
1369 1831 1552 1876 autem
1604 1827 1688 1873 est
1714 1814 1763 1874 B
1791 1832 2038 1888 gnosces,
2063 1819 2190 1888 quia
2218 1820 2452 1883 vanitas,
2483 1819 2625 1889 quod
2655 1829 2780 1874 ante
2816 1820 3048 1874 inaniter
3089 1820 3368 1891 diligebas.

105 1928 368 1998 pernicies
405 1926 603 1982 cordis.
634 1923 740 1978 Per
767 1918 1088 1990 patientiam
1134 1915 1281 1971 enim
1337 1917 1686 1981 exspectatur

105 2015 404 2074 futurorum
427 2015 693 2071 bonorum
715 2026 872 2081 spes;
899 2018 956 2064 et
978 2008 1120 2079 quod
1139 2021 1249 2061 non
1276 2003 1508 2068 videtur,
1533 2000 1686 2071 quasi

102 2110 250 2180 quod
281 2111 495 2166 videtur
524 2103 890 2176 amplectitur.

688 2194 916 2256 CAPUT
965 2192 1074 2250 V'll.

476 2292 552 2348 De
593 2287 914 2345 continentia
962 2295 1010 2340 et
1051 2285 1309 2339 castitate.

175 2385 393 2440 Castum
434 2390 487 2437 te
512 2381 567 2435 in
593 2379 845 2434 omnibus
873 2389 1052 2440 serva,
1085 2374 1183 2439 fili,
1205 2380 1265 2426 ut
1294 2371 1480 2426 videas
1505 2369 1688 2424 Domi-

92 2489 231 2531 num
282 2471 560 2542 ingloria
604 2468 1014 2524 consistentem.
1064 2463 1148 2518 Ab
1197 2461 1345 2516 omni
1389 2459 1685 2530 pollutione
1722 2482 1728 2487 -

94 2569 357 2627 mundum
403 2565 477 2621 sit
521 2578 616 2619 cor
641 2570 829 2626 tuum,
862 2568 918 2614 et
962 2573 1032 2615 ne
1068 2558 1162 2612 des
1207 2553 1426 2610 inimico
1476 2552 1684 2607 aditum

92 2660 264 2720 eundi
281 2660 347 2715 ad
371 2668 445 2715 te.
473 2658 558 2713 Ab
586 2663 810 2727 aspectu
833 2651 1067 2709 nefando
1099 2658 1284 2706 averte
1313 2646 1499 2703 oculos
1537 2655 1683 2712 tuos,

90 2764 153 2812 et
190 2769 262 2809 ne
287 2750 570 2807 delecteris
590 2747 942 2819 pulchrarum
961 2741 1198 2798 vultibus
1224 2740 1548 2796 feminarum
1567 2779 1582 2804 ,
1614 2753 1686 2794 ne

87 2863 196 2920 per
232 2847 396 2908 talem
436 2842 854 2900 oblectationem
880 2841 1074 2896 ultima
1119 2838 1369 2895 exsolvas
1397 2835 1680 2905 supplicia.

88 2943 369 2999 Memento
426 2940 512 2996 cui
573 2936 838 2994 dedicasti
884 2936 1131 2990 membra
1174 2943 1301 2997 tua,
1333 2939 1388 2986 et
1427 2946 1496 2984 ne
1539 2942 1686 2982 com-

86 3036 330 3090 misceas
355 3031 444 3086 illa
467 3028 869 3086 meretricibus.
888 3025 1124 3082 Reﬂecte
1147 3037 1388 3078 amorem
1411 3020 1480 3074 ab
1501 3033 1688 3073 amore

84 3127 366 3192 mulieris,
389 3138 565 3194 neque
590 3123 657 3178 ab
684 3135 867 3176 amore
894 3117 1108 3174 Domini
1150 3126 1203 3172 te
1225 3129 1380 3170 amor
1409 3111 1680 3167 excludat.

82 3219 218 3276 Noli
257 3219 476 3274 minima
524 3222 900 3278 contemnere,
929 3226 1000 3266 ne
1041 3208 1302 3280 paulatim
1361 3203 1572 3260 diflluas
1626 3201 1682 3256 in

81 3310 260 3368 malo.
289 3308 403 3364 Non
431 3315 486 3363 te
511 3305 733 3362 simules
760 3301 1079 3373 simpliciter
1119 3299 1377 3354 accedere
1407 3295 1476 3350 ad
1519 3293 1684 3364 virgi-

81 3417 230 3457 num
255 3401 465 3463 domus,
497 3411 600 3453 nec
625 3395 760 3450 velis
800 3409 923 3449 cum
959 3391 1039 3448 eis
1075 3391 1153 3445 uti
1180 3388 1355 3459 longis
1387 3395 1442 3442 et
1470 3384 1684 3441 otiosis-

81 3493 254 3552 simis
320 3490 556 3556 fabulis,
610 3503 679 3543 ne
722 3487 835 3557 'per
882 3484 1144 3556 plurimas
1197 3478 1684 3537 sermocinationes

80 3595 463 3654 utrorumque
490 3596 640 3638 mens
661 3579 951 3651 polluatur.
983 3576 1123 3640 Noli,
1149 3574 1248 3639 ﬁli,
1271 3572 1511 3644 graviter
1540 3570 1684 3624 ferre

78 3688 387 3734 sermones
419 3688 596 3739 meos,
642 3687 743 3727 nec
796 3670 1021 3726 stultum
1067 3665 1352 3720 arbitreris
1407 3661 1685 3731 eloquium

79 3784 314 3834 meum,
347 3766 442 3822 sed
471 3766 632 3822 crede
680 3763 815 3820 mihi
863 3770 919 3816 et
968 3765 1248 3832 gratanter
1295 3755 1482 3824 accipe
1521 3753 1687 3808 verba

78 3877 242 3918 mea.
290 3858 350 3914 Si
380 3859 448 3914 ad
475 3856 799 3913 feminarum
830 3853 1022 3909 domus
1052 3851 1362 3920 importune
1392 3843 1688 3901 accesserit

79 3953 333 4012 clericus
356 3951 444 4006 vel
473 3949 794 4012 monachus,
823 3953 878 4001 et
919 3944 1073 4015 virgo
1108 3942 1348 4011 patiatur
1378 3935 1687 4007 huiusmodi

79 4046 330 4104 introire
350 4043 420 4099 ad
444 4041 722 4108 se,statim
741 4034 1326 4106 immutant'pristinam
1346 4031 1684 4102 dignitatem,

77 4148 141 4194 et
165 4135 320 4208 quod
356 4133 587 4189 Domino
628 4129 854 4201 polliciti
911 4135 1038 4184 sunt
1065 4141 1160 4181 sua
1205 4124 1483 4180 voluntate
1530 4121 1690 4175 amit-

79 4239 239 4288 tunt.
265 4227 380 4283 Nec
403 4226 550 4282 enim
574 4229 828 4296 poterunt
851 4217 1157 4290 huiusmodi
1185 4215 1522 4271 mansionem
1551 4213 1606 4266 in
1630 4224 1689 4266 se

75 4321 335 4378 Domino
359 4329 688 4390 praeparare,
715 4313 810 4369 sed
842 4308 1230 4366 desolabuntur
1256 4313 1318 4360 ut
1350 4303 1552 4375 lignum
1582 4300 1692 4354 ari-

73 4420 225 4474 dum
259 4431 274 4467 :
309 4409 553 4480 nunquid
601 4405 965 4478 virginitatem
994 4401 1253 4458 Dominus
1287 4400 1575 4465 extorquet
1613 4392 1691 4447 in-

71 4508 242 4564 vite?
286 4504 402 4560 Hoc
435 4503 583 4560 enim
617 4514 814 4556 munus
840 4495 1143 4554 voluntarie
1191 4491 1409 4548 Christo
1458 4487 1689 4544 offertur

67 4606 138 4661 in
185 4601 421 4673 propria
448 4598 746 4653 voluntate.
775 4593 888 4650 Nec
928 4592 1074 4649 enim
1127 4589 1334 4645 licitum
1379 4595 1466 4641 est
1507 4582 1690 4656 profa-

63 4696 221 4754 nari
246 4693 457 4763 aliquid
481 4691 624 4762 quod
662 4688 891 4744 Domino
910 4684 1256 4756 promissum.
1275 4679 1392 4736 Non
1414 4676 1689 4749 peccabis,

61 4791 296 4848 homo,
327 4783 371 4838 si
399 4798 506 4838 non
541 4780 756 4836 voveris
785 4787 973 4834 votum
1010 4793 1024 4830 :
1060 4776 1107 4830 si
1149 4774 1295 4829 enim
1319 4771 1536 4836 vovisti,
1574 4769 1691 4838 jam

61 4894 153 4935 ne
195 4873 382 4930 facias
415 4888 624 4929 moram
655 4870 881 4927 reddere
918 4867 1048 4923 illud
1075 4866 1215 4937 quod
1252 4864 1512 4920 Dominus
1534 4863 1692 4934 quasi

58 4982 263 5028 suum
293 4965 526 5036 requirit
549 4964 678 5020 illud
707 4978 737 5017 a
772 4970 856 5027 te;
885 4975 986 5016 nec
1011 4958 1305 5028 pollutione
1334 4955 1450 5010 vult
1476 4953 1694 5009 misceri

56 5059 360 5118 membra
391 5066 502 5122 tua,
532 5070 652 5125 qua:
680 5054 782 5108 sibi
804 5051 917 5120 jam
940 5050 1185 5106 dedicata
1223 5057 1369 5102 sunt.
1401 5046 1537 5101 Vide
1559 5061 1693 5117 ergo

55 5171 150 5213 ne
182 5161 248 5206 te
273 5149 506 5205 seducat
525 5143 768 5214 corporis
781 5138 1146 5213 pulchritudo,
1161 5147 1216 5193 et
1235 5139 1486 5193 decorem
1503 5136 1698 5191 animae

54 5260 206 5305 tua:
241 5244 495 5298 amittas.
539 5238 618 5295 Ne
654 5236 900 5307 improbo
943 5233 1098 5289 oculo
1148 5241 1241 5287 tuo
1283 5231 1548 5285 intuearis
1577 5246 1699 5300 spe-

49 5343 246 5400 ciem
311 5333 576 5398 mulieris,
608 5345 677 5386 ne
707 5331 874 5384 intret
923 5340 1072 5382 mors
1111 5340 1208 5396 per
1238 5322 1507 5378 fenestras
1555 5330 1696 5377 tuas.

46 5434 164 5492 Ne
203 5427 438 5500 aperias
464 5439 624 5480 aures
652 5432 771 5477 tuas
799 5419 867 5474 ad
910 5417 1238 5490 perficienda
1281 5415 1444 5471 verba
1486 5430 1700 5481 eorum,

46 5539 200 5586 nec
257 5519 620 5588 concupisces
663 5513 960 5584 nequitiam
998 5511 1050 5564 in
1098 5509 1281 5600 anima
1322 5517 1431 5562 tua.
1466 5505 1705 5562 Mulieris

46 5625 344 5675 carnem
402 5625 509 5664 non
562 5607 696 5663 velis
752 5614 1012 5676 tangere,
1060 5617 1128 5657 ne
1172 5599 1268 5672 per
1330 5607 1533 5655 tactum
1590 5599 1707 5668 ejus

48 5706 493 5768 inﬂammetur
535 5715 632 5756 cor
690 5707 876 5764 tuum,
919 5705 974 5751 et
1027 5694 1217 5766 spiritu
1274 5701 1364 5746 tuo
1404 5690 1604 5746 labaris
1651 5689 1706 5743 in

48 5797 508 5880 perditionem.
569 5791 723 5852 Sicut
784 5791 930 5848 enim
990 5789 1172 5846 fenum
1226 5784 1542 5856 proximans
1598 5780 1708 5853 igni

1787 1909 1921 1966 Cum
1951 1911 2151 1966 videris
2199 1920 2369 1966 totum
2406 1926 2600 1981 corpus
2630 1913 2683 1966 in
2727 1921 2990 1968 tumorem
3042 1920 3097 1966 et
3143 1911 3371 1966 fetorem

1786 2015 1908 2055 esse
1957 2015 2312 2065 conversum;
2367 2015 2546 2055 nonne
2597 2001 2811 2056 intuens
2856 2003 3092 2057 maximo
3142 2001 3373 2056 horrore

1786 2093 2134 2148 concuteris?
2155 2091 2343 2148 Nonne
2371 2093 2578 2148 claudis
2607 2108 2768 2147 nares
2789 2101 2931 2159 tuas,
2964 2110 3072 2148 non
3097 2094 3374 2149 sustinens

1788 2179 2014 2237 fetorem
2046 2181 2432 2237 durissimum?
2457 2181 2559 2238 Ubi
2583 2189 2666 2237 est
2695 2183 3039 2251 postmodum
3073 2184 3250 2238 omnis
3281 2182 3374 2236 illa

1785 2274 2118 2330 oblectatio?
2158 2275 2394 2346 Require
2443 2275 2488 2330 si
2524 2284 2608 2330 est
2631 2276 2847 2345 aliquod
2890 2276 3103 2347 pristini
3154 2275 3366 2331 decoris

1785 2368 2092 2436 vestigium.
2127 2368 2229 2422 Ubi
2258 2377 2340 2422 est
2370 2371 2611 2424 suavitas
2656 2368 2880 2426 luxurize
2922 2377 2976 2424 et
3002 2367 3374 2425 conviviorum

1785 2457 2097 2528 epulentia?
2149 2458 2252 2514 Ubi
2300 2469 2427 2514 sunt
2479 2460 2972 2516 blandimentorum
3030 2463 3217 2527 verba,
3253 2477 3376 2532 quae

1785 2549 1952 2604 corda
1983 2548 2248 2618 simplicia
2277 2549 2624 2604 molliebant?
2649 2550 2750 2606 Ubi
2787 2560 2911 2606 sunt
2949 2566 3228 2607 sermones
3255 2551 3374 2606 dul-

1785 2659 1896 2709 ces,
1919 2645 2012 2715 qui
2043 2645 2462 2700 amaritudinem
2495 2645 2806 2702 amantibus
2831 2644 3222 2700 infundebant?
3270 2642 3376 2698 Ubi

1785 2745 1870 2791 est
1899 2737 2291 2792 immoderatus
2315 2737 2457 2792 risus
2495 2747 2551 2793 et
2574 2737 2822 2792 otiosus?
2849 2736 2951 2792 Ubi
2981 2743 3066 2791 est
3107 2734 3372 2791 effrenata

1787 2833 1842 2880 et
1862 2826 2068 2881 inutilis
2092 2827 2268 2882 omnis
2295 2827 2516 2881 laetitia?
2538 2827 2698 2881 Velut
2727 2826 2904 2880 ﬂuxus
2931 2841 3084 2896 aqua:
3102 2825 3375 2880 transiens

1788 2933 2058 2987 nusquam
2107 2927 2550 2988 comparuerunt.
2597 2917 2697 2972 Hic
2738 2927 2824 2973 est
2871 2917 2996 2972 ﬁnis
3048 2916 3230 2972 carnis
3264 2915 3381 2986 pul-

1789 3009 2110 3065 chritudinis
2141 3024 2302 3078 quam
2331 3010 2552 3064 amabas
2586 3028 2598 3063 :
2642 3011 2730 3065 hic
2776 3009 3153 3066 oblectationis
3197 3009 3381 3063 termi-

1789 3118 1890 3158 nus
1920 3103 2186 3172 corporis.
2214 3101 2452 3158 Reilecte
2502 3103 2666 3174 igitur
2713 3103 2955 3157 animum
2997 3110 3150 3156 tuum
3175 3102 3243 3156 ab
3289 3101 3379 3156 his

1786 3196 2039 3251 obscenis
2089 3197 2388 3260 amoribus,
2454 3205 2510 3252 et
2558 3212 2775 3252 omnem
2823 3211 3065 3252 amorem
3121 3205 3379 3251 converte

1787 3286 1852 3340 ad
1882 3285 2374 3356 Splendidissimam
2395 3287 2852 3356 pulchritudinem
2884 3287 3120 3353 Christi,
3145 3295 3208 3340 ut
3239 3286 3379 3346 radii

1785 3375 2010 3447 fulgoris
2037 3377 2154 3446 ejus
2184 3379 2454 3433 illustrent
2494 3393 2591 3433 cor
2619 3389 2794 3444 tuum,
2841 3387 2898 3433 et
2925 3378 3103 3433 omnis
3130 3375 3380 3431 obscuri-

1787 3473 1871 3520 tas
1918 3468 2164 3537 caliginis
2195 3469 2496 3538 expelletur
2521 3485 2552 3522 a
2596 3478 2668 3524 te.
2719 3469 2847 3524 Haec
2879 3468 3226 3540 pulchritudo
3258 3467 3379 3522 dili-

1787 3559 1959 3629 genda
1988 3567 2092 3623 est,
2125 3558 2221 3624 fili,
2267 3575 2388 3629 quae
2421 3560 2667 3614 lretitiam
2712 3560 3014 3629 spiritalem
3063 3559 3373 3614 amantibus

1786 3650 2066 3705 consuevit
2093 3648 2398 3705 infundere.
2428 3650 2528 3706 Hic
2570 3652 2733 3706 decor
2761 3649 3015 3706 omnibus
3040 3649 3218 3706 modis
3260 3665 3372 3705 am-

1786 3740 2103 3812 plectendus
2141 3750 2245 3805 est,
2276 3741 2416 3797 unde
2461 3742 2618 3797 nobis
2653 3741 2918 3796 serenitas
2966 3739 3381 3812 tranquillitatis

1789 3833 2107 3902 acquiritur.
2133 3831 2448 3890 Devitemus
2468 3833 2805 3906 perniciosas
2832 3832 3282 3904 pulchritudines,
3310 3847 3385 3888 ne

1788 3924 2030 3978 omnium
2075 3925 2343 3979 malorum
2399 3940 2599 3997 genera
2639 3925 2695 3980 in
2721 3939 2822 3980 nos
2866 3925 3193 3996 irrogentur.
3229 3923 3382 3980 Multi

1789 4021 1934 4074 enim
1968 4020 2302 4076 admirantes
2339 4021 2626 4076 mulierum
2673 4019 2903 4091 species,
2940 4036 2973 4074 a
3007 4019 3251 4075 veritatis
3292 4018 3384 4073 via

1790 4111 2273 4183 naufragaverunt.
2306 4111 2558 4184 Plerique
2611 4113 2947 4170 ornamentis
2999 4127 3188 4168 earum
3235 4111 3386 4167 oble-

1790 4208 1950 4272 ctati,
1983 4207 2274 4275 perniciem
2311 4208 2616 4261 animarum
2665 4222 2889 4262 suarum
2935 4205 3175 4277 perpessi
3233 4212 3400 4270 sunt,‘

1790 4307 1845 4353 et
1875 4313 1905 4352 a
1940 4298 2290 4367 perfectionis
2320 4297 2538 4370 fastigio
2584 4299 2641 4353 in
2670 4297 3000 4368 profundum
3055 4294 3256 4350 inferni
3290 4296 3386 4350 de-

1790 4392 1957 4447 mersi
1982 4400 2125 4445 sunt.
2158 4390 2361 4446 Caveto
2387 4406 2537 4461 ergo,
2568 4390 2666 4455 ﬁli,
2700 4389 2909 4458 species
2950 4401 3050 4456 per
3076 4401 3214 4455 quas
3263 4385 3390 4454 plu-

1793 4484 1962 4539 rimos
1977 4483 2156 4538 cernis
2184 4482 2432 4552 periisse.
2449 4482 2645 4548 Quaeso
2669 4495 2737 4535 ne
2762 4479 2916 4536 bibas
2943 4476 3214 4547 poculum,
3239 4474 3388 4530 unde

1791 4574 1989 4631 multos
2032 4573 2296 4644 perspicis
2359 4572 2636 4628 interiisse
2689 4588 2702 4624 :
2752 4583 2823 4625 ne
2875 4568 3148 4640 percipias
3201 4567 3388 4622 cibum

1793 4681 1959 4738 quem
1993 4665 2081 4722 edi
2111 4665 2168 4718 in
2207 4664 2440 4720 aliorum
2461 4661 2764 4733 perniciem
2793 4661 3016 4716 videris.
3047 4657 3128 4715 Ne
3162 4657 3392 4714 incedas

1794 4761 2013 4824 iterum,
2040 4773 2149 4829 quo
2188 4755 2531 4826 naufragium
2578 4753 2825 4826 perpessi
2856 4760 2984 4808 sunt
3007 4749 3252 4822 plurimi.
3283 4747 3391 4803 De-

1793 4849 1904 4904 vita
1948 4849 2196 4918 laqueos,
2252 4860 2352 4916 per
2396 4859 2533 4915 quos
2585 4853 2772 4914 captos
2835 4849 3062 4898 ceteros
3122 4838 3386 4896 senseris.

1795 4939 2014 4996 Postula
2052 4939 2213 4993 tibia
2259 4936 2490 4992 Domino
2533 4949 2631 4991 cor
2679 4933 2919 5004 prudens
2963 4939 3020 4988 et
3066 4928 3389 5002 pervigilem

1801 5049 2039 5099 sensum,
2058 5041 2118 5086 ut
2145 5047 2251 5087 non
2270 5031 2484 5101 ignores
2508 5027 2728 5083 fraudes
2749 5035 2805 5082 et
2836 5025 3066 5080 astutias
3093 5019 3300 5075 inimici
3333 5025 3393 5072 et

1803 5135 1857 5188 in
1880 5131 2017 5186 retia
2047 5128 2163 5196 ejus
2188 5143 2295 5182 non
2327 5126 2529 5182 incidat
2556 5140 2654 5196 pes
2698 5131 2844 5177 tuus.
2879 5119 3112 5189 Sapiens
3135 5129 3242 5168 non
3273 5127 3394 5166 cor-

1803 5222 1952 5294 poris
1973 5221 2223 5276 decorem
2251 5217 2544 5282 desiderat,
2571 5215 2665 5271 sed
2689 5215 2913 5278 animae;
2945 5207 3208 5277 insipiens
3229 5205 3393 5258 homo

1808 5293 2044 5384 speciem
2074 5309 2128 5363 in
2156 5307 2466 5364 carnalibus
2494 5303 2832 5362 ornamentis
2884 5296 3248 5369 amplectitur.
3285 5293 3390 5349 Sa-

1807 5407 1962 5477 piens
1987 5403 2074 5458 vir
2106 5408 2374 5470 comptam
2421 5398 2706 5453 mulierem
2743 5393 2983 5463 respuit,
3023 5388 3220 5446 stultus
3259 5401 3396 5441 vero

1807 5498 2197 5568 concupiscens
2236 5509 2354 5550 eam
2397 5489 2784 5546 miserabiliter
2811 5481 3266 5555 supplantabitur.
3292 5477 3394 5533 Vir

1806 5593 2043 5664 prudens
2108 5589 2176 5643 ab
2245 5585 2585 5656 imprudente
2653 5579 2851 5634 femina
2933 5574 3131 5631 avertit
3208 5571 3395 5627 oculos

1810 5703 1972 5747 suos,
2015 5681 2323 5736 luxuriosus
2364 5686 2544 5731 autem
2582 5673 2666 5728 vir
2713 5673 2929 5726 intuens
2981 5684 3100 5724 eam
3153 5665 3396 5722 solvetur

1811 5791 1872 5836 ut
1891 5793 2011 5834 cera
2053 5791 2082 5828 a
2117 5772 2254 5828 facie
2283 5769 2441 5840 ignis.
2475 5766 2554 5821 Tu
2605 5772 2787 5821 autem
2832 5776 2962 5819 cave
2990 5757 3243 5817 omnibus
3274 5769 3391 5811 mo~
