3972 6328
573 259 671 316 691

1568 253 1627 307 S.
1666 247 2028 306 BENEDICTI
2063 243 2356 303 ABBATIS
2392 243 2804 301 ANIANENSIS

3746 249 3838 303 692

576 375 659 429 dis
702 373 910 445 species
953 370 1286 443 perniciosas
1339 383 1402 424 ac
1459 367 1622 424 falsas
1679 365 2110 438 pulchritudines
2135 403 2151 430 ,
2179 359 2313 426 Ain
2338 361 2596 430 operibus
2645 373 2858 424 eorum,
2898 364 2954 413 et
2985 357 3385 415 simulationem
3413 362 3601 416 cordis
3654 377 3835 422 eorum

574 468 700 537 quia
745 467 1063 537 deturpatur
1108 465 1286 519 anima
1317 464 1361 518 si
1386 478 1574 518 earum
1601 463 1851 516 decorem
1879 459 2148 514 attendas.

573 555 823 612 Christus
852 573 959 611 non
1000 557 1055 610 in
1101 555 1345 625 corporis
1371 555 1584 619 decore,
1615 553 1708 608 sed
1749 552 1805 606 in
1835 551 2031 605 anima:
2060 549 2152 603 de-

574 649 822 703 lectatur.
857 648 952 701 llla
1000 661 1130 718 ergo
1175 646 1366 716 dilige,
1398 644 1494 711 ﬁli,
1525 645 1583 699 in
1622 643 1820 714 quibus
1853 641 2154 697 delectatur

574 738 849 796 Christus.

1179 825 1405 883 CAPUT
1451 825 1545 881 IX.

1053 917 1134 973 De
1161 917 1382 972 avaritia
1410 917 1678 987 fugienda.

641 1010 711 1065 Et
735 1026 804 1065 ne
825 1009 1174 1080 pecuniarum
1197 1009 1480 1078 cupiditati
1512 1017 1566 1064 te
1592 1007 1871 1078 subjicias,
1907 1005 1974 1061 ab
1999 1019 2128 1062 omn

569 1101 799 1156 avaritia
837 1100 1044 1155 declina
1093 1115 1189 1154 cor
1243 1108 1419 1165 tuum,
1478 1109 1539 1154 ut
1596 1117 1707 1154 non
1769 1097 2163 1154 condemneris

568 1191 713 1245 sicut
740 1189 952 1244 adulter
977 1195 1034 1244 et
1074 1188 1342 1243 idolorum
1388 1187 1583 1243 cultor.
1615 1188 1733 1243 Noli
1761 1201 1946 1242 amare
1973 1179 2151 1241 mam-

566 1299 750 1350 moria,
777 1299 848 1338 ne
881 1283 1125 1338 offendas
1149 1299 1273 1339 eum
1299 1283 1386 1338 cui
1439 1284 1680 1338 membra
1709 1290 1799 1336 tua
1827 1292 1882 1337 et
1907 1289 2147 1336 mentem

562 1375 774 1446 pariter
804 1375 1088 1431 dedicasti.
1125 1375 1204 1430 Ne
1232 1383 1386 1446 petas
1410 1389 1475 1429 ea
1504 1389 1625 1444 quae
1649 1383 1701 1428 te
1733 1379 1962 1428 avocant
1989 1383 2045 1427 et
2065 1387 2150 1428 se-

561 1473 761 1537 parant
789 1482 819 1521 a
852 1467 1100 1522 Domino.
1157 1466 1280 1522 Noli
1331 1466 1556 1537 diligere
1589 1481 1719 1536 opes
1762 1473 2032 1530 terrenas,
2079 1480 2149 1521 ne

561 1557 784 1612 amittas
807 1557 1078 1613 ccelestes.
1106 1556 1260 1612 Multi
1289 1557 1567 1627 cupientes
1594 1556 1790 1621 aliena,
1817 1563 1871 1610 et
1895 1555 2008 1611 suis
2029 1554 2148 1624 pri-

562 1647 678 1702 vati
717 1654 863 1702 sunt.
904 1647 1168 1702 Alienatae
1188 1657 1314 1702 sunt
1338 1662 1369 1701 a
1397 1647 1554 1702 nobis
1576 1648 1758 1702 saeculi
1789 1646 1950 1716 hujus
1977 1644 2147 1701 facul-

2250 465 2567 511 exsecratur
2592 470 2656 509 ac
2685 455 2910 526 respuit.
2949 452 3029 510 Tu
3053 461 3256 522 autem,
3297 456 3392 522 illi,
3428 456 3558 512 licet
3586 459 3835 529 exigam

2250 549 2316 603 de
2344 549 2452 603 tuis
2481 548 2760 602 laboribus
2789 548 3056 618 porrigas,
3113 549 3217 603 hoc
3248 537 3459 620 gratum
3491 558 3579 604 est
3607 560 3665 604 et
3697 567 3836 606 acce-

2248 649 2399 710 ptum
2431 656 2616 696 coram
2641 639 2889 696 Domino.
2922 640 3041 695 Non
3081 651 3134 696 te
3168 642 3302 697 velis
3322 641 3534 710 jactare
3563 660 3692 698 cum
3727 662 3836 716 por-

2248 732 2378 802 rigis
2414 731 2815 802 eleemosynam
2850 731 3149 801 indigenti;
3182 742 3236 788 et
3285 732 3378 788 illo
3410 735 3500 788 cui
3521 734 3752 791 feneras
3781 754 3840 794 ne

2247 830 2303 877 te
2330 824 2614 879 arbitreris
2641 839 2762 879 esse
2791 824 3108 890 meliorem;
3142 825 3236 880 sed
3268 825 3323 880 in
3378 826 3642 882 omnibus
3669 829 3835 898 operi»

2245 914 2351 970 bus
2379 914 2489 970 tuis
2543 915 2771 970 humilia
2824 925 2878 972 te
2927 932 3111 972 coram
3150 917 3405 983 Domino,
3439 919 3573 988 quia
3605 936 3719 976 non
3751 924 3833 978 erit

2248 1014 2462 1077 gratum
2512 1006 2622 1061 Deo
2660 1007 2920 1076 quidquid
2952 1006 3182 1063 edicitur
3217 1024 3342 1064 cum
3373 1010 3674 1080 superbia;
3705 1014 3832 1083 quod

2249 1107 2430 1154 autem
2451 1098 2512 1153 ﬁt
2533 1100 2831 1167 humiliter,
2860 1110 3142 1170 acceptum
3161 1111 3244 1156 est
3266 1103 3339 1158 ei.

2885 1211 3116 1266 CAPUT
3157 1211 3224 1266 Χ.

2704 1279 2783 1334 De
2815 1282 2990 1334 studio
3026 1282 3360 1337 humilitatis.

2317 1362 2439 1432 Fili,
2497 1379 2612 1436 prie
2647 1369 2899 1424 omnibus
2955 1372 3247 1428 humilitati
3305 1373 3492 1440 stude,
3549 1379 3706 1445 quod
3764 1390 3825 1434 εει

2247 1458 2396 1512 omni
2423 1458 2626 1514 virtute
2657 1460 2964 1528 sublimius,
2993 1471 3054 1517 ut
3084 1464 3150 1517 ad
3175 1465 3537 1534 perfectionis
3569 1467 3827 1540 fastigium

2245 1548 2423 1618 possis
2465 1552 2874 1607 conscendere:
2925 1569 3049 1609 cum
3091 1553 3258 1623 justas
3305 1558 3696 1616 institutiones
3743 1577 3828 1616 non

2245 1636 2408 1692 aliter
2435 1639 2541 1693 nisi
2591 1654 2692 1710 per
2748 1641 3108 1698 humilitatem
3152 1645 3511 1715 impleantur,
3553 1657 3619 1703 et
3651 1650 3826 1703 multo-

562 1743 725 1803 tates,
767 1745 955 1792 nostra
995 1744 1178 1792 autem
1204 1737 1475 1808 possessio
1501 1753 1728 1808 regnum
1751 1737 2014 1792 caelorum
2043 1744 2144 1790 est.
2175 1716 2224 1778 Β
2252 1743 2373 1781 rum
2423 1735 2730 1800 temporum
2759 1729 2973 1787 labores
2997 1747 3097 1803 per
3133 1737 3444 1806 superbiam
3504 1738 3566 1792 in
3624 1741 3828 1795 nihilum

560 1827 682 1884 Noli
722 1839 974 1901 appetere
1002 1829 1198 1897 aliena,
1229 1847 1300 1888 ne
1320 1846 1352 1886 a
1373 1831 1482 1887 tuis
1511 1830 1612 1886 tias
1638 1839 1952 1886 extraneus.
1994 1829 2144 1896 Quo-

561 1921 834 1976 tldianum
854 1922 1055 1977 victum
1091 1921 1338 1978 sullicere
1365 1923 1462 1978 tibi
1491 1930 1779 1978 contentus
1801 1929 1918 1976 esto
1947 1939 1960 1974 :
1995 1919 2147 1990 quid-

563 2012 694 2081 quid
721 2012 1055 2083 superlluum
1080 2021 1164 2069 est
1207 2015 1411 2085 projice
1436 2015 1532 2070 abs
1561 2021 1614 2069 te
1667 2024 1923 2084 tanquam
1948 2028 2146 2084 propo-

2256 1817 2605 1889 deputentur.
2645 1821 2742 1876 Vir
2769 1821 2988 1878 humilis
3008 1823 3123 1879 Deo
3151 1834 3235 1879 est
3282 1827 3505 1891 similis,
3537 1840 3604 1883 et
3640 1831 3700 1883 in
3723 1841 3828 1884 tel-

2252 1909 2343 1981 plo
2390 1911 2626 1979 pectoris
2661 1911 2743 1966 sui
2771 1920 2948 1983 gestat
2999 1929 3144 1968 eum.
3178 1915 3458 1986 Superbus
3512 1930 3828 1974 autemc-

2254 2000 2326 2055 sit
2352 2001 2464 2056 Deo
2510 2001 2745 2068 odibilis,
2790 2003 3003 2058 diabolo
3038 2003 3232 2059 similis
3286 2014 3388 2059 est.
3423 2004 3675 2060 Humilis
3721 2023 3826 2063 vero

564 2100 657 2155 siti
686 2101 764 2156 tui
795 2102 1259 2173 impedimentum.
1309 2103 1386 2160 Ne
1415 2106 1601 2177 cupias
1631 2104 1750 2159 ﬁeri
1787 2105 2043 2176 locuples,
2076 2119 2146 2161 ne
2214 2090 2381 2150 ilicet
2422 2093 2477 2147 in
2507 2094 2697 2149 habitu
2721 2095 2972 2150 videatur
2999 2096 3320 2163 vilissimus.
3375 2097 3667 2168 ειογίοωε
3688 2102 3828 2156 esti-

563 2189 620 2246 in
649 2193 980 2247 tentationes
1010 2193 1234 2259 incidas,
1265 2202 1320 2250 et
1349 2195 1403 2249 in
1432 2194 1655 2265 laqueos
1684 2195 1902 2252 diaboli.
1944 2196 2145 2250 Caveto

555 2285 864 2352 avaritiam,
897 2287 1024 2357 quia
1053 2288 1207 2343 radix
1235 2289 1475 2344 omnium
1498 2289 1764 2344 malorum
1791 2289 1859 2345 ab
1885 2287 2145 2358 Apostolo

556 2375 837 2430 nominata
893 2385 996 2432 est.
1053 2377 1412 2433 Pecuniarum
1471 2380 1697 2449 cupidus
1741 2378 1854 2446 jam
1905 2379 2145 2432 animam

559 2482 714 2522 suam
741 2469 988 2524 venalem
1013 2470 1178 2525 habet
1205 2489 1217 2523 :
1251 2472 1295 2526 si
1317 2471 1465 2526 enim
1493 2471 1761 2526 invenerit
1787 2479 2019 2540 tempus,
2043 2483 2144 2541 pro

490 2555 500 2564 “
562 2557 738 2613 nihilo
762 2560 1106 2628 perpetrabit,
1119 2559 1506 2626 homicidium;
1540 2568 1594 2615 et
1633 2560 1772 2616 sicut
1794 2560 1886 2631 qui
1916 2559 2145 2616 effundit

559 2664 759 2718 aquam
785 2664 951 2719 super
979 2658 1206 2716 terram,
1239 2651 1312 2704 ita
1336 2659 1420 2706 est
1445 2651 1495 2706 ei
1520 2651 1794 2706 effundere
1823 2651 2142 2722 sanguinem

560 2737 797 2808 proximi
828 2740 934 2794 sui.
967 2738 1219 2811 Plerique
1254 2756 1353 2810 per
1370 2743 1611 2798 avaritia)
1639 2743 1889 2798 ardorem
1915 2742 1971 2797 in
1995 2757 2144 2797 mor-

561 2828 634 2884 tis
659 2829 964 2899 periculum
1009 2831 1333 2889 inciderunt.
1365 2834 1594 2906 Propter
1631 2838 1917 2894 avaritiam
1951 2839 2143 2895 Achan

560 2937 685 2976 cum
708 2923 822 2978 suis
845 2925 1096 2981 omnibus
1124 2925 1390 2997 lapidatus
1413 2937 1496 2984 est
1523 2929 1577 3002 (Ι
1598 2929 1725 3002 Reg.
1763 2930 1878 3007 xv).
1913 2932 2142 3002 Propter

567 3015 858 3070 avaritiam
889 3017 1016 3072 Saul
1041 3019 1249 3076 alienus
1281 3036 1313 3075 a
1343 3021 1572 3079 Domino
1601 3023 1824 3081 ell‘ectus
1851 3033 1956 3092 est,
1987 3033 2045 3081 et
2073 3025 2140 3080 ad

2252 2183 2567 2238 virtutibus.
2631 2183 2908 2254 Superbus
2952 2194 3132 2241 autem
3161 2186 3344 2254 homo,
3377 2189 3486 2243 etsi
3516 2191 3828 2246 decorusvi-

2251 2273 2448 2329 deatur
2477 2283 2694 2345 aspectu
2725 2285 2780 2330 et
2814 2276 3014 2344 clarus,
3074 2281 3168 2334 sed
3212 2288 3392 2334 tamen
3436 2281 3703 2336 inutilem
3732 2299 3826 2338 eam

2250 2365 2604 2423 manifestam
2635 2382 2799 2437 opera
2824 2369 3016 2438 ipsius,
3051 2379 3108 2425 et
3131 2386 3231 2442 per
3256 2386 3338 2439 os,
3369 2372 3638 2429 incessus
3663 2386 3720 2430 et
3745 2389 3826 2428 no-

2223 2479 2227 2483 ·
2251 2467 2340 2514 tus
2364 2459 2702 2529 dignoscitur
2728 2461 2847 2529 ejus
2887 2461 3166 2531 superbia,
3198 2472 3255 2517 et
3294 2475 3363 2517 ex
3391 2465 3589 2519 verbis
3612 2465 3727 2533 eius
3753 2481 3830 2534 pu-

2249 2552 2544 2608 blicabitur
2597 2551 2789 2609 levitas
2837 2554 3026 2624 ipsius.
3079 2554 3243 2626 Cupit
3268 2569 3492 2626 semper
3537 2557 3829 2613 laudariab

2250 2645 2581 2710 hominibus,
2612 2653 2667 2701 et
2689 2647 3002 2714 virtutibus,
3031 2648 3230 2717 quibus
3249 2648 3464 2704 alienus
3485 2661 3599 2714 est,
3631 2667 3694 2706 se
3715 2666 3834 2722 pr:-

2250 2735 2434 2791 dicare
2485 2737 2665 2808 gestit.
2707 2737 2826 2794 Non
2878 2753 2938 2795 se
2970 2740 3178 2810 patitur
3204 2740 3461 2811 cuiquam
3503 2756 3638 2798 esse
3671 2743 3829 2812 anie-

2251 2835 2421 2895 ctum,
2453 2831 2549 2885 sed
2577 2845 2794 2902 semper
2829 2831 3122 2901 primatum
3170 2833 3344 2902 cupit,
3393 2840 3454 2888 et
3481 2835 3550 2889 ad
3585 2833 3833 2901 mist-en

2249 2923 2478 2992 gradum
2503 2940 2562 2980 se
2585 2933 2818 2981 conatur
2846 2927 3204 2998 immergere;
3255 2933 3312 2981 et
3335 2926 3486 2995 quod
3535 2941 3615 2982 ex
3642 2927 3834 2983 melius

2251 3017 2499 3072 obtinere
2547 3033 2654 3074 non
2702 3027 2902 3091 potest,
2951 3018 3240 3074 ambiendo
3284 3017 3514 3074 festinat
3545 3019 3832 3080 indere;

505 3125 526 3142 κ
561 3113 871 3161 extremum
901 3109 968 3164 de
999 3110 1234 3166 culmine
1256 3113 1424 3182 regali
1453 3115 1709 3186 expulsus
1734 3123 1837 3183 est,
1868 3125 1927 3172 et
1955 3119 2023 3173 ab
2047 3118 2148 3173 ini-
2171 3099 2218 3164 Ο
2250 3107 2537 3163 animum
2561 3123 2779 3179 semper
2810 3118 3028 3164 ῑυωθηθ
3052 3119 3117 3165 ιη
3167 3118 3290 3165 me"
3316 3125 3526 3167 vam
3553 3118 3620 3166 ει
3650 3110 3831 3166 im

563 3192 726 3248 micis
752 3193 866 3249 suis
910 3208 1245 3268 peremptus.
1283 3200 1349 3253 Et
1377 3200 1567 3256 Achab
1592 3210 1820 3273 propter
1855 3205 2146 3260 avaritiam

560 3287 762 3343 invasit
796 3289 1010 3345 vineam
1047 3291 1258 3348 Naboth
1297 3293 1419 3364 (111
1450 3293 1574 3366 Reg.
1607 3296 1723 3367 xxi)
1750 3313 1766 3363 ;
1795 3304 1851 3352 et
1878 3297 2041 3369 hujus
2063 3299 2146 3354 rei

553 3381 730 3450 gratia
780 3380 834 3434 in
880 3382 1072 3450 prielio
1115 3383 1430 3440 vulneratus
1481 3385 1770 3442 defunctus
1813 3395 1916 3443 est.
1965 3388 2148 3444 Domi-

554 3487 662 3528 nus
699 3483 885 3528 noster
909 3481 966 3528 et
991 3473 1242 3530 Salvator
1292 3493 1322 3530 a
1351 3467 1516 3532 curde
1542 3479 1938 3548 pharisaaorum
1989 3481 2142 3536 vole-

549 3561 646 3617 bat
692 3565 1052 3634 pecuniarum
1107 3581 1350 3623 amorem
1387 3569 1717 3626 excludere:
1761 3572 1856 3627 sed
1884 3572 2011 3642 quia
2061 3571 2141 3626 illi

563 3665 724 3710 erant
752 3657 1112 3727 cupidissimi,
1141 3661 1404 3716 salutaria
1430 3662 1549 3734 ejus
1575 3663 1778 3720 monita
1804 3664 2140 3720 deridebant.

557 3743 697 3801 Nam
720 3754 777 3802 et
800 3747 951 3804 illum
974 3751 1196 3807 divitem
1219 3767 1347 3810 eum
1370 3754 1630 3811 Dominus
1655 3771 1860 3811 vocans
1882 3756 1950 3811 ad
1977 3772 2143 3828 regna

554 3837 820 3894 caelorum
869 3840 1158 3898 facultates
1193 3859 1322 3900 suas
1345 3845 1582 3901 vendere
1633 3846 2001 3916 prmcepisset,
2033 3846 2147 3901 avi-

554 3927 697 3986 ditas
724 3931 934 3987 intrare
959 3947 1066 3989 non
1090 3937 1342 4004 permisit
1376 3934 1593 4007 (Haut.
1620 3937 1732 4008 xv).
1766 3936 1834 3991 Et
1871 3935 2023 3992 Judze
2048 3953 2145 4007 pe-

552 4029 676 4077 etus
706 4023 950 4079 avaritiae
999 4026 1194 4082 ardore
1233 4029 1459 4094 exarsit,
1490 4037 1550 4084 ut
1589 4029 1878 4084 Dominum
1908 4029 2140 4101 largito-

553 4124 672 4166 rem
716 4112 820 4167 sibi
877 4122 1202 4169 cunctorum
1245 4118 1514 4172 bonorum
1548 4119 1606 4172 in
1663 4134 1858 4182 manus
1905 4119 2146 4174 traderet

553 4202 846 4272 impiorum
904 4204 1122 4276 (Hemi.
1155 4208 1328 4280 xxvi).
1371 4209 1587 4264 Avarus
1638 4211 1785 4264 enim
1814 4210 1901 4265 vir
1927 4210 2145 4268 inferno

556 4295 758 4352 similis
783 4305 887 4352 est.
933 4297 1183 4355 lnfernus
1235 4301 1401 4372 igitur
1427 4311 1881 4373 quantuscunque
1915 4304 2146 4360 devora-

551 4390 716 4456 verit,
750 4405 1029 4461 nunquam
1079 4393 1214 4448 dicit
1231 4395 1366 4450 satis
1393 4403 1518 4461 est;
1556 4396 1635 4451 sic
1660 4397 1766 4452 etsi
1793 4409 1984 4453 omnes
2021 4399 2142 4452 the-

2247 3197 2318 3252 Et
2347 3199 2488 3254 sicut
2513 3201 2670 3256 navis
2715 3201 2919 3271 absque
2948 3202 3316 3273 gubernatore
3369 3217 3500 3258 eum
3534 3200 3784 3270 iactatur
3805 3213 3836 3253 ι

2246 3290 2520 3359 ﬂuctibus,
2554 3293 2631 3347 ita
2659 3301 2714 3348 et
2741 3294 2787 3348 is
2808 3294 2962 3364 .levis
2989 3293 3375 3350 circumfertur
3402 3293 3686 3349 instabilis
3709 3295 3836 3348 inter

2246 3403 2441 3443 omnes
2468 3396 2624 3442 actus
2669 3403 2816 3444 suos.
2873 3387 3104 3444 Humilis
3131 3402 3162 3442 e
3188 3388 3468 3443 contrario
3489 3388 3703 3454 respuit
3730 3401 3841 3442 οι-

2246 3495 2372 3535 nem
2403 3481 2667 3536 honorem
2696 3489 2995 3546 terrenum,
3027 3487 3084 3535 et
3111 3480 3362 3534 ultimum
3401 3493 3460 3534 se
3481 3491 3602 3532 esse
3623 3475 3844 3544 iudicat

2247 3571 2502 3628 omnibus
2543 3572 2876 3628 hominibus.
2910 3571 3050 3627 Nam
3097 3572 3202 3627 etsi
3253 3571 3548 3626 mediocris
3575 3577 3841 3640 appareat

2247 3661 2305 3717 in
2335 3663 2509 3727 vultu,
2564 3664 2810 3718 eminens
2865 3663 3009 3734 apud
3057 3663 3346 3718 Dominum
3396 3662 3672 3716 intuetur.
3714 3658 3836 3716 CII

2247 3757 2710 3812 consummaverit
2759 3756 2940 3811 omnia
2994 3755 3250 3811 mandata
3311 3753 3554 3818 Domini,
3615 3752 3762 3808 nihil
3786 3763 3836 3805 se

2245 3845 2446 3903 fecisse
2470 3855 2724 3913 testatur,
2753 3857 2809 3904 et
2830 3863 3019 3905 omnes
3042 3851 3274 3904 virtutes
3297 3847 3499 3902 anima
3522 3861 3650 3902 sua
3673 3845 3836 3901 celare

2243 3936 2470 3994 festinat
2501 3960 2514 3996 :
2546 3940 2641 3996 sed
2673 3941 2914 4012 divulgat
2941 3941 3203 3997 Dominus
3230 3939 3416 3995 omnia
3453 3952 3632 4008 opera
3657 3938 3830 4008 ipsis.

2245 4040 2303 4087 et
2355 4030 2566 4102 profert
2601 4034 2656 4088 in
2685 4035 2946 4101 medium,
2976 4041 3034 4089 et
3075 4033 3335 4090 miriﬁcat
3363 4040 3521 4103 gesta
3565 4030 3768 4102 ipsis,
3788 4035 3836 4082 et

2243 4126 2506 4182 exaltabit
2532 4134 2586 4183 et
2617 4128 2823 4184 clarum
2859 4128 3024 4184 faciet
3047 4143 3192 4195 eum,
3224 4135 3284 4181 et
3313 4127 3370 4182 in
3425 4134 3690 4196 tempore
3728 4134 3835 4196 [It-

2245 4234 2370 4274 cum
2399 4235 2622 4276 suarum
2645 4222 2790 4292 quod
2817 4221 3058 4292 postulat
3084 4220 3423 4291 impetrabit.

2833 4332 3116 4389 CAPUT
3167 4330 3268 4388 XI.

2871 4403 2952 4458 De
2979 4404 3236 4458 oratione.

553 4483 706 4538 sauri
738 4459 904 4539 terrae
927 4483 1290 4541 conﬂuxerint
1320 4487 1376 4541 in
1405 4459 1655 4554 avarum,
1683 4504 1791 4543 non
1822 4489 2132 4544 satiabitur.
2165 4459 2220 4522 D
2317 4490 2388 4544 Et
2416 4497 2497 4557 tu,
2553 4490 2648 4558 ﬁli,
2689 4507 2814 4547 cum
2841 4493 3142 4548 accesseris
3190 4493 3262 4548 ad
3287 4490 3836 4561 precando-Dui-

550 4572 801 4628 Alienum
829 4582 890 4630 te
912 4573 1100 4642 facito,
1131 4575 1228 4643 ﬁli,
1259 4577 1334 4633 ab
1360 4578 1463 4634 hoc
1499 4581 1653 4646 vitio,
1685 4588 1742 4635 et
1771 4580 2137 4634 voluntariam

550 4673 934 4736 paupertatem
971 4667 1210 4725 libenter
1235 4686 1468 4728 assume.
1533 4672 1658 4727 Noli
1683 4688 1808 4728 esse
1831 4672 2138 4727 desidiosus

553 4765 610 4812 et
637 4758 831 4829 piger;
865 4761 958 4815 sed
996 4760 1190 4817 labora
1225 4765 1478 4819 manibus
1505 4766 1632 4830 tuis,
1665 4773 1726 4819 ut-
1763 4765 1966 4819 halleas
1993 4764 2137 4819 unde

550 4851 764 4907 tribuas
808 4852 1091 4927 indigenti.
1154 4856 1464 4914 Secundum
1518 4859 1938 4930 possibilitatem
1987 4868 2136 4915 tuam

554 4945 906 5002 mediocriter
953 4949 1213 5022 porrige:
1271 4961 1487 5007 tantum
1538 4953 1682 5008 enim
1714 4953 1991 5022 expetitur
2019 4969 2049 5007 a
2086 4962 2141 5010 te

552 5047 815 5106 quantum
845 5039 948 5095 tibi
977 5040 1140 5096 fuerit
1165 5043 1452 5098 creditum.
1483 5042 1659 5097 Nemo
1708 5043 1858 5098 enim
1908 5044 2076 5116 exigit
2109 5059 2142 5100 a

559 5136 618 5184 te
647 5131 796 5199 quod
816 5131 941 5202 ipse
968 5134 1194 5189 minime
1219 5137 1484 5204 possides.
1509 5136 1862 5208 Eleemosyna
1887 5153 2011 5193 cum
2040 5139 2146 5194 ini-

552 5219 762 5288 quitate
785 5223 1058 5292 acquisita
1083 5222 1422 5278 abominatio
1448 5232 1530 5280 est
1569 5240 1750 5281 coram
1774 5227 2010 5293 Christo,
2045 5229 2150 5285 sed

556 5316 843 5378 acceptum
890 5321 978 5368 est
1003 5312 1080 5368 illi
1131 5315 1274 5383 quod
1325 5313 1488 5370 fuerit
1529 5315 1760 5372 ﬁdeliter
1793 5321 2141 5389 acquisitum.

553 5396 688 5466 Fili,
727 5416 836 5456 non
885 5402 1052 5459 habet
1103 5405 1246 5461 hanc
1277 5415 1450 5462 artem
1490 5408 1878 5466 misericordiae
1920 5413 2146 5467 bonum.

554 5476 702 5548 Sunt
731 5494 876 5550 enim
900 5496 1145 5553 nonnulli
1174 5499 1288 5569 qui,
1311 5499 1627 5571 diripientes
1657 5501 1856 5568 aliena,
1889 5512 2152 5572 praestare

562 5600 624 5640 se
661 5592 1063 5662 eleemosynam
1122 5592 1419 5661 simulant;
1453 5604 1508 5650 et
1556 5609 1680 5650 cum
1712 5596 1848 5650 alios
1876 5606 2147 5667 premant,

558 5676 684 5734 aliis
720 5683 972 5740 misereri
994 5700 1054 5742 se
1077 5685 1328 5761 lingunt:
1367 5686 1461 5742 sed
1515 5685 1662 5742 Deus
1708 5701 1818 5742 non
1848 5689 2152 5747 delectatur

2244 4595 2395 4645 num,
2443 4590 2730 4650 prosterno
2766 4591 2824 4638 te
2856 4582 3134 4638 humiliter
3160 4583 3220 4636 in
3244 4590 3548 4652 conspectu
3583 4583 3742 4652 ejus.
3770 4581 3842 4635 ille

2243 4671 2488 4742 postules
2511 4673 2832 4742 quidquam,
2855 4674 3012 4743 quasi
3048 4689 3117 4729 ex
3145 4674 3320 4744 gratia
3370 4675 3716 4730 meritorum
3740 4685 3839 4728 tne-

2246 4779 2411 4818 rum:
2442 4774 2499 4820 et
2527 4765 2572 4820 si
2603 4773 2686 4819 est
2735 4764 2832 4819 tibi
2885 4765 3052 4820 etiam
3110 4764 3446 4820 conscientia
3498 4765 3642 4820 boni
3667 4763 3844 4836 opai

2246 4853 2448 4923 aliqua,
2475 4855 2592 4910 cela
2640 4855 2808 4920 illam,
2837 4864 2899 4910 ut
2923 4863 2979 4911 te
3006 4856 3198 4912 silente
3254 4853 3641 4923 ultiplicite:
3687 4854 3844 4910 nan-

2245 4952 2432 4999 tuatur
2454 4960 2484 4998 a
2514 4946 2624 5000 Deo
2647 4961 2661 5010 ;
2686 4953 2742 5000 et
2761 4953 2986 5014 peccata
3009 4953 3101 5000 tua
3123 4945 3237 5000 cito
3253 4944 3462 5014 produc
3485 4944 3548 4998 in
3573 4945 3850 5006 medim.

2244 5043 2308 5090 ut
2361 5035 2538 5090 deleat
2591 5035 2854 5090 Dominus
2912 5036 3020 5101 illa,
3056 5052 3188 5092 cum;
3218 5035 3506 5091 confessus
3553 5035 3744 5092 iuet-'5
3768 5049 3848 5088 ea.

2244 5126 2359 5182 Nec
2384 5137 2438 5182 te
2466 5127 2600 5182 velis
2619 5127 2922 5196 iustiﬁcare
2943 5144 3067 5183 cum
3095 5128 3164 5183 ad
3192 5128 3459 5184 orandum
3515 5128 3852 5190 semis,

2248 5234 2318 5274 ne
2349 5218 2492 5274 sicut
2525 5219 2832 5276 Pharisaeus
2883 5221 2952 5277 ab
2979 5221 3073 5276 illo
3095 5236 3262 5276 exeas-
3285 5221 3718 5304 condemnatus.
3752 5220 3856 5275 la-

2249 5321 2432 5366 mento
2460 5311 2753 5381 publicani,
2804 5313 2892 5368 vel
2923 5313 3156 5382 qualiter
3184 5329 3284 5384 pro
3333 5329 3392 5370 se
3421 5316 3670 5369 oraverit
3699 5313 3858 5386 (Las.

2249 5405 2430 5476 xviii),
2457 5413 2510 5458 et
2536 5403 2802 5460 simulare
2831 5420 2976 5470 eum,
3006 5414 3066 5459 ut
3093 5405 3310 5461 veniam
3335 5416 3704 5477 peccatorum
3745 5418 3862 5461 tu-

2249 5511 2372 5552 rum
2423 5496 2714 5566 invenias._
2739 5495 2861 5550 Non
2921 5495 3158 5553 clamore
3185 5497 3335 5552 vocis
3380 5497 3570 5552 orabis
3591 5512 3739 5552 eum
3771 5495 3862 5566 qui

2249 5590 2590 5647 occultorum
2618 5553 2714 5645 est.
2727 5589 2996 5661 cognitor,
3040 5591 3136 5646 sed
3164 5593 3371 5646 clamor
3402 5591 3587 5646 cordis
3619 5593 3714 5644 tui
3743 5590 3862 5661 pal-

2252 5696 2335 5744 set
2360 5699 2523 5743 aures
2545 5683 2682 5756 ejus.
2708 5684 2789 5742 Ne
2805 5684 3199 5759 longitudinem
3224 5683 3523 5743 verborum
3550 5685 3861 5756 protrahi
