3972 6328
156 281 248 337 695

599 280 826 339 CODEX
864 280 1322 341 REGULARUM.
1364 281 1734 339 APPENDIX.
1773 281 2082 340 EXHORT.
2126 282 2220 338 AD
2258 281 2561 341 MONACH.
2602 285 2692 341 ET
2731 285 2916 341 VIBG.

3283 288 3386 344 694

153 405 268 452 ante
287 393 428 463 eum',
484 399 612 469 quia
641 416 751 456 non
799 403 856 458 in
880 402 1242 474 multiloquio,
1267 403 1368 459 sed
1411 415 1481 457 ex
1524 408 1708 456 mente
1733 400 1884 464 Anc
1910 400 2127 470 quando
2173 411 2464 470 oppressus
2513 415 2702 456 somno
2729 402 2943 471 placere
2967 403 3276 460 hominibus
3307 421 3394 476 ge-

149 494 419 564 purissima
478 495 780 566 placabitur
830 497 1110 554 Dominus.
1146 499 1206 554 ln
1237 507 1478 568 tempore
1505 496 1708 552 oratio-

147 588 228 643 nis
254 601 458 643 omnem
509 589 770 645 malitiam
822 592 1003 647 cordis
1043 591 1250 664 projiee
1289 593 1388 647 abs
1424 601 1505 657 te,
1532 599 1587 646 et
1620 606 1707 646 re-

146 683 286 739 mitte
329 681 375 736 si
408 681 538 751 quid
567 683 735 739 habes
760 686 1020 740 adversus
1070 689 1378 756 proximum
1409 693 1579 739 tuum.
1610 683 1708 738 Est

147 774 364 844 denique
395 773 666 842 quoddam
693 791 870 846 genus
890 775 1176 845 serpentis,
1231 776 1373 845 quod
1403 791 1525 829 eum
1556 769 1707 829 vadit

104 861 112 880 '
142 867 206 921 ad
234 865 516 921 bibendum
544 881 764 937 aquam,
791 876 1082 937 antequam
1133 867 1358 949 accedat
1397 866 1464 919 ad
1501 865 1707 920 fontem

139 959 327 1015 evomit
345 973 610 1014 venenum
639 977 652 1014 :
681 959 898 1014 imitare
922 975 1052 1029 ergo
1074 958 1234 1028 hujus
1260 958 1529 1028 serpentis
1557 964 1705 1010 astu—

137 1056 280 1121 tiam,
330 1061 386 1108 et
412 1068 574 1108 omne
626 1067 891 1109 venenum
952 1052 1352 1106 amarissimum
1404 1048 1610 1120 projice
1636 1048 1705 1103 ab

104 1179 106 1181 ›
137 1147 305 1200 anima
335 1153 446 1200 tua.
485 1145 721 1201 Remitte
757 1161 1018 1201 conservo
1049 1153 1140 1200 tuo
1190 1153 1410 1198 centum
1451 1141 1706 1196 denarios

137 1236 342 1307 (Matth.
368 1237 550 1308 xviii),
574 1246 636 1291 ut
657 1238 758 1293 tibi
779 1238 1084 1292 dimittatur
1111 1236 1348 1292 debitum
1370 1237 1559 1291 decem
1583 1233 1704 1288 mil-

133 1327 260 1382 lium
293 1329 650 1395 talentorum;
679 1339 736 1385 et
776 1328 989 1399 qualem
1027 1328 1179 1398 cupis
1207 1343 1336 1397 erga
1366 1335 1419 1382 te
1448 1340 1570 1382 esse
1598 1323 1704 1378 Do-

130 1420 349 1486 minum,
383 1420 512 1475 talis
525 1429 644 1475 esto
672 1421 788 1490 ipse
813 1436 944 1493 erga
964 1435 1290 1476 conservum
1315 1430 1490 1474 tuum.
1520 1417 1702 1485 Quod-

127 1527 333 1581 cunque
359 1528 492 1582 opus
518 1515 880 1582 inchoaveris,
910 1515 1090 1585 primo
1142 1515 1340 1570 invoca
1383 1513 1700 1580 Dominum,

125 1610 270 1661 etne
290 1604 503 1661 desinas
529 1605 738 1676 gratias
759 1620 921 1676 agere
944 1622 1068 1662 cum
1097 1605 1398 1678 perfeceris
1419 1605 1570 1662 illud.

715 1739 944 1798 CAPUT
982 1741 1099 1798 XII.

757 1853 836 1908 De
864 1855 1076 1925 vigiliis.

190 1943 378 2012 Quiere
429 1946 721 2002 Dominum
764 1954 820 2001 et
855 1947 1099 2001 invenies
1138 1963 1286 2015 cum,
1318 1962 1421 2003 nec
1458 1947 1700 2002 dimittas

111 2054 241 2095 cum
301 2041 564 2106 tenueris,
619 2050 682 2096 ut
710 2041 991 2112 copuletur
1028 2057 1181 2097 mens
1235 2051 1326 2097 tua
1355 2043 1411 2098 in
1455 2059 1702 2099 amorem

118 2131 258 2201 ejus.
299 2131 414 2189 Hoc
470 2137 628 2190 stude
677 2134 735 2189 in
769 2135 879 2190 vita
904 2144 1015 2202 tua,
1069 2144 1132 2190 ut
1175 2136 1476 2192 orationem
1509 2152 1701 2208 puram

110 2225 316 2284 oll‘eras
341 2227 471 2284 Deo.
505 2228 874 2299 Cogitationes
899 2244 1008 2283 non
1046 2228 1372 2285 conturbent
1400 2243 1495 2283 cor
1524 2239 1700 2296 tuum,

104 2332 222 2372 nec
255 2317 312 2371 in
338 2318 568 2373 diversis
615 2318 750 2374 locis
780 2318 865 2373 vel
910 2319 1072 2373 rebus
1105 2319 1347 2389 rapiatur
1397 2333 1551 2373 mens
1584 2327 1695 2374 tua.

100 2405 387 2463 Memento
442 2409 586 2463 enim
641 2418 714 2474 te,
747 2410 844 2475 ﬁli,
901 2409 1001 2465 sub
1058 2410 1270 2464 Domini
1319 2411 1698 2482 conspectibus

99 2505 278 2564 stare,
332 2499 427 2568 qui
458 2499 669 2554 occulta
700 2501 880 2555 cordis
937 2501 1219 2570 prospicit,
1247 2509 1302 2556 et
1329 2502 1510 2556 abdita
1539 2518 1694 2557 men-

101 2589 249 2643 tium
299 2591 471 2645 novit.
526 2592 826 2662 Vigilanter
869 2607 1000 2663 ergo
1054 2593 1251 2648 assiste
1298 2593 1352 2648 in
1400 2604 1696 2664 conspectu

97 2681 327 2737 Domini
357 2683 412 2737 in
441 2674 682 2755 tempore
707 2687 973 2743 orationis
1001 2688 1087 2744 vel
1114 2689 1466 2760 psalmorum.
1494 2690 1612 2747 Non
1641 2701 1696 2748 te

93 2774 385 2844 opprimat
409 2792 631 2832 somnus
661 2777 878 2844 animm,
905 2788 962 2834 et
986 2795 1054 2836 ne
1076 2781 1364 2837 dissonans
1395 2782 1468 2837 sit
1497 2798 1693 2840 sensus

90 2872 162 2920 et
208 2865 412 2937 lingua,
442 2868 536 2923 sed
565 2872 921 2925 consonantia
953 2871 1082 2938 sint,
1111 2882 1166 2928 et
1189 2882 1545 2946 utrorumque
1572 2891 1696 2948 pro-

87 2955 287 3012 ferant
315 2961 500 3015 verba.
544 2960 704 3017 Sicut
725 2964 1055 3035 impossibile
1092 2976 1179 3023 est
1207 2952 1435 3026 servire
1482 2971 1696 3028 duobus

85 3049 363 3116 dominis,
394 3051 468 3107 ita
496 3069 598 3110 nec
626 3055 821 3126 duplex
859 3058 1037 3113 oratio
1065 3062 1267 3128 poterit
1302 3063 1598 3119 ascendere
1620 3066 1691 3121 ad
1750 3105 1756 3111 η

1805 491 1960 546 stias.
2012 493 2382 562 Przeterquam
2412 494 2647 549 Domino
2667 496 2767 550 soli
2818 511 2886 551 ne
2914 498 3136 553 studeas
3180 498 3393 568 placere

1805 581 1982 636 alteri.
2025 582 2078 637 ln
2111 599 2272 638 omne
2311 600 2445 655 opus
2472 588 2616 656 quod
2643 588 2849 658 cogitas
2875 589 3055 644 facere
3090 591 3266 661 cogita
3289 592 3396 647 Do-

1803 673 2014 726 minum
2038 675 2275 742 primum
2300 693 2314 741 ;
2353 685 2409 732 et
2433 678 2480 732 si
2501 680 2796 734 secundum
2822 681 3111 737 Dominum
3143 692 3227 738 est
3251 684 3396 752 quod

1804 762 2012 832 cogitas
2038 764 2328 834 diligenter
2376 769 2624 824 examina
2649 788 2666 837 ;
2696 781 2753 826 et
2781 772 2827 826 si
2849 781 2932 827 est
2973 783 3182 830 rectum
3207 790 3396 831 coram

1805 851 1936 918 Deo,
1973 853 2174 922 perﬁce
2199 856 2348 923 illud,
2375 859 2421 914 si
2442 875 2573 915 vero
2603 862 2888 917 adversum
2907 863 3071 919 fuerit
3094 875 3396 937 repertum,

1805 955 2026 1016 amputa
2061 947 2193 1003 illud
2221 949 2290 1003 ab
2318 950 2499 1005 anima
2531 961 2642 1007 tua.
2673 954 2924 1021 Quotidie
2954 965 3106 1012 actus
3136 966 3256 1013 tuos
3284 958 3397 1014 dis-

1805 1047 1928 1094 cute
1971 1041 2282 1110 curiosius;
2329 1053 2383 1099 et
2416 1045 2458 1100 si
2491 1054 2541 1100 te
2571 1049 2819 1116 peccatis
2871 1052 3172 1106 obnoxium
3216 1067 3398 1110 sense-

1805 1133 1900 1198 ris,
1930 1134 1997 1188 ad
2025 1137 2403 1204 paenitentiam
2439 1139 2549 1196 cito
2582 1141 2832 1214 confuge.
2864 1142 3000 1200 Nolo
3023 1154 3082 1200 ut
3107 1148 3398 1216 protrahas

1804 1235 2090 1295 peccatum
2129 1236 2279 1283 tuum
2310 1230 2379 1284 de
2421 1231 2510 1286 die
2539 1232 2595 1286 in
2624 1233 2767 1288 diem
2796 1250 2814 1300 ;
2845 1234 2941 1290 sed
2969 1236 3012 1290 si
3041 1235 3170 1306 quid
3196 1238 3398 1308 cogita-

1803 1319 1952 1373 veris
1986 1319 2152 1385 male,
2199 1320 2255 1374 in
2293 1321 2405 1376 Deo
2451 1323 2831 1392 paenitentiam
2884 1340 3008 1396 age,
3038 1334 3093 1382 et
3127 1319 3398 1383 velociter

1804 1411 1868 1466 de
1914 1413 2077 1468 corde
2109 1423 2202 1470 tuo
2231 1429 2352 1469 seca
2389 1415 2541 1470 illud.
2579 1415 2659 1472 Nc
2710 1417 2852 1474 velis
2879 1419 3102 1475 dicere:
3162 1419 3280 1475 Non
3311 1429 3397 1476 est

1803 1505 2008 1574 grande
2041 1505 2144 1560 hoc
2169 1505 2380 1562 facinus
2407 1507 2553 1578 quod
2576 1509 2807 1580 cogitavi
2841 1513 3238 1576 tantummodo,
3267 1511 3393 1582 quia

1803 1594 1860 1648 in
1888 1609 2182 1667 conspectu
2206 1599 2420 1653 Domini
2442 1599 2732 1656 manifesta
2759 1611 2816 1657 et
2835 1612 3022 1674 aperta
3044 1613 3170 1659 sunt
3189 1605 3393 1661 omnia.

1802 1686 1884 1743 Ne
1917 1697 1977 1743 ut
2003 1691 2190 1760 spinas
2212 1707 2276 1747 ac
2303 1693 2532 1749 tribulos
2577 1694 2634 1748 in
2661 1703 2715 1750 te
2740 1710 2991 1752 crescere
3021 1697 3171 1752 sinas
3193 1697 3397 1769 cogita-

1727 1769 1776 1830 B
1805 1777 1982 1834 tiones
2004 1780 2192 1846 malas,
2228 1798 2405 1852 neque
2452 1792 2714 1854 tanquam
2742 1787 2967 1842 minima
3016 1789 3258 1860 negligas
3286 1805 3351 1845 ea
3378 1808 3392 1844 :

1809 1865 1914 1932 Qui
1933 1870 2073 1922 enim
2094 1875 2291 1940 spernit
2319 1873 2556 1940 minima,
2579 1876 2838 1945 paulatim
2865 1879 3078 1949 deﬂuet.
3099 1879 3220 1935 Noli
3246 1895 3396 1952 sper-

1805 1971 1936 2012 nere
1966 1975 2210 2014 morsum
2260 1965 2547 2031 serpentis,
2581 1981 2650 2021 ne
2678 1983 2944 2023 venenum
2991 1969 3108 2039 ejus
3134 1985 3394 2041 consper-

1805 2056 1966 2120 gatur
1996 2049 2050 2103 in
2107 2067 2202 2106 eor
2235 2060 2406 2108 tuum.
2452 2054 2726 2113 Abscinde
2755 2059 2986 2130 virgulta
3019 2062 3300 2132 spinarum
3330 2064 3397 2120 de

1805 2157 1938 2213 agro
1966 2143 2148 2200 cordis
2169 2146 2267 2212 tui,
2301 2162 2371 2202 ne
2399 2148 2636 2219 deligant
2654 2149 2711 2204 in
2743 2159 2795 2206 te
2817 2152 2956 2207 altas
2982 2155 3212 2211 radices.
3246 2157 3396 2211 Scito

1803 2235 1948 2302 quod
1998 2253 2094 2292 cor
2125 2247 2277 2294 tuum
2301 2255 2429 2310 ager
2465 2250 2554 2297 est
2591 2243 2834 2312 Domini,
2870 2247 3057 2302 excole
3088 2264 3210 2303 eum
3239 2250 3396 2305 coele-

1803 2326 1981 2384 stibus
2032 2330 2353 2401 disciplinis,
2391 2341 2444 2388 et
2483 2349 2594 2390 non
2626 2336 2775 2392 sinas
2804 2338 2860 2392 in
2906 2354 3038 2410 agro
3064 2340 3277 2396 Domini
3311 2344 3393 2396 zi-

1804 2417 1962 2471 zania
1997 2419 2284 2475 seminari.
2333 2421 2392 2477 Si
2423 2423 2590 2495 igitur
2638 2425 2821 2482 taliter
2868 2429 3198 2502 vigilaveris,
3233 2431 3395 2489 facile

1798 2511 2009 2579 poteris
2034 2514 2330 2571 ascendere
2357 2518 2426 2572 ad
2453 2519 2868 2588 perfectionem.

2385 2648 2620 2708 CAPUT
2652 2651 2786 2709 XIII.

2429 2761 2508 2818 De
2527 2763 2761 2836 jejunio.

1868 2872 1954 2929 Ad
1977 2871 2311 2946 vigilandum
2336 2885 2520 2934 autem
2549 2880 2782 2936 multum
2823 2880 3093 2953 jejunium
3120 2886 3390 2958 proderit.

1797 2960 1953 3020 Sicut
1981 2968 2128 3023 enim
2165 2969 2326 3025 miles
2363 2970 2598 3041 plurimo
2642 2988 2809 3029 onere
2853 2988 3230 3048 praegravatus
3257 2995 3390 3050 prat-

1793 3066 2033 3135 peditur,
2067 3069 2141 3124 ita
2166 3070 2468 3126 monachus
2513 3071 2582 3127 ad
2607 3072 2824 3144 vigilias
2845 3090 2968 3132 cum
3008 3091 3260 3135 escarum
3288 3081 3391 3136 lar-

85 3140 416 3198 Dominum.
468 3145 547 3201 Ne
579 3146 675 3201 tibi
732 3149 899 3204 ullum
937 3159 1172 3220 tempus,
1208 3152 1306 3220 ﬁli,
1338 3156 1574 3212 otiosum
1604 3156 1690 3212 vel
1717 3149 1765 3217 C
1795 3161 1965 3231 gitate
2015 3164 2296 3232 torpescit.
2369 3164 2490 3221 Non
2510 3140 2976 3237 enim‘possumus
3011 3173 3239 3243 vigilare
3261 3190 3388 3230 cum

81 3248 337 3289 vacuum
369 3242 650 3303 transeat;
684 3245 796 3293 tam
822 3240 876 3294 in
907 3240 1098 3296 diebus
1125 3256 1290 3312 quam
1340 3243 1400 3298 in
1433 3245 1690 3302 noctibus

80 3323 334 3393 vigilare
359 3333 432 3380 ~te
489 3329 764 3396 convenit,
805 3338 867 3385 ut
901 3332 1276 3390 imminentem
1330 3337 1688 3394 tentationem

78 3415 320 3472 facilius
367 3419 604 3492 effugere
658 3424 856 3493 possis.
891 3424 948 3480 Si
987 3427 1133 3481 enim
1171 3429 1534 3500 cogitationes
1570 3447 1690 3486 sor-

78 3508 244 3564 dida:
303 3511 745 3569 conturbaverint
781 3531 879 3573 cor
930 3524 1104 3583 tuum,
1132 3527 1188 3574 et
1209 3521 1257 3575 si
1284 3529 1339 3575 te
1369 3531 1689 3579 coarctave-

76 3599 217 3654 rint
245 3599 392 3668 quod
419 3609 501 3656 est
533 3602 776 3660 illicitum
803 3616 1140 3678 perpetrare,
1175 3625 1274 3679 per
1312 3613 1590 3668 orationes
1621 3628 1688 3669 ac

77 3690 324 3760 vigilias
354 3692 685 3762 depellantur
705 3698 774 3754 ab
807 3699 992 3753 anima
1018 3708 1133 3755 tua.
1168 3701 1357 3757 Oratio
1381 3705 1686 3761 munimen-

77 3789 212 3836 tum
271 3796 436 3852 grave
479 3793 561 3840 est
617 3786 832 3842 animae.
875 3787 981 3844 Per
1040 3791 1315 3847 orationes
1361 3793 1687 3863 purissimas

77 3871 285 3928 omnia
309 3873 466 3930 nobis
512 3891 633 3945 quae
660 3865 802 3934 sunt.
838 3880 991 3936 utilia
1022 3881 1338 3938 tribuuntur
1363 3899 1393 3938 a
1431 3886 1680 3955 Domino,

77 3972 150 4021 et
174 3973 374 4019 cuneta
395 3981 515 4036 quae
536 3969 697 4023 noxia
749 3979 874 4026 sunt
900 3973 1090 4042 procul
1141 3975 1305 4030 dubio
1352 3975 1678 4049 effugantur.

77 4057 146 4112 In
182 4066 426 4130 tempore
456 4060 769 4131 psalmodiae
795 4066 1068 4134 sapienter
1114 4069 1304 4139 psalle,
1355 4070 1450 4137 ﬁli,
1485 4081 1540 4127 et
1569 4075 1682 4146 spi-

78 4150 290 4207 ritales
348 4163 540 4209 cantus
590 4156 879 4228 vigilanter
930 4175 1066 4216 cane
1093 4177 1277 4217 coram
1314 4164 1567 4232 Domino,
1618 4177 1682 4224 ut

75 4247 357 4302 virtutem
392 4248 727 4318 psalmorum
779 4252 995 4311 facilius
1020 4258 1195 4327 possis
1220 4260 1522 4318 advertere.
1550 4262 1681 4320 Om-

73 4339 179 4394 nis
208 4355 445 4411 namque
481 4343 684 4400 duritia
713 4346 897 4403 cordis
929 4363 1118 4405 eorum
1145 4352 1432 4410 dulcedine
1468 4356 1680 4413 mollie-

70 4439 215 4497 tur;
257 4441 391 4488 tunc
420 4433 605 4491 dulces
655 4437 882 4494 habebis
914 4438 1119 4508 fauces,
1177 4445 1524 4517 gaudensque
1549 4463 1680 4504 can-

65 4525 237 4579 tabis
272 4541 288 4577 :
324 4524 496 4591 Quam
522 4527 702 4583 dulcia
727 4530 972 4600 faucibus
1005 4534 1134 4589 meis
1162 4511 1372 4608 eloquia
1419 4511 1537 4606 tua,
1568 4541 1678 4596 Do-
1702 4511 1759 4574 Ῑ)

59 4617 256 4682 mine,
280 4632 435 4686 super
453 4617 553 4672 mel
587 4628 636 4674 et
662 4619 840 4689 [avum
863 4624 945 4676 ori
963 4641 1076 4678 meo
1095 4626 1269 4697 (Ρεαι.
1299 4631 1492 4703 cxvm)
1524 4634 1536 4686 l
1568 4632 1677 4690 Sed

55 4729 197 4769 non
230 4712 440 4780 poteris
464 4714 670 4770 sentire
692 4715 833 4771 hanc
854 4717 1214 4787 dulcedinem,
1250 4724 1355 4780 nisi
1386 4740 1508 4780 cum
1534 4743 1677 4783 sumc

45 4822 161 4861 ma
207 4803 484 4872 vigilantia
511 4821 578 4862 ac
615 4807 883 4878 sapientia
911 4815 1234 4870 cantaveris.
1267 4815 1475 4873 Fauces
1503 4820 1671 4888 enim,

35 4898 291 4966 inquit,
329 4911 509 4954 escam
547 4901 861 4970 gustabunt,
921 4918 1113 4960 sensus
1149 4918 1327 4962 autem
1364 4911 1529 4966 verba
1555 4913 1672 4969 dis-

37 4991 282 5050 cernit.
336 4989 488 5048 Sicut
513 4994 657 5050 enim
686 5011 756 5051 ex
799 4998 1110 5055 carnalibus
1155 5003 1296 5058 escis
1328 5005 1491 5061 alitur
1517 5023 1668 5076 caro,

30 5089 134 5143 ita
186 5092 252 5139 et
275 5083 475 5141 divinis
499 5086 730 5158 eloquiis
757 5088 984 5146 interior
1013 5093 1176 5149 homo
1203 5099 1448 5164 pascitur
1476 5116 1542 5156 ac
1569 5118 1670 5158 nu-

28 5177 266 5232 tritur.
314 5172 419 5230 Sed
447 5175 503 5230 in
537 5177 622 5233 his
667 5180 918 5235 omnibus
957 5181 1154 5252 vigiliis
1200 5188 1402 5244 sanctis
1435 5190 1666 5262 indiges,

20 5268 155 5324 ﬁli.
210 5263 317 5318 Hae
342 5275 468 5321 sunt
494 5283 728 5339 namque
773 5270 969 5341 vigilite
1000 5273 1242 5342 inutiles,
1275 5293 1373 5347 per
1401 5296 1539 5351 quas
1569 5283 1666 5341 ιε..

19 5363 221 5418 ditur
270 5364 332 5412 et
364 5358 574 5430 deperit
601 5363 803 5428 anima,
863 5380 983 5420 cum
1013 5367 1322 5437 vigilaverit
1365 5375 1490 5444 quis
1517 5378 1664 5434 circa

1793 3251 1960 3308 fuerit
1999 3255 2228 3325 dapibus
2280 3266 2473 3314 venter
2514 3267 2700 3316 noster
2720 3270 2984 3330 onustus;
3016 3266 3109 3320 sed
3139 3267 3390 3336 oppressi

1788 3359 1983 3403 somno
2030 3348 2359 3420 vigiliarium
2389 3350 2601 3409 fructus
2627 3355 2952 3423 amittimus,
2989 3367 3044 3412 et
3088 3361 3386 3416 maximum

1789 3437 2173 3496 detrimentum
2189 3445 2385 3500 anima:
2412 3456 2618 3503 nostra:
2637 3450 2990 3519 acquirimus.
3021 3453 3232 3523 Vigiliis
3255 3471 3386 3528 ergo

1788 3533 1980 3600 copula
1991 3531 2290 3602 jejunium;
2331 3545 2392 3592 ut
2412 3540 2626 3595 cunctis
2651 3542 2845 3596 animae
2874 3543 3168 3598 virtutibus
3184 3543 3382 3600 ﬂorere

1786 3625 1984 3692 possis,
2008 3633 2062 3680 et
2095 3641 2224 3683 caro
2251 3636 2342 3684 tua
2370 3630 2613 3699 subjecta
2640 3633 2714 3689 sit
2732 3635 2928 3690 animae
2947 3644 3076 3703 tuae,
3104 3646 3162 3692 et
3186 3637 3384 3692 ancilla

1786 3724 1881 3772 tua
1928 3718 2226 3776 famuletur
2253 3723 2485 3780 dominae
2511 3741 2642 3782 sum.
2690 3727 2770 3783 Ne
2796 3730 3042 3799 praebeas
3070 3731 3218 3789 vires
3260 3748 3384 3790 cor-

1783 3813 1906 3883 pori
1931 3821 2056 3879 tuo;
2091 3829 2160 3870 ne
2183 3814 2386 3872 bellum
2408 3817 2668 3874 adversus
2691 3821 2941 3890 spiritum
2963 3832 3251 3892 exerceat;
3285 3827 3384 3883 sed

1785 3919 1998 3975 semper
2033 3906 2276 3979 subjecta
2297 3909 2371 3964 sit
2403 3923 2532 3965 caro
2557 3912 2794 3981 spiritui,
2821 3924 2878 3970 et
2899 3915 3243 3988 obtemperet
3263 3918 3384 3988 jus-

1782 3997 1860 4052 sis
1882 3998 2126 4067 spiritus.
2168 3999 2289 4056 Noli
2313 4001 2626 4060 incrassare
2651 4005 2926 4076 ancillam,
2952 4025 3022 4065 ne
3047 4013 3379 4082 contemptui

1781 4089 1985 4147 habeat
2003 4093 2279 4150 dominam
2304 4111 2479 4163 suam,
2507 4100 2604 4154 sed
2625 4110 2686 4156 ut
2711 4102 2765 4156 in
2801 4104 3055 4162 omnibus
3079 4106 3200 4176 ejus
3223 4108 3378 4166 obse-

1781 4183 1926 4252 quiis
1961 4186 2323 4258 mancipetur.
2381 4187 2536 4246 Sicut
2555 4193 2702 4248 enim
2753 4198 2910 4267 equis
2943 4208 3073 4254 sunt
3093 4200 3247 4256 frena
3271 4201 3376 4256 im-

1779 4271 1978 4340 posita,
2026 4275 2103 4349 ita
2125 4275 2460 4346 jejuniorum
2488 4281 2640 4340 frena
2676 4285 3024 4356 imponamus
3045 4293 3259 4361 corpori
3282 4307 3377 4349 no-

1781 4369 1916 4417 stro.
1956 4363 2093 4421 Nam
2119 4373 2576 4437 quemadmodum
2608 4379 2817 4450 auriga,
2847 4381 2894 4435 si
2923 4395 3185 4450 equorum
3215 4382 3372 4440 frena

1781 4453 2067 4524 laxaverit,
2095 4463 2440 4530 rapidissimo
2459 4483 2622 4523 cursu
2653 4485 2859 4541 cumzeo
2880 4471 2936 4524 in
2954 4473 3252 4541 praecipitia
3280 4474 3375 4530 de—

1783 4547 2050 4614 feruntur,
2077 4551 2151 4606 ita
2174 4561 2230 4607 et
2255 4556 2458 4622 anima,
2484 4559 2530 4613 si
2557 4561 2771 4630 corpori
2792 4575 2892 4616 suo
2914 4575 3021 4616 non
3049 4561 3377 4632 imposuerit

1779 4641 2018 4710 frenum,
2032 4651 2260 4716 uterque
2277 4648 2346 4703 ad
2363 4649 2561 4707 inferni
2583 4654 2879 4724 prtecipitia
2894 4657 3217 4714 devolvitur.
3238 4660 3374 4717 Esto

1777 4736 2145 4806 peritissimus
2170 4743 2358 4815 auriga
2385 4748 2603 4816 corpori
2627 4757 2737 4815 tuo,
2768 4758 2827 4804 ut
2850 4765 2951 4820 per
2981 4755 3256 4811 tramitem
3286 4772 3396 4813 re--

1779 4834 1926 4883 ctum
1949 4832 2126 4900 possis
2152 4848 2397 4906 pergere.
2447 4837 2599 4896 Escae
2623 4841 2766 4896 enim
2791 4841 3040 4913 plurimae
3060 4861 3167 4901 non
3191 4847 3366 4904 solum

1777 4922 2036 4990 animam,
2067 4927 2160 4981 sed
2211 4936 2268 4982 et
2302 4945 2500 5000 corpus
2549 4942 2794 4990 nostrum
2821 4936 3114 5005 plurimum
3144 4939 3360 4995 laedunt.

1781 5012 1937 5084 Saepe
1960 5018 2108 5072 enim
2145 5035 2243 5089 per
2269 5021 2515 5078 ciborum
2555 5027 2867 5084 aviditatem
2926 5033 3190 5086 stomachi
3220 5031 3366 5088 fran-

1778 5111 1980 5174 guntur
2032 5107 2208 5174 vires;
2262 5125 2365 5166 nec
2413 5128 2520 5168 non
2558 5117 2948 5173 abundantiam
2992 5119 3271 5190 sanguinis
3307 5130 3365 5179 et

1778 5197 2122 5254 cholerarum
2148 5202 2494 5272 aegritudines
2518 5206 2778 5275 plurimas
2803 5224 2901 5279 per
2921 5224 3170 5267 escarum
3197 5212 3363 5287 largi-

1777 5294 1941 5344 tatem
1969 5292 2318 5360 perpetimur.
2346 5294 2498 5351 Sicut
2517 5298 2662 5353 enim
2681 5299 2786 5355 ista
2799 5309 2926 5357 sunt
2947 5302 3144 5361 animae
3164 5314 3221 5362 et
3235 5321 3360 5365 cor-

1772 5382 1894 5453 pori
1917 5386 2210 5453 contraria,
2236 5388 2310 5443 ita
2340 5391 2504 5445 etiam
2527 5393 2749 5450 medela:
2771 5401 2897 5450 sunt
2917 5399 3200 5472 utriusque
3220 5410 3360 5461 tem-

19 5453 446 5529 cogitationes
496 5459 854 5527 turpissimas,
884 5463 971 5518 vel
1017 5465 1084 5520 ad
1121 5470 1418 5538 gerendum
1447 5484 1667 5533 contra-

19 5552 212 5604 piunn
245 5544 486 5615 aliquid,
519 5549 604 5603 vel
642 5551 710 5606 ad
757 5557 1176 5624 perpetrandum
1206 5559 1437 5621 facinus.
1471 5566 1576 5625 Sed
1606 5579 1665 5629 tu

19 5643 276 5698 talibus
338 5639 527 5696 insiste
581 5642 799 5714 vigiliis,
859 5655 920 5701 ut
951 5651 1130 5717 possis
1159 5651 1298 5709 ellici
1327 5668 1566 5716 sanctus.
1603 5665 1661 5720 In

19 5733 338 5793 amnibus
361 5734 573 5792 actibus
599 5743 654 5794 et
679 5739 920 5796 moribus
940 5743 1048 5799 tuis
1065 5747 1315 5803 convenit
1345 5757 1398 5807 te
1419 5754 1660 5828 vigilare,

1768 5483 1956 5545 parata
1981 5476 2206 5546 jejunia.
2261 5480 2534 5548 Quantum
2564 5500 2693 5541 vero
2739 5503 3029 5557 possumus
3050 5488 3236 5551 mundi
3262 5495 3357 5552 de-

1767 5567 1923 5625 licias
1952 5578 2008 5624 et
2032 5572 2272 5629 ciborum
2312 5577 2645 5646 opulentiam
2697 5578 2987 5652 fugiamus,
3042 5601 3112 5642 ne
3136 5589 3354 5659 quando

1765 5666 1991 5721 cruciati
2021 5667 2075 5722 in
2106 5666 2321 5724 flamma
2344 5678 2550 5741 guttam
2579 5687 2734 5746 aquae
2759 5689 3086 5749 quaeramus,
3137 5695 3238 5738 nec
3260 5695 3322 5739 re

1767 5761 2046 5834 frigerium
2082 5776 2498 5835 consequamur.
