  <div class='ocr_page' id='page_1' title='image "/cluster/home/n/w/nwhite01/storage/ocr_20150623/103/hvd.32044015466816/353.png"; bbox 0 0 3972 6328; ppageno 0'>
   <div class='ocr_carea' id='block_1_1' title="bbox 644 368 752 425">
    <p class='ocr_par' dir='ltr' id='par_1_1' title="bbox 644 368 752 425">
     <span class='ocr_line' id='line_1_1' title="bbox 644 368 752 425; baseline -0.019 0"><span class='ocrx_word' id='word_1_1' title='bbox 644 368 752 425; x_wconf 83' lang='grc'><strong>695</strong></span> 
     </span>
    </p>
   </div>
   <div class='ocr_carea' id='block_1_2' title="bbox 1247 479 1655 538">
    <p class='ocr_par' dir='ltr' id='par_1_2' title="bbox 1247 479 1655 538">
     <span class='ocr_line' id='line_1_2' title="bbox 1247 479 1655 538; baseline -0.005 -1"><span class='ocrx_word' id='word_1_2' title='bbox 1247 479 1479 538; x_wconf 77' lang='lat' dir='ltr'><strong>CAPUT</strong></span> <span class='ocrx_word' id='word_1_3' title='bbox 1515 480 1655 537; x_wconf 76' lang='lat' dir='ltr'><strong>XIV.</strong></span> 
     </span>
    </p>
   </div>
   <div class='ocr_carea' id='block_1_3' title="bbox 1134 573 1755 645">
    <p class='ocr_par' dir='ltr' id='par_1_3' title="bbox 1134 573 1755 645">
     <span class='ocr_line' id='line_1_3' title="bbox 1134 573 1755 645; baseline -0.002 -15"><span class='ocrx_word' id='word_1_4' title='bbox 1134 574 1213 630; x_wconf 84' lang='lat' dir='ltr'><strong>De</strong></span> <span class='ocrx_word' id='word_1_5' title='bbox 1239 573 1457 645; x_wconf 81' lang='lat' dir='ltr'><strong>crapula</strong></span> <span class='ocrx_word' id='word_1_6' title='bbox 1482 574 1755 645; x_wconf 81' lang='lat' dir='ltr'><strong>fugienda.</strong></span> 
     </span>
    </p>
   </div>
   <div class='ocr_carea' id='block_1_4' title="bbox 717 650 2233 738">
    <p class='ocr_par' dir='ltr' id='par_1_4' title="bbox 717 650 2233 738">
     <span class='ocr_line' id='line_1_4' title="bbox 717 650 2233 738; baseline -0.002 -15"><span class='ocrx_word' id='word_1_7' title='bbox 717 667 1015 738; x_wconf 84' lang='lat' dir='ltr'><strong>Fugiamus</strong></span> <span class='ocrx_word' id='word_1_8' title='bbox 1058 665 1397 732; x_wconf 75' lang='lat' dir='ltr'><strong>ebrietatem,</strong></span> <span class='ocrx_word' id='word_1_9' title='bbox 1426 681 1494 720; x_wconf 89' lang='lat' dir='ltr'><strong>ne</strong></span> <span class='ocrx_word' id='word_1_10' title='bbox 1531 665 1587 719; x_wconf 91' lang='lat' dir='ltr'><strong>in</strong></span> <span class='ocrx_word' id='word_1_11' title='bbox 1630 650 1769 720; x_wconf 83' lang='lat' dir='ltr'><strong>retia</strong></span> <span class='ocrx_word' id='word_1_12' title='bbox 1797 665 2026 721; x_wconf 75' lang='lat' dir='ltr'><strong>luxuria:</strong></span> <span class='ocrx_word' id='word_1_13' title='bbox 2051 666 2233 721; x_wconf 90' lang='lat' dir='ltr'><strong>incur-</strong></span> 
     </span>
    </p>
   </div>
   <div class='ocr_carea' id='block_1_5' title="bbox 651 755 2231 813">
    <p class='ocr_par' dir='ltr' id='par_1_5' title="bbox 651 755 2231 813">
     <span class='ocr_line' id='line_1_5' title="bbox 651 755 2231 813; baseline -0.001 -1"><span class='ocrx_word' id='word_1_14' title='bbox 651 772 853 813; x_wconf 88' lang='lat' dir='ltr'><strong>ramus.</strong></span> <span class='ocrx_word' id='word_1_15' title='bbox 894 756 1092 811; x_wconf 83' lang='lat' dir='ltr'><strong>Vinum</strong></span> <span class='ocrx_word' id='word_1_16' title='bbox 1118 755 1261 811; x_wconf 90' lang='lat' dir='ltr'><strong>enim</strong></span> <span class='ocrx_word' id='word_1_17' title='bbox 1285 756 1442 810; x_wconf 89' lang='lat' dir='ltr'><strong>nobis</strong></span> <span class='ocrx_word' id='word_1_18' title='bbox 1466 755 1727 811; x_wconf 87' lang='lat' dir='ltr'><strong>Dominus</strong></span> <span class='ocrx_word' id='word_1_19' title='bbox 1749 755 1818 811; x_wconf 90' lang='lat' dir='ltr'><strong>ad</strong></span> <span class='ocrx_word' id='word_1_20' title='bbox 1846 756 2090 811; x_wconf 57' lang='lat' dir='ltr'><strong>laetitiam</strong></span> <span class='ocrx_word' id='word_1_21' title='bbox 2110 772 2231 812; x_wconf 91' lang='lat' dir='ltr'><strong>cor-</strong></span> 
     </span>
    </p>
   </div>
   <div class='ocr_carea' id='block_1_6' title="bbox 649 845 2230 918">
    <p class='ocr_par' dir='ltr' id='par_1_6' title="bbox 649 845 2230 918">
     <span class='ocr_line' id='line_1_6' title="bbox 649 845 2230 918; baseline -0.003 -13"><span class='ocrx_word' id='word_1_22' title='bbox 649 850 757 916; x_wconf 87' lang='lat' dir='ltr'><strong>dis,</strong></span> <span class='ocrx_word' id='word_1_23' title='bbox 789 864 898 903; x_wconf 90' lang='lat' dir='ltr'><strong>non</strong></span> <span class='ocrx_word' id='word_1_24' title='bbox 929 846 998 901; x_wconf 90' lang='lat' dir='ltr'><strong>ad</strong></span> <span class='ocrx_word' id='word_1_25' title='bbox 1048 845 1371 901; x_wconf 72' lang='lat' dir='ltr'><strong>ebrietatem</strong></span> <span class='ocrx_word' id='word_1_26' title='bbox 1404 846 1649 913; x_wconf 88' lang='lat' dir='ltr'><strong>creavit;</strong></span> <span class='ocrx_word' id='word_1_27' title='bbox 1682 860 1790 903; x_wconf 92' lang='lat' dir='ltr'><strong>non</strong></span> <span class='ocrx_word' id='word_1_28' title='bbox 1821 855 2078 916; x_wconf 90' lang='lat' dir='ltr'><strong>quantum</strong></span> <span class='ocrx_word' id='word_1_29' title='bbox 2106 847 2230 918; x_wconf 97' lang='lat' dir='ltr'><strong>gula</strong></span> 
     </span>
    </p>
   </div>
   <div class='ocr_carea' id='block_1_7' title="bbox 650 937 2227 1011">
    <p class='ocr_par' dir='ltr' id='par_1_7' title="bbox 650 937 2227 1011">
     <span class='ocr_line' id='line_1_7' title="bbox 650 937 2227 1011; baseline -0.003 -14"><span class='ocrx_word' id='word_1_30' title='bbox 650 940 840 1011; x_wconf 85' lang='lat' dir='ltr'><strong>exigit,</strong></span> <span class='ocrx_word' id='word_1_31' title='bbox 897 938 993 996; x_wconf 89' lang='lat' dir='ltr'><strong>sed</strong></span> <span class='ocrx_word' id='word_1_32' title='bbox 1033 945 1297 1009; x_wconf 83' lang='lat' dir='ltr'><strong>quantum</strong></span> <span class='ocrx_word' id='word_1_33' title='bbox 1334 946 1542 992; x_wconf 71' lang='lat' dir='ltr'><strong>natura:</strong></span> <span class='ocrx_word' id='word_1_34' title='bbox 1579 937 1919 994; x_wconf 77' lang='lat' dir='ltr'><strong>imbecillitas</strong></span> <span class='ocrx_word' id='word_1_35' title='bbox 1970 939 2227 1008; x_wconf 78' lang='lat' dir='ltr'><strong>postulat.</strong></span> 
     </span>
    </p>
   </div>
   <div class='ocr_carea' id='block_1_8' title="bbox 650 1027 2227 1102">
    <p class='ocr_par' dir='ltr' id='par_1_8' title="bbox 650 1027 2227 1102">
     <span class='ocr_line' id='line_1_8' title="bbox 650 1027 2227 1102; baseline -0.001 -15"><span class='ocrx_word' id='word_1_36' title='bbox 650 1031 720 1087; x_wconf 89' lang='lat' dir='ltr'><strong>Et</strong></span> <span class='ocrx_word' id='word_1_37' title='bbox 739 1030 1027 1102; x_wconf 80' lang='lat' dir='ltr'><strong>Apostolus</strong></span> <span class='ocrx_word' id='word_1_38' title='bbox 1082 1028 1367 1083; x_wconf 89' lang='lat' dir='ltr'><strong>Timotheo</strong></span> <span class='ocrx_word' id='word_1_39' title='bbox 1420 1027 1633 1084; x_wconf 91' lang='lat' dir='ltr'><strong>modico</strong></span> <span class='ocrx_word' id='word_1_40' title='bbox 1684 1028 1929 1100; x_wconf 62' lang='lat' dir='ltr'><strong>praecipit</strong></span> <span class='ocrx_word' id='word_1_41' title='bbox 1954 1028 2033 1083; x_wconf 91' lang='lat' dir='ltr'><strong>uti</strong></span> <span class='ocrx_word' id='word_1_42' title='bbox 2061 1029 2227 1096; x_wconf 91' lang='lat' dir='ltr'><strong>vino;</strong></span> 
     </span>
    </p>
   </div>
   <div class='ocr_carea' id='block_1_9' title="bbox 650 1121 2231 1193">
    <p class='ocr_par' dir='ltr' id='par_1_9' title="bbox 650 1121 2231 1193">
     <span class='ocr_line' id='line_1_9' title="bbox 650 1121 2231 1193; baseline -0.002 -13"><span class='ocrx_word' id='word_1_43' title='bbox 650 1133 705 1180; x_wconf 89' lang='lat' dir='ltr'><strong>et</strong></span> <span class='ocrx_word' id='word_1_44' title='bbox 736 1127 839 1180; x_wconf 91' lang='lat' dir='ltr'><strong>hoc</strong></span> <span class='ocrx_word' id='word_1_45' title='bbox 870 1131 1093 1193; x_wconf 89' lang='lat' dir='ltr'><strong>propter</strong></span> <span class='ocrx_word' id='word_1_46' title='bbox 1140 1122 1384 1177; x_wconf 86' lang='lat' dir='ltr'><strong>dolorem</strong></span> <span class='ocrx_word' id='word_1_47' title='bbox 1441 1121 1727 1187; x_wconf 79' lang='lat' dir='ltr'><strong>stomachi,</strong></span> <span class='ocrx_word' id='word_1_48' title='bbox 1759 1128 1815 1177; x_wconf 92' lang='lat' dir='ltr'><strong>et</strong></span> <span class='ocrx_word' id='word_1_49' title='bbox 1854 1129 2078 1192; x_wconf 85' lang='lat' dir='ltr'><strong>propter</strong></span> <span class='ocrx_word' id='word_1_50' title='bbox 2114 1122 2231 1193; x_wconf 83' lang='lat' dir='ltr'><strong>ejus</strong></span> 
     </span>
    </p>
   </div>
   <div class='ocr_carea' id='block_1_10' title="bbox 650 1211 2231 1286">
    <p class='ocr_par' dir='ltr' id='par_1_10' title="bbox 650 1211 2231 1286">
     <span class='ocr_line' id='line_1_10' title="bbox 650 1211 2231 1286; baseline -0.002 -16"><span class='ocrx_word' id='word_1_51' title='bbox 650 1215 1118 1286; x_wconf 89' lang='lat' dir='ltr'><strong>frequentissimas</strong></span> <span class='ocrx_word' id='word_1_52' title='bbox 1167 1212 1516 1269; x_wconf 87' lang='lat' dir='ltr'><strong>inﬁrmitates</strong></span> <span class='ocrx_word' id='word_1_53' title='bbox 1567 1212 1620 1283; x_wconf 86' lang='grc' dir='ltr'><strong>(Ι</strong></span> <span class='ocrx_word' id='word_1_54' title='bbox 1652 1212 1785 1267; x_wconf 84' lang='lat' dir='ltr'><strong>Tim.</strong></span> <span class='ocrx_word' id='word_1_55' title='bbox 1812 1212 1890 1284; x_wconf 92' lang='lat' dir='ltr'><strong>v).</strong></span> <span class='ocrx_word' id='word_1_56' title='bbox 1953 1211 2031 1268; x_wconf 87' lang='lat' dir='ltr'><strong>Ne</strong></span> <span class='ocrx_word' id='word_1_57' title='bbox 2062 1213 2231 1283; x_wconf 81' lang='lat' dir='ltr'><strong>igitur</strong></span> 
     </span>
    </p>
   </div>
   <div class='ocr_carea' id='block_1_11' title="bbox 647 1304 2229 1377">
    <p class='ocr_par' dir='ltr' id='par_1_11' title="bbox 647 1304 2229 1377">
     <span class='ocr_line' id='line_1_11' title="bbox 647 1304 2229 1377; baseline -0.003 -14"><span class='ocrx_word' id='word_1_58' title='bbox 647 1323 749 1363; x_wconf 91' lang='lat' dir='ltr'><strong>nos</strong></span> <span class='ocrx_word' id='word_1_59' title='bbox 781 1306 923 1377; x_wconf 92' lang='lat' dir='ltr'><strong>quod</strong></span> <span class='ocrx_word' id='word_1_60' title='bbox 953 1306 1021 1360; x_wconf 91' lang='lat' dir='ltr'><strong>ad</strong></span> <span class='ocrx_word' id='word_1_61' title='bbox 1051 1304 1317 1359; x_wconf 80' lang='lat' dir='ltr'><strong>medelam</strong></span> <span class='ocrx_word' id='word_1_62' title='bbox 1340 1304 1586 1374; x_wconf 90' lang='lat' dir='ltr'><strong>corporis</strong></span> <span class='ocrx_word' id='word_1_63' title='bbox 1626 1304 1797 1359; x_wconf 88' lang='lat' dir='ltr'><strong>nostri</strong></span> <span class='ocrx_word' id='word_1_64' title='bbox 1836 1304 2096 1358; x_wconf 88' lang='lat' dir='ltr'><strong>tributum</strong></span> <span class='ocrx_word' id='word_1_65' title='bbox 2122 1312 2229 1370; x_wconf 91' lang='lat' dir='ltr'><strong>est,</strong></span> 
     </span>
    </p>
   </div>
   <div class='ocr_carea' id='block_1_12' title="bbox 649 1396 2230 1469">
    <p class='ocr_par' dir='ltr' id='par_1_12' title="bbox 649 1396 2230 1469">
     <span class='ocr_line' id='line_1_12' title="bbox 649 1396 2230 1469; baseline -0.003 -16"><span class='ocrx_word' id='word_1_66' title='bbox 649 1400 715 1455; x_wconf 90' lang='lat' dir='ltr'><strong>ad</strong></span> <span class='ocrx_word' id='word_1_67' title='bbox 736 1399 1032 1469; x_wconf 89' lang='lat' dir='ltr'><strong>perniciem</strong></span> <span class='ocrx_word' id='word_1_68' title='bbox 1054 1398 1392 1467; x_wconf 87' lang='lat' dir='ltr'><strong>deputemus.</strong></span> <span class='ocrx_word' id='word_1_69' title='bbox 1422 1396 1646 1450; x_wconf 85' lang='lat' dir='ltr'><strong>Plurimi</strong></span> <span class='ocrx_word' id='word_1_70' title='bbox 1675 1410 1909 1464; x_wconf 88' lang='lat' dir='ltr'><strong>namque</strong></span> <span class='ocrx_word' id='word_1_71' title='bbox 1937 1396 2230 1450; x_wconf 77' lang='lat' dir='ltr'><strong>maximam</strong></span> 
     </span>
    </p>
   </div>
   <div class='ocr_carea' id='block_1_13' title="bbox 644 1490 2233 1561">
    <p class='ocr_par' dir='ltr' id='par_1_13' title="bbox 644 1490 2233 1561">
     <span class='ocr_line' id='line_1_13' title="bbox 644 1490 2233 1561; baseline -0.003 -16"><span class='ocrx_word' id='word_1_72' title='bbox 644 1505 743 1561; x_wconf 88' lang='lat' dir='ltr'><strong>per</strong></span> <span class='ocrx_word' id='word_1_73' title='bbox 767 1491 950 1546; x_wconf 87' lang='lat' dir='ltr'><strong>vinum</strong></span> <span class='ocrx_word' id='word_1_74' title='bbox 983 1490 1315 1546; x_wconf 82' lang='lat' dir='ltr'><strong>debilitatem</strong></span> <span class='ocrx_word' id='word_1_75' title='bbox 1349 1496 1757 1553; x_wconf 79' lang='lat' dir='ltr'><strong>contraxerunt,</strong></span> <span class='ocrx_word' id='word_1_76' title='bbox 1814 1502 1915 1543; x_wconf 89' lang='lat' dir='ltr'><strong>nec</strong></span> <span class='ocrx_word' id='word_1_77' title='bbox 1940 1494 2233 1557; x_wconf 87' lang='lat' dir='ltr'><strong>potuerunt</strong></span> 
     </span>
    </p>
   </div>
   <div class='ocr_carea' id='block_1_14' title="bbox 645 1576 2232 1651">
    <p class='ocr_par' dir='ltr' id='par_1_14' title="bbox 645 1576 2232 1651">
     <span class='ocr_line' id='line_1_14' title="bbox 645 1576 2232 1651; baseline -0.003 -14"><span class='ocrx_word' id='word_1_78' title='bbox 645 1581 904 1650; x_wconf 83' lang='lat' dir='ltr'><strong>consequi</strong></span> <span class='ocrx_word' id='word_1_79' title='bbox 945 1581 1231 1651; x_wconf 88' lang='lat' dir='ltr'><strong>pristinam</strong></span> <span class='ocrx_word' id='word_1_80' title='bbox 1299 1578 1633 1642; x_wconf 88' lang='lat' dir='ltr'><strong>ﬁrmitatem,</strong></span> <span class='ocrx_word' id='word_1_81' title='bbox 1686 1578 1777 1647; x_wconf 88' lang='lat' dir='ltr'><strong>qui</strong></span> <span class='ocrx_word' id='word_1_82' title='bbox 1810 1577 2047 1647; x_wconf 89' lang='lat' dir='ltr'><strong>primum</strong></span> <span class='ocrx_word' id='word_1_83' title='bbox 2094 1576 2232 1646; x_wconf 64' lang='lat' dir='ltr'><strong>gulae</strong></span> 
     </span>
    </p>
   </div>
   <div class='ocr_carea' id='block_1_15' title="bbox 643 1666 2231 1740">
    <p class='ocr_par' dir='ltr' id='par_1_15' title="bbox 643 1666 2231 1740">
     <span class='ocr_line' id='line_1_15' title="bbox 643 1666 2231 1740; baseline -0.004 -14"><span class='ocrx_word' id='word_1_84' title='bbox 643 1685 755 1727; x_wconf 88' lang='lat' dir='ltr'><strong>non</strong></span> <span class='ocrx_word' id='word_1_85' title='bbox 808 1677 1251 1740; x_wconf 87' lang='lat' dir='ltr'><strong>temperaverunt</strong></span> <span class='ocrx_word' id='word_1_86' title='bbox 1291 1669 1565 1723; x_wconf 89' lang='lat' dir='ltr'><strong>ardorem.</strong></span> <span class='ocrx_word' id='word_1_87' title='bbox 1620 1666 1870 1737; x_wconf 89' lang='lat' dir='ltr'><strong>Plerique</strong></span> <span class='ocrx_word' id='word_1_88' title='bbox 1908 1682 2002 1736; x_wconf 88' lang='lat' dir='ltr'><strong>per</strong></span> <span class='ocrx_word' id='word_1_89' title='bbox 2042 1667 2231 1721; x_wconf 92' lang='lat' dir='ltr'><strong>vinum</strong></span> 
     </span>
    </p>
   </div>
   <div class='ocr_carea' id='block_1_16' title="bbox 644 1762 2232 1833">
    <p class='ocr_par' dir='ltr' id='par_1_16' title="bbox 644 1762 2232 1833">
     <span class='ocr_line' id='line_1_16' title="bbox 644 1762 2232 1833; baseline -0.004 -14"><span class='ocrx_word' id='word_1_90' title='bbox 644 1762 999 1819; x_wconf 84' lang='lat' dir='ltr'><strong>homicidium</strong></span> <span class='ocrx_word' id='word_1_91' title='bbox 1033 1770 1509 1833; x_wconf 88' lang='lat' dir='ltr'><strong>perpetraverunt,</strong></span> <span class='ocrx_word' id='word_1_92' title='bbox 1540 1775 1662 1815; x_wconf 87' lang='lat' dir='ltr'><strong>uec.</strong></span> <span class='ocrx_word' id='word_1_93' title='bbox 1684 1776 1853 1830; x_wconf 79' lang='lat' dir='ltr'><strong>ipsam</strong></span> <span class='ocrx_word' id='word_1_94' title='bbox 1883 1767 2111 1814; x_wconf 91' lang='lat' dir='ltr'><strong>mortem</strong></span> <span class='ocrx_word' id='word_1_95' title='bbox 2143 1774 2232 1813; x_wconf 89' lang='lat' dir='ltr'><strong>re-</strong></span> 
     </span>
    </p>
   </div>
   <div class='ocr_carea' id='block_1_17' title="bbox 1668 361 3740 442">
    <p class='ocr_par' dir='ltr' id='par_1_17' title="bbox 1668 361 3740 442">
     <span class='ocr_line' id='line_1_17' title="bbox 1668 361 3740 442; baseline 0.001 -22"><span class='ocrx_word' id='word_1_96' title='bbox 1668 362 1728 420; x_wconf 87' lang='lat' dir='ltr'><strong>S.</strong></span> <span class='ocrx_word' id='word_1_97' title='bbox 1768 361 2135 421; x_wconf 80' lang='lat' dir='ltr'><strong>BENEDICTI</strong></span> <span class='ocrx_word' id='word_1_98' title='bbox 2173 362 2471 419; x_wconf 79' lang='lat' dir='ltr'><strong>ABBATIS</strong></span> <span class='ocrx_word' id='word_1_99' title='bbox 2506 362 2921 422; x_wconf 81' lang='lat' dir='ltr'><strong>ANIANENSIS</strong></span> <span class='ocrx_word' id='word_1_100' title='bbox 3677 383 3740 442; x_wconf 63' lang='grc' dir='ltr'><strong>ως</strong></span> 
     </span>
    </p>
   </div>
   <div class='ocr_carea' id='block_1_18' title="bbox 2256 481 3741 570">
    <p class='ocr_par' dir='ltr' id='par_1_18' title="bbox 2256 481 3741 570">
     <span class='ocr_line' id='line_1_18' title="bbox 2256 481 3741 570; baseline 0.005 -33"><span class='ocrx_word' id='word_1_101' title='bbox 2256 508 2310 570; x_wconf 66' lang='grc' dir='ltr'>Α</span> <span class='ocrx_word' id='word_1_102' title='bbox 2330 481 2561 538; x_wconf 86' lang='lat' dir='ltr'><strong>libenter</strong></span> <span class='ocrx_word' id='word_1_103' title='bbox 2601 483 2752 539; x_wconf 85' lang='lat' dir='ltr'><strong>audit</strong></span> <span class='ocrx_word' id='word_1_104' title='bbox 2810 482 3214 552; x_wconf 87' lang='lat' dir='ltr'><strong>detrahentem;</strong></span> <span class='ocrx_word' id='word_1_105' title='bbox 3275 488 3405 558; x_wconf 88' lang='lat' dir='ltr'><strong>cupit</strong></span> <span class='ocrx_word' id='word_1_106' title='bbox 3445 503 3610 562; x_wconf 81' lang='lat' dir='ltr'><strong>semper</strong></span> <span class='ocrx_word' id='word_1_107' title='bbox 3638 496 3741 556; x_wconf 76' lang='lat' dir='ltr'><strong>dedi.</strong></span> 
     </span>
    </p>
   </div>
   <div class='ocr_carea' id='block_1_19' title="bbox 2332 574 3743 654">
    <p class='ocr_par' dir='ltr' id='par_1_19' title="bbox 2332 574 3743 654">
     <span class='ocr_line' id='line_1_19' title="bbox 2332 574 3743 654; baseline 0.007 -26"><span class='ocrx_word' id='word_1_108' title='bbox 2332 589 2465 629; x_wconf 90' lang='lat' dir='ltr'><strong>nare</strong></span> <span class='ocrx_word' id='word_1_109' title='bbox 2492 590 2523 628; x_wconf 93' lang='lat' dir='ltr'><strong>a</strong></span> <span class='ocrx_word' id='word_1_110' title='bbox 2551 574 2718 641; x_wconf 81' lang='lat' dir='ltr'><strong>vitiis,</strong></span> <span class='ocrx_word' id='word_1_111' title='bbox 2768 582 2826 630; x_wconf 91' lang='lat' dir='ltr'><strong>et</strong></span> <span class='ocrx_word' id='word_1_112' title='bbox 2859 575 2929 630; x_wconf 89' lang='lat' dir='ltr'><strong>ad</strong></span> <span class='ocrx_word' id='word_1_113' title='bbox 2959 576 3182 632; x_wconf 83' lang='lat' dir='ltr'><strong>virtutes</strong></span> <span class='ocrx_word' id='word_1_114' title='bbox 3216 578 3391 634; x_wconf 77' lang='lat' dir='ltr'><strong>anima:</strong></span> <span class='ocrx_word' id='word_1_115' title='bbox 3422 582 3743 654; x_wconf 73' lang='lat' dir='ltr'><strong>semetipsumin.</strong></span> 
     </span>
    </p>
   </div>
   <div class='ocr_carea' id='block_1_20' title="bbox 2330 665 2515 737">
    <p class='ocr_par' dir='ltr' id='par_1_20' title="bbox 2330 665 2515 737">
     <span class='ocr_line' id='line_1_20' title="bbox 2330 665 2515 737; baseline -0.005 -16"><span class='ocrx_word' id='word_1_116' title='bbox 2330 665 2515 737; x_wconf 88' lang='lat' dir='ltr'><strong>stigat.</strong></span> 
     </span>
    </p>
   </div>
   <div class='ocr_carea' id='block_1_21' title="bbox 2918 757 3351 817">
    <p class='ocr_par' dir='ltr' id='par_1_21' title="bbox 2918 757 3351 817">
     <span class='ocr_line' id='line_1_21' title="bbox 2918 757 3351 817; baseline 0.005 -2"><span class='ocrx_word' id='word_1_117' title='bbox 2918 757 3142 815; x_wconf 76' lang='lat' dir='ltr'><strong>CAPUT</strong></span> <span class='ocrx_word' id='word_1_118' title='bbox 3177 760 3307 817; x_wconf 82' lang='lat' dir='ltr'><strong>XVI.</strong></span> <span class='ocrx_word' id='word_1_119' title='bbox 3346 802 3351 805; x_wconf 61' lang='grc' dir='ltr'>ι</span> 
     </span>
    </p>
   </div>
   <div class='ocr_carea' id='block_1_22' title="bbox 2751 849 3447 924">
    <p class='ocr_par' dir='ltr' id='par_1_22' title="bbox 2751 849 3447 924">
     <span class='ocr_line' id='line_1_22' title="bbox 2751 849 3447 924; baseline 0.009 -19"><span class='ocrx_word' id='word_1_120' title='bbox 2751 849 2831 905; x_wconf 81' lang='lat' dir='ltr'><strong>De</strong></span> <span class='ocrx_word' id='word_1_121' title='bbox 2873 850 3054 922; x_wconf 77' lang='lat' dir='ltr'><strong>lingua</strong></span> <span class='ocrx_word' id='word_1_122' title='bbox 3081 856 3447 924; x_wconf 72' lang='lat' dir='ltr'><strong>compensanda.</strong></span> 
     </span>
    </p>
   </div>
   <div class='ocr_carea' id='block_1_23' title="bbox 2406 938 3745 1017">
    <p class='ocr_par' dir='ltr' id='par_1_23' title="bbox 2406 938 3745 1017">
     <span class='ocr_line' id='line_1_23' title="bbox 2406 938 3745 1017; baseline 0.006 -22"><span class='ocrx_word' id='word_1_123' title='bbox 2406 938 2594 995; x_wconf 82' lang='lat' dir='ltr'><strong>Talem</strong></span> <span class='ocrx_word' id='word_1_124' title='bbox 2620 947 2675 995; x_wconf 93' lang='lat' dir='ltr'><strong>te</strong></span> <span class='ocrx_word' id='word_1_125' title='bbox 2708 940 2884 1005; x_wconf 88' lang='lat' dir='ltr'><strong>exibe,</strong></span> <span class='ocrx_word' id='word_1_126' title='bbox 2930 939 3027 1006; x_wconf 94' lang='lat' dir='ltr'><strong>ﬁli,</strong></span> <span class='ocrx_word' id='word_1_127' title='bbox 3081 956 3197 996; x_wconf 89' lang='lat' dir='ltr'><strong>cum</strong></span> <span class='ocrx_word' id='word_1_128' title='bbox 3220 942 3430 998; x_wconf 88' lang='lat' dir='ltr'><strong>volueris</strong></span> <span class='ocrx_word' id='word_1_129' title='bbox 3461 958 3653 1002; x_wconf 75' lang='lat' dir='ltr'><strong>exemere</strong></span> <span class='ocrx_word' id='word_1_130' title='bbox 3667 947 3745 1017; x_wconf 76' lang='lat' dir='ltr'><strong>jeju-</strong></span> 
     </span>
    </p>
   </div>
   <div class='ocr_carea' id='block_1_24' title="bbox 2330 1031 3745 1107">
    <p class='ocr_par' dir='ltr' id='par_1_24' title="bbox 2330 1031 3745 1107">
     <span class='ocr_line' id='line_1_24' title="bbox 2330 1031 3745 1107; baseline 0.006 -21"><span class='ocrx_word' id='word_1_131' title='bbox 2330 1031 2503 1097; x_wconf 91' lang='lat' dir='ltr'><strong>nium,</strong></span> <span class='ocrx_word' id='word_1_132' title='bbox 2518 1041 2574 1086; x_wconf 92' lang='lat' dir='ltr'><strong>et</strong></span> <span class='ocrx_word' id='word_1_133' title='bbox 2601 1047 2722 1087; x_wconf 92' lang='lat' dir='ltr'><strong>cum</strong></span> <span class='ocrx_word' id='word_1_134' title='bbox 2745 1040 2801 1086; x_wconf 89' lang='lat' dir='ltr'><strong>te</strong></span> <span class='ocrx_word' id='word_1_135' title='bbox 2829 1033 3175 1099; x_wconf 86' lang='lat' dir='ltr'><strong>abstinueris,</strong></span> <span class='ocrx_word' id='word_1_136' title='bbox 3193 1034 3386 1089; x_wconf 89' lang='lat' dir='ltr'><strong>abstine</strong></span> <span class='ocrx_word' id='word_1_137' title='bbox 3402 1043 3449 1089; x_wconf 84' lang='lat' dir='ltr'><strong>et</strong></span> <span class='ocrx_word' id='word_1_138' title='bbox 3468 1035 3648 1107; x_wconf 83' lang='lat' dir='ltr'><strong>linguam</strong></span> <span class='ocrx_word' id='word_1_139' title='bbox 3666 1048 3745 1095; x_wconf 75' lang='lat' dir='ltr'><strong>tum</strong></span> 
     </span>
    </p>
   </div>
   <div class='ocr_carea' id='block_1_25' title="bbox 2332 1120 3746 1201">
    <p class='ocr_par' dir='ltr' id='par_1_25' title="bbox 2332 1120 3746 1201">
     <span class='ocr_line' id='line_1_25' title="bbox 2332 1120 3746 1201; baseline 0.007 -28"><span class='ocrx_word' id='word_1_140' title='bbox 2332 1120 2401 1174; x_wconf 90' lang='lat' dir='ltr'><strong>ab</strong></span> <span class='ocrx_word' id='word_1_141' title='bbox 2431 1120 2635 1175; x_wconf 91' lang='lat' dir='ltr'><strong>illicitis</strong></span> <span class='ocrx_word' id='word_1_142' title='bbox 2671 1121 2874 1201; x_wconf 82' lang='lat' dir='ltr'><strong>verbis.</strong></span> <span class='ocrx_word' id='word_1_143' title='bbox 2931 1120 3160 1177; x_wconf 86' lang='lat' dir='ltr'><strong>Omnem</strong></span> <span class='ocrx_word' id='word_1_144' title='bbox 3187 1122 3536 1195; x_wconf 85' lang='lat' dir='ltr'><strong>blasphemiam</strong></span> <span class='ocrx_word' id='word_1_145' title='bbox 3571 1127 3677 1199; x_wconf 80' lang='lat' dir='ltr'><strong>longe</strong></span> <span class='ocrx_word' id='word_1_146' title='bbox 3703 1129 3746 1183; x_wconf 70' lang='lat' dir='ltr'><strong>lac</strong></span> 
     </span>
    </p>
   </div>
   <div class='ocr_carea' id='block_1_26' title="bbox 2331 1211 3745 1286">
    <p class='ocr_par' dir='ltr' id='par_1_26' title="bbox 2331 1211 3745 1286">
     <span class='ocr_line' id='line_1_26' title="bbox 2331 1211 3745 1286; baseline 0.006 -21"><span class='ocrx_word' id='word_1_147' title='bbox 2331 1224 2362 1264; x_wconf 89' lang='lat' dir='ltr'><strong>a</strong></span> <span class='ocrx_word' id='word_1_148' title='bbox 2399 1219 2472 1276; x_wconf 89' lang='lat' dir='ltr'><strong>te,</strong></span> <span class='ocrx_word' id='word_1_149' title='bbox 2504 1226 2604 1266; x_wconf 89' lang='lat' dir='ltr'><strong>nec</strong></span> <span class='ocrx_word' id='word_1_150' title='bbox 2635 1211 2890 1282; x_wconf 84' lang='lat' dir='ltr'><strong>superﬁui</strong></span> <span class='ocrx_word' id='word_1_151' title='bbox 2928 1228 3206 1269; x_wconf 87' lang='lat' dir='ltr'><strong>sermones</strong></span> <span class='ocrx_word' id='word_1_152' title='bbox 3251 1217 3511 1286; x_wconf 87' lang='lat' dir='ltr'><strong>procedant</strong></span> <span class='ocrx_word' id='word_1_153' title='bbox 3545 1218 3595 1272; x_wconf 87' lang='lat' dir='ltr'><strong>de</strong></span> <span class='ocrx_word' id='word_1_154' title='bbox 3608 1235 3671 1273; x_wconf 82' lang='lat' dir='ltr'><strong>ore</strong></span> <span class='ocrx_word' id='word_1_155' title='bbox 3687 1229 3745 1281; x_wconf 79' lang='lat' dir='ltr'><strong>uo,</strong></span> 
     </span>
    </p>
   </div>
   <div class='ocr_carea' id='block_1_27' title="bbox 2332 1304 3747 1377">
    <p class='ocr_par' dir='ltr' id='par_1_27' title="bbox 2332 1304 3747 1377">
     <span class='ocr_line' id='line_1_27' title="bbox 2332 1304 3747 1377; baseline 0.004 -20"><span class='ocrx_word' id='word_1_156' title='bbox 2332 1304 2457 1373; x_wconf 90' lang='lat' dir='ltr'><strong>quia</strong></span> <span class='ocrx_word' id='word_1_157' title='bbox 2481 1311 2535 1359; x_wconf 91' lang='lat' dir='ltr'><strong>et</strong></span> <span class='ocrx_word' id='word_1_158' title='bbox 2558 1318 2656 1374; x_wconf 88' lang='lat' dir='ltr'><strong>pro</strong></span> <span class='ocrx_word' id='word_1_159' title='bbox 2684 1304 2873 1359; x_wconf 90' lang='lat' dir='ltr'><strong>otiosis</strong></span> <span class='ocrx_word' id='word_1_160' title='bbox 2897 1306 3078 1360; x_wconf 82' lang='lat' dir='ltr'><strong>verbis</strong></span> <span class='ocrx_word' id='word_1_161' title='bbox 3114 1306 3167 1360; x_wconf 93' lang='lat' dir='ltr'><strong>in</strong></span> <span class='ocrx_word' id='word_1_162' title='bbox 3191 1308 3273 1363; x_wconf 91' lang='lat' dir='ltr'><strong>die</strong></span> <span class='ocrx_word' id='word_1_163' title='bbox 3308 1307 3475 1377; x_wconf 79' lang='lat' dir='ltr'><strong>iudicii</strong></span> <span class='ocrx_word' id='word_1_164' title='bbox 3505 1310 3747 1364; x_wconf 78' lang='lat' dir='ltr'><strong>redditurisu-</strong></span> 
     </span>
    </p>
   </div>
   <div class='ocr_carea' id='block_1_28' title="bbox 2331 1394 3746 1468">
    <p class='ocr_par' dir='ltr' id='par_1_28' title="bbox 2331 1394 3746 1468">
     <span class='ocr_line' id='line_1_28' title="bbox 2331 1394 3746 1468; baseline 0.003 -21"><span class='ocrx_word' id='word_1_165' title='bbox 2331 1407 2453 1448; x_wconf 89' lang='lat' dir='ltr'><strong>mus</strong></span> <span class='ocrx_word' id='word_1_166' title='bbox 2476 1394 2585 1449; x_wconf 88' lang='lat' dir='ltr'><strong>Deo</strong></span> <span class='ocrx_word' id='word_1_167' title='bbox 2608 1395 2894 1449; x_wconf 89' lang='lat' dir='ltr'><strong>rationem.</strong></span> <span class='ocrx_word' id='word_1_168' title='bbox 2926 1394 3039 1451; x_wconf 85' lang='lat' dir='ltr'><strong>Nec</strong></span> <span class='ocrx_word' id='word_1_169' title='bbox 3065 1397 3131 1452; x_wconf 90' lang='lat' dir='ltr'><strong>ad</strong></span> <span class='ocrx_word' id='word_1_170' title='bbox 3155 1397 3539 1453; x_wconf 89' lang='lat' dir='ltr'><strong>maledicendum</strong></span> <span class='ocrx_word' id='word_1_171' title='bbox 3557 1398 3746 1468; x_wconf 72' lang='lat' dir='ltr'><strong>quempiam</strong></span> 
     </span>
    </p>
   </div>
   <div class='ocr_carea' id='block_1_29' title="bbox 2294 1472 3746 1559">
    <p class='ocr_par' dir='ltr' id='par_1_29' title="bbox 2294 1472 3746 1559">
     <span class='ocr_line' id='line_1_29' title="bbox 2294 1472 3746 1559; baseline 0.003 -20"><span class='ocrx_word' id='word_1_172' title='bbox 2294 1543 2304 1553; x_wconf 85' lang='lat'><em>_</em></span> <span class='ocrx_word' id='word_1_173' title='bbox 2333 1500 2617 1542; x_wconf 87' lang='lat' dir='ltr'><strong>assuescas</strong></span> <span class='ocrx_word' id='word_1_174' title='bbox 2660 1486 2901 1557; x_wconf 87' lang='lat' dir='ltr'><strong>linguam</strong></span> <span class='ocrx_word' id='word_1_175' title='bbox 2920 1472 3114 1555; x_wconf 42' lang='lat' dir='ltr'><strong>.tuam,</strong></span> <span class='ocrx_word' id='word_1_176' title='bbox 3138 1505 3253 1559; x_wconf 66' lang='lat' dir='ltr'><strong>qua:</strong></span> <span class='ocrx_word' id='word_1_177' title='bbox 3287 1490 3350 1545; x_wconf 89' lang='lat' dir='ltr'><strong>ad</strong></span> <span class='ocrx_word' id='word_1_178' title='bbox 3382 1491 3700 1547; x_wconf 82' lang='lat' dir='ltr'><strong>benedicendum</strong></span> <span class='ocrx_word' id='word_1_179' title='bbox 3720 1502 3746 1545; x_wconf 74' lang='lat' dir='ltr'><strong>et</strong></span> 
     </span>
    </p>
   </div>
   <div class='ocr_carea' id='block_1_30' title="bbox 2333 1574 3748 1650">
    <p class='ocr_par' dir='ltr' id='par_1_30' title="bbox 2333 1574 3748 1650">
     <span class='ocr_line' id='line_1_30' title="bbox 2333 1574 3748 1650; baseline 0.005 -22"><span class='ocrx_word' id='word_1_180' title='bbox 2333 1574 2399 1629; x_wconf 92' lang='lat' dir='ltr'><strong>ad</strong></span> <span class='ocrx_word' id='word_1_181' title='bbox 2426 1575 2752 1632; x_wconf 89' lang='lat' dir='ltr'><strong>laudandum</strong></span> <span class='ocrx_word' id='word_1_182' title='bbox 2779 1576 3069 1632; x_wconf 89' lang='lat' dir='ltr'><strong>Dominum</strong></span> <span class='ocrx_word' id='word_1_183' title='bbox 3093 1590 3272 1634; x_wconf 88' lang='lat' dir='ltr'><strong>creata</strong></span> <span class='ocrx_word' id='word_1_184' title='bbox 3300 1589 3392 1634; x_wconf 89' lang='lat' dir='ltr'><strong>est.</strong></span> <span class='ocrx_word' id='word_1_185' title='bbox 3436 1579 3501 1633; x_wconf 86' lang='lat' dir='ltr'><strong>De</strong></span> <span class='ocrx_word' id='word_1_186' title='bbox 3524 1580 3748 1650; x_wconf 66' lang='lat' dir='ltr'><strong>quibusigm</strong></span> 
     </span>
    </p>
   </div>
   <div class='ocr_carea' id='block_1_31' title="bbox 2334 1667 3747 1751">
    <p class='ocr_par' dir='ltr' id='par_1_31' title="bbox 2334 1667 3747 1741">
     <span class='ocr_line' id='line_1_31' title="bbox 2334 1667 3747 1741; baseline 0.003 -20"><span class='ocrx_word' id='word_1_187' title='bbox 2334 1681 2424 1721; x_wconf 88' lang='lat' dir='ltr'><strong>ras</strong></span> <span class='ocrx_word' id='word_1_188' title='bbox 2448 1667 2622 1723; x_wconf 77' lang='lat' dir='ltr'><strong>rebus&#39;</strong></span> <span class='ocrx_word' id='word_1_189' title='bbox 2651 1669 2708 1723; x_wconf 92' lang='lat' dir='ltr'><strong>in</strong></span> <span class='ocrx_word' id='word_1_190' title='bbox 2735 1680 3004 1725; x_wconf 78' lang='lat' dir='ltr'><strong>conventu</strong></span> <span class='ocrx_word' id='word_1_191' title='bbox 3034 1670 3145 1724; x_wconf 90' lang='lat' dir='ltr'><strong>noli</strong></span> <span class='ocrx_word' id='word_1_192' title='bbox 3176 1670 3406 1741; x_wconf 89' lang='lat' dir='ltr'><strong>proferre</strong></span> <span class='ocrx_word' id='word_1_193' title='bbox 3433 1685 3680 1733; x_wconf 85' lang='lat' dir='ltr'><strong>sennonem;</strong></span> <span class='ocrx_word' id='word_1_194' title='bbox 3701 1670 3747 1725; x_wconf 70' lang='lat' dir='ltr'><strong>sel</strong></span> 
     </span>
    </p>
   </div>
   <div class='ocr_carea' id='block_1_32' title="bbox 2333 1762 3747 1833">
    <p class='ocr_par' dir='ltr' id='par_1_32' title="bbox 2333 1762 3747 1833">
     <span class='ocr_line' id='line_1_32' title="bbox 2333 1762 3747 1833; baseline 0 -19"><span class='ocrx_word' id='word_1_195' title='bbox 2333 1768 2635 1829; x_wconf 89' lang='lat' dir='ltr'><strong>opportuna</strong></span> <span class='ocrx_word' id='word_1_196' title='bbox 2686 1762 2853 1817; x_wconf 89' lang='lat' dir='ltr'><strong>verba</strong></span> <span class='ocrx_word' id='word_1_197' title='bbox 2880 1764 3181 1833; x_wconf 90' lang='lat' dir='ltr'><strong>procedant</strong></span> <span class='ocrx_word' id='word_1_198' title='bbox 3229 1779 3259 1818; x_wconf 92' lang='lat' dir='ltr'><strong>a</strong></span> <span class='ocrx_word' id='word_1_199' title='bbox 3295 1771 3345 1818; x_wconf 89' lang='lat' dir='ltr'><strong>te</strong></span> <span class='ocrx_word' id='word_1_200' title='bbox 3379 1779 3486 1817; x_wconf 89' lang='lat' dir='ltr'><strong>cum</strong></span> <span class='ocrx_word' id='word_1_201' title='bbox 3527 1773 3747 1833; x_wconf 76' lang='grc' dir='ltr'><strong>οιιροηιιη</strong></span> 
     </span>
    </p>
   </div>
   <div class='ocr_carea' id='block_1_33' title="bbox 647 1849 3747 1930">
    <p class='ocr_par' dir='ltr' id='par_1_33' title="bbox 647 1849 3747 1930">
     <span class='ocr_line' id='line_1_33' title="bbox 647 1849 3747 1930; baseline -0.003 -19"><span class='ocrx_word' id='word_1_202' title='bbox 647 1864 999 1912; x_wconf 88' lang='lat' dir='ltr'><strong>cusaverunt.</strong></span> <span class='ocrx_word' id='word_1_203' title='bbox 1027 1852 1132 1907; x_wconf 88' lang='lat' dir='ltr'><strong>Alii</strong></span> <span class='ocrx_word' id='word_1_204' title='bbox 1161 1869 1259 1923; x_wconf 87' lang='lat' dir='ltr'><strong>per</strong></span> <span class='ocrx_word' id='word_1_205' title='bbox 1281 1853 1466 1907; x_wconf 85' lang='lat' dir='ltr'><strong>vinum</strong></span> <span class='ocrx_word' id='word_1_206' title='bbox 1494 1867 1525 1905; x_wconf 92' lang='lat' dir='ltr'><strong>a</strong></span> <span class='ocrx_word' id='word_1_207' title='bbox 1557 1851 1893 1907; x_wconf 64' lang='lat' dir='ltr'><strong>daemonibus</strong></span> <span class='ocrx_word' id='word_1_208' title='bbox 1914 1849 2056 1919; x_wconf 89' lang='lat' dir='ltr'><strong>capti</strong></span> <span class='ocrx_word' id='word_1_209' title='bbox 2080 1856 2225 1915; x_wconf 89' lang='lat' dir='ltr'><strong>sunt,</strong></span> <span class='ocrx_word' id='word_1_210' title='bbox 2256 1870 2306 1930; x_wconf 73' lang='grc' dir='ltr'><strong>Β</strong></span> <span class='ocrx_word' id='word_1_211' title='bbox 2334 1855 2546 1917; x_wconf 87' lang='lat' dir='ltr'><strong>tempus</strong></span> <span class='ocrx_word' id='word_1_212' title='bbox 2579 1849 2875 1916; x_wconf 75' lang='lat' dir='ltr'><strong>inveneris,</strong></span> <span class='ocrx_word' id='word_1_213' title='bbox 2902 1860 2961 1905; x_wconf 93' lang='lat' dir='ltr'><strong>ut</strong></span> <span class='ocrx_word' id='word_1_214' title='bbox 3000 1859 3052 1906; x_wconf 91' lang='lat' dir='ltr'><strong>te</strong></span> <span class='ocrx_word' id='word_1_215' title='bbox 3083 1851 3410 1907; x_wconf 87' lang='lat' dir='ltr'><strong>audientibus</strong></span> <span class='ocrx_word' id='word_1_216' title='bbox 3438 1854 3604 1907; x_wconf 87' lang='lat' dir='ltr'><strong>cunctis</strong></span> <span class='ocrx_word' id='word_1_217' title='bbox 3622 1851 3747 1922; x_wconf 71' lang='lat' dir='ltr'><strong>gratiam</strong></span> 
     </span>
    </p>
   </div>
   <div class='ocr_carea' id='block_1_34' title="bbox 646 1941 2229 2013">
    <p class='ocr_par' dir='ltr' id='par_1_34' title="bbox 646 1941 2229 2013">
     <span class='ocr_line' id='line_1_34' title="bbox 646 1941 2229 2013; baseline -0.005 -10"><span class='ocrx_word' id='word_1_218' title='bbox 646 1963 749 2003; x_wconf 90' lang='lat' dir='ltr'><strong>nec</strong></span> <span class='ocrx_word' id='word_1_219' title='bbox 785 1955 870 2003; x_wconf 90' lang='lat' dir='ltr'><strong>est</strong></span> <span class='ocrx_word' id='word_1_220' title='bbox 920 1946 1066 2001; x_wconf 87' lang='lat' dir='ltr'><strong>aliud</strong></span> <span class='ocrx_word' id='word_1_221' title='bbox 1124 1945 1362 2001; x_wconf 90' lang='lat' dir='ltr'><strong>ebrietas</strong></span> <span class='ocrx_word' id='word_1_222' title='bbox 1410 1959 1572 2013; x_wconf 90' lang='lat' dir='ltr'><strong>quam</strong></span> <span class='ocrx_word' id='word_1_223' title='bbox 1613 1941 2089 1997; x_wconf 87' lang='lat' dir='ltr'><strong>manifestissimus</strong></span> <span class='ocrx_word' id='word_1_224' title='bbox 2116 1942 2229 1996; x_wconf 72' lang='lat' dir='ltr'><strong>dte-</strong></span> 
     </span>
    </p>
   </div>
   <div class='ocr_carea' id='block_1_35' title="bbox 647 2033 2234 2106">
    <p class='ocr_par' dir='ltr' id='par_1_35' title="bbox 647 2033 2234 2106">
     <span class='ocr_line' id='line_1_35' title="bbox 647 2033 2234 2106; baseline -0.004 -13"><span class='ocrx_word' id='word_1_225' title='bbox 647 2054 795 2093; x_wconf 89' lang='lat' dir='ltr'><strong>mon.</strong></span> <span class='ocrx_word' id='word_1_226' title='bbox 828 2038 1086 2092; x_wconf 87' lang='lat' dir='ltr'><strong>Ebriosus</strong></span> <span class='ocrx_word' id='word_1_227' title='bbox 1110 2043 1262 2106; x_wconf 90' lang='lat' dir='ltr'><strong>putat</strong></span> <span class='ocrx_word' id='word_1_228' title='bbox 1290 2049 1349 2089; x_wconf 93' lang='lat' dir='ltr'><strong>se</strong></span> <span class='ocrx_word' id='word_1_229' title='bbox 1378 2033 1504 2088; x_wconf 92' lang='lat' dir='ltr'><strong>boni</strong></span> <span class='ocrx_word' id='word_1_230' title='bbox 1538 2033 1739 2103; x_wconf 90' lang='lat' dir='ltr'><strong>aliquid</strong></span> <span class='ocrx_word' id='word_1_231' title='bbox 1768 2048 1932 2104; x_wconf 90' lang='lat' dir='ltr'><strong>agere</strong></span> <span class='ocrx_word' id='word_1_232' title='bbox 1976 2048 2101 2087; x_wconf 90' lang='lat' dir='ltr'><strong>cum</strong></span> <span class='ocrx_word' id='word_1_233' title='bbox 2135 2048 2234 2102; x_wconf 89' lang='lat' dir='ltr'><strong>per</strong></span> 
     </span>
    </p>
   </div>
   <div class='ocr_carea' id='block_1_36' title="bbox 642 2123 2235 2199">
    <p class='ocr_par' dir='ltr' id='par_1_36' title="bbox 642 2123 2235 2199">
     <span class='ocr_line' id='line_1_36' title="bbox 642 2123 2235 2199; baseline -0.005 -15"><span class='ocrx_word' id='word_1_234' title='bbox 642 2129 946 2199; x_wconf 69' lang='lat' dir='ltr'><strong>praecipitia</strong></span> <span class='ocrx_word' id='word_1_235' title='bbox 975 2127 1259 2182; x_wconf 87' lang='lat' dir='ltr'><strong>devolutus</strong></span> <span class='ocrx_word' id='word_1_236' title='bbox 1286 2124 1470 2180; x_wconf 90' lang='lat' dir='ltr'><strong>fuerit.</strong></span> <span class='ocrx_word' id='word_1_237' title='bbox 1526 2123 1631 2179; x_wconf 91' lang='lat' dir='ltr'><strong>Per</strong></span> <span class='ocrx_word' id='word_1_238' title='bbox 1667 2123 2024 2178; x_wconf 88' lang='lat' dir='ltr'><strong>vinolentiam</strong></span> <span class='ocrx_word' id='word_1_239' title='bbox 2054 2137 2235 2177; x_wconf 90' lang='lat' dir='ltr'><strong>arma-</strong></span> 
     </span>
    </p>
   </div>
   <div class='ocr_carea' id='block_1_37' title="bbox 646 2214 2233 2286">
    <p class='ocr_par' dir='ltr' id='par_1_37' title="bbox 646 2214 2233 2286">
     <span class='ocr_line' id='line_1_37' title="bbox 646 2214 2233 2286; baseline -0.004 -13"><span class='ocrx_word' id='word_1_240' title='bbox 646 2227 734 2273; x_wconf 89' lang='lat' dir='ltr'><strong>tur</strong></span> <span class='ocrx_word' id='word_1_241' title='bbox 760 2234 823 2273; x_wconf 90' lang='lat' dir='ltr'><strong>os</strong></span> <span class='ocrx_word' id='word_1_242' title='bbox 854 2218 923 2272; x_wconf 92' lang='lat' dir='ltr'><strong>ad</strong></span> <span class='ocrx_word' id='word_1_243' title='bbox 950 2218 1244 2272; x_wconf 89' lang='lat' dir='ltr'><strong>maledicta</strong></span> <span class='ocrx_word' id='word_1_244' title='bbox 1270 2224 1325 2271; x_wconf 93' lang='lat' dir='ltr'><strong>et</strong></span> <span class='ocrx_word' id='word_1_245' title='bbox 1354 2215 1600 2271; x_wconf 89' lang='lat' dir='ltr'><strong>convicia</strong></span> <span class='ocrx_word' id='word_1_246' title='bbox 1632 2215 2027 2286; x_wconf 80' lang='lat' dir='ltr'><strong>proximorum,</strong></span> <span class='ocrx_word' id='word_1_247' title='bbox 2057 2223 2112 2269; x_wconf 92' lang='lat' dir='ltr'><strong>et</strong></span> <span class='ocrx_word' id='word_1_248' title='bbox 2137 2214 2233 2267; x_wconf 85' lang='lat' dir='ltr'><strong>im-</strong></span> 
     </span>
    </p>
   </div>
   <div class='ocr_carea' id='block_1_38' title="bbox 643 2306 2231 2380">
    <p class='ocr_par' dir='ltr' id='par_1_38' title="bbox 643 2306 2231 2380">
     <span class='ocr_line' id='line_1_38' title="bbox 643 2306 2231 2380; baseline -0.001 -16"><span class='ocrx_word' id='word_1_249' title='bbox 643 2318 889 2365; x_wconf 90' lang='lat' dir='ltr'><strong>mutatur</strong></span> <span class='ocrx_word' id='word_1_250' title='bbox 909 2323 1083 2375; x_wconf 90' lang='lat' dir='ltr'><strong>mens,</strong></span> <span class='ocrx_word' id='word_1_251' title='bbox 1113 2317 1168 2363; x_wconf 91' lang='lat' dir='ltr'><strong>et</strong></span> <span class='ocrx_word' id='word_1_252' title='bbox 1191 2308 1371 2380; x_wconf 79' lang='lat' dir='ltr'><strong>lingua</strong></span> <span class='ocrx_word' id='word_1_253' title='bbox 1402 2307 1651 2363; x_wconf 91' lang='lat' dir='ltr'><strong>balbutit.</strong></span> <span class='ocrx_word' id='word_1_254' title='bbox 1675 2308 1867 2375; x_wconf 72' lang='lat' dir='ltr'><strong>Quaaso</strong></span> <span class='ocrx_word' id='word_1_255' title='bbox 1893 2306 2020 2376; x_wconf 91' lang='lat' dir='ltr'><strong>quid</strong></span> <span class='ocrx_word' id='word_1_256' title='bbox 2051 2306 2231 2362; x_wconf 86' lang='lat' dir='ltr'><strong>minus</strong></span> 
     </span>
    </p>
   </div>
   <div class='ocr_carea' id='block_1_39' title="bbox 645 2397 2231 2471">
    <p class='ocr_par' dir='ltr' id='par_1_39' title="bbox 645 2397 2231 2471">
     <span class='ocr_line' id='line_1_39' title="bbox 645 2397 2231 2471; baseline -0.003 -15"><span class='ocrx_word' id='word_1_257' title='bbox 645 2401 878 2456; x_wconf 88' lang='lat' dir='ltr'><strong>habetur</strong></span> <span class='ocrx_word' id='word_1_258' title='bbox 897 2416 1061 2471; x_wconf 88' lang='lat' dir='ltr'><strong>quam</strong></span> <span class='ocrx_word' id='word_1_259' title='bbox 1086 2400 1410 2455; x_wconf 77' lang='lat' dir='ltr'><strong>daemonium</strong></span> <span class='ocrx_word' id='word_1_260' title='bbox 1432 2400 1713 2455; x_wconf 87' lang='lat' dir='ltr'><strong>ebrietas?</strong></span> <span class='ocrx_word' id='word_1_261' title='bbox 1744 2397 2061 2467; x_wconf 73' lang='lat' dir='ltr'><strong>Huiusmodi</strong></span> <span class='ocrx_word' id='word_1_262' title='bbox 2084 2398 2231 2453; x_wconf 90' lang='lat' dir='ltr'><strong>enim</strong></span> 
     </span>
    </p>
   </div>
   <div class='ocr_carea' id='block_1_40' title="bbox 645 2489 2227 2563">
    <p class='ocr_par' dir='ltr' id='par_1_40' title="bbox 645 2489 2227 2563">
     <span class='ocr_line' id='line_1_40' title="bbox 645 2489 2227 2563; baseline -0.003 -15"><span class='ocrx_word' id='word_1_263' title='bbox 645 2493 732 2548; x_wconf 86' lang='lat' dir='ltr'><strong>vir</strong></span> <span class='ocrx_word' id='word_1_264' title='bbox 757 2508 881 2547; x_wconf 86' lang='lat' dir='ltr'><strong>eum</strong></span> <span class='ocrx_word' id='word_1_265' title='bbox 910 2509 967 2549; x_wconf 90' lang='lat' dir='ltr'><strong>se</strong></span> <span class='ocrx_word' id='word_1_266' title='bbox 992 2500 1146 2563; x_wconf 88' lang='lat' dir='ltr'><strong>putat</strong></span> <span class='ocrx_word' id='word_1_267' title='bbox 1175 2492 1385 2557; x_wconf 89' lang='lat' dir='ltr'><strong>bibere,</strong></span> <span class='ocrx_word' id='word_1_268' title='bbox 1416 2492 1639 2547; x_wconf 91' lang='lat' dir='ltr'><strong>bibitur.</strong></span> <span class='ocrx_word' id='word_1_269' title='bbox 1674 2491 1828 2546; x_wconf 87' lang='lat' dir='ltr'><strong>Sicut</strong></span> <span class='ocrx_word' id='word_1_270' title='bbox 1855 2490 2002 2545; x_wconf 89' lang='lat' dir='ltr'><strong>enim</strong></span> <span class='ocrx_word' id='word_1_271' title='bbox 2040 2489 2227 2560; x_wconf 86' lang='lat' dir='ltr'><strong>piscis,</strong></span> 
     </span>
    </p>
   </div>
   <div class='ocr_carea' id='block_1_41' title="bbox 646 2580 2233 2653">
    <p class='ocr_par' dir='ltr' id='par_1_41' title="bbox 646 2580 2233 2653">
     <span class='ocr_line' id='line_1_41' title="bbox 646 2580 2233 2653; baseline -0.004 -13"><span class='ocrx_word' id='word_1_272' title='bbox 646 2599 771 2640; x_wconf 91' lang='lat' dir='ltr'><strong>cum</strong></span> <span class='ocrx_word' id='word_1_273' title='bbox 820 2584 993 2640; x_wconf 88' lang='lat' dir='ltr'><strong>avidis</strong></span> <span class='ocrx_word' id='word_1_274' title='bbox 1022 2582 1270 2639; x_wconf 79' lang='lat' dir='ltr'><strong>faucibus</strong></span> <span class='ocrx_word' id='word_1_275' title='bbox 1312 2590 1570 2653; x_wconf 88' lang='lat' dir='ltr'><strong>properat</strong></span> <span class='ocrx_word' id='word_1_276' title='bbox 1610 2592 1671 2636; x_wconf 89' lang='lat' dir='ltr'><strong>ut</strong></span> <span class='ocrx_word' id='word_1_277' title='bbox 1700 2580 1894 2653; x_wconf 88' lang='lat' dir='ltr'><strong>glutiat</strong></span> <span class='ocrx_word' id='word_1_278' title='bbox 1948 2586 2233 2644; x_wconf 88' lang='lat' dir='ltr'><strong>escam,et</strong></span> 
     </span>
    </p>
   </div>
   <div class='ocr_carea' id='block_1_42' title="bbox 645 2658 2231 2747">
    <p class='ocr_par' dir='ltr' id='par_1_42' title="bbox 645 2658 2231 2747">
     <span class='ocr_line' id='line_1_42' title="bbox 645 2658 2231 2747; baseline -0.006 -17"><span class='ocrx_word' id='word_1_279' title='bbox 645 2683 870 2747; x_wconf 88' lang='lat' dir='ltr'><strong>repente</strong></span> <span class='ocrx_word' id='word_1_280' title='bbox 928 2675 1150 2730; x_wconf 85' lang='lat' dir='ltr'><strong>hamum</strong></span> <span class='ocrx_word' id='word_1_281' title='bbox 1189 2658 1333 2728; x_wconf 67' lang='lat' dir='ltr'><strong>inmr</strong></span> <span class='ocrx_word' id='word_1_282' title='bbox 1382 2671 1566 2728; x_wconf 83' lang='lat' dir='ltr'><strong>fauces</strong></span> <span class='ocrx_word' id='word_1_283' title='bbox 1622 2671 1829 2741; x_wconf 89' lang='lat' dir='ltr'><strong>reperit</strong></span> <span class='ocrx_word' id='word_1_284' title='bbox 1863 2670 2115 2726; x_wconf 87' lang='lat' dir='ltr'><strong>hostem:</strong></span> <span class='ocrx_word' id='word_1_285' title='bbox 2148 2666 2231 2721; x_wconf 91' lang='lat' dir='ltr'><strong>vel</strong></span> 
     </span>
    </p>
   </div>
   <div class='ocr_carea' id='block_1_43' title="bbox 644 2758 2231 2836">
    <p class='ocr_par' dir='ltr' id='par_1_43' title="bbox 644 2758 2231 2836">
     <span class='ocr_line' id='line_1_43' title="bbox 644 2758 2231 2836; baseline -0.006 -14"><span class='ocrx_word' id='word_1_286' title='bbox 644 2767 787 2822; x_wconf 80' lang='lat' dir='ltr'><strong>sicut</strong></span> <span class='ocrx_word' id='word_1_287' title='bbox 815 2781 943 2822; x_wconf 92' lang='lat' dir='ltr'><strong>aves</strong></span> <span class='ocrx_word' id='word_1_288' title='bbox 963 2781 1086 2821; x_wconf 90' lang='lat' dir='ltr'><strong>cum</strong></span> <span class='ocrx_word' id='word_1_289' title='bbox 1130 2779 1231 2836; x_wconf 93' lang='lat' dir='ltr'><strong>per</strong></span> <span class='ocrx_word' id='word_1_290' title='bbox 1278 2779 1462 2819; x_wconf 89' lang='lat' dir='ltr'><strong>escam</strong></span> <span class='ocrx_word' id='word_1_291' title='bbox 1487 2763 1773 2834; x_wconf 91' lang='lat' dir='ltr'><strong>capiuntur</strong></span> <span class='ocrx_word' id='word_1_292' title='bbox 1794 2761 1849 2815; x_wconf 90' lang='lat' dir='ltr'><strong>in</strong></span> <span class='ocrx_word' id='word_1_293' title='bbox 1879 2759 2124 2826; x_wconf 89' lang='lat' dir='ltr'><strong>retibus;</strong></span> <span class='ocrx_word' id='word_1_294' title='bbox 2157 2758 2231 2813; x_wconf 89' lang='lat' dir='ltr'><strong>ita</strong></span> 
     </span>
    </p>
   </div>
   <div class='ocr_carea' id='block_1_44' title="bbox 644 2848 2235 2925">
    <p class='ocr_par' dir='ltr' id='par_1_44' title="bbox 644 2848 2235 2925">
     <span class='ocr_line' id='line_1_44' title="bbox 644 2848 2235 2925; baseline -0.005 -14"><span class='ocrx_word' id='word_1_295' title='bbox 644 2856 894 2911; x_wconf 87' lang='lat' dir='ltr'><strong>ebriosus</strong></span> <span class='ocrx_word' id='word_1_296' title='bbox 926 2856 1069 2910; x_wconf 87' lang='lat' dir='ltr'><strong>intra</strong></span> <span class='ocrx_word' id='word_1_297' title='bbox 1093 2870 1152 2910; x_wconf 90' lang='lat' dir='ltr'><strong>se</strong></span> <span class='ocrx_word' id='word_1_298' title='bbox 1173 2854 1362 2909; x_wconf 90' lang='lat' dir='ltr'><strong>vinum</strong></span> <span class='ocrx_word' id='word_1_299' title='bbox 1387 2854 1614 2925; x_wconf 89' lang='lat' dir='ltr'><strong>suscipit</strong></span> <span class='ocrx_word' id='word_1_300' title='bbox 1647 2852 1950 2918; x_wconf 88' lang='lat' dir='ltr'><strong>inimicum,</strong></span> <span class='ocrx_word' id='word_1_301' title='bbox 1978 2848 2122 2920; x_wconf 91' lang='lat' dir='ltr'><strong>quod</strong></span> <span class='ocrx_word' id='word_1_302' title='bbox 2154 2850 2235 2903; x_wconf 85' lang='lat' dir='ltr'><strong>in-</strong></span> 
     </span>
    </p>
   </div>
   <div class='ocr_carea' id='block_1_45' title="bbox 645 2946 2227 3020">
    <p class='ocr_par' dir='ltr' id='par_1_45' title="bbox 645 2946 2227 3020">
     <span class='ocr_line' id='line_1_45' title="bbox 645 2946 2227 3020; baseline -0.004 -15"><span class='ocrx_word' id='word_1_303' title='bbox 645 2961 729 3005; x_wconf 90' lang='lat' dir='ltr'><strong>tra</strong></span> <span class='ocrx_word' id='word_1_304' title='bbox 749 2965 873 3005; x_wconf 88' lang='lat' dir='ltr'><strong>eum</strong></span> <span class='ocrx_word' id='word_1_305' title='bbox 896 2962 1115 3005; x_wconf 89' lang='lat' dir='ltr'><strong>morans</strong></span> <span class='ocrx_word' id='word_1_306' title='bbox 1140 2949 1368 3020; x_wconf 87' lang='lat' dir='ltr'><strong>impellit</strong></span> <span class='ocrx_word' id='word_1_307' title='bbox 1390 2949 1457 3004; x_wconf 89' lang='lat' dir='ltr'><strong>ad</strong></span> <span class='ocrx_word' id='word_1_308' title='bbox 1484 2965 1646 3005; x_wconf 89' lang='lat' dir='ltr'><strong>omne</strong></span> <span class='ocrx_word' id='word_1_309' title='bbox 1668 2963 1804 3019; x_wconf 88' lang='lat' dir='ltr'><strong>opus</strong></span> <span class='ocrx_word' id='word_1_310' title='bbox 1833 2946 2227 3010; x_wconf 60' lang='lat' dir='ltr'><strong>foedissimum;</strong></span> 
     </span>
    </p>
   </div>
   <div class='ocr_carea' id='block_1_46' title="bbox 643 3036 2227 3106">
    <p class='ocr_par' dir='ltr' id='par_1_46' title="bbox 643 3036 2227 3106">
     <span class='ocr_line' id='line_1_46' title="bbox 643 3036 2227 3106; baseline -0.004 -10"><span class='ocrx_word' id='word_1_311' title='bbox 643 3051 699 3096; x_wconf 91' lang='lat' dir='ltr'><strong>et</strong></span> <span class='ocrx_word' id='word_1_312' title='bbox 728 3041 892 3096; x_wconf 90' lang='lat' dir='ltr'><strong>homo</strong></span> <span class='ocrx_word' id='word_1_313' title='bbox 915 3040 1254 3095; x_wconf 88' lang='lat' dir='ltr'><strong>rationabilis</strong></span> <span class='ocrx_word' id='word_1_314' title='bbox 1275 3048 1336 3094; x_wconf 93' lang='lat' dir='ltr'><strong>ut</strong></span> <span class='ocrx_word' id='word_1_315' title='bbox 1361 3040 1735 3094; x_wconf 90' lang='lat' dir='ltr'><strong>irrationabile</strong></span> <span class='ocrx_word' id='word_1_316' title='bbox 1762 3036 1963 3093; x_wconf 87' lang='lat' dir='ltr'><strong>animal</strong></span> <span class='ocrx_word' id='word_1_317' title='bbox 1994 3037 2227 3106; x_wconf 89' lang='lat' dir='ltr'><strong>capitur.</strong></span> 
     </span>
    </p>
   </div>
   <div class='ocr_carea' id='block_1_47' title="bbox 644 3129 2231 3195">
    <p class='ocr_par' dir='ltr' id='par_1_47' title="bbox 644 3129 2231 3195">
     <span class='ocr_line' id='line_1_47' title="bbox 644 3129 2231 3195; baseline -0.003 -9"><span class='ocrx_word' id='word_1_318' title='bbox 644 3132 727 3187; x_wconf 86' lang='lat' dir='ltr'><strong>Tu</strong></span> <span class='ocrx_word' id='word_1_319' title='bbox 762 3140 944 3186; x_wconf 89' lang='lat' dir='ltr'><strong>autem</strong></span> <span class='ocrx_word' id='word_1_320' title='bbox 987 3132 1042 3186; x_wconf 92' lang='lat' dir='ltr'><strong>in</strong></span> <span class='ocrx_word' id='word_1_321' title='bbox 1097 3130 1349 3186; x_wconf 90' lang='lat' dir='ltr'><strong>omnibus</strong></span> <span class='ocrx_word' id='word_1_322' title='bbox 1378 3130 1575 3185; x_wconf 85' lang='lat' dir='ltr'><strong>exhibe</strong></span> <span class='ocrx_word' id='word_1_323' title='bbox 1604 3137 1657 3185; x_wconf 87' lang='lat' dir='ltr'><strong>te</strong></span> <span class='ocrx_word' id='word_1_324' title='bbox 1682 3129 1946 3195; x_wconf 88' lang='lat' dir='ltr'><strong>sobrium,</strong></span> <span class='ocrx_word' id='word_1_325' title='bbox 1979 3136 2038 3181; x_wconf 93' lang='lat' dir='ltr'><strong>ut</strong></span> <span class='ocrx_word' id='word_1_326' title='bbox 2063 3135 2117 3182; x_wconf 90' lang='lat' dir='ltr'><strong>te</strong></span> <span class='ocrx_word' id='word_1_327' title='bbox 2143 3141 2231 3181; x_wconf 88' lang='lat' dir='ltr'><strong>so-</strong></span> 
     </span>
    </p>
   </div>
   <div class='ocr_carea' id='block_1_48' title="bbox 642 3221 1767 3282">
    <p class='ocr_par' dir='ltr' id='par_1_48' title="bbox 642 3221 1767 3282">
     <span class='ocr_line' id='line_1_48' title="bbox 642 3221 1767 3282; baseline -0.003 -3"><span class='ocrx_word' id='word_1_328' title='bbox 642 3224 851 3282; x_wconf 84' lang='lat' dir='ltr'><strong>brietas</strong></span> <span class='ocrx_word' id='word_1_329' title='bbox 872 3225 930 3279; x_wconf 91' lang='lat' dir='ltr'><strong>in</strong></span> <span class='ocrx_word' id='word_1_330' title='bbox 967 3223 1221 3280; x_wconf 89' lang='lat' dir='ltr'><strong>omnibus</strong></span> <span class='ocrx_word' id='word_1_331' title='bbox 1251 3234 1461 3279; x_wconf 77' lang='lat' dir='ltr'><strong>eaStum</strong></span> <span class='ocrx_word' id='word_1_332' title='bbox 1493 3221 1767 3277; x_wconf 79' lang='lat' dir='ltr'><strong>exhibeat.</strong></span> 
     </span>
    </p>
   </div>
   <div class='ocr_carea' id='block_1_49' title="bbox 1250 3334 1635 3393">
    <p class='ocr_par' dir='ltr' id='par_1_49' title="bbox 1250 3334 1635 3393">
     <span class='ocr_line' id='line_1_49' title="bbox 1250 3334 1635 3393; baseline -0.008 0"><span class='ocrx_word' id='word_1_333' title='bbox 1250 3335 1480 3393; x_wconf 87' lang='lat' dir='ltr'><strong>CAPUT</strong></span> <span class='ocrx_word' id='word_1_334' title='bbox 1515 3334 1635 3391; x_wconf 80' lang='lat' dir='ltr'><strong>XV.</strong></span> 
     </span>
    </p>
   </div>
   <div class='ocr_carea' id='block_1_50' title="bbox 1130 3406 1743 3479">
    <p class='ocr_par' dir='ltr' id='par_1_50' title="bbox 1130 3406 1743 3479">
     <span class='ocr_line' id='line_1_50' title="bbox 1130 3406 1743 3479; baseline -0.005 -17"><span class='ocrx_word' id='word_1_335' title='bbox 1130 3407 1207 3462; x_wconf 84' lang='lat' dir='ltr'><strong>De</strong></span> <span class='ocrx_word' id='word_1_336' title='bbox 1236 3407 1452 3461; x_wconf 81' lang='lat' dir='ltr'><strong>vitanda</strong></span> <span class='ocrx_word' id='word_1_337' title='bbox 1479 3406 1743 3479; x_wconf 76' lang='lat' dir='ltr'><strong>superbia.</strong></span> 
     </span>
    </p>
   </div>
   <div class='ocr_carea' id='block_1_51' title="bbox 714 3499 2237 3571">
    <p class='ocr_par' dir='ltr' id='par_1_51' title="bbox 714 3499 2237 3571">
     <span class='ocr_line' id='line_1_51' title="bbox 714 3499 2237 3571; baseline -0.001 -12"><span class='ocrx_word' id='word_1_338' title='bbox 714 3503 823 3559; x_wconf 86' lang='lat' dir='ltr'><strong>Sed</strong></span> <span class='ocrx_word' id='word_1_339' title='bbox 849 3510 1038 3559; x_wconf 89' lang='lat' dir='ltr'><strong>caveto</strong></span> <span class='ocrx_word' id='word_1_340' title='bbox 1062 3500 1186 3568; x_wconf 91' lang='lat' dir='ltr'><strong>hoc,</strong></span> <span class='ocrx_word' id='word_1_341' title='bbox 1218 3499 1325 3568; x_wconf 86' lang='lat' dir='ltr'><strong>ﬁli,</strong></span> <span class='ocrx_word' id='word_1_342' title='bbox 1350 3515 1419 3556; x_wconf 93' lang='lat' dir='ltr'><strong>ne</strong></span> <span class='ocrx_word' id='word_1_343' title='bbox 1444 3515 1544 3571; x_wconf 89' lang='lat' dir='ltr'><strong>per</strong></span> <span class='ocrx_word' id='word_1_344' title='bbox 1578 3499 1822 3555; x_wconf 91' lang='lat' dir='ltr'><strong>ciborum</strong></span> <span class='ocrx_word' id='word_1_345' title='bbox 1851 3499 2237 3558; x_wconf 87' lang='lat' dir='ltr'><strong>abstinentiam</strong></span> 
     </span>
    </p>
   </div>
   <div class='ocr_carea' id='block_1_52' title="bbox 642 3589 2263 3668">
    <p class='ocr_par' dir='ltr' id='par_1_52' title="bbox 642 3589 2263 3668">
     <span class='ocr_line' id='line_1_52' title="bbox 642 3589 2263 3668; baseline -0.001 -16"><span class='ocrx_word' id='word_1_346' title='bbox 642 3596 907 3668; x_wconf 87' lang='lat' dir='ltr'><strong>mergaris</strong></span> <span class='ocrx_word' id='word_1_347' title='bbox 955 3593 1013 3649; x_wconf 92' lang='lat' dir='ltr'><strong>in</strong></span> <span class='ocrx_word' id='word_1_348' title='bbox 1036 3593 1366 3664; x_wconf 90' lang='lat' dir='ltr'><strong>superbiam,</strong></span> <span class='ocrx_word' id='word_1_349' title='bbox 1407 3599 1465 3648; x_wconf 89' lang='lat' dir='ltr'><strong>et</strong></span> <span class='ocrx_word' id='word_1_350' title='bbox 1510 3606 1578 3647; x_wconf 92' lang='lat' dir='ltr'><strong>ne</strong></span> <span class='ocrx_word' id='word_1_351' title='bbox 1620 3589 1823 3646; x_wconf 82' lang='lat' dir='ltr'><strong>infleris</strong></span> <span class='ocrx_word' id='word_1_352' title='bbox 1848 3589 2111 3648; x_wconf 88' lang='lat' dir='ltr'><strong>adversus</strong></span> <span class='ocrx_word' id='word_1_353' title='bbox 2142 3608 2263 3651; x_wconf 84' lang='lat' dir='ltr'><strong>eos.</strong></span> 
     </span>
    </p>
   </div>
   <div class='ocr_carea' id='block_1_53' title="bbox 641 3683 2237 3759">
    <p class='ocr_par' dir='ltr' id='par_1_53' title="bbox 641 3683 2237 3759">
     <span class='ocr_line' id='line_1_53' title="bbox 641 3683 2237 3759; baseline -0.002 -17"><span class='ocrx_word' id='word_1_354' title='bbox 641 3689 735 3759; x_wconf 87' lang='lat' dir='ltr'><strong>qui</strong></span> <span class='ocrx_word' id='word_1_355' title='bbox 771 3685 965 3757; x_wconf 85' lang='lat' dir='ltr'><strong>jejunii</strong></span> <span class='ocrx_word' id='word_1_356' title='bbox 1013 3688 1093 3742; x_wconf 89' lang='lat' dir='ltr'><strong>tui</strong></span> <span class='ocrx_word' id='word_1_357' title='bbox 1144 3700 1457 3741; x_wconf 90' lang='lat' dir='ltr'><strong>mensuram</strong></span> <span class='ocrx_word' id='word_1_358' title='bbox 1493 3699 1602 3740; x_wconf 92' lang='lat' dir='ltr'><strong>non</strong></span> <span class='ocrx_word' id='word_1_359' title='bbox 1625 3683 1809 3738; x_wconf 89' lang='lat' dir='ltr'><strong>valent</strong></span> <span class='ocrx_word' id='word_1_360' title='bbox 1845 3683 2129 3739; x_wconf 87' lang='lat' dir='ltr'><strong>obtinere:</strong></span> <span class='ocrx_word' id='word_1_361' title='bbox 2168 3700 2237 3739; x_wconf 89' lang='lat' dir='ltr'><strong>ne</strong></span> 
     </span>
    </p>
   </div>
   <div class='ocr_carea' id='block_1_54' title="bbox 641 3781 2237 3849">
    <p class='ocr_par' dir='ltr' id='par_1_54' title="bbox 641 3781 2237 3849">
     <span class='ocr_line' id='line_1_54' title="bbox 641 3781 2237 3849; baseline 0.003 -14"><span class='ocrx_word' id='word_1_362' title='bbox 641 3781 863 3849; x_wconf 89' lang='lat' dir='ltr'><strong>quando</strong></span> <span class='ocrx_word' id='word_1_363' title='bbox 885 3781 1123 3836; x_wconf 87' lang='lat' dir='ltr'><strong>videaris</strong></span> <span class='ocrx_word' id='word_1_364' title='bbox 1152 3783 1293 3838; x_wconf 90' lang='lat' dir='ltr'><strong>escis</strong></span> <span class='ocrx_word' id='word_1_365' title='bbox 1320 3783 1630 3840; x_wconf 88' lang='lat' dir='ltr'><strong>carnalibus</strong></span> <span class='ocrx_word' id='word_1_366' title='bbox 1652 3784 1947 3848; x_wconf 89' lang='lat' dir='ltr'><strong>abstinere,</strong></span> <span class='ocrx_word' id='word_1_367' title='bbox 2002 3792 2059 3838; x_wconf 90' lang='lat' dir='ltr'><strong>et</strong></span> <span class='ocrx_word' id='word_1_368' title='bbox 2088 3784 2237 3840; x_wconf 79' lang='lat' dir='ltr'><strong>vitiis</strong></span> 
     </span>
    </p>
   </div>
   <div class='ocr_carea' id='block_1_55' title="bbox 643 3873 2236 3944">
    <p class='ocr_par' dir='ltr' id='par_1_55' title="bbox 643 3873 2236 3944">
     <span class='ocr_line' id='line_1_55' title="bbox 643 3873 2236 3944; baseline 0.002 -18"><span class='ocrx_word' id='word_1_369' title='bbox 643 3880 837 3942; x_wconf 90' lang='lat' dir='ltr'><strong>pectus</strong></span> <span class='ocrx_word' id='word_1_370' title='bbox 863 3881 1015 3926; x_wconf 91' lang='lat' dir='ltr'><strong>tuum</strong></span> <span class='ocrx_word' id='word_1_371' title='bbox 1042 3873 1274 3944; x_wconf 89' lang='lat' dir='ltr'><strong>replere.</strong></span> <span class='ocrx_word' id='word_1_372' title='bbox 1342 3873 1578 3929; x_wconf 79' lang='lat' dir='ltr'><strong>Grandis</strong></span> <span class='ocrx_word' id='word_1_373' title='bbox 1605 3890 1839 3944; x_wconf 85' lang='lat' dir='ltr'><strong>namque</strong></span> <span class='ocrx_word' id='word_1_374' title='bbox 1871 3881 1954 3929; x_wconf 92' lang='lat' dir='ltr'><strong>est</strong></span> <span class='ocrx_word' id='word_1_375' title='bbox 1990 3873 2236 3930; x_wconf 85' lang='lat' dir='ltr'><strong>confusio</strong></span> 
     </span>
    </p>
   </div>
   <div class='ocr_carea' id='block_1_56' title="bbox 644 3960 2237 4033">
    <p class='ocr_par' dir='ltr' id='par_1_56' title="bbox 644 3960 2237 4033">
     <span class='ocr_line' id='line_1_56' title="bbox 644 3960 2237 4033; baseline 0.003 -20"><span class='ocrx_word' id='word_1_376' title='bbox 644 3960 839 4015; x_wconf 65' lang='lat' dir='ltr'><strong>animae</strong></span> <span class='ocrx_word' id='word_1_377' title='bbox 854 3976 976 4030; x_wconf 70' lang='lat' dir='ltr'><strong>qua:</strong></span> <span class='ocrx_word' id='word_1_378' title='bbox 998 3977 1125 4017; x_wconf 91' lang='lat' dir='ltr'><strong>cum</strong></span> <span class='ocrx_word' id='word_1_379' title='bbox 1156 3962 1259 4016; x_wconf 89' lang='lat' dir='ltr'><strong>sibi</strong></span> <span class='ocrx_word' id='word_1_380' title='bbox 1281 3961 1575 4031; x_wconf 88' lang='lat' dir='ltr'><strong>subjecerit</strong></span> <span class='ocrx_word' id='word_1_381' title='bbox 1597 3978 1842 4029; x_wconf 88' lang='lat' dir='ltr'><strong>carnem,</strong></span> <span class='ocrx_word' id='word_1_382' title='bbox 1880 3964 1998 4033; x_wconf 92' lang='lat' dir='ltr'><strong>ipsa</strong></span> <span class='ocrx_word' id='word_1_383' title='bbox 2019 3965 2090 4018; x_wconf 92' lang='lat' dir='ltr'><strong>sit</strong></span> <span class='ocrx_word' id='word_1_384' title='bbox 2117 3963 2237 4018; x_wconf 86' lang='lat' dir='ltr'><strong>sub-</strong></span> 
     </span>
    </p>
   </div>
   <div class='ocr_carea' id='block_1_57' title="bbox 637 4051 2231 4123">
    <p class='ocr_par' dir='ltr' id='par_1_57' title="bbox 637 4051 2231 4123">
     <span class='ocr_line' id='line_1_57' title="bbox 637 4051 2231 4123; baseline 0.003 -16"><span class='ocrx_word' id='word_1_385' title='bbox 637 4051 784 4123; x_wconf 87' lang='lat' dir='ltr'><strong>jecta</strong></span> <span class='ocrx_word' id='word_1_386' title='bbox 806 4053 975 4107; x_wconf 90' lang='lat' dir='ltr'><strong>vitiis.</strong></span> <span class='ocrx_word' id='word_1_387' title='bbox 1016 4053 1157 4121; x_wconf 83' lang='lat' dir='ltr'><strong>Quid</strong></span> <span class='ocrx_word' id='word_1_388' title='bbox 1184 4056 1407 4123; x_wconf 84' lang='lat' dir='ltr'><strong>prodest</strong></span> <span class='ocrx_word' id='word_1_389' title='bbox 1427 4063 1674 4109; x_wconf 91' lang='lat' dir='ltr'><strong>ventrem</strong></span> <span class='ocrx_word' id='word_1_390' title='bbox 1703 4056 1773 4111; x_wconf 92' lang='lat' dir='ltr'><strong>ab</strong></span> <span class='ocrx_word' id='word_1_391' title='bbox 1797 4056 1941 4111; x_wconf 90' lang='lat' dir='ltr'><strong>escis</strong></span> <span class='ocrx_word' id='word_1_392' title='bbox 1964 4070 2231 4120; x_wconf 88' lang='lat' dir='ltr'><strong>resecare,</strong></span> 
     </span>
    </p>
   </div>
   <div class='ocr_carea' id='block_1_58' title="bbox 644 4143 2233 4213">
    <p class='ocr_par' dir='ltr' id='par_1_58' title="bbox 644 4143 2233 4213">
     <span class='ocr_line' id='line_1_58' title="bbox 644 4143 2233 4213; baseline 0.001 -16"><span class='ocrx_word' id='word_1_393' title='bbox 644 4150 701 4197; x_wconf 91' lang='lat' dir='ltr'><strong>et</strong></span> <span class='ocrx_word' id='word_1_394' title='bbox 730 4143 965 4198; x_wconf 82' lang='lat' dir='ltr'><strong>animam</strong></span> <span class='ocrx_word' id='word_1_395' title='bbox 988 4144 1334 4213; x_wconf 89' lang='lat' dir='ltr'><strong>passionibus</strong></span> <span class='ocrx_word' id='word_1_396' title='bbox 1359 4144 1589 4199; x_wconf 90' lang='lat' dir='ltr'><strong>obruere</strong></span> <span class='ocrx_word' id='word_1_397' title='bbox 1619 4145 1631 4198; x_wconf 89' lang='lat'><strong>!</strong></span> <span class='ocrx_word' id='word_1_398' title='bbox 1666 4144 1750 4199; x_wconf 92' lang='lat' dir='ltr'><strong>vel</strong></span> <span class='ocrx_word' id='word_1_399' title='bbox 1778 4144 1959 4200; x_wconf 87' lang='lat' dir='ltr'><strong>carnis</strong></span> <span class='ocrx_word' id='word_1_400' title='bbox 1993 4159 2233 4200; x_wconf 87' lang='lat' dir='ltr'><strong>amorem</strong></span> 
     </span>
    </p>
   </div>
   <div class='ocr_carea' id='block_1_59' title="bbox 646 4234 2240 4302">
    <p class='ocr_par' dir='ltr' id='par_1_59' title="bbox 646 4234 2240 4302">
     <span class='ocr_line' id='line_1_59' title="bbox 646 4234 2240 4302; baseline 0.003 -14"><span class='ocrx_word' id='word_1_401' title='bbox 646 4234 886 4302; x_wconf 90' lang='lat' dir='ltr'><strong>vincere,</strong></span> <span class='ocrx_word' id='word_1_402' title='bbox 910 4244 965 4292; x_wconf 90' lang='lat' dir='ltr'><strong>et</strong></span> <span class='ocrx_word' id='word_1_403' title='bbox 994 4237 1048 4292; x_wconf 94' lang='lat' dir='ltr'><strong>in</strong></span> <span class='ocrx_word' id='word_1_404' title='bbox 1081 4238 1247 4293; x_wconf 89' lang='lat' dir='ltr'><strong>corde</strong></span> <span class='ocrx_word' id='word_1_405' title='bbox 1278 4236 1466 4293; x_wconf 89' lang='lat' dir='ltr'><strong>livoris</strong></span> <span class='ocrx_word' id='word_1_406' title='bbox 1492 4237 1741 4292; x_wconf 90' lang='lat' dir='ltr'><strong>stimulos</strong></span> <span class='ocrx_word' id='word_1_407' title='bbox 1766 4237 2067 4292; x_wconf 90' lang='lat' dir='ltr'><strong>machinari</strong></span> <span class='ocrx_word' id='word_1_408' title='bbox 2091 4239 2103 4291; x_wconf 91' lang='lat'><strong>!</strong></span> <span class='ocrx_word' id='word_1_409' title='bbox 2138 4239 2240 4295; x_wconf 80' lang='lat' dir='ltr'><strong>Ve-</strong></span> 
     </span>
    </p>
   </div>
   <div class='ocr_carea' id='block_1_60' title="bbox 645 4329 2236 4400">
    <p class='ocr_par' dir='ltr' id='par_1_60' title="bbox 645 4329 2236 4400">
     <span class='ocr_line' id='line_1_60' title="bbox 645 4329 2236 4400; baseline 0.002 -17"><span class='ocrx_word' id='word_1_410' title='bbox 645 4344 739 4383; x_wconf 91' lang='lat' dir='ltr'><strong>rus</strong></span> <span class='ocrx_word' id='word_1_411' title='bbox 761 4329 906 4384; x_wconf 89' lang='lat' dir='ltr'><strong>enim</strong></span> <span class='ocrx_word' id='word_1_412' title='bbox 945 4330 1231 4385; x_wconf 88' lang='lat' dir='ltr'><strong>continens</strong></span> <span class='ocrx_word' id='word_1_413' title='bbox 1258 4340 1369 4384; x_wconf 89' lang='lat' dir='ltr'><strong>tam</strong></span> <span class='ocrx_word' id='word_1_414' title='bbox 1414 4344 1444 4384; x_wconf 90' lang='lat' dir='ltr'><strong>a</strong></span> <span class='ocrx_word' id='word_1_415' title='bbox 1491 4330 1737 4399; x_wconf 91' lang='lat' dir='ltr'><strong>corporis</strong></span> <span class='ocrx_word' id='word_1_416' title='bbox 1767 4345 1930 4400; x_wconf 91' lang='lat' dir='ltr'><strong>quam</strong></span> <span class='ocrx_word' id='word_1_417' title='bbox 1962 4329 2157 4386; x_wconf 70' lang='lat' dir='ltr'><strong>anima:</strong></span> <span class='ocrx_word' id='word_1_418' title='bbox 2177 4345 2236 4386; x_wconf 91' lang='lat' dir='ltr'><strong>se</strong></span> 
     </span>
    </p>
   </div>
   <div class='ocr_carea' id='block_1_61' title="bbox 642 4420 2236 4493">
    <p class='ocr_par' dir='ltr' id='par_1_61' title="bbox 642 4420 2236 4493">
     <span class='ocr_line' id='line_1_61' title="bbox 642 4420 2236 4493; baseline -0.001 -16"><span class='ocrx_word' id='word_1_419' title='bbox 642 4420 988 4491; x_wconf 86' lang='lat' dir='ltr'><strong>passionibus</strong></span> <span class='ocrx_word' id='word_1_420' title='bbox 1027 4422 1283 4488; x_wconf 86' lang='lat' dir='ltr'><strong>abstinet,</strong></span> <span class='ocrx_word' id='word_1_421' title='bbox 1331 4422 1457 4491; x_wconf 90' lang='lat' dir='ltr'><strong>quia</strong></span> <span class='ocrx_word' id='word_1_422' title='bbox 1505 4422 1561 4477; x_wconf 91' lang='lat' dir='ltr'><strong>in</strong></span> <span class='ocrx_word' id='word_1_423' title='bbox 1592 4424 1874 4493; x_wconf 91' lang='lat' dir='ltr'><strong>utriusque</strong></span> <span class='ocrx_word' id='word_1_424' title='bbox 1918 4421 2236 4478; x_wconf 89' lang='lat' dir='ltr'><strong>substantiis</strong></span> 
     </span>
    </p>
   </div>
   <div class='ocr_carea' id='block_1_62' title="bbox 644 4512 2237 4586">
    <p class='ocr_par' dir='ltr' id='par_1_62' title="bbox 644 4512 2237 4586">
     <span class='ocr_line' id='line_1_62' title="bbox 644 4512 2237 4586; baseline -0.003 -16"><span class='ocrx_word' id='word_1_425' title='bbox 644 4516 809 4570; x_wconf 90' lang='lat' dir='ltr'><strong>homo</strong></span> <span class='ocrx_word' id='word_1_426' title='bbox 836 4524 1089 4569; x_wconf 88' lang='lat' dir='ltr'><strong>constare</strong></span> <span class='ocrx_word' id='word_1_427' title='bbox 1112 4514 1344 4569; x_wconf 91' lang='lat' dir='ltr'><strong>videtur.</strong></span> <span class='ocrx_word' id='word_1_428' title='bbox 1410 4512 1571 4569; x_wconf 80' lang='lat' dir='ltr'><strong>Nulla</strong></span> <span class='ocrx_word' id='word_1_429' title='bbox 1590 4524 1675 4571; x_wconf 90' lang='lat' dir='ltr'><strong>est</strong></span> <span class='ocrx_word' id='word_1_430' title='bbox 1712 4516 1856 4571; x_wconf 87' lang='lat' dir='ltr'><strong>enim</strong></span> <span class='ocrx_word' id='word_1_431' title='bbox 1901 4514 2161 4586; x_wconf 80' lang='lat' dir='ltr'><strong>perfectio</strong></span> <span class='ocrx_word' id='word_1_432' title='bbox 2181 4513 2237 4567; x_wconf 92' lang='lat' dir='ltr'><strong>in</strong></span> 
     </span>
    </p>
   </div>
   <div class='ocr_carea' id='block_1_63' title="bbox 2334 1931 3749 2013">
    <p class='ocr_par' dir='ltr' id='par_1_63' title="bbox 2334 1931 3749 2013">
     <span class='ocr_line' id='line_1_63' title="bbox 2334 1931 3749 2013; baseline -0.004 -18"><span class='ocrx_word' id='word_1_433' title='bbox 2334 1941 2633 2010; x_wconf 78' lang='lat' dir='ltr'><strong>przebeant.</strong></span> <span class='ocrx_word' id='word_1_434' title='bbox 2706 1940 2790 1995; x_wconf 79' lang='lat' dir='ltr'><strong>Ab</strong></span> <span class='ocrx_word' id='word_1_435' title='bbox 2858 1931 3008 1996; x_wconf 87' lang='lat' dir='ltr'><strong>omni</strong></span> <span class='ocrx_word' id='word_1_436' title='bbox 3052 1942 3353 2012; x_wconf 80' lang='lat' dir='ltr'><strong>vaniloquio</strong></span> <span class='ocrx_word' id='word_1_437' title='bbox 3393 1951 3589 2013; x_wconf 81' lang='lat' dir='ltr'><strong>tempera</strong></span> <span class='ocrx_word' id='word_1_438' title='bbox 3619 1941 3749 2010; x_wconf 73' lang='lat' dir='ltr'><strong>linguam</strong></span> 
     </span>
    </p>
   </div>
   <div class='ocr_carea' id='block_1_64' title="bbox 2334 2032 3749 2102">
    <p class='ocr_par' dir='ltr' id='par_1_64' title="bbox 2334 2032 3749 2102">
     <span class='ocr_line' id='line_1_64' title="bbox 2334 2032 3749 2102; baseline -0.001 -17"><span class='ocrx_word' id='word_1_439' title='bbox 2334 2039 2513 2098; x_wconf 85' lang='lat' dir='ltr'><strong>tuam;</strong></span> <span class='ocrx_word' id='word_1_440' title='bbox 2545 2048 2614 2087; x_wconf 90' lang='lat' dir='ltr'><strong>ne</strong></span> <span class='ocrx_word' id='word_1_441' title='bbox 2635 2032 2852 2102; x_wconf 89' lang='lat' dir='ltr'><strong>quando</strong></span> <span class='ocrx_word' id='word_1_442' title='bbox 2872 2035 2964 2102; x_wconf 91' lang='lat' dir='ltr'><strong>qui</strong></span> <span class='ocrx_word' id='word_1_443' title='bbox 2994 2034 3223 2090; x_wconf 90' lang='lat' dir='ltr'><strong>audiunt</strong></span> <span class='ocrx_word' id='word_1_444' title='bbox 3265 2035 3588 2088; x_wconf 86' lang='lat' dir='ltr'><strong>horrescentes</strong></span> <span class='ocrx_word' id='word_1_445' title='bbox 3607 2033 3749 2086; x_wconf 70' lang='lat' dir='ltr'><strong>obturat</strong></span> 
     </span>
    </p>
   </div>
   <div class='ocr_carea' id='block_1_65' title="bbox 2333 2118 3750 2189">
    <p class='ocr_par' dir='ltr' id='par_1_65' title="bbox 2333 2118 3750 2189">
     <span class='ocr_line' id='line_1_65' title="bbox 2333 2118 3750 2189; baseline 0 -13"><span class='ocrx_word' id='word_1_446' title='bbox 2333 2138 2494 2178; x_wconf 89' lang='lat' dir='ltr'><strong>aures</strong></span> <span class='ocrx_word' id='word_1_447' title='bbox 2518 2138 2663 2189; x_wconf 91' lang='lat' dir='ltr'><strong>suas,</strong></span> <span class='ocrx_word' id='word_1_448' title='bbox 2713 2131 2768 2179; x_wconf 91' lang='lat' dir='ltr'><strong>et</strong></span> <span class='ocrx_word' id='word_1_449' title='bbox 2796 2125 2868 2179; x_wconf 90' lang='lat' dir='ltr'><strong>sit</strong></span> <span class='ocrx_word' id='word_1_450' title='bbox 2900 2126 2996 2180; x_wconf 92' lang='lat' dir='ltr'><strong>tibi</strong></span> <span class='ocrx_word' id='word_1_451' title='bbox 3023 2125 3269 2181; x_wconf 82' lang='lat' dir='ltr'><strong>confusio</strong></span> <span class='ocrx_word' id='word_1_452' title='bbox 3298 2141 3466 2181; x_wconf 87' lang='lat' dir='ltr'><strong>coram</strong></span> <span class='ocrx_word' id='word_1_453' title='bbox 3503 2123 3689 2178; x_wconf 84' lang='lat' dir='ltr'><strong>omnibus.</strong></span> <span class='ocrx_word' id='word_1_454' title='bbox 3714 2118 3750 2171; x_wconf 76' lang='lat' dir='ltr'><strong>De</strong></span> 
     </span>
    </p>
   </div>
   <div class='ocr_carea' id='block_1_66' title="bbox 2334 2210 3749 2287">
    <p class='ocr_par' dir='ltr' id='par_1_66' title="bbox 2334 2210 3749 2287">
     <span class='ocr_line' id='line_1_66' title="bbox 2334 2210 3749 2287; baseline -0.005 -18"><span class='ocrx_word' id='word_1_455' title='bbox 2334 2215 2532 2284; x_wconf 88' lang='lat' dir='ltr'><strong>quibus</strong></span> <span class='ocrx_word' id='word_1_456' title='bbox 2554 2214 2861 2271; x_wconf 86' lang='lat' dir='ltr'><strong>molestiam</strong></span> <span class='ocrx_word' id='word_1_457' title='bbox 2890 2233 2999 2271; x_wconf 91' lang='lat' dir='ltr'><strong>non</strong></span> <span class='ocrx_word' id='word_1_458' title='bbox 3028 2218 3254 2287; x_wconf 89' lang='lat' dir='ltr'><strong>pateris,</strong></span> <span class='ocrx_word' id='word_1_459' title='bbox 3283 2216 3387 2271; x_wconf 91' lang='lat' dir='ltr'><strong>noli</strong></span> <span class='ocrx_word' id='word_1_460' title='bbox 3422 2215 3669 2272; x_wconf 86' lang='lat' dir='ltr'><strong>contendere</strong></span> <span class='ocrx_word' id='word_1_461' title='bbox 3683 2210 3749 2263; x_wconf 76' lang='lat' dir='ltr'><strong>acri-</strong></span> 
     </span>
    </p>
   </div>
   <div class='ocr_carea' id='block_1_67' title="bbox 2334 2308 3751 2384">
    <p class='ocr_par' dir='ltr' id='par_1_67' title="bbox 2334 2308 3751 2384">
     <span class='ocr_line' id='line_1_67' title="bbox 2334 2308 3751 2384; baseline -0.001 -21"><span class='ocrx_word' id='word_1_462' title='bbox 2334 2318 2441 2376; x_wconf 91' lang='lat' dir='ltr'><strong>ter,</strong></span> <span class='ocrx_word' id='word_1_463' title='bbox 2472 2327 2571 2366; x_wconf 88' lang='lat' dir='ltr'><strong>nec</strong></span> <span class='ocrx_word' id='word_1_464' title='bbox 2618 2310 2898 2367; x_wconf 90' lang='lat' dir='ltr'><strong>insuescas</strong></span> <span class='ocrx_word' id='word_1_465' title='bbox 2930 2313 3308 2368; x_wconf 81' lang='lat' dir='ltr'><strong>consuetudini</strong></span> <span class='ocrx_word' id='word_1_466' title='bbox 3334 2313 3565 2384; x_wconf 65' lang='lat' dir='ltr'><strong>pessima,</strong></span> <span class='ocrx_word' id='word_1_467' title='bbox 3598 2308 3751 2379; x_wconf 68' lang='lat' dir='ltr'><strong>quinm</strong></span> 
     </span>
    </p>
   </div>
   <div class='ocr_carea' id='block_1_68' title="bbox 2334 2402 3750 2477">
    <p class='ocr_par' dir='ltr' id='par_1_68' title="bbox 2334 2402 3750 2477">
     <span class='ocr_line' id='line_1_68' title="bbox 2334 2402 3750 2477; baseline -0.002 -21"><span class='ocrx_word' id='word_1_468' title='bbox 2334 2402 2428 2472; x_wconf 88' lang='lat' dir='ltr'><strong>qui</strong></span> <span class='ocrx_word' id='word_1_469' title='bbox 2477 2402 2636 2474; x_wconf 88' lang='lat' dir='ltr'><strong>longe</strong></span> <span class='ocrx_word' id='word_1_470' title='bbox 2666 2421 2767 2459; x_wconf 91' lang='lat' dir='ltr'><strong>usu</strong></span> <span class='ocrx_word' id='word_1_471' title='bbox 2798 2405 2961 2461; x_wconf 86' lang='lat' dir='ltr'><strong>fuerit</strong></span> <span class='ocrx_word' id='word_1_472' title='bbox 2993 2408 3365 2475; x_wconf 89' lang='lat' dir='ltr'><strong>conﬁrmatus,</strong></span> <span class='ocrx_word' id='word_1_473' title='bbox 3391 2423 3486 2463; x_wconf 91' lang='lat' dir='ltr'><strong>non</strong></span> <span class='ocrx_word' id='word_1_474' title='bbox 3513 2419 3635 2477; x_wconf 68' lang='lat' dir='ltr'><strong>parto</strong></span> <span class='ocrx_word' id='word_1_475' title='bbox 3654 2402 3750 2454; x_wconf 77' lang='lat' dir='ltr'><strong>labore</strong></span> 
     </span>
    </p>
   </div>
   <div class='ocr_carea' id='block_1_69' title="bbox 2332 2496 2555 2552">
    <p class='ocr_par' dir='ltr' id='par_1_69' title="bbox 2332 2496 2555 2552">
     <span class='ocr_line' id='line_1_69' title="bbox 2332 2496 2555 2552; baseline 0.009 -2"><span class='ocrx_word' id='word_1_476' title='bbox 2332 2496 2555 2552; x_wconf 81' lang='lat' dir='ltr'><strong>vitatur.</strong></span> 
     </span>
    </p>
   </div>
   <div class='ocr_carea' id='block_1_70' title="bbox 2905 2591 3348 2650">
    <p class='ocr_par' dir='ltr' id='par_1_70' title="bbox 2905 2591 3348 2650">
     <span class='ocr_line' id='line_1_70' title="bbox 2905 2591 3348 2650; baseline 0 -4"><span class='ocrx_word' id='word_1_477' title='bbox 2905 2591 3138 2650; x_wconf 77' lang='lat' dir='ltr'><strong>CAPUT</strong></span> <span class='ocrx_word' id='word_1_478' title='bbox 3189 2591 3348 2647; x_wconf 79' lang='lat' dir='ltr'><strong>XVII.</strong></span> 
     </span>
    </p>
   </div>
   <div class='ocr_carea' id='block_1_71' title="bbox 2756 2674 3491 2756">
    <p class='ocr_par' dir='ltr' id='par_1_71' title="bbox 2756 2674 3491 2756">
     <span class='ocr_line' id='line_1_71' title="bbox 2756 2674 3491 2756; baseline 0.008 -20"><span class='ocrx_word' id='word_1_479' title='bbox 2756 2682 2835 2737; x_wconf 82' lang='lat' dir='ltr'><strong>De</strong></span> <span class='ocrx_word' id='word_1_480' title='bbox 2861 2700 2993 2737; x_wconf 80' lang='lat' dir='ltr'><strong>vano</strong></span> <span class='ocrx_word' id='word_1_481' title='bbox 3017 2686 3215 2755; x_wconf 78' lang='lat' dir='ltr'><strong>gaudio</strong></span> <span class='ocrx_word' id='word_1_482' title='bbox 3245 2674 3491 2756; x_wconf 77' lang='lat' dir='ltr'><strong>fugiendo.</strong></span> 
     </span>
    </p>
   </div>
   <div class='ocr_carea' id='block_1_72' title="bbox 2405 2770 3753 2847">
    <p class='ocr_par' dir='ltr' id='par_1_72' title="bbox 2405 2770 3753 2847">
     <span class='ocr_line' id='line_1_72' title="bbox 2405 2770 3753 2847; baseline -0.004 -22"><span class='ocrx_word' id='word_1_483' title='bbox 2405 2770 2821 2829; x_wconf 45' lang='lat' dir='ltr'><strong>Noli’dissolutis</strong></span> <span class='ocrx_word' id='word_1_484' title='bbox 2847 2775 3004 2832; x_wconf 89' lang='lat' dir='ltr'><strong>labiis</strong></span> <span class='ocrx_word' id='word_1_485' title='bbox 3028 2778 3200 2833; x_wconf 86' lang='lat' dir='ltr'><strong>risum</strong></span> <span class='ocrx_word' id='word_1_486' title='bbox 3212 2776 3470 2847; x_wconf 90' lang='lat' dir='ltr'><strong>proferre:</strong></span> <span class='ocrx_word' id='word_1_487' title='bbox 3495 2770 3662 2828; x_wconf 82' lang='lat' dir='ltr'><strong>amentia</strong></span> <span class='ocrx_word' id='word_1_488' title='bbox 3675 2780 3753 2819; x_wconf 76' lang='lat' dir='ltr'><strong>nm-</strong></span> 
     </span>
    </p>
   </div>
   <div class='ocr_carea' id='block_1_73' title="bbox 2336 2863 3753 2937">
    <p class='ocr_par' dir='ltr' id='par_1_73' title="bbox 2336 2863 3753 2937">
     <span class='ocr_line' id='line_1_73' title="bbox 2336 2863 3753 2937; baseline -0.004 -19"><span class='ocrx_word' id='word_1_489' title='bbox 2336 2876 2443 2933; x_wconf 87' lang='lat' dir='ltr'><strong>que</strong></span> <span class='ocrx_word' id='word_1_490' title='bbox 2467 2871 2553 2918; x_wconf 88' lang='lat' dir='ltr'><strong>est</strong></span> <span class='ocrx_word' id='word_1_491' title='bbox 2576 2878 2702 2919; x_wconf 90' lang='lat' dir='ltr'><strong>cum</strong></span> <span class='ocrx_word' id='word_1_492' title='bbox 2730 2867 2958 2937; x_wconf 87' lang='lat' dir='ltr'><strong>strepitu</strong></span> <span class='ocrx_word' id='word_1_493' title='bbox 2987 2868 3193 2935; x_wconf 85' lang='lat' dir='ltr'><strong>ridere,</strong></span> <span class='ocrx_word' id='word_1_494' title='bbox 3212 2868 3305 2923; x_wconf 88' lang='lat' dir='ltr'><strong>sed</strong></span> <span class='ocrx_word' id='word_1_495' title='bbox 3330 2863 3604 2925; x_wconf 87' lang='lat' dir='ltr'><strong>subridendo</strong></span> <span class='ocrx_word' id='word_1_496' title='bbox 3625 2865 3753 2913; x_wconf 73' lang='lat' dir='ltr'><strong>tantun-</strong></span> 
     </span>
    </p>
   </div>
   <div class='ocr_carea' id='block_1_74' title="bbox 2335 2952 3754 3015">
    <p class='ocr_par' dir='ltr' id='par_1_74' title="bbox 2335 2952 3754 3015">
     <span class='ocr_line' id='line_1_74' title="bbox 2335 2952 3754 3015; baseline 0.006 -8"><span class='ocrx_word' id='word_1_497' title='bbox 2335 2954 2497 3009; x_wconf 79' lang='grc' dir='ltr'><strong>ωοᾶο</strong></span> <span class='ocrx_word' id='word_1_498' title='bbox 2546 2955 2746 3010; x_wconf 88' lang='lat' dir='ltr'><strong>mentis</strong></span> <span class='ocrx_word' id='word_1_499' title='bbox 2784 2956 3031 3012; x_wconf 75' lang='lat' dir='ltr'><strong>laetitiam</strong></span> <span class='ocrx_word' id='word_1_500' title='bbox 3080 2958 3279 3014; x_wconf 86' lang='lat' dir='ltr'><strong>indica.</strong></span> <span class='ocrx_word' id='word_1_501' title='bbox 3339 2956 3439 3012; x_wconf 86' lang='lat' dir='ltr'><strong>Nec</strong></span> <span class='ocrx_word' id='word_1_502' title='bbox 3463 2956 3506 3010; x_wconf 91' lang='lat' dir='ltr'><strong>in</strong></span> <span class='ocrx_word' id='word_1_503' title='bbox 3528 2952 3677 3008; x_wconf 81' lang='lat' dir='ltr'><strong>modum</strong></span> <span class='ocrx_word' id='word_1_504' title='bbox 3695 2958 3754 3015; x_wconf 69' lang='lat' dir='ltr'><strong>W‘</strong></span> 
     </span>
    </p>
   </div>
   <div class='ocr_carea' id='block_1_75' title="bbox 2334 3031 3756 3120">
    <p class='ocr_par' dir='ltr' id='par_1_75' title="bbox 2334 3031 3756 3120">
     <span class='ocr_line' id='line_1_75' title="bbox 2334 3031 3756 3120; baseline 0.009 -23"><span class='ocrx_word' id='word_1_505' title='bbox 2334 3044 2447 3099; x_wconf 91' lang='lat' dir='ltr'><strong>vuli</strong></span> <span class='ocrx_word' id='word_1_506' title='bbox 2474 3042 2651 3113; x_wconf 89' lang='lat' dir='ltr'><strong>jocari</strong></span> <span class='ocrx_word' id='word_1_507' title='bbox 2675 3046 2808 3102; x_wconf 90' lang='lat' dir='ltr'><strong>velis</strong></span> <span class='ocrx_word' id='word_1_508' title='bbox 2831 3048 3072 3115; x_wconf 89' lang='lat' dir='ltr'><strong>assidue,</strong></span> <span class='ocrx_word' id='word_1_509' title='bbox 3102 3050 3231 3120; x_wconf 88' lang='lat' dir='ltr'><strong>quia</strong></span> <span class='ocrx_word' id='word_1_510' title='bbox 3255 3064 3359 3105; x_wconf 92' lang='lat' dir='ltr'><strong>non</strong></span> <span class='ocrx_word' id='word_1_511' title='bbox 3384 3043 3637 3104; x_wconf 78' lang='lat' dir='ltr'><strong>convenitei</strong></span> <span class='ocrx_word' id='word_1_512' title='bbox 3655 3031 3756 3109; x_wconf 59' lang='lat' dir='ltr'><strong>qui“</strong></span> 
     </span>
    </p>
   </div>
   <div class='ocr_carea' id='block_1_76' title="bbox 2333 3125 3757 3211">
    <p class='ocr_par' dir='ltr' id='par_1_76' title="bbox 2333 3125 3757 3211">
     <span class='ocr_line' id='line_1_76' title="bbox 2333 3125 3757 3211; baseline -0.004 -21"><span class='ocrx_word' id='word_1_513' title='bbox 2333 3134 2725 3206; x_wconf 86' lang='lat' dir='ltr'><strong>perfectionem</strong></span> <span class='ocrx_word' id='word_1_514' title='bbox 2774 3139 2968 3194; x_wconf 82' lang='lat' dir='ltr'><strong>nititur</strong></span> <span class='ocrx_word' id='word_1_515' title='bbox 3009 3138 3183 3208; x_wconf 81' lang='lat' dir='ltr'><strong>iocari</strong></span> <span class='ocrx_word' id='word_1_516' title='bbox 3233 3150 3293 3196; x_wconf 89' lang='lat' dir='ltr'><strong>ut</strong></span> <span class='ocrx_word' id='word_1_517' title='bbox 3337 3138 3570 3211; x_wconf 86' lang='lat' dir='ltr'><strong>parvulus.</strong></span> <span class='ocrx_word' id='word_1_518' title='bbox 3624 3130 3702 3184; x_wconf 79' lang='lat' dir='ltr'><strong>Esto</strong></span> <span class='ocrx_word' id='word_1_519' title='bbox 3730 3125 3757 3175; x_wconf 77' lang='lat' dir='ltr'><strong>il</strong></span> 
     </span>
    </p>
   </div>
   <div class='ocr_carea' id='block_1_77' title="bbox 2261 3216 3757 3304">
    <p class='ocr_par' dir='ltr' id='par_1_77' title="bbox 2261 3216 3757 3304">
     <span class='ocr_line' id='line_1_77' title="bbox 2261 3216 3757 3304; baseline 0.004 -23"><span class='ocrx_word' id='word_1_520' title='bbox 2261 3228 2308 3291; x_wconf 88' lang='lat' dir='ltr'><strong>C</strong></span> <span class='ocrx_word' id='word_1_521' title='bbox 2339 3227 2545 3284; x_wconf 89' lang='lat' dir='ltr'><strong>malitia</strong></span> <span class='ocrx_word' id='word_1_522' title='bbox 2572 3231 2853 3299; x_wconf 91' lang='lat' dir='ltr'><strong>parvulus,</strong></span> <span class='ocrx_word' id='word_1_523' title='bbox 2886 3241 2941 3287; x_wconf 92' lang='lat' dir='ltr'><strong>et</strong></span> <span class='ocrx_word' id='word_1_524' title='bbox 2974 3234 3062 3288; x_wconf 88' lang='lat' dir='ltr'><strong>vir</strong></span> <span class='ocrx_word' id='word_1_525' title='bbox 3084 3234 3359 3304; x_wconf 85' lang='lat' dir='ltr'><strong>perfectus</strong></span> <span class='ocrx_word' id='word_1_526' title='bbox 3384 3234 3433 3288; x_wconf 92' lang='lat' dir='ltr'><strong>in</strong></span> <span class='ocrx_word' id='word_1_527' title='bbox 3457 3243 3596 3287; x_wconf 86' lang='lat' dir='ltr'><strong>sensu.</strong></span> <span class='ocrx_word' id='word_1_528' title='bbox 3642 3224 3677 3277; x_wconf 87' lang='lat' dir='ltr'><strong>In</strong></span> <span class='ocrx_word' id='word_1_529' title='bbox 3693 3216 3757 3287; x_wconf 63' lang='grc' dir='ltr'><strong>φῖ·</strong></span> 
     </span>
    </p>
   </div>
   <div class='ocr_carea' id='block_1_78' title="bbox 2334 3309 3762 3395">
    <p class='ocr_par' dir='ltr' id='par_1_78' title="bbox 2334 3309 3762 3395">
     <span class='ocr_line' id='line_1_78' title="bbox 2334 3309 3762 3395; baseline -0.004 -21"><span class='ocrx_word' id='word_1_530' title='bbox 2334 3320 2564 3375; x_wconf 90' lang='lat' dir='ltr'><strong>busdam</strong></span> <span class='ocrx_word' id='word_1_531' title='bbox 2596 3329 2646 3376; x_wconf 92' lang='lat' dir='ltr'><strong>te</strong></span> <span class='ocrx_word' id='word_1_532' title='bbox 2674 3323 2871 3379; x_wconf 80' lang='lat' dir='ltr'><strong>exhibe</strong></span> <span class='ocrx_word' id='word_1_533' title='bbox 2904 3340 3115 3392; x_wconf 89' lang='lat' dir='ltr'><strong>senem,</strong></span> <span class='ocrx_word' id='word_1_534' title='bbox 3146 3334 3204 3381; x_wconf 90' lang='lat' dir='ltr'><strong>et</strong></span> <span class='ocrx_word' id='word_1_535' title='bbox 3233 3327 3288 3381; x_wconf 92' lang='lat' dir='ltr'><strong>in</strong></span> <span class='ocrx_word' id='word_1_536' title='bbox 3310 3309 3762 3395; x_wconf 64' lang='lat' dir='ltr'><strong>quibusdaintecﬂnl!e</strong></span> 
     </span>
    </p>
   </div>
   <div class='ocr_carea' id='block_1_79' title="bbox 2334 3400 3761 3486">
    <p class='ocr_par' dir='ltr' id='par_1_79' title="bbox 2334 3400 3761 3486">
     <span class='ocr_line' id='line_1_79' title="bbox 2334 3400 3761 3486; baseline -0.008 -22"><span class='ocrx_word' id='word_1_537' title='bbox 2334 3411 2641 3480; x_wconf 89' lang='lat' dir='ltr'><strong>parvulum.</strong></span> <span class='ocrx_word' id='word_1_538' title='bbox 2668 3411 2890 3468; x_wconf 90' lang='lat' dir='ltr'><strong>Parvuli</strong></span> <span class='ocrx_word' id='word_1_539' title='bbox 2914 3430 3157 3486; x_wconf 87' lang='lat' dir='ltr'><strong>namque</strong></span> <span class='ocrx_word' id='word_1_540' title='bbox 3186 3425 3272 3472; x_wconf 86' lang='lat' dir='ltr'><strong>est</strong></span> <span class='ocrx_word' id='word_1_541' title='bbox 3299 3414 3492 3477; x_wconf 89' lang='lat' dir='ltr'><strong>ludere,</strong></span> <span class='ocrx_word' id='word_1_542' title='bbox 3516 3400 3662 3479; x_wconf 78' lang='lat' dir='ltr'><strong>perfecti</strong></span> <span class='ocrx_word' id='word_1_543' title='bbox 3681 3407 3761 3449; x_wconf 69' lang='lat' dir='ltr'><strong>vero</strong></span> 
     </span>
    </p>
   </div>
   <div class='ocr_carea' id='block_1_80' title="bbox 2334 3492 3829 3583">
    <p class='ocr_par' dir='ltr' id='par_1_80' title="bbox 2334 3492 3829 3583">
     <span class='ocr_line' id='line_1_80' title="bbox 2334 3492 3829 3583; baseline -0.001 -30"><span class='ocrx_word' id='word_1_544' title='bbox 2334 3500 2443 3554; x_wconf 89' lang='lat' dir='ltr'><strong>viri</strong></span> <span class='ocrx_word' id='word_1_545' title='bbox 2487 3501 2704 3583; x_wconf 82' lang='lat' dir='ltr'><strong>lugere;</strong></span> <span class='ocrx_word' id='word_1_546' title='bbox 2759 3504 3149 3575; x_wconf 71' lang='lat' dir='ltr'><strong>sed-prmsens</strong></span> <span class='ocrx_word' id='word_1_547' title='bbox 3202 3506 3379 3562; x_wconf 88' lang='lat' dir='ltr'><strong>luctus</strong></span> <span class='ocrx_word' id='word_1_548' title='bbox 3426 3500 3608 3557; x_wconf 66' lang='lat' dir='ltr'><strong>laetitiam</strong></span> <span class='ocrx_word' id='word_1_549' title='bbox 3631 3492 3762 3583; x_wconf 59' lang='lat' dir='ltr'><strong>Ml</strong></span> 
     </span>
    </p>
   </div>
   <div class='ocr_carea' id='block_1_81' title="bbox 2336 3581 3759 3662">
    <p class='ocr_par' dir='ltr' id='par_1_81' title="bbox 2336 3581 3759 3662">
     <span class='ocr_line' id='line_1_81' title="bbox 2336 3581 3759 3662; baseline -0.006 -15"><span class='ocrx_word' id='word_1_550' title='bbox 2336 3592 2756 3662; x_wconf 88' lang='lat' dir='ltr'><strong>sempiternam;</strong></span> <span class='ocrx_word' id='word_1_551' title='bbox 2806 3592 2967 3662; x_wconf 90' lang='lat' dir='ltr'><strong>jocus</strong></span> <span class='ocrx_word' id='word_1_552' title='bbox 3000 3607 3190 3652; x_wconf 89' lang='lat' dir='ltr'><strong>autem</strong></span> <span class='ocrx_word' id='word_1_553' title='bbox 3232 3594 3563 3652; x_wconf 87' lang='lat' dir='ltr'><strong>remissiorem</strong></span> <span class='ocrx_word' id='word_1_554' title='bbox 3583 3581 3759 3640; x_wconf 50' lang='lat' dir='ltr'><strong>edicit!”</strong></span> 
     </span>
    </p>
   </div>
   <div class='ocr_carea' id='block_1_82' title="bbox 2336 3666 3829 3759">
    <p class='ocr_par' dir='ltr' id='par_1_82' title="bbox 2336 3666 3829 3759">
     <span class='ocr_line' id='line_1_82' title="bbox 2336 3666 3829 3759; baseline -0.001 -24"><span class='ocrx_word' id='word_1_555' title='bbox 2336 3697 2504 3747; x_wconf 90' lang='lat' dir='ltr'><strong>mam,</strong></span> <span class='ocrx_word' id='word_1_556' title='bbox 2534 3690 2589 3737; x_wconf 90' lang='lat' dir='ltr'><strong>et</strong></span> <span class='ocrx_word' id='word_1_557' title='bbox 2618 3683 2979 3755; x_wconf 79' lang='lat' dir='ltr'><strong>negligentem</strong></span> <span class='ocrx_word' id='word_1_558' title='bbox 3010 3702 3142 3759; x_wconf 87' lang='lat' dir='ltr'><strong>erga</strong></span> <span class='ocrx_word' id='word_1_559' title='bbox 3170 3687 3267 3741; x_wconf 86' lang='lat' dir='ltr'><strong>Dei</strong></span> <span class='ocrx_word' id='word_1_560' title='bbox 3297 3666 3762 3756; x_wconf 52' lang='lat' dir='ltr'><strong>praeceptam“)dim</strong></span> <span class='ocrx_word' id='word_1_561' title='bbox 3828 3718 3829 3759; x_wconf 26' lang='grc' dir='ltr'><strong>ἦ</strong></span> 
     </span>
    </p>
   </div>
   <div class='ocr_carea' id='block_1_83' title="bbox 2337 3765 3761 3845">
    <p class='ocr_par' dir='ltr' id='par_1_83' title="bbox 2337 3765 3761 3845">
     <span class='ocr_line' id='line_1_83' title="bbox 2337 3765 3761 3845; baseline -0.001 -17"><span class='ocrx_word' id='word_1_562' title='bbox 2337 3789 2430 3829; x_wconf 91' lang='lat' dir='ltr'><strong>sua</strong></span> <span class='ocrx_word' id='word_1_563' title='bbox 2455 3783 2634 3845; x_wconf 90' lang='lat' dir='ltr'><strong>potest</strong></span> <span class='ocrx_word' id='word_1_564' title='bbox 2661 3776 2730 3831; x_wconf 91' lang='lat' dir='ltr'><strong>ad</strong></span> <span class='ocrx_word' id='word_1_565' title='bbox 2759 3779 3082 3834; x_wconf 89' lang='lat' dir='ltr'><strong>memoriam</strong></span> <span class='ocrx_word' id='word_1_566' title='bbox 3107 3795 3367 3836; x_wconf 87' lang='lat' dir='ltr'><strong>revocare</strong></span> <span class='ocrx_word' id='word_1_567' title='bbox 3396 3795 3411 3845; x_wconf 92' lang='lat'><strong>;</strong></span> <span class='ocrx_word' id='word_1_568' title='bbox 3462 3773 3542 3830; x_wconf 85' lang='lat' dir='ltr'><strong>sed</strong></span> <span class='ocrx_word' id='word_1_569' title='bbox 3570 3765 3761 3823; x_wconf 54' lang='lat' dir='ltr'><strong>oblitis“as</strong></span> 
     </span>
    </p>
   </div>
   <div class='ocr_carea' id='block_1_84' title="bbox 2337 3850 3762 3944">
    <p class='ocr_par' dir='ltr' id='par_1_84' title="bbox 2337 3850 3762 3944">
     <span class='ocr_line' id='line_1_84' title="bbox 2337 3850 3762 3944; baseline 0.008 -23"><span class='ocrx_word' id='word_1_570' title='bbox 2337 3882 2402 3931; x_wconf 85' lang='lat' dir='ltr'><strong>ea</strong></span> <span class='ocrx_word' id='word_1_571' title='bbox 2433 3884 2539 3923; x_wconf 87' lang='lat' dir='ltr'><strong>non</strong></span> <span class='ocrx_word' id='word_1_572' title='bbox 2568 3884 2625 3923; x_wconf 90' lang='lat' dir='ltr'><strong>se</strong></span> <span class='ocrx_word' id='word_1_573' title='bbox 2675 3870 2900 3941; x_wconf 88' lang='lat' dir='ltr'><strong>instigat</strong></span> <span class='ocrx_word' id='word_1_574' title='bbox 2932 3872 2997 3927; x_wconf 91' lang='lat' dir='ltr'><strong>ad</strong></span> <span class='ocrx_word' id='word_1_575' title='bbox 3019 3874 3421 3942; x_wconf 71' lang='lat' dir='ltr'><strong>paenitentiam,</strong></span> <span class='ocrx_word' id='word_1_576' title='bbox 3462 3878 3509 3924; x_wconf 89' lang='lat' dir='ltr'><strong>et</strong></span> <span class='ocrx_word' id='word_1_577' title='bbox 3540 3867 3599 3921; x_wconf 82' lang='lat' dir='ltr'><strong>ita</strong></span> <span class='ocrx_word' id='word_1_578' title='bbox 3619 3850 3762 3944; x_wconf 38' lang='lat' dir='ltr'><strong>Ml“?</strong></span> 
     </span>
    </p>
   </div>
   <div class='ocr_carea' id='block_1_85' title="bbox 2337 3937 3761 4031">
    <p class='ocr_par' dir='ltr' id='par_1_85' title="bbox 2337 3937 3761 4031">
     <span class='ocr_line' id='line_1_85' title="bbox 2337 3937 3761 4031; baseline -0.005 -20"><span class='ocrx_word' id='word_1_579' title='bbox 2337 3958 2407 4013; x_wconf 90' lang='lat' dir='ltr'><strong>ab</strong></span> <span class='ocrx_word' id='word_1_580' title='bbox 2440 3960 2692 4015; x_wconf 73' lang='lat' dir='ltr'><strong>erunibus</strong></span> <span class='ocrx_word' id='word_1_581' title='bbox 2716 3937 2874 4016; x_wconf 68' lang='lat' dir='ltr'><strong>bonis</strong></span> <span class='ocrx_word' id='word_1_582' title='bbox 2897 3937 3232 4031; x_wconf 72' lang='lat' dir='ltr'><strong>privabitur.</strong></span> <span class='ocrx_word' id='word_1_583' title='bbox 3291 3937 3489 4016; x_wconf 86' lang='lat' dir='ltr'><strong>Nullum</strong></span> <span class='ocrx_word' id='word_1_584' title='bbox 3513 3954 3624 4009; x_wconf 89' lang='lat' dir='ltr'><strong>enim</strong></span> <span class='ocrx_word' id='word_1_585' title='bbox 3646 3937 3761 4001; x_wconf 52' lang='lat' dir='ltr'><strong>ham“</strong></span> 
     </span>
    </p>
   </div>
   <div class='ocr_carea' id='block_1_86' title="bbox 2337 4038 3760 4129">
    <p class='ocr_par' dir='ltr' id='par_1_86' title="bbox 2337 4038 3760 4129">
     <span class='ocr_line' id='line_1_86' title="bbox 2337 4038 3760 4129; baseline -0.002 -27"><span class='ocrx_word' id='word_1_586' title='bbox 2337 4062 2617 4103; x_wconf 88' lang='lat' dir='ltr'><strong>accessum</strong></span> <span class='ocrx_word' id='word_1_587' title='bbox 2645 4051 2828 4106; x_wconf 91' lang='lat' dir='ltr'><strong>cordis</strong></span> <span class='ocrx_word' id='word_1_588' title='bbox 2848 4055 3221 4121; x_wconf 86' lang='lat' dir='ltr'><strong>compunctio,</strong></span> <span class='ocrx_word' id='word_1_589' title='bbox 3237 4054 3328 4109; x_wconf 90' lang='lat' dir='ltr'><strong>ubi</strong></span> <span class='ocrx_word' id='word_1_590' title='bbox 3350 4049 3500 4106; x_wconf 89' lang='lat' dir='ltr'><strong>fuerit</strong></span> <span class='ocrx_word' id='word_1_591' title='bbox 3519 4038 3760 4129; x_wconf 54' lang='lat' dir='ltr'><strong>immodtﬂl‘f’</strong></span> 
     </span>
    </p>
   </div>
   <div class='ocr_carea' id='block_1_87' title="bbox 2336 4128 3762 4219">
    <p class='ocr_par' dir='ltr' id='par_1_87' title="bbox 2336 4128 3762 4219">
     <span class='ocr_line' id='line_1_87' title="bbox 2336 4128 3762 4219; baseline 0 -27"><span class='ocrx_word' id='word_1_592' title='bbox 2336 4138 2480 4193; x_wconf 91' lang='lat' dir='ltr'><strong>risus</strong></span> <span class='ocrx_word' id='word_1_593' title='bbox 2505 4154 2570 4195; x_wconf 91' lang='lat' dir='ltr'><strong>ac</strong></span> <span class='ocrx_word' id='word_1_594' title='bbox 2590 4138 2767 4208; x_wconf 86' lang='lat' dir='ltr'><strong>jocus.</strong></span> <span class='ocrx_word' id='word_1_595' title='bbox 2827 4142 2928 4198; x_wconf 90' lang='lat' dir='ltr'><strong>Ubi</strong></span> <span class='ocrx_word' id='word_1_596' title='bbox 2954 4158 3088 4201; x_wconf 90' lang='lat' dir='ltr'><strong>vero</strong></span> <span class='ocrx_word' id='word_1_597' title='bbox 3110 4144 3319 4199; x_wconf 90' lang='lat' dir='ltr'><strong>fuerint</strong></span> <span class='ocrx_word' id='word_1_598' title='bbox 3348 4142 3587 4212; x_wconf 66' lang='lat' dir='ltr'><strong>lacryme,</strong></span> <span class='ocrx_word' id='word_1_599' title='bbox 3612 4128 3663 4185; x_wconf 67' lang='lat' dir='ltr'><strong>illi</strong></span> 
     </span>
    </p>
   </div>
   <div class='ocr_carea' id='block_1_88' title="bbox 2336 4212 3766 4313">
    <p class='ocr_par' dir='ltr' id='par_1_88' title="bbox 2336 4212 3766 4313">
     <span class='ocr_line' id='line_1_88' title="bbox 2336 4212 3766 4313; baseline -0.008 -29"><span class='ocrx_word' id='word_1_600' title='bbox 2336 4229 2465 4286; x_wconf 85' lang='lat' dir='ltr'><strong>talis</strong></span> <span class='ocrx_word' id='word_1_601' title='bbox 2502 4232 2642 4303; x_wconf 87' lang='lat' dir='ltr'><strong>ignis</strong></span> <span class='ocrx_word' id='word_1_602' title='bbox 2667 4234 3004 4302; x_wconf 88' lang='lat' dir='ltr'><strong>accenditur,</strong></span> <span class='ocrx_word' id='word_1_603' title='bbox 3048 4237 3146 4307; x_wconf 88' lang='lat' dir='ltr'><strong>qui</strong></span> <span class='ocrx_word' id='word_1_604' title='bbox 3174 4242 3384 4291; x_wconf 85' lang='lat' dir='ltr'><strong>secreta</strong></span> <span class='ocrx_word' id='word_1_605' title='bbox 3416 4227 3587 4287; x_wconf 85' lang='lat' dir='ltr'><strong>mentis</strong></span> <span class='ocrx_word' id='word_1_606' title='bbox 3617 4212 3766 4313; x_wconf 53' lang='grc' dir='ltr'><strong>ίιιαωξυξ</strong></span> 
     </span>
    </p>
   </div>
   <div class='ocr_carea' id='block_1_89' title="bbox 2337 4309 3765 4407">
    <p class='ocr_par' dir='ltr' id='par_1_89' title="bbox 2337 4309 3765 4407">
     <span class='ocr_line' id='line_1_89' title="bbox 2337 4309 3765 4407; baseline 0.004 -28"><span class='ocrx_word' id='word_1_607' title='bbox 2337 4332 2393 4380; x_wconf 91' lang='lat' dir='ltr'><strong>et</strong></span> <span class='ocrx_word' id='word_1_608' title='bbox 2411 4326 2543 4379; x_wconf 90' lang='lat' dir='ltr'><strong>vitia</strong></span> <span class='ocrx_word' id='word_1_609' title='bbox 2582 4335 2777 4382; x_wconf 85' lang='lat' dir='ltr'><strong>cuncta</strong></span> <span class='ocrx_word' id='word_1_610' title='bbox 2800 4328 2999 4382; x_wconf 81' lang='lat' dir='ltr'><strong>exurit.</strong></span> <span class='ocrx_word' id='word_1_611' title='bbox 3037 4327 3197 4385; x_wconf 90' lang='lat' dir='ltr'><strong>Tunc</strong></span> <span class='ocrx_word' id='word_1_612' title='bbox 3222 4327 3471 4383; x_wconf 87' lang='lat' dir='ltr'><strong>aviditate</strong></span> <span class='ocrx_word' id='word_1_613' title='bbox 3499 4313 3659 4376; x_wconf 62' lang='lat' dir='ltr'><strong>cities“</strong></span> 
     </span>
    </p>
   </div>
   <div class='ocr_carea' id='block_1_90' title="bbox 2338 4389 3767 4489">
    <p class='ocr_par' dir='ltr' id='par_1_90' title="bbox 2338 4389 3767 4489">
     <span class='ocr_line' id='line_1_90' title="bbox 2338 4389 3767 4489; baseline -0.002 -21"><span class='ocrx_word' id='word_1_614' title='bbox 2338 4413 2599 4486; x_wconf 87' lang='lat' dir='ltr'><strong>flagrans,</strong></span> <span class='ocrx_word' id='word_1_615' title='bbox 2632 4415 2839 4473; x_wconf 85' lang='lat' dir='ltr'><strong>Christi</strong></span> <span class='ocrx_word' id='word_1_616' title='bbox 2894 4418 3068 4473; x_wconf 91' lang='lat' dir='ltr'><strong>amori</strong></span> <span class='ocrx_word' id='word_1_617' title='bbox 3098 4418 3385 4489; x_wconf 89' lang='lat' dir='ltr'><strong>copulatur</strong></span> <span class='ocrx_word' id='word_1_618' title='bbox 3412 4433 3425 4469; x_wconf 91' lang='lat'>:</span> <span class='ocrx_word' id='word_1_619' title='bbox 3471 4419 3519 4465; x_wconf 92' lang='lat' dir='ltr'><strong>et</strong></span> <span class='ocrx_word' id='word_1_620' title='bbox 3542 4409 3588 4464; x_wconf 90' lang='lat' dir='ltr'><strong>in</strong></span> <span class='ocrx_word' id='word_1_621' title='bbox 3607 4389 3767 4489; x_wconf 63' lang='grc' dir='ltr'><strong>ιεπὶεδῖ</strong></span> 
     </span>
    </p>
   </div>
   <div class='ocr_carea' id='block_1_91' title="bbox 2338 4474 3767 4581">
    <p class='ocr_par' dir='ltr' id='par_1_91' title="bbox 2338 4474 3767 4581">
     <span class='ocr_line' id='line_1_91' title="bbox 2338 4474 3767 4581; baseline -0.014 -18"><span class='ocrx_word' id='word_1_622' title='bbox 2338 4474 2472 4579; x_wconf 69' lang='lat' dir='ltr'><strong>gens</strong></span> <span class='ocrx_word' id='word_1_623' title='bbox 2494 4509 2560 4563; x_wconf 91' lang='lat' dir='ltr'><strong>de</strong></span> <span class='ocrx_word' id='word_1_624' title='bbox 2572 4474 2883 4565; x_wconf 74' lang='lat' dir='ltr'><strong>cmlestibus</strong></span> <span class='ocrx_word' id='word_1_625' title='bbox 2900 4518 2957 4565; x_wconf 91' lang='lat' dir='ltr'><strong>et</strong></span> <span class='ocrx_word' id='word_1_626' title='bbox 2980 4474 3241 4581; x_wconf 74' lang='lat' dir='ltr'><strong>supernis</strong></span> <span class='ocrx_word' id='word_1_627' title='bbox 3257 4508 3457 4579; x_wconf 75' lang='lat' dir='ltr'><strong>iugiter</strong></span> <span class='ocrx_word' id='word_1_628' title='bbox 3475 4499 3704 4558; x_wconf 83' lang='lat' dir='ltr'><strong>meditatur.</strong></span> <span class='ocrx_word' id='word_1_629' title='bbox 3716 4474 3767 4535; x_wconf 61' lang='grc' dir='ltr'><strong>(δ’</strong></span> 
     </span>
    </p>
   </div>
   <div class='ocr_carea' id='block_1_92' title="bbox 644 4580 3768 4675">
    <p class='ocr_par' dir='ltr' id='par_1_92' title="bbox 644 4580 3768 4675">
     <span class='ocr_line' id='line_1_92' title="bbox 644 4580 3768 4675; baseline -0.006 -17"><span class='ocrx_word' id='word_1_630' title='bbox 644 4619 750 4659; x_wconf 90' lang='lat' dir='ltr'><strong>una</strong></span> <span class='ocrx_word' id='word_1_631' title='bbox 779 4613 933 4673; x_wconf 89' lang='lat' dir='ltr'><strong>parte</strong></span> <span class='ocrx_word' id='word_1_632' title='bbox 982 4620 1103 4660; x_wconf 89' lang='lat' dir='ltr'><strong>esse</strong></span> <span class='ocrx_word' id='word_1_633' title='bbox 1131 4604 1438 4671; x_wconf 89' lang='lat' dir='ltr'><strong>sublimem,</strong></span> <span class='ocrx_word' id='word_1_634' title='bbox 1472 4606 1526 4660; x_wconf 92' lang='lat' dir='ltr'><strong>in</strong></span> <span class='ocrx_word' id='word_1_635' title='bbox 1553 4604 1657 4660; x_wconf 87' lang='lat' dir='ltr'><strong>alia</strong></span> <span class='ocrx_word' id='word_1_636' title='bbox 1692 4620 1814 4661; x_wconf 90' lang='lat' dir='ltr'><strong>esse</strong></span> <span class='ocrx_word' id='word_1_637' title='bbox 1853 4580 2185 4675; x_wconf 71' lang='lat' dir='ltr'><strong>prostratum</strong></span> <span class='ocrx_word' id='word_1_638' title='bbox 2212 4620 2227 4670; x_wconf 90' lang='lat'><strong>;</strong></span> <span class='ocrx_word' id='word_1_639' title='bbox 2255 4582 2310 4643; x_wconf 82' lang='lat' dir='ltr'><strong>D</strong></span> <span class='ocrx_word' id='word_1_640' title='bbox 2335 4606 2424 4653; x_wconf 87' lang='lat' dir='ltr'><strong>cat</strong></span> <span class='ocrx_word' id='word_1_641' title='bbox 2444 4598 2628 4653; x_wconf 82' lang='lat' dir='ltr'><strong>saeculi</strong></span> <span class='ocrx_word' id='word_1_642' title='bbox 2658 4600 2985 4669; x_wconf 88' lang='lat' dir='ltr'><strong>voluptates,</strong></span> <span class='ocrx_word' id='word_1_643' title='bbox 3011 4580 3067 4655; x_wconf 89' lang='lat' dir='ltr'><strong>et</strong></span> <span class='ocrx_word' id='word_1_644' title='bbox 3086 4601 3159 4655; x_wconf 88' lang='lat' dir='ltr'><strong>ad</strong></span> <span class='ocrx_word' id='word_1_645' title='bbox 3185 4599 3408 4670; x_wconf 78' lang='lat' dir='ltr'><strong>praemia</strong></span> <span class='ocrx_word' id='word_1_646' title='bbox 3429 4609 3484 4651; x_wconf 91' lang='lat' dir='ltr'><strong>se</strong></span> <span class='ocrx_word' id='word_1_647' title='bbox 3516 4589 3655 4645; x_wconf 76' lang='lat' dir='ltr'><strong>futura</strong></span> 
     </span>
    </p>
   </div>
   <div class='ocr_carea' id='block_1_93' title="bbox 647 4697 2230 4770">
    <p class='ocr_par' dir='ltr' id='par_1_93' title="bbox 647 4697 2230 4770">
     <span class='ocr_line' id='line_1_93' title="bbox 647 4697 2230 4770; baseline -0.001 -17"><span class='ocrx_word' id='word_1_648' title='bbox 647 4699 700 4753; x_wconf 91' lang='lat' dir='ltr'><strong>in</strong></span> <span class='ocrx_word' id='word_1_649' title='bbox 728 4714 835 4753; x_wconf 88' lang='lat' dir='ltr'><strong>una</strong></span> <span class='ocrx_word' id='word_1_650' title='bbox 855 4706 1010 4770; x_wconf 88' lang='lat' dir='ltr'><strong>parte</strong></span> <span class='ocrx_word' id='word_1_651' title='bbox 1032 4697 1256 4769; x_wconf 85' lang='lat' dir='ltr'><strong>fulgere,</strong></span> <span class='ocrx_word' id='word_1_652' title='bbox 1283 4708 1337 4753; x_wconf 89' lang='lat' dir='ltr'><strong>et</strong></span> <span class='ocrx_word' id='word_1_653' title='bbox 1369 4699 1426 4753; x_wconf 88' lang='lat' dir='ltr'><strong>in</strong></span> <span class='ocrx_word' id='word_1_654' title='bbox 1453 4699 1559 4754; x_wconf 90' lang='lat' dir='ltr'><strong>alia</strong></span> <span class='ocrx_word' id='word_1_655' title='bbox 1581 4700 1839 4753; x_wconf 91' lang='lat' dir='ltr'><strong>vitiorum</strong></span> <span class='ocrx_word' id='word_1_656' title='bbox 1875 4698 2109 4767; x_wconf 87' lang='lat' dir='ltr'><strong>caligine</strong></span> <span class='ocrx_word' id='word_1_657' title='bbox 2135 4711 2230 4752; x_wconf 86' lang='lat' dir='ltr'><strong>oc-</strong></span> 
     </span>
    </p>
   </div>
   <div class='ocr_carea' id='block_1_94' title="bbox 644 4788 2227 4862">
    <p class='ocr_par' dir='ltr' id='par_1_94' title="bbox 644 4788 2227 4862">
     <span class='ocr_line' id='line_1_94' title="bbox 644 4788 2227 4862; baseline -0.003 -16"><span class='ocrx_word' id='word_1_658' title='bbox 644 4791 853 4862; x_wconf 90' lang='lat' dir='ltr'><strong>cupari.</strong></span> <span class='ocrx_word' id='word_1_659' title='bbox 911 4788 1015 4857; x_wconf 81' lang='lat' dir='ltr'><strong>Qui</strong></span> <span class='ocrx_word' id='word_1_660' title='bbox 1043 4789 1187 4845; x_wconf 90' lang='lat' dir='ltr'><strong>enim</strong></span> <span class='ocrx_word' id='word_1_661' title='bbox 1209 4800 1393 4845; x_wconf 89' lang='lat' dir='ltr'><strong>castus</strong></span> <span class='ocrx_word' id='word_1_662' title='bbox 1422 4789 1572 4861; x_wconf 88' lang='lat' dir='ltr'><strong>cupit</strong></span> <span class='ocrx_word' id='word_1_663' title='bbox 1602 4804 1721 4844; x_wconf 89' lang='lat' dir='ltr'><strong>esse</strong></span> <span class='ocrx_word' id='word_1_664' title='bbox 1758 4804 2005 4859; x_wconf 91' lang='lat' dir='ltr'><strong>corpore,</strong></span> <span class='ocrx_word' id='word_1_665' title='bbox 2040 4796 2227 4843; x_wconf 91' lang='lat' dir='ltr'><strong>castus</strong></span> 
     </span>
    </p>
   </div>
   <div class='ocr_carea' id='block_1_95' title="bbox 645 4880 2229 4954">
    <p class='ocr_par' dir='ltr' id='par_1_95' title="bbox 645 4880 2229 4954">
     <span class='ocr_line' id='line_1_95' title="bbox 645 4880 2229 4954; baseline -0.003 -15"><span class='ocrx_word' id='word_1_666' title='bbox 645 4885 809 4940; x_wconf 90' lang='lat' dir='ltr'><strong>debet</strong></span> <span class='ocrx_word' id='word_1_667' title='bbox 833 4896 1184 4954; x_wconf 89' lang='lat' dir='ltr'><strong>perseverare</strong></span> <span class='ocrx_word' id='word_1_668' title='bbox 1206 4889 1261 4937; x_wconf 91' lang='lat' dir='ltr'><strong>et</strong></span> <span class='ocrx_word' id='word_1_669' title='bbox 1289 4882 1506 4953; x_wconf 89' lang='lat' dir='ltr'><strong>spiritu,</strong></span> <span class='ocrx_word' id='word_1_670' title='bbox 1552 4882 1680 4951; x_wconf 90' lang='lat' dir='ltr'><strong>quia</strong></span> <span class='ocrx_word' id='word_1_671' title='bbox 1712 4880 1847 4936; x_wconf 91' lang='lat' dir='ltr'><strong>nihil</strong></span> <span class='ocrx_word' id='word_1_672' title='bbox 1875 4880 2119 4952; x_wconf 89' lang='lat' dir='ltr'><strong>proderit</strong></span> <span class='ocrx_word' id='word_1_673' title='bbox 2145 4894 2229 4935; x_wconf 88' lang='lat' dir='ltr'><strong>ca-</strong></span> 
     </span>
    </p>
   </div>
   <div class='ocr_carea' id='block_1_96' title="bbox 645 4975 2227 5047">
    <p class='ocr_par' dir='ltr' id='par_1_96' title="bbox 645 4975 2227 5047">
     <span class='ocr_line' id='line_1_96' title="bbox 645 4975 2227 5047; baseline 0.001 -19"><span class='ocrx_word' id='word_1_674' title='bbox 645 4982 788 5029; x_wconf 84' lang='lat' dir='ltr'><strong>stum</strong></span> <span class='ocrx_word' id='word_1_675' title='bbox 818 4990 940 5032; x_wconf 89' lang='lat' dir='ltr'><strong>esse</strong></span> <span class='ocrx_word' id='word_1_676' title='bbox 965 4990 1212 5047; x_wconf 84' lang='lat' dir='ltr'><strong>corpore,</strong></span> <span class='ocrx_word' id='word_1_677' title='bbox 1244 4984 1299 5033; x_wconf 89' lang='lat' dir='ltr'><strong>et</strong></span> <span class='ocrx_word' id='word_1_678' title='bbox 1327 4985 1511 5032; x_wconf 90' lang='lat' dir='ltr'><strong>mente</strong></span> <span class='ocrx_word' id='word_1_679' title='bbox 1539 4984 1873 5046; x_wconf 90' lang='lat' dir='ltr'><strong>corruptum.</strong></span> <span class='ocrx_word' id='word_1_680' title='bbox 1922 4975 2128 5030; x_wconf 89' lang='lat' dir='ltr'><strong>Civitas</strong></span> <span class='ocrx_word' id='word_1_681' title='bbox 2181 4975 2227 5030; x_wconf 88' lang='lat' dir='ltr'><strong>si</strong></span> 
     </span>
    </p>
   </div>
   <div class='ocr_carea' id='block_1_97' title="bbox 644 5065 2225 5137">
    <p class='ocr_par' dir='ltr' id='par_1_97' title="bbox 644 5065 2225 5137">
     <span class='ocr_line' id='line_1_97' title="bbox 644 5065 2225 5137; baseline 0 -18"><span class='ocrx_word' id='word_1_682' title='bbox 644 5065 807 5121; x_wconf 88' lang='lat' dir='ltr'><strong>fuerit</strong></span> <span class='ocrx_word' id='word_1_683' title='bbox 834 5067 888 5121; x_wconf 90' lang='lat' dir='ltr'><strong>in</strong></span> <span class='ocrx_word' id='word_1_684' title='bbox 914 5083 1018 5122; x_wconf 89' lang='lat' dir='ltr'><strong>una</strong></span> <span class='ocrx_word' id='word_1_685' title='bbox 1038 5076 1192 5137; x_wconf 88' lang='lat' dir='ltr'><strong>parte</strong></span> <span class='ocrx_word' id='word_1_686' title='bbox 1228 5068 1458 5133; x_wconf 88' lang='lat' dir='ltr'><strong>munita,</strong></span> <span class='ocrx_word' id='word_1_687' title='bbox 1514 5082 1582 5122; x_wconf 81' lang='lat' dir='ltr'><strong>ex</strong></span> <span class='ocrx_word' id='word_1_688' title='bbox 1622 5067 1727 5122; x_wconf 91' lang='lat' dir='ltr'><strong>alia</strong></span> <span class='ocrx_word' id='word_1_689' title='bbox 1771 5081 1903 5121; x_wconf 88' lang='lat' dir='ltr'><strong>vero</strong></span> <span class='ocrx_word' id='word_1_690' title='bbox 1928 5065 2225 5131; x_wconf 89' lang='lat' dir='ltr'><strong>destructa,</strong></span> 
     </span>
    </p>
   </div>
   <div class='ocr_carea' id='block_1_98' title="bbox 642 5158 2227 5231">
    <p class='ocr_par' dir='ltr' id='par_1_98' title="bbox 642 5158 2227 5231">
     <span class='ocr_line' id='line_1_98' title="bbox 642 5158 2227 5231; baseline 0.001 -19"><span class='ocrx_word' id='word_1_691' title='bbox 642 5158 851 5214; x_wconf 87' lang='lat' dir='ltr'><strong>aditum</strong></span> <span class='ocrx_word' id='word_1_692' title='bbox 883 5160 1027 5216; x_wconf 85' lang='lat' dir='ltr'><strong>adse</strong></span> <span class='ocrx_word' id='word_1_693' title='bbox 1056 5161 1199 5216; x_wconf 88' lang='lat' dir='ltr'><strong>hosti</strong></span> <span class='ocrx_word' id='word_1_694' title='bbox 1225 5160 1506 5231; x_wconf 64' lang='lat' dir='ltr'><strong>praebebit.</strong></span> <span class='ocrx_word' id='word_1_695' title='bbox 1559 5160 1629 5216; x_wconf 84' lang='lat' dir='ltr'><strong>Et</strong></span> <span class='ocrx_word' id='word_1_696' title='bbox 1654 5160 1809 5216; x_wconf 89' lang='lat' dir='ltr'><strong>navis</strong></span> <span class='ocrx_word' id='word_1_697' title='bbox 1837 5161 1884 5215; x_wconf 90' lang='lat' dir='ltr'><strong>si</strong></span> <span class='ocrx_word' id='word_1_698' title='bbox 1915 5158 2079 5214; x_wconf 88' lang='lat' dir='ltr'><strong>fuerit</strong></span> <span class='ocrx_word' id='word_1_699' title='bbox 2101 5158 2227 5214; x_wconf 88' lang='lat' dir='ltr'><strong>forti</strong></span> 
     </span>
    </p>
   </div>
   <div class='ocr_carea' id='block_1_99' title="bbox 644 5250 2227 5323">
    <p class='ocr_par' dir='ltr' id='par_1_99' title="bbox 644 5250 2227 5323">
     <span class='ocr_line' id='line_1_99' title="bbox 644 5250 2227 5323; baseline 0.001 -19"><span class='ocrx_word' id='word_1_700' title='bbox 644 5264 904 5323; x_wconf 88' lang='lat' dir='ltr'><strong>compage</strong></span> <span class='ocrx_word' id='word_1_701' title='bbox 943 5252 1191 5315; x_wconf 88' lang='lat' dir='ltr'><strong>solidata,</strong></span> <span class='ocrx_word' id='word_1_702' title='bbox 1234 5260 1291 5307; x_wconf 91' lang='lat' dir='ltr'><strong>et</strong></span> <span class='ocrx_word' id='word_1_703' title='bbox 1319 5266 1483 5307; x_wconf 89' lang='lat' dir='ltr'><strong>unam</strong></span> <span class='ocrx_word' id='word_1_704' title='bbox 1533 5252 1589 5306; x_wconf 91' lang='lat' dir='ltr'><strong>in</strong></span> <span class='ocrx_word' id='word_1_705' title='bbox 1615 5267 1674 5307; x_wconf 90' lang='lat' dir='ltr'><strong>se</strong></span> <span class='ocrx_word' id='word_1_706' title='bbox 1699 5252 1949 5307; x_wconf 89' lang='lat' dir='ltr'><strong>habuerit</strong></span> <span class='ocrx_word' id='word_1_707' title='bbox 1987 5250 2227 5306; x_wconf 89' lang='lat' dir='ltr'><strong>tabulam</strong></span> 
     </span>
    </p>
   </div>
   <div class='ocr_carea' id='block_1_100' title="bbox 644 5340 2226 5415">
    <p class='ocr_par' dir='ltr' id='par_1_100' title="bbox 644 5340 2226 5415">
     <span class='ocr_line' id='line_1_100' title="bbox 644 5340 2226 5415; baseline 0.001 -19"><span class='ocrx_word' id='word_1_708' title='bbox 644 5340 995 5410; x_wconf 88' lang='lat' dir='ltr'><strong>perforatam,</strong></span> <span class='ocrx_word' id='word_1_709' title='bbox 1050 5344 1256 5414; x_wconf 87' lang='lat' dir='ltr'><strong>repleta</strong></span> <span class='ocrx_word' id='word_1_710' title='bbox 1284 5359 1549 5415; x_wconf 89' lang='lat' dir='ltr'><strong>aquarum</strong></span> <span class='ocrx_word' id='word_1_711' title='bbox 1597 5342 1846 5400; x_wconf 84' lang='lat' dir='ltr'><strong>ﬂuctibus</strong></span> <span class='ocrx_word' id='word_1_712' title='bbox 1867 5351 2142 5413; x_wconf 84' lang='lat' dir='ltr'><strong>mergetur</strong></span> <span class='ocrx_word' id='word_1_713' title='bbox 2169 5343 2226 5399; x_wconf 92' lang='lat' dir='ltr'><strong>in</strong></span> 
     </span>
    </p>
   </div>
   <div class='ocr_carea' id='block_1_101' title="bbox 640 5430 2227 5505">
    <p class='ocr_par' dir='ltr' id='par_1_101' title="bbox 640 5430 2227 5505">
     <span class='ocr_line' id='line_1_101' title="bbox 640 5430 2227 5505; baseline 0.003 -19"><span class='ocrx_word' id='word_1_714' title='bbox 640 5430 988 5502; x_wconf 86' lang='lat' dir='ltr'><strong>profundum.</strong></span> <span class='ocrx_word' id='word_1_715' title='bbox 1043 5436 1217 5491; x_wconf 78' lang='lat' dir='ltr'><strong>Verus</strong></span> <span class='ocrx_word' id='word_1_716' title='bbox 1245 5436 1389 5491; x_wconf 92' lang='lat' dir='ltr'><strong>enim</strong></span> <span class='ocrx_word' id='word_1_717' title='bbox 1413 5436 1692 5490; x_wconf 90' lang='lat' dir='ltr'><strong>continens</strong></span> <span class='ocrx_word' id='word_1_718' title='bbox 1718 5445 1910 5490; x_wconf 90' lang='lat' dir='ltr'><strong>cuncta</strong></span> <span class='ocrx_word' id='word_1_719' title='bbox 1942 5451 2061 5505; x_wconf 77' lang='lat' dir='ltr'><strong>quze</strong></span> <span class='ocrx_word' id='word_1_720' title='bbox 2087 5451 2227 5490; x_wconf 89' lang='lat' dir='ltr'><strong>vana</strong></span> 
     </span>
    </p>
   </div>
   <div class='ocr_carea' id='block_1_102' title="bbox 644 5526 2222 5598">
    <p class='ocr_par' dir='ltr' id='par_1_102' title="bbox 644 5526 2222 5598">
     <span class='ocr_line' id='line_1_102' title="bbox 644 5526 2222 5598; baseline 0.004 -21"><span class='ocrx_word' id='word_1_721' title='bbox 644 5530 771 5577; x_wconf 88' lang='lat' dir='ltr'><strong>sunt</strong></span> <span class='ocrx_word' id='word_1_722' title='bbox 790 5526 1018 5596; x_wconf 87' lang='lat' dir='ltr'><strong>spernit,</strong></span> <span class='ocrx_word' id='word_1_723' title='bbox 1049 5543 1151 5583; x_wconf 90' lang='lat' dir='ltr'><strong>nec</strong></span> <span class='ocrx_word' id='word_1_724' title='bbox 1178 5527 1337 5583; x_wconf 91' lang='lat' dir='ltr'><strong>ullam</strong></span> <span class='ocrx_word' id='word_1_725' title='bbox 1377 5527 1604 5598; x_wconf 87' lang='lat' dir='ltr'><strong>gloriam</strong></span> <span class='ocrx_word' id='word_1_726' title='bbox 1630 5535 1865 5582; x_wconf 87' lang='lat' dir='ltr'><strong>sectatur</strong></span> <span class='ocrx_word' id='word_1_727' title='bbox 1887 5528 2174 5583; x_wconf 88' lang='lat' dir='ltr'><strong>humanam</strong></span> <span class='ocrx_word' id='word_1_728' title='bbox 2205 5544 2222 5595; x_wconf 93' lang='lat'><strong>;</strong></span> 
     </span>
    </p>
   </div>
   <div class='ocr_carea' id='block_1_103' title="bbox 645 5614 2223 5690">
    <p class='ocr_par' dir='ltr' id='par_1_103' title="bbox 645 5614 2223 5690">
     <span class='ocr_line' id='line_1_103' title="bbox 645 5614 2223 5690; baseline 0.004 -23"><span class='ocrx_word' id='word_1_729' title='bbox 645 5614 885 5671; x_wconf 88' lang='lat' dir='ltr'><strong>furorem</strong></span> <span class='ocrx_word' id='word_1_730' title='bbox 912 5618 1203 5674; x_wconf 89' lang='lat' dir='ltr'><strong>iracundiae</strong></span> <span class='ocrx_word' id='word_1_731' title='bbox 1232 5619 1493 5690; x_wconf 86' lang='lat' dir='ltr'><strong>reprimit,</strong></span> <span class='ocrx_word' id='word_1_732' title='bbox 1520 5619 1950 5674; x_wconf 80' lang='lat' dir='ltr'><strong>exsecrationem</strong></span> <span class='ocrx_word' id='word_1_733' title='bbox 1976 5618 2223 5688; x_wconf 87' lang='lat' dir='ltr'><strong>despicit,</strong></span> 
     </span>
    </p>
   </div>
   <div class='ocr_carea' id='block_1_104' title="bbox 643 5704 2228 5778">
    <p class='ocr_par' dir='ltr' id='par_1_104' title="bbox 643 5704 2228 5778">
     <span class='ocr_line' id='line_1_104' title="bbox 643 5704 2228 5778; baseline 0.003 -20"><span class='ocrx_word' id='word_1_734' title='bbox 643 5704 825 5774; x_wconf 83' lang='lat' dir='ltr'><strong>potius</strong></span> <span class='ocrx_word' id='word_1_735' title='bbox 864 5707 1093 5761; x_wconf 87' lang='lat' dir='ltr'><strong>sustinet</strong></span> <span class='ocrx_word' id='word_1_736' title='bbox 1145 5708 1525 5763; x_wconf 89' lang='lat' dir='ltr'><strong>detrimentum</strong></span> <span class='ocrx_word' id='word_1_737' title='bbox 1555 5750 1569 5774; x_wconf 93' lang='lat'><strong>,</strong></span> <span class='ocrx_word' id='word_1_738' title='bbox 1619 5723 1779 5778; x_wconf 87' lang='lat' dir='ltr'><strong>quam</strong></span> <span class='ocrx_word' id='word_1_739' title='bbox 1819 5706 2079 5763; x_wconf 82' lang='lat' dir='ltr'><strong>dissolvat</strong></span> <span class='ocrx_word' id='word_1_740' title='bbox 2117 5706 2228 5762; x_wconf 88' lang='lat' dir='ltr'><strong>vin-</strong></span> 
     </span>
    </p>
   </div>
   <div class='ocr_carea' id='block_1_105' title="bbox 568 5794 2227 5873">
    <p class='ocr_par' dir='ltr' id='par_1_105' title="bbox 568 5794 2227 5873">
     <span class='ocr_line' id='line_1_105' title="bbox 568 5794 2227 5873; baseline 0.004 -21"><span class='ocrx_word' id='word_1_741' title='bbox 568 5818 573 5823; x_wconf 89' lang='grc'>·</span> <span class='ocrx_word' id='word_1_742' title='bbox 644 5794 827 5852; x_wconf 88' lang='lat' dir='ltr'><strong>culum</strong></span> <span class='ocrx_word' id='word_1_743' title='bbox 859 5797 1183 5864; x_wconf 86' lang='lat' dir='ltr'><strong>charitatis;</strong></span> <span class='ocrx_word' id='word_1_744' title='bbox 1239 5816 1347 5855; x_wconf 88' lang='lat' dir='ltr'><strong>non</strong></span> <span class='ocrx_word' id='word_1_745' title='bbox 1387 5801 1621 5858; x_wconf 87' lang='lat' dir='ltr'><strong>detrahit</strong></span> <span class='ocrx_word' id='word_1_746' title='bbox 1661 5802 1770 5858; x_wconf 89' lang='lat' dir='ltr'><strong>cito</strong></span> <span class='ocrx_word' id='word_1_747' title='bbox 1810 5802 2076 5873; x_wconf 78' lang='lat' dir='ltr'><strong>proximo,</strong></span> <span class='ocrx_word' id='word_1_748' title='bbox 2126 5815 2227 5858; x_wconf 87' lang='lat' dir='ltr'><strong>nec</strong></span> 
     </span>
    </p>
   </div>
   <div class='ocr_carea' id='block_1_106' title="bbox 2332 4668 3825 4758">
    <p class='ocr_par' dir='ltr' id='par_1_106' title="bbox 2332 4668 3825 4758">
     <span class='ocr_line' id='line_1_106' title="bbox 2332 4668 3825 4758; baseline -0.003 -14"><span class='ocrx_word' id='word_1_749' title='bbox 2332 4689 2433 4757; x_wconf 92' lang='lat' dir='ltr'><strong>dit,</strong></span> <span class='ocrx_word' id='word_1_750' title='bbox 2466 4706 2567 4747; x_wconf 91' lang='lat' dir='ltr'><strong>nec</strong></span> <span class='ocrx_word' id='word_1_751' title='bbox 2608 4692 2717 4747; x_wconf 85' lang='lat' dir='ltr'><strong>ulla</strong></span> <span class='ocrx_word' id='word_1_752' title='bbox 2746 4693 2992 4748; x_wconf 69' lang='lat' dir='ltr'><strong>saeculari</strong></span> <span class='ocrx_word' id='word_1_753' title='bbox 3031 4710 3167 4749; x_wconf 88' lang='lat' dir='ltr'><strong>cura</strong></span> <span class='ocrx_word' id='word_1_754' title='bbox 3186 4668 3280 4749; x_wconf 23' lang='lat' dir='ltr'><strong>tab</strong></span> <span class='ocrx_word' id='word_1_755' title='bbox 3306 4704 3483 4748; x_wconf 89' lang='lat' dir='ltr'><strong>amore</strong></span> <span class='ocrx_word' id='word_1_756' title='bbox 3504 4699 3602 4740; x_wconf 84' lang='lat' dir='ltr'><strong>eam</strong></span> 
     </span>
    </p>
   </div>
   <div class='ocr_carea' id='block_1_107' title="bbox 2332 4767 3770 4863">
    <p class='ocr_par' dir='ltr' id='par_1_107' title="bbox 2332 4767 3770 4863">
     <span class='ocr_line' id='line_1_107' title="bbox 2332 4767 3770 4863; baseline -0.009 -24"><span class='ocrx_word' id='word_1_757' title='bbox 2332 4782 2571 4851; x_wconf 88' lang='lat' dir='ltr'><strong>Christi;</strong></span> <span class='ocrx_word' id='word_1_758' title='bbox 2603 4785 2697 4840; x_wconf 88' lang='lat' dir='ltr'><strong>sed</strong></span> <span class='ocrx_word' id='word_1_759' title='bbox 2728 4793 2787 4839; x_wconf 90' lang='lat' dir='ltr'><strong>ut</strong></span> <span class='ocrx_word' id='word_1_760' title='bbox 2811 4785 2982 4856; x_wconf 88' lang='lat' dir='ltr'><strong>ﬁgura</strong></span> <span class='ocrx_word' id='word_1_761' title='bbox 3003 4787 3259 4856; x_wconf 82' lang='lat' dir='ltr'><strong>quaedam</strong></span> <span class='ocrx_word' id='word_1_762' title='bbox 3289 4787 3432 4841; x_wconf 89' lang='lat' dir='ltr'><strong>inter</strong></span> <span class='ocrx_word' id='word_1_763' title='bbox 3449 4767 3770 4863; x_wconf 33' lang='lat' dir='ltr'><strong>hominesalii}:l</strong></span> 
     </span>
    </p>
   </div>
   <div class='ocr_carea' id='block_1_108' title="bbox 2333 4858 3673 4945">
    <p class='ocr_par' dir='ltr' id='par_1_108' title="bbox 2333 4858 3673 4945">
     <span class='ocr_line' id='line_1_108' title="bbox 2333 4858 3673 4945; baseline -0.004 -17"><span class='ocrx_word' id='word_1_764' title='bbox 2333 4876 2567 4941; x_wconf 90' lang='lat' dir='ltr'><strong>videtur,</strong></span> <span class='ocrx_word' id='word_1_765' title='bbox 2600 4885 2654 4930; x_wconf 90' lang='lat' dir='ltr'><strong>et</strong></span> <span class='ocrx_word' id='word_1_766' title='bbox 2677 4886 2788 4931; x_wconf 88' lang='lat' dir='ltr'><strong>tota</strong></span> <span class='ocrx_word' id='word_1_767' title='bbox 2824 4875 2942 4945; x_wconf 87' lang='lat' dir='ltr'><strong>ejus</strong></span> <span class='ocrx_word' id='word_1_768' title='bbox 2963 4878 3313 4933; x_wconf 86' lang='lat' dir='ltr'><strong>conversatio</strong></span> <span class='ocrx_word' id='word_1_769' title='bbox 3334 4877 3398 4931; x_wconf 91' lang='lat' dir='ltr'><strong>de</strong></span> <span class='ocrx_word' id='word_1_770' title='bbox 3421 4858 3673 4929; x_wconf 66' lang='lat' dir='ltr'><strong>calestibus</strong></span> 
     </span>
    </p>
   </div>
   <div class='ocr_carea' id='block_1_109' title="bbox 2332 4934 3771 5042">
    <p class='ocr_par' dir='ltr' id='par_1_109' title="bbox 2332 4934 3771 5042">
     <span class='ocr_line' id='line_1_109' title="bbox 2332 4934 3771 5042; baseline 0.01 -21"><span class='ocrx_word' id='word_1_771' title='bbox 2332 4967 2535 5040; x_wconf 89' lang='lat' dir='ltr'><strong>ligitur.</strong></span> <span class='ocrx_word' id='word_1_772' title='bbox 2555 4934 2565 4941; x_wconf 29' lang='grc' dir='ltr'>ν</span> <span class='ocrx_word' id='word_1_773' title='bbox 2587 4970 2731 5025; x_wconf 85' lang='lat' dir='ltr'><strong>Mors</strong></span> <span class='ocrx_word' id='word_1_774' title='bbox 2762 4934 3109 5040; x_wconf 47' lang='lat' dir='ltr'><strong>illi&#39;przesens</strong></span> <span class='ocrx_word' id='word_1_775' title='bbox 3133 4980 3396 5042; x_wconf 87' lang='lat' dir='ltr'><strong>tanquam</strong></span> <span class='ocrx_word' id='word_1_776' title='bbox 3421 4968 3524 5022; x_wconf 85' lang='lat' dir='ltr'><strong>vita</strong></span> <span class='ocrx_word' id='word_1_777' title='bbox 3546 4964 3635 5033; x_wconf 65' lang='lat' dir='ltr'><strong>iP5a</strong></span> <span class='ocrx_word' id='word_1_778' title='bbox 3649 4934 3771 5042; x_wconf 18' lang='lat'><strong>95““:</strong></span> 
     </span>
    </p>
   </div>
   <div class='ocr_carea' id='block_1_110' title="bbox 2331 5030 3773 5131">
    <p class='ocr_par' dir='ltr' id='par_1_110' title="bbox 2331 5030 3773 5131">
     <span class='ocr_line' id='line_1_110' title="bbox 2331 5030 3773 5131; baseline -0.016 -12"><span class='ocrx_word' id='word_1_779' title='bbox 2331 5030 2453 5118; x_wconf 79' lang='lat' dir='ltr'><strong>eis:</strong></span> <span class='ocrx_word' id='word_1_780' title='bbox 2494 5064 2643 5131; x_wconf 89' lang='lat' dir='ltr'><strong>cupit</strong></span> <span class='ocrx_word' id='word_1_781' title='bbox 2697 5030 2938 5129; x_wconf 72' lang='lat' dir='ltr'><strong>dissolvi,</strong></span> <span class='ocrx_word' id='word_1_782' title='bbox 2992 5072 3049 5119; x_wconf 91' lang='lat' dir='ltr'><strong>et</strong></span> <span class='ocrx_word' id='word_1_783' title='bbox 3074 5078 3204 5119; x_wconf 89' lang='lat' dir='ltr'><strong>esse</strong></span> <span class='ocrx_word' id='word_1_784' title='bbox 3251 5030 3376 5119; x_wconf 74' lang='lat' dir='ltr'><strong>cum</strong></span> <span class='ocrx_word' id='word_1_785' title='bbox 3418 5030 3773 5131; x_wconf 51' lang='lat' dir='ltr'><strong>Cbristo(P§il.&#39;l&#39;</strong></span> 
     </span>
    </p>
   </div>
   <div class='ocr_carea' id='block_1_111' title="bbox 2330 5129 3773 5227">
    <p class='ocr_par' dir='ltr' id='par_1_111' title="bbox 2330 5129 3773 5227">
     <span class='ocr_line' id='line_1_111' title="bbox 2330 5129 3773 5227; baseline -0.007 -18"><span class='ocrx_word' id='word_1_786' title='bbox 2330 5172 2490 5226; x_wconf 91' lang='lat' dir='ltr'><strong>quem</strong></span> <span class='ocrx_word' id='word_1_787' title='bbox 2516 5156 2569 5210; x_wconf 91' lang='lat' dir='ltr'><strong>in</strong></span> <span class='ocrx_word' id='word_1_788' title='bbox 2593 5171 2755 5212; x_wconf 89' lang='lat' dir='ltr'><strong>carne</strong></span> <span class='ocrx_word' id='word_1_789' title='bbox 2768 5157 2955 5212; x_wconf 88' lang='lat' dir='ltr'><strong>vivens</strong></span> <span class='ocrx_word' id='word_1_790' title='bbox 2974 5156 3117 5211; x_wconf 90' lang='lat' dir='ltr'><strong>intra</strong></span> <span class='ocrx_word' id='word_1_791' title='bbox 3134 5172 3298 5211; x_wconf 89' lang='lat' dir='ltr'><strong>suum</strong></span> <span class='ocrx_word' id='word_1_792' title='bbox 3314 5129 3773 5227; x_wconf 55' lang='lat' dir='ltr'><strong>portaveratlemll&#39;“</strong></span> 
     </span>
    </p>
   </div>
   <div class='ocr_carea' id='block_1_112' title="bbox 2337 5225 3823 5328">
    <p class='ocr_par' dir='ltr' id='par_1_112' title="bbox 2337 5225 3823 5328">
     <span class='ocr_line' id='line_1_112' title="bbox 2337 5225 3823 5328; baseline -0.01 -25"><span class='ocrx_word' id='word_1_793' title='bbox 2337 5225 2466 5304; x_wconf 61' lang='lat' dir='ltr'><strong>Vide</strong></span> <span class='ocrx_word' id='word_1_794' title='bbox 2489 5261 2619 5316; x_wconf 87' lang='lat' dir='ltr'><strong>ergo</strong></span> <span class='ocrx_word' id='word_1_795' title='bbox 2656 5260 2917 5318; x_wconf 80' lang='lat' dir='ltr'><strong>quantum</strong></span> <span class='ocrx_word' id='word_1_796' title='bbox 2945 5247 3156 5304; x_wconf 91' lang='lat' dir='ltr'><strong>lucrum</strong></span> <span class='ocrx_word' id='word_1_797' title='bbox 3186 5225 3421 5304; x_wconf 71' lang='lat' dir='ltr'><strong>afferant</strong></span> <span class='ocrx_word' id='word_1_798' title='bbox 3460 5243 3596 5298; x_wconf 82' lang='lat' dir='ltr'><strong>fletus</strong></span> <span class='ocrx_word' id='word_1_799' title='bbox 3615 5240 3657 5287; x_wconf 73' lang='lat' dir='ltr'><strong>et</strong></span> <span class='ocrx_word' id='word_1_800' title='bbox 3822 5256 3823 5281; x_wconf 43' lang='grc' dir='ltr'>ξ</span> 
     </span>
    </p>
   </div>
   <div class='ocr_carea' id='block_1_113' title="bbox 2329 5323 3775 5413">
    <p class='ocr_par' dir='ltr' id='par_1_113' title="bbox 2329 5323 3775 5413">
     <span class='ocr_line' id='line_1_113' title="bbox 2329 5323 3775 5413; baseline -0.004 -18"><span class='ocrx_word' id='word_1_801' title='bbox 2329 5356 2454 5407; x_wconf 67' lang='lat' dir='ltr'><strong>mae,</strong></span> <span class='ocrx_word' id='word_1_802' title='bbox 2499 5348 2554 5395; x_wconf 92' lang='lat' dir='ltr'><strong>et</strong></span> <span class='ocrx_word' id='word_1_803' title='bbox 2579 5350 2836 5411; x_wconf 85' lang='lat' dir='ltr'><strong>quantam</strong></span> <span class='ocrx_word' id='word_1_804' title='bbox 2870 5342 3171 5412; x_wconf 89' lang='lat' dir='ltr'><strong>perniciem</strong></span> <span class='ocrx_word' id='word_1_805' title='bbox 3211 5341 3453 5413; x_wconf 68' lang='lat' dir='ltr'><strong>praebeat</strong></span> <span class='ocrx_word' id='word_1_806' title='bbox 3477 5336 3598 5391; x_wconf 88' lang='lat' dir='ltr'><strong>risus</strong></span> 
     </span>
    </p>
   </div>
   <div class='ocr_carea' id='block_1_114' title="bbox 2332 5401 3779 5504">
    <p class='ocr_par' dir='ltr' id='par_1_114' title="bbox 2332 5401 3779 5504">
     <span class='ocr_line' id='line_1_114' title="bbox 2332 5401 3779 5504; baseline -0.004 -16"><span class='ocrx_word' id='word_1_807' title='bbox 2332 5401 2451 5501; x_wconf 20' lang='lat' dir='ltr'><strong>Qui?</strong></span> <span class='ocrx_word' id='word_1_808' title='bbox 2481 5401 2625 5489; x_wconf 80' lang='lat' dir='ltr'><strong>enim</strong></span> <span class='ocrx_word' id='word_1_809' title='bbox 2672 5435 2849 5490; x_wconf 87' lang='lat' dir='ltr'><strong>ridere</strong></span> <span class='ocrx_word' id='word_1_810' title='bbox 2872 5401 2968 5490; x_wconf 75' lang='lat' dir='ltr'><strong>hic</strong></span> <span class='ocrx_word' id='word_1_811' title='bbox 3020 5401 3349 5503; x_wconf 75' lang='lat' dir='ltr'><strong>delectatur,</strong></span> <span class='ocrx_word' id='word_1_812' title='bbox 3406 5401 3779 5504; x_wconf 36' lang='lat' dir='ltr'><strong>postmodum???</strong></span> 
     </span>
    </p>
   </div>
   <div class='ocr_carea' id='block_1_115' title="bbox 2330 5488 3778 5600">
    <p class='ocr_par' dir='ltr' id='par_1_115' title="bbox 2330 5488 3778 5600">
     <span class='ocr_line' id='line_1_115' title="bbox 2330 5488 3778 5600; baseline -0.007 -19"><span class='ocrx_word' id='word_1_813' title='bbox 2330 5541 2548 5593; x_wconf 89' lang='lat' dir='ltr'><strong>amare;</strong></span> <span class='ocrx_word' id='word_1_814' title='bbox 2601 5527 2695 5596; x_wconf 88' lang='lat' dir='ltr'><strong>qui</strong></span> <span class='ocrx_word' id='word_1_815' title='bbox 2749 5536 2930 5582; x_wconf 90' lang='lat' dir='ltr'><strong>autem</strong></span> <span class='ocrx_word' id='word_1_816' title='bbox 2958 5528 3049 5583; x_wconf 91' lang='lat' dir='ltr'><strong>hic</strong></span> <span class='ocrx_word' id='word_1_817' title='bbox 3110 5528 3300 5600; x_wconf 89' lang='lat' dir='ltr'><strong>legere</strong></span> <span class='ocrx_word' id='word_1_818' title='bbox 3347 5520 3595 5583; x_wconf 83' lang='lat' dir='ltr'><strong>voluerit,</strong></span> <span class='ocrx_word' id='word_1_819' title='bbox 3631 5488 3778 5600; x_wconf 41' lang='grc' dir='ltr'><strong>ςιυφξ</strong></span> 
     </span>
    </p>
   </div>
   <div class='ocr_carea' id='block_1_116' title="bbox 2334 5588 3780 5690">
    <p class='ocr_par' dir='ltr' id='par_1_116' title="bbox 2334 5588 3780 5690">
     <span class='ocr_line' id='line_1_116' title="bbox 2334 5588 3780 5690; baseline -0.009 -17"><span class='ocrx_word' id='word_1_820' title='bbox 2334 5618 2387 5673; x_wconf 91' lang='lat' dir='ltr'><strong>in</strong></span> <span class='ocrx_word' id='word_1_821' title='bbox 2426 5588 2703 5688; x_wconf 74' lang='lat' dir='ltr'><strong>postet&#39;um</strong></span> <span class='ocrx_word' id='word_1_822' title='bbox 2751 5617 2969 5688; x_wconf 81' lang='lat' dir='ltr'><strong>(Matth.</strong></span> <span class='ocrx_word' id='word_1_823' title='bbox 3003 5619 3075 5690; x_wconf 89' lang='lat' dir='ltr'><strong>v).</strong></span> <span class='ocrx_word' id='word_1_824' title='bbox 3167 5588 3308 5673; x_wconf 46' lang='grc' dir='ltr'><strong>ᾔδη]</strong></span> <span class='ocrx_word' id='word_1_825' title='bbox 3332 5627 3390 5671; x_wconf 92' lang='lat' dir='ltr'><strong>et</strong></span> <span class='ocrx_word' id='word_1_826' title='bbox 3425 5613 3640 5669; x_wconf 87' lang='lat' dir='ltr'><strong>Salvator</strong></span> 
     </span>
    </p>
   </div>
   <div class='ocr_carea' id='block_1_117' title="bbox 2331 5682 3777 5779">
    <p class='ocr_par' dir='ltr' id='par_1_117' title="bbox 2331 5682 3777 5779">
     <span class='ocr_line' id='line_1_117' title="bbox 2331 5682 3777 5779; baseline 0 -20"><span class='ocrx_word' id='word_1_827' title='bbox 2331 5682 2521 5762; x_wconf 45' lang='lat' dir='ltr'><strong>ben-tos</strong></span> <span class='ocrx_word' id='word_1_828' title='bbox 2579 5682 2814 5778; x_wconf 75' lang='lat' dir='ltr'><strong>appellat</strong></span> <span class='ocrx_word' id='word_1_829' title='bbox 2866 5682 3148 5779; x_wconf 79' lang='lat' dir='ltr'><strong>lugentes;</strong></span> <span class='ocrx_word' id='word_1_830' title='bbox 3199 5717 3257 5763; x_wconf 91' lang='lat' dir='ltr'><strong>et</strong></span> <span class='ocrx_word' id='word_1_831' title='bbox 3311 5706 3402 5775; x_wconf 90' lang='lat' dir='ltr'><strong>qui</strong></span> <span class='ocrx_word' id='word_1_832' title='bbox 3454 5710 3578 5757; x_wconf 85' lang='lat' dir='ltr'><strong>ndnc</strong></span> <span class='ocrx_word' id='word_1_833' title='bbox 3617 5682 3777 5779; x_wconf 40' lang='lat' dir='ltr'><strong>13H”?</strong></span> 
     </span>
    </p>
   </div>
   <div class='ocr_carea' id='block_1_118' title="bbox 2332 5763 3782 5858">
    <p class='ocr_par' dir='ltr' id='par_1_118' title="bbox 2332 5763 3782 5858">
     <span class='ocr_line' id='line_1_118' title="bbox 2332 5763 3782 5858; baseline 0.006 -7"><span class='ocrx_word' id='word_1_834' title='bbox 2332 5796 2462 5854; x_wconf 86' lang='lat' dir='ltr'><strong>ﬁere</strong></span> <span class='ocrx_word' id='word_1_835' title='bbox 2505 5813 2599 5855; x_wconf 88' lang='lat' dir='ltr'><strong>eos</strong></span> <span class='ocrx_word' id='word_1_836' title='bbox 2647 5800 2778 5855; x_wconf 88' lang='lat' dir='ltr'><strong>dicit</strong></span> <span class='ocrx_word' id='word_1_837' title='bbox 2816 5800 2869 5855; x_wconf 91' lang='lat' dir='ltr'><strong>in</strong></span> <span class='ocrx_word' id='word_1_838' title='bbox 2916 5798 3238 5857; x_wconf 87' lang='lat' dir='ltr'><strong>novissimo.</strong></span> <span class='ocrx_word' id='word_1_839' title='bbox 3295 5798 3412 5854; x_wconf 82' lang='lat' dir='ltr'><strong>Non</strong></span> <span class='ocrx_word' id='word_1_840' title='bbox 3442 5799 3623 5858; x_wconf 66' lang='lat' dir='ltr'><strong>merso</strong></span> <span class='ocrx_word' id='word_1_841' title='bbox 3652 5763 3782 5834; x_wconf 51' lang='grc' dir='ltr'><em>Μ</em></span> 
     </span>
    </p>
   </div>
  </div>
