3972 6328
193 379 294 440 697

652 381 882 440 CODEX
917 376 1371 441 REGULARUM.
1413 382 1783 443 APPENDIX.
1826 386 2135 445 EXHORT.
2174 386 2268 445 AD
2308 384 2613 449 MONACH.
2654 391 2745 449 ΕΤ
2784 390 2949 452 VIRG

3324 399 3427 460 698
3448 458 3455 465 .

191 499 410 576 puerilis
427 509 583 570 jocus
620 500 706 556 vel
730 502 891 566 risus,
912 500 1015 558 'sed
1062 501 1353 559 lectionum
1391 502 1751 573 spiritualium
1785 506 1829 566 Α
1860 503 2159 558 retribuere
2210 503 2309 569 illi,
2336 504 2546 561 etiamsi
2574 505 2770 576 possis,
2805 506 2914 562 'sed
2952 507 3072 564 dole
3094 517 3274 580 potius
3327 527 3459 583 pro,

189 606 399 655 cantus.
456 594 575 651 Non
598 602 651 650 te
671 595 882 651 solvant
905 596 960 650 in
1008 594 1177 651 risum
1206 596 1369 650 verba
1398 595 1595 658 inania,
1658 594 1752 650 sed

185 688 463 762 proferant
489 702 557 742 ex
608 694 660 742 te
685 685 865 758 gaudii
894 686 1060 741 risum
1107 683 1471 757 perfectorum
1514 686 1752 743 virorum

188 782 435 845 virtutes,
461 785 522 832 ut
552 776 620 832 ad
653 791 841 832 eorum
870 775 1232 847 Spectaculum
1266 776 1432 831 vitam
1466 784 1612 832 tuam
1638 792 1753 833 mo—

104 878 111 881 “
185 886 383 940 resque
429 883 745 938 componas.
790 866 1072 923 Perfectus
1097 868 1240 922 enim
1265 866 1354 922 iile
1396 867 1615 934 dicitur,
1646 884 1752 922 non

183 961 275 1029 qui
307 960 360 1014 in
396 967 574 1022 aetate,
627 957 722 1013 sed
762 957 935 1027 quiin
972 972 1133 1012 sensu
1173 956 1443 1027 perfectus
1465 965 1586 1023 est;
1645 972 1753 1011 non

182 1046 328 1106 enim
359 1051 457 1106 tibi
495 1050 650 1105 obest
670 1047 895 1119 puerilis
916 1056 1070 1113 tetas,
1093 1047 1140 1102 si
1170 1045 1339 1103 fueris
1376 1056 1553 1102 mente
1578 1046 1752 1116 perfe-

181 1152 343 1207 ctus;
387 1156 487 1197 nec
511 1140 700 1197 senilis
727 1140 824 1195 tibi
851 1138 1096 1210 proderit
1129 1145 1284 1204 tetas,
1333 1137 1379 1193 si
1420 1136 1591 1193 fueris
1618 1152 1753 1209 puer

181 1235 454 1291 sensibus.
504 1232 636 1288 Nam
680 1240 736 1288 et
771 1232 940 1286 David
986 1246 1108 1287 cum
1150 1247 1285 1303 puer
1313 1239 1478 1297 esset,
1526 1239 1583 1286 et
1628 1246 1754 1301 per-

178 1327 382 1382 fectum
400 1340 496 1381 cor
527 1324 753 1379 haberet
782 1323 835 1376 in
863 1321 1110 1386 Domino,
1133 1321 1188 1375 in
1209 1336 1391 1393 regem
1405 1321 1609 1377 electus
1633 1327 1749 1387 est;

178 1426 235 1474 et
270 1416 399 1472 Saul
428 1431 549 1471 cum
576 1413 731 1469 senili
758 1422 916 1469 aetate
949 1421 1095 1469 esset
1120 1413 1411 1485 perfectus,
1458 1413 1583 1483 quia
1614 1413 1669 1467 in
1694 1428 1754 1468 se

178 1507 442 1571 malitiam
490 1504 786 1577 perfectam
834 1506 1043 1571 habuit,
1102 1506 1169 1562 de
1196 1505 1432 1561 culmine
1468 1505 1634 1576 regali
1659 1521 1755 1561 ex-

175 1598 364 1669 pulsus
390 1605 492 1653 est.
548 1596 912 1653 Vetustissimi
963 1595 1078 1666 jant
1103 1605 1262 1652 erant
1302 1597 1606 1666 presbyteri
1661 1597 1754 1667 qui

178 1688 484 1745 Susannam
521 1688 725 1743 violare
752 1688 934 1744 conati
961 1697 1104 1751 sunt,
1153 1702 1290 1757 quos
1334 1688 1522 1743 Daniel
1579 1689 1756 1745 adhuc

176 1780 435 1850 parvulus
462 1780 673 1853 detecto
694 1795 884 1835 eorum
897 1781 1105 1835 scelere
1134 1780 1514 1835 condemnavit
1538 1797 1551 1834 :
1578 1781 1753 1835 etDo-

1850 609 1935 658 eo,
1973 595 2099 664 quia
2144 594 2402 651 Dominus
2432 597 2694 653 irascetur
2723 599 2793 655 ei.
2853 599 2953 667 Qui
2985 601 3129 656 enim
3162 603 3431 673 patienter

1849 688 2134 758 pertulerit
2155 690 2312 756 mala,
2344 692 2399 746 in
2422 691 2658 747 futurum
2684 696 3059 763 coronabitur;
3092 698 3327 767 quivero
3346 699 3430 755 in-

1851 782 2036 836 tulerit
2064 781 2226 848 mala,
2250 784 2301 837 in
2331 784 2418 839 die
2439 785 2580 839 mala
2603 794 2662 841 ut
2689 801 2813 842 reus
2835 772 3200 845 damnabitur.
3227 788 3306 847 Ne
3327 807 3431 863 pro

1850 878 2156 935 carnalibus
2185 879 2397 935 damnis
2419 879 2699 952 frangatur
2724 883 2936 938 animus
2988 892 3129 951 tuus,
3161 898 3263 940 nec
3281 886 3430 958 vigo-

1852 985 1966 1025 rem
2021 970 2295 1040 patientiae
2342 979 2446 1026 tuae
2470 987 2560 1028 res
2587 972 2863 1028 emolliant
2896 974 3130 1041 caducae,
3180 974 3272 1031 sed
3297 975 3430 1031 time

1849 1064 2029 1134 potius
2056 1063 2330 1130 damnum,
2360 1066 2407 1121 si
2440 1081 2472 1120 a
2499 1067 2781 1138 proposito
2820 1075 2915 1123 tuo
2943 1068 3322 1125 retardaveris.
3363 1069 3432 1125 Et

1850 1156 2067 1226 quando
2095 1165 2146 1211 te
2172 1158 2409 1226 peccatis
2436 1159 2728 1215 obnoxium
2754 1161 3014 1226 senseris,
3057 1160 3128 1215 ad
3166 1162 3432 1232 poeniten-

1851 1247 1983 1301 tiam
2009 1247 2117 1302 cito
2152 1248 2393 1303 converti
2422 1264 2489 1303 ne
2515 1250 2893 1318 confundaris;
2926 1252 3017 1320 qui
3042 1252 3185 1307 enim
3208 1252 3298 1307 hic
3315 1266 3431 1322 pm—

1851 1337 2089 1401 nituerit,
2130 1338 2184 1391 in
2214 1337 2505 1393 novissimo
2518 1354 2624 1394 non
2645 1340 2949 1409 paenitebit,
2973 1340 3267 1396 clementer
3287 1341 3433 1396 enim

1851 1429 2109 1484 Dominus
2132 1429 2201 1484 ad
2233 1429 2609 1499 paenitentiam
2659 1430 3030 1503 confugientes
3066 1431 3310 1503 suscipit.
3367 1432 3436 1486 Et

1852 1536 1922 1575 ne
1962 1521 2335 1576 misericordia
2370 1522 2578 1576 Domini
2622 1521 2794 1577 fretus
2830 1524 3069 1593 peccatis
3098 1532 3321 1594 peccata
3347 1524 3437 1579 ad-

1848 1611 2028 1682 jicias,
2082 1627 2256 1681 neque
2292 1612 2430 1669 velis
2458 1612 2684 1668 dicere:
2732 1612 2914 1669 Donec
2938 1614 3084 1685 viget
3118 1623 3251 1671 aetas
3294 1629 3433 1681 mea,

1855 1705 2036 1760 carnis
2085 1705 2575 1776 concupiscentiam
2621 1706 2906 1772 exercebo,
2959 1717 3014 1762 et
3046 1715 3327 1777 postremo
3379 1708 3435 1762 in

1856 1804 2131 1851 senectute
2177 1796 2443 1851 malorum
2496 1811 2740 1851 meorum
2788 1796 3163 1866 paenitentiam
3205 1812 3431 1867 geram:

174 1872 357 1927 minus
408 1880 594 1927 noster
644 1872 920 1942 ingressus
980 1869 1408 1940 Hierosolymam
1455 1872 1746 1940 aparvulis

1855 1889 1978 1957 pius
1996 1903 2228 1958 namque
2251 1897 2336 1944 est
2354 1889 2615 1944 Dominus
2639 1898 2695 1945 et
2718 1889 2943 1945 multum
2972 1890 3307 1956 misericors,
3336 1905 3437 1945 nec

174 1963 533 2018 collaudatur.
564 1960 699 2017 Nam
725 1970 782 2017 et
809 1960 992 2028 arbor,
1026 1962 1154 2018 licet
1177 1962 1247 2017 sit
1270 1963 1559 2018 multorum
1586 1980 1756 2019 anno-

173 2066 319 2118 rum,
356 2053 403 2108 si
438 2051 603 2108 fuerit
654 2051 1012 2119 infructuosa,
1060 2054 1442 2110 abscinditur:
1481 2055 1528 2110 si
1573 2066 1755 2111 autem

173 2143 388 2198 novella
440 2141 605 2201 fuerit
640 2142 834 2200 fertilis
860 2184 876 2211 ,
935 2144 1129 2200 colitur
1182 2153 1243 2202 ut
1298 2147 1467 2219 magis
1513 2146 1755 2217 proferat

177 2234 421 2293 fructus.

749 2330 978 2388 CAPUT
1014 2330 1203 2387 XVIII.

457 2421 536 2477 De
564 2421 824 2475 malorum
863 2423 1201 2479 contubernio
1226 2425 1458 2481 vitando.

246 2510 617 2567 Perfectorum
662 2527 792 2568 vero
839 2514 1082 2569 virorum
1125 2519 1397 2575 consortio
1439 2519 1652 2589 fruere,
1696 2530 1752 2579 et

168 2603 529 2659 contubernio
564 2603 948 2659 abstinentiutn
996 2596 1298 2663 delectetur
1323 2611 1502 2665 anima
1530 2620 1641 2679 tua,
1695 2623 1751 2671 et

169 2709 204 2750 a
248 2693 530 2764 colloquiis
563 2707 748 2749 eorum
773 2709 843 2750 ne
889 2706 1104 2752 avertas
1127 2713 1315 2754 aurem
1354 2708 1533 2757 tuam:
1585 2704 1751 2759 verba

164 2786 317 2842 enim
347 2787 470 2840 vitae
493 2793 619 2840 sunt
641 2787 806 2842 verba
833 2802 1042 2854 eorum,
1075 2798 1131 2844 et
1169 2789 1511 2847 incolumitas
1557 2794 1751 2851 animae

165 2876 241 2933 iis
263 2877 355 2948 qui
377 2891 439 2931 ea
460 2876 690 2933 libenter
712 2880 1018 2934 attendunt.
1083 2880 1235 2936 Sicut
1261 2884 1406 2938 enim
1437 2884 1518 2941 sol
1569 2888 1761 2943 oriens

161 2964 373 3037 effugat
400 2966 703 3039 caliginem,
754 2969 829 3024 ita
850 2979 1159 3026 sanctorum
1183 2974 1430 3029 doctrina
1450 2991 1480 3029 a
1503 2978 1751 3034 sensibus

162 3060 285 3113 tuis
313 3058 533 3129 expellit
564 3060 836 3116 tenebras.
892 3061 1105 3117 Talium
1136 3062 1399 3131 virorum,
1447 3081 1651 3137 quaeso,
1681 3084 1754 3125 ne

163 3150 379 3206 devites
410 3153 713 3218 consortia;
739 3162 798 3208 ut
833 3169 1022 3209 eorum
1047 3158 1433 3216 monitionibus
1481 3176 1633 3218 mens
1656 3170 1749 3219 tua

1853 1978 1995 2032 ultra
2020 1976 2320 2033 facinorum
2349 1993 2592 2033 meorum
2616 1980 3024 2035 memorabitur.
3084 1979 3202 2035 Noli
3231 1980 3432 2045 taliter,

1853 2071 1952 2137 fili,
1969 2071 2230 2141 cogitare,
2246 2070 2372 2140 quia
2389 2085 2601 2125 summa
2619 2070 2846 2125 stultitia
2860 2078 2946 2126 est
2956 2071 3074 2126 haec
3092 2078 3272 2126 mente
3294 2070 3433 2141 apud

1852 2163 2140 2217 Dominum
2186 2162 2519 2231 concipere;
2571 2176 2696 2217 cum
2724 2167 2779 2216 et
2809 2160 3031 2231 impium
3066 2160 3137 2215 sit
3165 2160 3329 2216 talem
3364 2157 3434 2213 li-

1851 2254 2088 2310 centiam
2114 2270 2145 2308 a
2173 2252 2284 2309 Deo
2313 2259 2629 2323 exspectare
2648 2252 2977 2322 quempiam.
3020 2248 3161 2315 Noli,
3190 2250 3435 2319 inquam,

1851 2346 1933 2400 sic
1953 2345 2211 2416 cogitare,
2281 2359 2403 2398 cum
2456 2342 2669 2397 nescias
2702 2356 2809 2412 qua
2859 2340 2948 2396 die
2992 2339 3288 2396 moriturus
3335 2338 3433 2394 sis.

1852 2422 1982 2505 Quis
2003 2438 2147 2493 enim
2171 2436 2615 2492 novitbominum
2638 2434 2780 2489 diem
2803 2428 2980 2488 exitus
2992 2432 3070 2487 sui
3094 2432 3119 2485 ?
3157 2446 3265 2487 non
3290 2429 3437 2486 enim

1849 2543 2038 2583 omnes
2065 2527 2121 2581 in
2152 2533 2427 2581 senectute
2452 2525 2812 2595 privabantur
2828 2522 2935 2579 hac
2957 2522 3078 2579 luce
3097 2562 3112 2589 ,
3143 2523 3238 2578 sed
3260 2521 3315 2577 in
3352 2521 3436 2575 di-

1848 2619 2024 2675 versis
2047 2618 2298 2673 aetatibus
2330 2618 2385 2671 in
2414 2618 2519 2671 hoc
2548 2615 2750 2671 mundo
2769 2614 3105 2687 migrabunt;
3143 2621 3200 2669 et
3236 2613 3293 2667 in
3315 2611 3437 2682 qui-

1848 2709 1952 2764 bus
1982 2708 2195 2763 actibus
2231 2707 2517 2762 vocabitur
2555 2707 2739 2770 homo,
2768 2703 2826 2759 in
2881 2704 3074 2761 iisdem
3097 2716 3321 2759 necesse
3348 2709 3436 2757 est

1850 2800 2079 2855 reddere
2109 2799 2396 2854 rationem.
2449 2795 2621 2851 Nemo
2649 2794 2795 2850 enim
2820 2793 2877 2849 in
2919 2793 3130 2849 inferno
3155 2789 3436 2849 conﬁtebi-

1849 2899 1939 2946 tur
1964 2890 2193 2945 Domino
2238 2887 2412 2960 (Paul.
2439 2885 2540 2959 γι),
2580 2886 2676 2941 sed
2702 2900 2804 2942 nec
2830 2893 2889 2942 tu
2909 2885 3183 2943 cuncteris
3217 2884 3287 2941 ad
3316 2898 3435 2956 pm-

1849 2982 1996 3039 niten
2004 2982 2133 3037 tiam
2162 2980 2424 3037 converti.

2437 3069 2668 3129 CAPUT
2707 3070 2828 3127 XX.

2336 3162 2409 3218 De
2439 3171 2605 3218 morte
2642 3160 2939 3233 cogitanda.

161 3243 412 3335 erigatur
432 3244 501 3299 ad
524 3244 740 3311 caelum,
768 3256 825 3301 et
851 3245 1049 3302 fluxam
1074 3249 1507 3335 saeculigloriam
1535 3270 1635 3325 pro
1660 3255 1747 3311 ni-
1773 3223 1819 3286 C
1919 3255 2147 3327 Semper
2180 3263 2322 3325 ante
2372 3254 2558 3311 oculos
2582 3223 2831 3312 versatur
2862 3251 3088 3308 ultimus
3112 3251 3247 3308 dies.
3297 3250 3431 3308 Cum

158 3334 284 3389 hilo
306 3335 476 3404 possis
493 3335 1108 3406 despicere,etvirtutes
1134 3334 1327 3397 anima:
1356 3343 1743 3402 hauriantsen-

156 3435 266 3475 sus
298 3420 392 3474 tui.
463 3420 652 3477 Devita
676 3423 821 3477 viros
852 3439 988 3493 quos
1016 3442 1146 3498 erga
1177 3429 1439 3485 mandata
1468 3430 1564 3486 Dei
1595 3434 1746 3490 vides

154 3510 524 3583 negligentes,
553 3513 644 3583 qui
687 3515 884 3570 mortui
920 3525 1047 3571 sunt
1075 3517 1368 3575 virtutibus
1397 3528 1454 3576 et
1496 3523 1747 3578 videntur

151 3601 360 3657 vivere
382 3601 736 3670 passionibus,
765 3604 891 3674 quia
914 3604 1166 3661 laetantur
1204 3607 1261 3662 in
1289 3610 1524 3679 propriis
1550 3611 1743 3667 volun-

152 3690 376 3748 tatibus
394 3700 448 3746 et
465 3692 655 3762 gaudio
680 3702 869 3749 carent
887 3695 1087 3751 divino.
1126 3695 1261 3751 Cum
1282 3699 1585 3769 hujusmodi
1613 3700 1746 3756 viris

147 3800 271 3842 nec
299 3786 371 3840 sit
395 3786 491 3842 tibi
521 3785 627 3840 ulla
656 3787 985 3854 commixtio,
1016 3802 1118 3843 nec
1138 3789 1274 3846 velis
1296 3805 1419 3845 cum
1439 3791 1519 3846 eis
1541 3806 1747 3847 sermo-

146 3875 340 3930 cinari
362 3876 595 3941 assidue,
626 3876 728 3931 nisi
751 3879 953 3948 poteris
976 3878 1312 3935 solummodo
1344 3880 1413 3935 ab
1436 3882 1636 3938 erroris
1661 3882 1744 3937 iti-

144 3981 300 4023 nere
326 3982 583 4024 revocare
618 3983 748 4024 eos:
793 3978 1045 4026 caeterum
1068 3971 1118 4027 si
1146 3987 1253 4027 non
1281 3973 1448 4039 vales,
1477 3974 1655 4030 devita
1684 3984 1745 4031 ut

143 4058 440 4131 publicum
482 4061 691 4115 hostem
712 4078 725 4114 :
772 4076 914 4131 saepe
938 4062 1085 4116 enim
1116 4078 1215 4133 per
1238 4079 1401 4119 unam
1418 4079 1572 4119 ovem
1593 4080 1739 4122 mor-

142 4151 347 4207 bidam
370 4166 500 4224 grex
526 4160 669 4207 totus
687 4151 976 4223 polluitur;
1007 4162 1062 4209 et
1086 4156 1296 4211 modica
1321 4172 1447 4227 pars
1463 4155 1603 4213 fellis
1627 4174 1740 4213 ma-

142 4262 330 4319 gnam
357 4247 690 4303 dulcedinem
719 4248 776 4302 in
794 4248 1208 4304 amaritudinem
1234 4251 1417 4315 vertit,
1442 4260 1490 4306 et
1514 4250 1740 4320 femen-

143 4348 276 4393 utm
299 4339 557 4393 modicum
586 4350 749 4394 totam
773 4357 1003 4395 massam
1021 4344 1305 4411 corrumpit
1329 4341 1383 4412 (Ι
1417 4340 1539 4396 Cor.
1563 4343 1636 4413 v).
1693 4340 1740 4396 A

144 4428 259 4484 tali
286 4430 431 4483 enim
453 4429 718 4487 fermento
753 4432 1013 4487 Dominus
1040 4432 1135 4487 tibi
1182 4432 1461 4488 attendere
1496 4433 1740 4503 praecipit

143 4517 381 4591 (Matth.
405 4520 539 4593 xvr).
579 4520 925 4578 Fermentum
950 4523 1053 4579 hoc
1086 4523 1537 4593 nequissimorum
1571 4525 1743 4581 homi—

138 4626 296 4668 num
328 4612 570 4669 doctrina
601 4614 961 4686 intelligitur:
1017 4632 1144 4671 nam
1165 4617 1266 4671 etsi
1304 4616 1359 4671 in
1396 4618 1581 4673 habitu
1615 4618 1737 4687 quis

129 4702 413 4758 videatur
448 4719 565 4760 esse
609 4705 788 4760 clarus
832 4716 887 4760 et
918 4705 1134 4772 nobilis,
1163 4714 1219 4759 et
1238 4705 1413 4761 dulcia
1436 4705 1604 4762 verba
1642 4706 1738 4760 tibi

126 4790 408 4867 proferat
431 4793 723 4865 eleganter,
776 4794 1044 4851 simulatio
1074 4796 1252 4851 cordis
1297 4794 1413 4865 ejus
1458 4811 1525 4851 ex
1553 4797 1739 4852 subse-

125 4883 455 4954 quentibus
504 4884 715 4940 actibus
734 4884 1049 4955 intelligitur
1075 4902 1089 4938 :
1136 4901 1241 4939 non
1266 4886 1409 4940 enim
1437 4900 1503 4941 ex
1533 4886 1735 4951 verbis,

122 4973 259 5031 sed
280 4987 349 5026 ex
370 4972 633 5030 fructibus
660 4976 822 5029 homo
847 4975 1246 5045 comprobatur.
1299 4975 1539 5044 Denique
1572 4990 1737 5044 quam

118 5064 383 5138 plurimi
424 5065 615 5122 callide
662 5066 793 5121 vitia
828 5082 926 5121 sua
971 5067 1149 5122 celare
1181 5066 1460 5133 festinant,
1501 5075 1557 5123 et
1598 5068 1739 5138 apud

116 5154 428 5226 quosdam
449 5156 697 5212 videntur
714 5171 835 5212 esse
850 5156 1146 5222 mirabiles,
1162 5158 1255 5212 sed
1282 5156 1501 5212 floribus
1524 5158 1738 5213 amissis

114 5245 165 5301 Γ
158 5253 375 5323 ructus
393 5246 567 5316 qualis
593 5255 676 5303 est
701 5248 1043 5304 ostenditur:
1074 5263 1198 5303 cum
1222 5264 1352 5304 vero
1373 5249 1464 5304 diu
1490 5250 1632 5304 intra
1663 5250 1738 5305 si-

112 5352 291 5396 num
323 5347 1008 5411 servaveruntserpentem,
1036 5342 1223 5398 attacti
1252 5357 1434 5396 morsu
1453 5340 1570 5411 ejus
1588 5342 1734 5398 intu-

105 5437 432 5494 meseunt,
464 5439 523 5485 et
571 5432 748 5501 palam
780 5432 914 5488 fiunt
941 5433 1209 5499 omnibus,
1236 5433 1363 5511 quia
1402 5433 1531 5489 nihil
1557 5432 1735 5489 occul-

102 5535 272 5580 tum
296 5522 535 5593 estquod
563 5541 666 5579 non
696 5525 1005 5580 revelabitur
1028 5525 1242 5597 (Matth.
1275 5526 1351 5598 x).

746 5617 971 5674 CAPUT
1011 5618 1153 5673 XIX.

317 5699 399 5759 De
428 5705 512 5759 ira
540 5708 822 5762 cohibenda
854 5718 901 5763 et
938 5711 1227 5780 (ii/ferenda
1259 5714 1577 5781 poenitentia.

228 5790 294 5848 Si
323 5794 449 5864 quis
497 5796 597 5852 tibi
627 5798 865 5854 intulerit
884 5802 1046 5867 mala,
1077 5815 1145 5855 ne
1169 5801 1302 5857 velis
1355 5801 1514 5857 irasci
1544 5802 1593 5857 ei
1646 5811 1740 5859 aut

1843 3345 1989 3400 enim
2037 3344 2272 3400 diluculo
2304 3345 2625 3409 surrexeris,
2657 3343 2726 3399 ad
2763 3357 3052 3415 vesperum
3085 3349 3139 3397 te
3179 3340 3425 3410 ambigas

1842 3437 2162 3508 pervenire;
2188 3445 2243 3491 et
2262 3451 2387 3491 cum
2409 3435 2731 3491 inlectulum
2754 3434 2822 3489 ad
2849 3432 3236 3504 quiescendum
3259 3446 3432 3487 mem-

1843 3530 1941 3585 bra
1969 3537 2061 3584 tua
2093 3528 2363 3599 posueris,
2388 3528 2499 3584 noli
2527 3525 2798 3583 confidere
2831 3528 2898 3581 de
2926 3524 3063 3580 lucis
3086 3523 3341 3588 adventu,
3370 3528 3433 3576 ut

1844 3615 2056 3672 facilius
2090 3625 2145 3672 te
2169 3617 2345 3686 possis
2374 3616 2650 3672 refrenare
2689 3614 2759 3670 ab
2785 3613 3034 3671 omnibus
3059 3613 3225 3668 vitiis.
3278 3610 3432 3668 Sem-

1841 3721 1942 3778 per
1968 3722 2063 3761 cor
2099 3715 2249 3762 tuum
2294 3708 2563 3777 promissa
2610 3705 2851 3762 caelestia
2886 3689 3199 3771 meditetur,
3223 3712 3285 3759 ut
3313 3704 3429 3775 ipsa

1843 3804 1898 3851 te
1925 3797 1993 3851 ad
2006 3797 2222 3852 virtutis
2246 3797 2389 3851 viam
2410 3805 2725 3868 provocent.
2751 3796 2880 3852 Esto
2904 3810 3049 3851 nunc
3074 3793 3198 3850 talis
3215 3794 3273 3849 in
3302 3808 3430 3864 ope—

1841 3888 1993 3943 ribus
2016 3888 2173 3944 bonis
2195 3888 2410 3959 qualem
2440 3897 2494 3943 te
2523 3889 2606 3945 vis
2632 3887 2874 3943 futurum
2900 3887 3260 3959 postmodum.
3302 3886 3430 3942 Om-

1841 3977 1932 4031 nia
1972 3986 2189 4033 terrena
2237 3994 2359 4049 qua;
2409 3979 2653 4050 possides
2706 3978 2763 4033 in
2816 3977 3064 4034 caelestes
3116 3978 3429 4034 mansiones

1840 4068 2095 4135 transfer,
2129 4076 2189 4125 ut
2214 4084 2339 4125 cum
2365 4070 2493 4125 illuc
2517 4068 2685 4125 fueris
2711 4065 3005 4138 profectus,
3035 4066 3234 4122 fruaris
3262 4068 3422 4123 bonis

1840 4159 2170 4215 coelestibus.
2222 4161 2493 4217 Bonorum
2518 4174 2739 4232 operum
2762 4166 3007 4230 sumptus
3034 4158 3131 4214 tibi
3152 4159 3209 4213 in
3232 4157 3427 4213 itinere

1837 4265 2106 4321 praepara,
2152 4258 2213 4306 ut
2257 4252 2632 4307 incunctanter
2665 4250 3020 4320 libenterque,
3044 4265 3168 4305 cum
3202 4258 3425 4306 vocatus

1840 4340 2033 4408 fueris,
2060 4357 2255 4412 pergas
2279 4345 2343 4397 ad
2371 4343 2678 4399 Dominum.
2731 4342 2881 4397 Tunc
2898 4356 3023 4397 cum
3052 4356 3085 4394 a
3112 4340 3291 4396 carnis
3308 4340 3425 4393 vin-

1840 4432 1964 4490 culo
2015 4434 2195 4488 anima
2231 4443 2321 4489 tua
2373 4435 2617 4490 absoluta
2643 4432 2826 4499 fuerit,
2876 4447 3003 4488 mox
3032 4431 3087 4485 in
3132 4444 3423 4486 occursum

1841 4535 1991 4582 tuum
2020 4528 2332 4599 angelorum
2380 4529 2578 4583 chorus
2599 4534 2870 4591 occurret,
2911 4539 3071 4581 omne
3112 4532 3422 4581 sanctorum

1840 4634 2033 4690 agmen
2073 4618 2126 4673 in
2156 4620 2261 4672 tuis
2294 4618 2605 4672 miscebitur
2637 4616 3024 4688 complexibus,
3061 4623 3118 4670 et
3144 4622 3196 4671 te
3227 4619 3296 4670 ad
3325 4612 3418 4671 ad-

1839 4709 2105 4765 orandum
2148 4723 2335 4763 verum
2370 4706 2610 4777 judicem
2640 4707 2952 4779 perducent.
2984 4704 3136 4761 Tunc
3178 4703 3273 4759 tibi
3328 4702 3423 4760 fiet

1837 4817 1942 4871 pax
1970 4817 2066 4870 per
2092 4801 2264 4871 girum
2281 4809 2335 4855 et
2363 4816 2571 4855 summa
2604 4799 2888 4862 securitas,
2911 4811 3011 4852 nec
3038 4795 3251 4851 timebis
3276 4793 3419 4848 ultra

1833 4895 2010 4966 jacula
2038 4895 2207 4964 ignita
2229 4893 2446 4949 diaboli.
2498 4891 2613 4946 Non
2642 4892 2737 4946 tibi
2767 4900 3029 4946 terrorem
3054 4888 3281 4943 incutiet
3303 4883 3424 4938 bar-

1838 4988 2094 5042 barorum
2135 4987 2460 5050 immanitas,
2494 5001 2593 5041 nec
2623 4984 2939 5041 formidabis
2986 4983 3167 5037 hostes
3188 4977 3418 5033 ferocis-

1841 5079 2030 5144 simos,
2060 5079 2150 5147 qui
2209 5078 2431 5146 cupiunt
2480 5076 2685 5131 animas
2728 5072 2997 5146 jugulare,
3028 5085 3136 5126 non
3164 5081 3413 5136 corpora,

1840 5185 1948 5225 non
1982 5170 2205 5235 ferrum,
2265 5186 2373 5225 non
2430 5171 2628 5239 ignem,
2661 5183 2769 5223 non
2818 5165 3011 5220 faciem
3055 5160 3415 5217 truculentam
3452 5162 3462 5204 ί

1838 5270 2242 5324 tortorum,non
2264 5260 2480 5325 famem,
2510 5276 2618 5315 non
2647 5259 2812 5321 sitim,
2840 5269 2938 5310 nec
2958 5253 3121 5308 ullam
3141 5248 3418 5322 aegritudi-

1838 5368 1960 5406 nem
2009 5352 2221 5418 carnis;
2271 5368 2372 5407 nec
2405 5360 2613 5407 metues
2664 5348 2922 5403 invidiam
2966 5343 3266 5408 hominum,
3313 5343 3415 5398 nec

1835 5442 2060 5497 insidias
2095 5440 2473 5513 malignorum,
2524 5440 2687 5494 verba
2718 5442 2983 5493 venenata
3019 5432 3303 5488 mulierum
3329 5429 3416 5484 lu-

1834 5536 2025 5603 partim
2053 5551 2069 5600 ;
2113 5550 2214 5589 nec
2233 5535 2377 5590 ultro
2399 5532 2769 5590 atlversabitur
2797 5544 2924 5584 caro
2947 5536 3132 5583 contra
3163 5525 3412 5597 spiritum

1834 5634 1986 5680 tuum
2021 5644 2033 5679 :
2069 5643 2173 5680 non
2202 5627 2416 5681 timebis
2442 5624 2740 5696 periculum
2769 5620 2958 5686 maris,
2975 5635 3075 5675 nec
3094 5618 3230 5673 ullos
3250 5630 3413 5673 casus

1837 5716 2112 5782 adversos,
2159 5719 2254 5772 sed
2305 5720 2421 5771 haec
2469 5716 2648 5770 omnia
2674 5713 3018 5768 sedabuntur.
3072 5710 3204 5767 Cum
3227 5711 3409 5765 anima

1838 5815 1925 5863 tua
1956 5808 2214 5877 abjecerit
2245 5807 2512 5864 sarcinam
2541 5806 2745 5874 carnis,
2774 5813 2900 5862 tunc
2921 5803 3156 5879 Spiritus
3188 5812 3409 5864 sanctus
