1986 3164
88 187 139 217 ’105

520 185 714 216 CONCORDIA
731 186 959 216 REGULARUM.
979 202 1014 208 —
1032 188 1296 218 PROLEGOMENA.

1663 195 1714 226 706

88 247 244 275 Benedictus
271 244 322 272 fuit
347 244 493 272 multorum
527 245 754 273 monasteriorum
785 245 907 276 abbasA
919 245 1053 274 bliotheea
1082 246 1249 275 Corbeicnsi.
1275 248 1376 284 Regula
1396 248 1481 276 sancti
1506 249 1665 280 Columbani
1681 257 1710 281 et

87 298 113 322 et
129 293 212 321 sancti
227 291 376 323 Maximini,
391 297 420 318 ιιι
432 295 525 319 uotum
539 296 582 318 est
595 300 626 319 ex
642 292 700 326 ejus
723 291 794 319 Vita.
814 290 871 317 Hoc

86 345 170 368 autem
186 338 381 366 monasterium
407 338 493 366 sancti
518 337 656 365 Maximini
684 339 765 365 situm
784 341 826 364 est
842 337 870 364 in

86 385 191 414 dimccsi
206 384 406 417 Aurelianensi,
420 392 470 412 nec
486 385 523 411 ita
540 388 673 411 rcmotntn
695 392 711 410 a
734 387 870 411 monaste'

85 433 124 459 rio
138 430 313 458 Floriacensi.
330 430 382 458 Sed
393 431 456 465 quia
476 434 587 457 sanctus
600 429 673 457 Ardo
687 437 740 457 non
761 429 870 464 scripsit

83 476 154 504 hunc
168 479 292 503 sanctum
306 475 480 503 Benedictum
501 475 613 502 Aniante
637 475 761 502 abbatem
787 474 870 502 fuisse

83 521 163 548 etiam
174 520 299 548 abbatem
313 520 471 548 monasterii
484 519 677 553 Floriacensis,
690 520 801 547 omnino
815 527 869 547 non

82 566 233 595 deﬁnimus.

111 611 159 639 Hic
169 611 238 639 liber
245 610 401 639 inscribitur
408 611 555 639 Concordia
565 612 735 647 Regularum.
744 610 819 640 Hanc
828 619 869 639 ra-

80 657 181 685 tionem
193 656 282 684 reddit
291 657 421 684 auctorin
433 665 481 685 sua
489 657 647 693 pnet'atione
659 667 664 684 :
677 667 686 682 ι
697 657 870 692 Quapropter

80 711 127 731 seu
141 707 252 738 propter
267 710 324 736 eos,
338 704 383 739 qui
395 711 442 731 eas
455 704 588 740 (regulas)
601 705 731 732 habentes
744 705 869 740 ignorant

79 749 176 784 quibus
192 749 219 776 in
239 748 306 776 locis
319 749 354 776 sit
367 757 461 777 eorum
474 750 616 777 concordia
629 771 636 782 ,
659 750 761 784 placuit
774 758 869 778 omnes

77 803 112 822 ex
126 794 252 822 omnibus
275 794 302 821 in
320 802 401 821 unum
415 795 549 822 coarctari
561 795 720 827 sententias,
733 802 792 830 qua:
807 803 868 822 cum
880 796 882 798 ’

78 840 169 867 Patris
181 839 319 867 Benedicti
334 841 500 868 concordare
515 844 665 867 noscuntur
684 840 789 875 regula,
803 848 869 874 qua-

76 889 158 914 tenus
175 894 245 914 unus
260 894 293 914 ex
308 886 398 914 multis
418 886 548 914 existeret
573 886 668 918 codex,
692 886 730 913 ita
753 890 783 913 ut
795 886 868 913 beati

73 931 215 960 Benedicti
242 931 448 967 prmcederent,
473 932 571 966 quibus
594 935 739 966 sequentes
764 936 868 959 exterae
882 925 906 955 B

73 978 148 1005 necti
172 981 283 1013 possent
306 986 313 1004 :
336 977 513 1013 quamobrem
529 977 677 1004 Concordia
703 977 868 1012 Regularum

72 1023 119 1051 hic
143 1022 213 1051 liber
238 1024 350 1051 sortitus
375 1026 417 1050 est
442 1030 551 1050 nomen.
573 1033 582 1048 ι
612 1022 651 1049 lta
677 1030 789 1056 prorsus
820 1023 868 1050 do-

72 1072 119 1096 cet
142 1073 254 1097 sanctus
276 1068 349 1096 Ardo
364 1068 445 1103 paulo
463 1072 526 1095 ante
540 1068 640 1096 citatus
660 1072 687 1095 et
702 1068 867 1096 Tritbemius

69 1114 146 1142 libro
160 1114 254 1142 citato.
271 1114 322 1141 Hic
335 1114 404 1141 liber
419 1114 547 1149 appellari
559 1114 641 1142 etiam
658 1118 749 1148 posset
766 1114 867 1142 Catena

69 1159 243 1194 regularum,
258 1163 287 1186 ut
299 1163 362 1187 sunt
380 1163 483 1186 eatena:
498 1159 609 1186 Patrum
624 1166 638 1185 a
655 1159 747 1186 Nieeta
761 1165 788 1186 et
807 1160 867 1187 aliis

70 1205 240 1241 quibusdam
263 1205 365 1232 Graecis
389 1205 545 1232 auctoribus
566 1204 720 1239 composita}
746 1205 773 1232 in
793 1204 868 1232 Psal-

70 1250 189 1283 terium,
205 1250 232 1277 in
248 1250 309 1283 Job,
324 1250 352 1277 in
380 1250 521 1277 Canticum
541 1250 719 1283 canticorum,
737 1251 765 1278 in
779 1251 866 1278 Evan-

69 1296 154 1333 gelia,
171 1300 237 1327 etc..
258 1296 284 1323 in
302 1296 399 1331 quibus
410 1296 618 1324 accumulantur
632 1297 799 1324 diversorum
815 1297 866 1325 Pa-

71 1345 149 1369 trum
174 1341 312 1369 sentcntia‘.
331 1341 364 1368 ad
384 1342 481 1368 horum
505 1341 636 1368 librorum
658 1341 865 1369 elucidationem

70 1390 242 1422 spectantes,
255 1386 317 1414 licet
331 1386 465 1414 interdum
478 1387 592 1414 diversae
605 1387 672 1420 sint,
689 1387 866 1422 quemadmo-

71 1434 140 1461 dum
159 1434 242 1461 etiam
266 1432 410 1468 aliquando
434 1433 568 1468 contingit
592 1433 620 1460 in
644 1434 695 1461 hac
717 1433 867 1461 Concordia

69 1479 243 1515 regularum.

108 1525 204 1553 Codex
217 1533 269 1553 ms.
293 1533 374 1561 quem
391 1526 472 1554 modo
490 1525 605 1558 edimus,
619 1530 743 1560 sumptus
770 1528 812 1553 est
832 1533 866 1553 ex

68 1570 241 1599 bibliotheca
255 1571 413 1599 monasterii
421 1571 507 1598 sancti
518 1571 656 1598 Benedicti
668 1571 863 1604 Floriacensis;

921 291 979 325 ejus
992 292 1192 320 Poenitentialis
1212 301 1278 321 mss.
1295 301 1328 321 ex
1349 294 1511 322 bibliotheca
1528 295 1711 330 Floriacensi;

921 337 986 364 item
1007 338 1066 365 duae
1090 338 1210 372 ejusdem
1238 340 1345 375 Regula:
1364 341 1452 373 editae,
1477 341 1563 368 altera
1582 341 1711 371 editionis

919 384 1092 418 Parisiensis,
1119 386 1204 414 altera
1220 386 1316 414 Insula:
1335 387 1457 415 Goldasti
1477 388 1566 415 studio
1591 393 1619 416 et
1643 397 1710 416 cura

920 432 1003 459 edita.
1029 431 1130 467 Regula
1154 432 1313 467 Paphnutii,
1343 433 1510 468 Serapionis,
1538 434 1657 467 Macarii,
1683 438 1712 462 et

920 478 1033 505 aliorum
1044 485 1095 504 ms.
1108 485 1142 505 ex
1151 478 1314 506 bibliotheca
1325 479 1491 507 Floriacensi
1501 484 1529 507 et
1540 479 1708 508 Corbeiensi.

918 524 1100 552 Accesserant
1113 524 1172 552 duae
1191 526 1299 562 Regula:
1312 526 1423 554 Palmm
1436 534 1498 554 cum
1513 526 1613 562 Regula
1631 527 1711 554 Pauli

920 576 948 599 et
960 571 1089 606 Stephani
1107 579 1173 599 mss.
1187 579 1221 599 ex
1233 572 1398 600 bibliotheca
1413 573 1589 606 Floriacensi,
1603 580 1711 600 necnon

919 616 1029 652 Regula:
1039 617 1126 644 sancti
1138 617 1260 649 Caesarii,
1275 621 1303 645 et
1313 618 1399 645 sancti
1419 618 1514 645 lsidori
1529 626 1645 645 excusas.
1657 617 1713 646 Nec

918 670 1016 697 parum
1032 662 1092 697 opis
1103 662 1253 689 attulerunt
1266 663 1332 690 mihi
1352 663 1460 691 decreta
1481 664 1642 696 Bnrehardi,
1654 664 1713 692 lvo-

919 709 963 737 nis
981 709 1155 736 Carnotensis
1169 713 1196 736 et
1212 709 1344 742 Gratiani,
1357 717 1462 737 necnon
1475 709 1581 737 libellus
1599 713 1710 737 centum

920 755 1127 791 quatuordecim
1146 753 1343 782 sententiarum
1355 755 1389 782 de
1401 755 1561 783 Rectoribus
1573 756 1712 788 Ecclesiae,

920 801 948 828 in
963 800 1060 835 quibus
1080 801 1202 836 quaedam
1216 801 1355 828 sententiae
1367 805 1394 828 et
1419 801 1535 836 capitula
1548 801 1712 837 Regularum

921 846 1002 881 hujus
1027 846 1185 874 Concordiae
1210 847 1338 874 citantur.
1363 845 1515 874 Adfuerunt
1537 846 1619 874 etiam
1645 845 1713 873 mihi

921 896 1024 927 septem
1049 891 1159 927 Regulze
1187 892 1273 919 sancti
1300 891 1438 919 Benedicti
1463 899 1529 918 mss.
1546 898 1639 923 :una,
1668 890 1712 917 cui

920 936 1039 971 adjuneti
1048 941 1128 964 erant
1139 938 1326 965 commentarii
1341 937 1474 965 Ruthardi
1486 936 1612 965 monachi
1621 936 1712 964 Eremi

919 987 1018 1011 saneta
1045 984 1136 1011 Mariae
1154 985 1224 1019 apud
1238 984 1392 1016 Helvetios;
1410 985 1470 1012 duae
1492 991 1526 1011 ex
1546 984 1711 1011 bibliotheca

918 1029 1077 1056 monasterii
1095 1029 1181 1056 sancti
1196 1029 1324 1057 Germani
1346 1038 1361 1056 a
1376 1030 1483 1062 Pratis;
1505 1029 1569 1057 item
1595 1029 1656 1056 duae
1677 1036 1711 1056 ex

917 1076 1081 1104 bibliotheca
1104 1076 1259 1104 monasterii
1284 1076 1370 1103 sancti
1385 1076 1502 1103 Victoris
1516 1076 1628 1103 Parisiis
1643 1075 1708 1108 siti;

916 1129 971 1148 una
982 1130 1015 1149 ex
1031 1122 1197 1149 monasterio
1219 1122 1306 1149 sancti
1324 1122 1454 1156 Ebrulphi
1478 1121 1604 1149 dioecesis
1618 1121 1710 1148 Luxo-

916 1167 1033 1200 viensis;
1049 1172 1184 1201 postrema
1198 1171 1226 1195 et
1243 1168 1378 1195 recentior
1396 1167 1482 1194 sancti
1499 1166 1613 1194 Faronis
1628 1173 1713 1201 prope

917 1212 1027 1240 Meldas.
1043 1212 1090 1240 His
1103 1213 1208 1240 accedit
1221 1213 1325 1248 Regula
1352 1213 1440 1239 sancti
1463 1212 1602 1239 Benedicti
1616 1219 1632 1238 a
1648 1219 1711 1239 san-

918 1262 962 1285 cto
977 1257 1117 1285 Dunstano
1130 1258 1335 1292 archiepiscopo
1347 1257 1538 1284 Cantuariensi
1549 1255 1710 1288 emendata;

911 1302 1172 1337 ~duzcvetustissimm
1184 1302 1311 1330 editionis
1322 1302 1496 1334 Parisiensis,
1511 1301 1598 1329 altera
1612 1308 1645 1327 ex
1654 1299 1710 1328 olli-

919 1349 980 1376 cina
992 1348 1103 1376 Colinxei
1118 1349 1287 1384 typographi,
1296 1348 1381 1375 altera
1395 1348 1468 1376 edita
1483 1347 1574 1375 studio
1585 1350 1612 1374 et
1626 1353 1711 1381 opera

916 1393 1047 1421 Guidonis
1060 1393 1197 1422 Iuvenalis
1215 1393 1321 1421 abbatis
1335 1393 1423 1420 sancti
1437 1392 1546 1427 Sulpitii
1560 1392 1713 1419 Bituricen-

917 1440 965 1472 sis,
988 1447 1050 1467 cum
1064 1439 1122 1474 ejus
1136 1440 1361 1474 interpretatione
1375 1438 1493 1470 Gallica,
1510 1442 1538 1466 et
1557 1446 1612 1475 una
1636 1437 1714 1465 Colo-

917 1486 1020 1514 niensis
1042 1494 1112 1514 anno
1135 1485 1223 1519 1575,
1250 1486 1323 1514 edita
1345 1494 1397 1513 una
1423 1493 1484 1513 cum
1507 1484 1713 1512 commentariis

919 1532 1060 1567 Smaragdi
1073 1536 1101 1559 et
1115 1532 1227 1560 Joannis
1244 1540 1260 1559 a
1275 1533 1495 1560 Turrecremata.
1510 1530 1618 1565 Aliquid
1629 1530 1711 1558 etiam

918 1577 1011 1605 auxilii
1035 1577 1113 1604 nobis
1129 1577 1245 1605 contulit
1259 1577 1437 1604 Alamannica
1464 1575 1651 1611 interpretatio
1663 1583 1711 1602 vo-

69 1617 107 1644 ad
134 1617 211 1652 cujus
240 1617 448 1645 elucidationem
473 1621 501 1644 et
526 1617 731 1652 castigationem
758 1616 867 1644 fuerunt

921 1625 1075 1653 eabulorum
1092 1624 1203 1659 Regulae
1219 1624 1306 1652 sancti
1324 1623 1460 1651 Benedicti
1476 1631 1490 1650 a
1504 1622 1610 1650 Kerone
1630 1621 1712 1650 disci-

69 1663 155 1690 nobis
184 1663 331 1690 auxiliares
346 1663 430 1697 copiae
452 1663 520 1690 alter
534 1663 619 1690 codex
636 1671 686 1691 ms.
707 1663 866 1691 Concordiae

70 1708 249 1744 Regularum,
265 1717 298 1736 ex
313 1709 477 1736 bibliotheca
488 1710 646 1737 monasterii
662 1714 764 1737 sancta:
776 1710 867 1737 Trini-

71 1755 143 1782 tatis
165 1755 199 1781 de
222 1754 381 1787 Vindoeino,
398 1750 479 1790 quem
505 1756 584 1783 nobis
597 1756 767 1783 eommodato
792 1756 867 1784 dedit

69 1799 253 1827 Reverendus
277 1800 419 1827 admodum
445 1801 528 1828 abbas
557 1801 678 1836 ejusdem
704 1801 863 1828 monasterii

69 1845 193 1873 Michael
207 1845 341 1874 Snbletus.
350 1847 451 1882 Regula
463 1847 582 1883 Magistri
591 1855 642 1875 ms.
655 1856 689 1875 ex
702 1847 865 1875 bibliotheca

68 1893 249 1926 Corbeiensi;
277 1894 378 1930 Regula
393 1894 479 1922 sancti
501 1894 643 1922 Fructuosi
665 1895 864 1930 archiepiscopi

67 1939 253 1967 Braeareusis
267 1947 318 1967 ms.
333 1948 367 1967 ex
385 1940 547 1968 bibliotheca
558 1941 716 1968 monasterii
733 1941 865 1968 Crassen—

69 1983 132 2016 sis;
146 1983 255 2018 Regula:
270 1986 356 2012 sancti
369 1985 511 2021 Augustini
527 1990 555 2013 et
569 1985 681 2013 Patrum
694 1994 760 2014 mss.
777 1994 810 2013 ex
825 1986 866 2013 bi-

914 1671 979 1706 pulo
993 1671 1079 1699 sancti
1090 1671 1215 1698 0thmari
1228 1670 1334 1697 abbatis
1350 1669 1502 1697 elaborata.

952 1717 1064 1744 Librum
1079 1716 1151 1743 notis
1165 1720 1193 1743 et
1211 1715 1448 1742 observationibus
1463 1712 1660 1740 illustravimns
1684 1712 1713 1739 in

918 1761 1015 1796 quibus
1040 1761 1115 1788 locos
1148 1760 1323 1787 obsettriores
1354 1759 1542 1794 explicamus,
1570 1760 1715 1790 corruptos

917 1807 1095 1842 castigamus,
1114 1810 1142 1833 et
1155 1805 1271 1832 diversis
1293 1804 1455 1833 lectionibus
1472 1810 1532 1838 quae
1547 1801 1657 1830 inutiles
1671 1802 1713 1829 vi-

919 1852 1064 1883 debantur,
1078 1850 1200 1885 rejectis,
1212 1850 1292 1877 utiles
1313 1849 1387 1877 solas
1410 1849 1575 1876 notavimus.
1592 1847 1656 1875 Haec
1672 1850 1715 1873 est

919 1901 976 1924 tota
989 1896 1075 1923 nostri
1092 1896 1207 1924 instituti
1220 1895 1302 1923 ratio.
1316 1894 1397 1922 Faxit
1410 1894 1482 1921 Deus
1492 1897 1523 1921 nt
1543 1893 1602 1921 hac
1621 1892 1714 1920 omnia

919 1942 946 1969 in
965 1942 1006 1969 sui
1030 1941 1148 1969 nominis
1172 1941 1287 1976 gloriam
1305 1940 1412 1973 cedant,
1428 1943 1456 1966 et
1480 1939 1508 1966 in
1526 1943 1612 1970 tuam,
1626 1937 1714 1965 lector

918 1987 1059 2020 benevole,
1074 1986 1229 2014 utilitatem.

77 2046 1704 2059 Ἦ

466 2093 530 2130 DE
559 2093 724 2133 HUJUS
752 2094 1054 2135 GONCORDLE
1093 2097 1315 2137 REGULIS

645 2171 867 2208 EARUMQUE
889 2172 1149 2205 AUCTORIBUS.

111 2277 155 2305 Ad
169 2277 315 2305 faciliorem
326 2278 405 2313 hujus
417 2278 572 2306 Concordiae
587 2278 789 2313 intelligentiam
803 2288 867 2314 ope-
881 2283 906 2312 D

67 2322 115 2343 rae
132 2315 246 2348 pretium
269 2320 310 2341 est
326 2315 351 2341 in
375 2315 432 2348 ipso
452 2315 545 2341 limine
560 2315 660 2348 aliquid
682 2315 714 2342 de
727 2315 835 2349 Regillis
852 2324 866 2342 a

65 2354 174 2379 nostro
188 2354 297 2377 auctore
312 2350 432 2383 prolatis,
448 2357 594 2384 earumque
610 2351 786 2385 scriptoribus
798 2359 868 2385 pra:-

64 2386 179 2416 libare;
195 2385 270 2419 prius
287 2386 330 2411 hic
343 2385 464 2419 subjecto
478 2386 633 2412 earumdem
650 2386 781 2420 catalogo.

171 2430 196 2466 ᾖ,
208 2429 309 2466 Regula
324 2431 409 2457 sancti
422 2430 511 2466 Patris
527 2429 675 2458 Benedicti.

167 2465 193 2492 2.
232 2480 266 2485 —-
321 2466 406 2493 sancti
422 2465 569 2493 Pachomii.

169 2500 196 2527 3.
235 2516 270 2521 —
325 2501 411 2528 sancti
424 2501 547 2528 Orsiesii.

168 2535 195 2563 4.
233 2551 268 2556 -
323 2536 478 2564 Orientalis.

169 2571 196 2599 5.
234 2586 269 2592 -—
323 2572 410 2599 sancti
425 2571 545 2599 Macarii.

169 2606 194 2634 6.
233 2622 268 2628 —
322 2607 386 2634 item
400 2607 520 2634 Macarii.

168 2642 195 2669 Ἰ.
233 2657 270 2663 —
322 2642 444 2670 Patrum.

169 2678 197 2706 8.
235 2693 272 2699 —
326 2678 390 2706 item
401 2678 521 2705 Patrum.

170 2713 196 2742 9.
234 2729 270 2734 —
323 2714 388 2742 item
403 2714 524 2741 Palmm.

154 2749 198 2777 IO.
237 2765 273 2770 —
325 2749 411 2777 sancti
426 2749 527 2777 Basilii.

154 2785 197 2813 11.
237 2800 271 2805 -
325 2785 411 2812 sancti
426 2785 592 2820 Hieronymi.

154 2820 198 2856 12.
234 2836 269 2842 --
323 2821 409 2856 sancti
421 2820 572 2856 Augustini.

155 2855 197 2884 l5.
236 2871 271 2877 —
325 2855 457 2883 Cassiani.

152 2891 198 2919 M.
235 2906 271 2913 —
324 2891 452 2925 Stephani
467 2895 496 2919 et
510 2891 596 2919 Pauli.

236 2943 272 2949 —-
326 2926 510 2955 Tarnatensis.

991 2281 1036 2309 16.
1052 2280 1155 2316 Regula
1169 2281 1256 2308 sancti
1267 2280 1388 2308 Caesarii.

994 2316 1038 2343 17.
1075 2314 1111 2335 4
1164 2317 1251 2343 sancti
1265 2315 1403 2343 Aureliani
1414 2314 1545 2350 episcopi.

994 2352 1037 2380 18.
1075 2366 1110 2371 -
1165 2352 1250 2378 sancti
1268 2351 1388 2379 Ferreoli
1407 2350 1535 2386 episcopi.

994 2387 1038 2414 l9.
1075 2402 1111 2406 —
1166 2387 1251 2414 sancti
1267 2387 1361 2414 lsidori
1373 2386 1503 2422 episcopi.

993 2423 1037 2463 2t).
1075 2437 1111 2442 -—-
1164 2423 1250 2463 sancti
1265 2422 1408 2463 Fructuosi
1420 2422 1548 2463 episcopi.

992 2458 1037 2484 21.
1076 2473 1111 2477 —
1165 2457 1277 2484 alterius
1299 2457 1451 2485 Fructuosi.

993 2493 1039 2520 22.
1076 2508 1112 2512 -
1166 2493 1250 2520 sancti
1266 2493 1435 2521 Columbani.

992 2528 1037 2555 25.
1075 2543 1111 2548 -—
1165 2528 1272 2555 Donati.

994 2563 1038 2590 24.
1076 2578 1111 2583 -—
1165 2563 1297 2598 Magistri.

993 2598 1038 2625 25.
1075 2612 1111 2618 —-
1164 2598 1302 2632 cujusdam
1316 2598 1414 2626 Patris.

994 2633 1039 2660 ‘26.
1076 2648 1112 2653 -—
1166 2634 1231 2661 item
1249 2633 1388 2667 cujusdam
1403 2633 1503 2661 Patris.

958 2679 1035 2713 Quod
1047 2684 1151 2714 spectat
1161 2681 1194 2707 ad
1205 2680 1333 2716 Regulam
1345 2680 1432 2707 sancti
1439 2679 1588 2712 Benedicti,
1602 2679 1717 2716 ejusque

923 2719 1061 2743 auctorem
1071 2736 1078 2748 ,
1099 2723 1151 2742 non
1167 2720 1209 2743 est
1221 2715 1293 2750 quod
1308 2716 1494 2747 immoremur,
1517 2723 1578 2743 eum
1591 2715 1716 2745 multi’de

924 2752 958 2778 iis
970 2751 1052 2778 multa
1066 2751 1234 2786 scripserint.

958 2787 1059 2821 Regula
1077 2787 1162 2814 sancti
1183 2786 1321 2814 Paehomii
1334 2793 1387 2822 non
1402 2789 1444 2814 est
1454 2794 1485 2822 ea
1500 2794 1559 2822 qua:
1574 2787 1607 2814 ab
1619 2787 1716 2822 angelo

924 2822 1024 2850 dictata
1042 2822 1112 2857 apud
1129 2822 1276 2849 Palladium
1294 2822 1320 2857 in
1333 2821 1453 2849 Historia
1466 2821 1597 2850 Lausiaca
1612 2821 1712 2856 exstat,

925 2858 971 2886 sed
988 2856 1088 2894 estea,
1103 2857 1233 2894 etiam_ab
1245 2856 1340 2892 angelo
1356 2857 1623 2894 revela_ta,rquamide
1632 2857 1715 2894 {Egy-

924 2893 1120 2929 ptiacailingua
1133 2893 1160 2920 in
1178 2892 1299 2929 Grzpcam
1315 2899 1421 2929 versam
1433 2892 1555 2920 Latinam
1573 2893 1637 2929 fecit
1651 2892 1714 2929 san-

924 2926 985 2956 Etus
1007 2928 1194 2963 Hieronymus.
1211 2927 1277 2962 Qua:
1290 2927 1398 2964 quidem
1414 2935 1468 2957 non
1488 2932 1531 2957 est
1556 2928 1639 2956 solius
1660 2926 1711 2955 Pa-
