4044 6338
586 331 682 388 711

1612 335 1669 390 S.
1709 330 2072 389 BENEDICTI
2105 330 2397 388 ABBATIS
2433 331 2846 388 ANIANENSIS

3739 333 3847 388 ’112

589 471 610 504 ι
654 449 890 532 capitulo
902 451 1080 532 tertio,
1100 452 1179 508 sic
1191 449 1318 505 dicit
1335 468 1347 503 :
1366 448 1734 532 Nihilocculte
1745 447 2046 532 accipiatis;
2063 444 2159 532 sed
2185 454 2239 512 Α
2267 452 2446 532 autem
2463 445 2526 499 sit
2560 444 2696 532 alter
2715 442 3179 532 hilchructuosus,
3199 458 3312 532 lncn
3337 442 3468 526 mihi
3500 441 3681 532 plane
3695 460 3846 502 eom-

590 543 608 576 ι
655 524 698 578 si
713 518 835 592 quis
854 523 1289 594 propinquusaut
1311 519 1739 594 amicusiaiiquid
1767 518 2156 594 in_vesti_mento

589 614 607 645 ι
655 588 748 647 aut.
789 588 872 646 in'
899 588 1166 654 au‘rofvel
1211 591 1352 646 aliud
1391 591 1748 658 quodcunque
1803 588 2011 642 dederit
2065 595 2158 640 aut

589 683 607 714 ι
653 663 1037 727 transmiserit,
1085 662 1139 715 in
1184 670 1448 731 potestate
1493 660 1564 731 sit
1612 658 1917 731 abbatissre,
1955 678 1972 708 ι
2004 667 2154 731 etc_.;

583 749 703 803 qua:
731 733 898 785 verba
926 733 998 784 ita
1026 727 1260 786 citantur
1303 731 1356 785 in
1387 731 1487 803 hac
1513 727 1813 803 Concordia
1851 737 2056 782 mutato
2077 728 2158 782 fe-

582 798 786 856 minino
816 816 1014 871 genere
1040 816 1395 871 personarum
1423 798 1855 871 innimasculinum
1883 813 2160 871 premere

585 868 1056 927 auctoris'nostrii
1075 870 1203 941 Cap.
1232 871 1300 925 60
1328 889 1340 924 :
1377 889 1396 922 ι
1434 869 1577 923 Nihil
1599 868 1808 941 occulte
1837 869 2122 941 accipiatis
2142 884 2155 920 :

586 942 680 997 sed
719 941 766 996 si
809 942 930 1011 quis
957 938 1302 1011 propinquus
1330 948 1422 1011 aut
1453 941 1662 995 amicus
1688 939 1888 1011 aliquid
1919 939 1970 992 in
1989 938 2160 1011 vesti-

585 1020 768 1066 mento
789 1009 881 1064 aut
921 1009 1073 1076 auro,
1125 1009 1211 1067 vel
1257 1009 1400 1065 aliud
1441 1011 1799 1080 quodcunque
1821 1009 2029 1080 dederit
2069 1017 2163 1062 aut

587 1081 1040 1146 transmiserit,in
1066 1089 1330 1150 potestate
1354 1081 1428 1135 sit
1451 1081 1682 1144 abbatis,
1713 1089 1821 1150 etc.
1860 1098 1879 1131 ι
1911 1079 2159 1150 Alteram

586 1151 885 1216 monachis,
915 1158 974 1206 ut
1003 1149 1222 1220 planum
1259 1160 1342 1206 est
1363 1166 1429 1205 ex
1455 1165 1576 1220 cap.
1608 1151 1676 1206 69
1704 1149 2038 1215 Concordiae,
2070 1149 2163 1203 ubi

585 1221 701 1293 huic
728 1221 993 1293 habentur
1029 1236 1096 1276 cx
1121 1220 1323 1293 Regula
1361 1221 1532 1293 sancti
1562 1220 1837 1293 Aureliani
1868 1221 2156 1293 episcopi_:

590 1309 611 1344 ι
655 1290 840 1346 Nullus
890 1291 1149 1346 honorem
1179 1290 1502 1362 presbyterii
1543 1301 1637 1345 aut
1663 1291 1984 1362 diaconatus
2011 1290 2164 1362 acci-

583 1362 718 1432 piat,
743 1369 940 1431 praater
969 1360 1238 1442 abbatem.
1283 1360 1856 1442 Si‘volueritbrdinari
1885 1361 2166 1442 presbyte-

584 1430 704 1485 rum
746 1430 803 1486 et
831 1447 997 1485 unum
1040 1430 1323 1486 diaconum
1359 1441 1414 1487 et
1458 1431 1844 1486 subdiaconum
1874 1446 2010 1499 quos
2051 1430 2165 1500 ipse

581 1501 832 1566 voluerit,
863 1502 1148 1572 ordinandi
1178 1503 1376 1557 habeat
1409 1511 1727 1572 potestatem
1760 1517 1774 1566 ;
1826 1502 1870 1555 si
1903 1516 2033 1555 vero
2056 1503 2166 1556 Deo

581 1573 820 1643 propitio
851 1572 926 1626 ita
964 1571 1326 1641 profeceritis,
1363 1571 1425 1626 ut
1460 1573 1654 1642 aliquis
1676 1587 1742 1625 ex
1773 1572 1928 1643 vobis
1953 1573 2020 1625 ad
2057 1573 2167 1642 epi-

584 1641 861 1713 scopatum
893 1649 1126 1713 petatur,
1181 1643 1293 1713 ipse
1322 1643 1466 1697 solus
1493 1641 1820 1713 egrediatur.
1845 1661 1862 1692 ι
1898 1641 2027 1708 Qua:
2049 1641 2168 1712 qni-

584 1711 706 1768 dem
735 1711 896 1766 verba
920 1711 1226 1768 nullatenus
1251 1711 1582 1767 monialibtis
1605 1713 1892 1768 convenire
1920 1711 2162 1782 possunt.

655 1782 860 1852 Regula
895 1782 1067 1838 sancti
1092 1782 1330 1838 Ferreoli
1364 1800 1394 1838 a
1419 1783 1722 1838 Trithemio
1750 1783 1922 1853 capite
1951 1783 2168 1838 laudato

581 1853 906 1924 citaturisub
931 1853 1151 1924 nomine
1173 1855 1347 1909 sancti
1395 1854 1633 1908 Ferreoli
1661 1855 1896 1924 episcopi
1940 1863 1995 1908 et
2020 1869 2167 1906 mar-

583 1923 736 1996 tyris.
787 1921 896 1978 Sed
925 1922 1059 1996 duos
1087 1924 1206 1995 lego
1231 1934 1502 1996 martyres
1531 1921 1958 1996 Ferreolos,non
1989 1932 2167 1978 tamen

582 1993 865 2064 episcopos
913 2011 926 2047 :
967 1993 1197 2048 alterum
1247 1997 1340 2064 qui
1378 1993 1742 2058 'Vesuntione,
1795 1995 2024 2048 alterum
2072 1997 2167 2063 qui

638 2065 809 2118 ienna:
851 2079 1045 2134 passus
1074 2073 1157 2118 est
1190 2081 1206 2130 ;
1247 2065 1382 2120 alios
1429 2067 1564 2121 duos
1617 2065 1901 2120 Ferreolos
1931 2065 2170 2120 historiae

583 2142 1026 2206 commemorant,
1043 2135 1326 2206 episcopos
1355 2137 1596 2206 quidem,
1613 2137 1706 2190 sed
1730 2151 1835 2190 non
1867 2144 2166 2206 martyres:

582 2203 810 2277 alterum
841 2203 1314 2277 Lemovicensein,
1369 2203 1437 2262 de
1467 2223 1574 2277 quo
1617 2215 1838 2261 sanctus
1877 2203 2170 2277 Gregorius

584 2274 916 2346 Turonensis
969 2275 1062 2330 lib.
1103 2291 1152 2340 v,
1200 2277 1439 2346 cap.‘28,
1471 2274 1561 2346 qui
1591 2277 1912 2344 subscripsit
1941 2274 2169 2346 concilio

586 2344 969 2400 Matisconensi
1016 2362 1056 2400 ιι
1087 2348 1187 2401 sub
1207 2344 1528 2402 Guntranno
1572 2363 1727 2416 rege;
1776 2351 2004 2400 alterum
2036 2345 2172 2400 Uce—

583 2416 846 2470 ticensetn
878 2431 974 2471 seu
1010 2417 1361 2472 Uceciensem
1397 2419 1448 2471 in
1485 2419 1654 2480 prima
1687 2416 2044 2480 Narbonensi,
2076 2432 2169 2470 ne-

583 2434 846 2470 ucensetn
878 2434 974 2471 seu
1016 2434 1361 2472 uceciensem
1397 2435 1448 2471 in
1478 2434 1516 2540 ε

582 2496 765 2556 potem
792 2493 848 2539 et
877 2501 1246 2556 successorem
1276 2488 1448 2542 sancti
1501 2487 1516 2502 ‘

585 2555 754 2624 Scopi,
777 2563 836 2607 ut
857 2555 1089 2609 habetur
1109 2558 1160 2610 in
1192 2557 1429 2624 ejusdem
1446 2557 1672 2610 Firmini
1694 2558 1810 2611 Vita
1827 2555 2168 2620 ms.,nullum

582 2640 714 2698 vero
733 2625 1044 2698 episcopum
1066 2636 1120 2698 et
1142 2636 1456 2698 martyrem.
1489 2628 1658 2696 Hujus
1675 2627 1888 2698 Regulae
1907 2637 2098 2698 auctor
2111 2642 2170 2682 se

585 2695 641 2766 in
663 2693 979 2765 prelatione
1003 2693 1597 2766 episcopum'nominat,
1626 2709 1679 2753 et
1708 2693 1888 2752 multis
1923 2697 2055 2751 locis
2079 2699 2172 2752 hu-

587 2765 672 2838 ﬁts
699 2766 1014 2838 Concordiae
1036 2765 1126 2820 fita
1159 2765 1474 2836 appellatur.
1537 2769 1611 2822 Ex
1643 2770 1726 2823 bis
1772 2769 1935 2838 igitur
1961 2767 2168 2824 duobus

631 2835 856 2907 erreolis
877 2838 1143 2907 episcopis
1172 2835 1502 2906 probabilius
1525 2848 1609 2893 est
1636 2835 1983 2894 Uceciensem
2009 2838 2169 2906 hujus

587 2906 806 2980 [iegube
851 2923 972 2980 esse
1012 2906 1310 2963 auctorem.
1377 2909 1557 2980 Stylus
1580 2909 2168 2980 enimihujusRegulm

588 2977 828 3048 alarum
854 2978 1009 3048 stylis
1034 2987 1272 3048 praestat,
1310 2977 1530 3034 sanctus
1558 2995 1688 3035 vero
1717 2977 2003 3035 Ferreolus
2030 2977 2168 3034 Uce-

584 3047 786 3102 ciensis
806 3046 1017 3120 fuit’vir
1037 3046 1334 3120 litteratus,
1364 3051 1454 3118 qui
1479 3051 1734 3120 epistolas
1763 3051 1937 3120 instar
1955 3048 2168 3120 Sidonii

588 3119 910 3188 composuit,
973 3127 1106 3174 teste
1143 3118 1404 3188 Gregorio
1428 3118 1748 3185 Turonensi,
1795 3118 1887 3172 lib.
1916 3118 2160 3184 v1Hist.,

585 3203 706 3258 cap.
731 3188 785 3258 8.
832 3189 1101 3244 Praeterea
1147 3190 1236 3244 hic
1256 3188 1544 3245 Ferreolus
1570 3191 1782 3246 dedicat
1810 3205 1963 3243 suam
1985 3189 2164 3258 Regu-

586 3257 697 3313 lam
729 3257 980 3314 Lucretio
1002 3261 1274 3330 episcopo,
1305 3261 1396 3329 qui
1419 3276 1550 3316 sane
1577 3261 1752 3316 nullus
1792 3259 2005 3314 videtur
2029 3257 2166 3330 alius

585 3343 707 3401 esse
735 3344 902 3401 quam
924 3329 1208 3385 Lucretius
1223 3331 1513 3401 episcopus
1536 3332 1782 3394 Deensis,
1825 3338 1885 3401 nt
1923 3343 2020 3383 suo
2045 3329 2166 3386 loco

585 3399 816 3455 dicetur.
873 3399 1007 3455 Cum
1035 3401 1180 3455 enim
1221 3398 1428 3456 Dcecia
1453 3403 1524 3456 sit
1551 3402 1606 3456 in
1626 3403 1799 3471 prima
1831 3398 2165 3471 Narbonensi

583 3485 691 3524 non
725 3471 913 3540 procul
941 3487 972 3524 a
1001 3471 1280 3532 Rhodano,
1321 3487 1422 3526 nec
1444 3471 1578 3527 adeo
1618 3469 1823 3526 remota
1847 3486 1876 3523 a
1901 3469 2008 3523 Dea
2028 3471 2164 3525 civi-

583 3547 696 3595 tate
722 3540 824 3595 sita
857 3541 911 3594 in
938 3541 1217 3610 provincia
1249 3541 1574 3607 Viennensi;
1609 3543 1802 3596 civitas
1822 3556 1952 3595 vero
1973 3540 2168 3595 Lemo-

582 3612 758 3682 vicum
773 3611 1369 3682 ren10lissima,rquippe
1394 3627 1513 3682 qua:
1527 3614 1709 3682 jaceat
1735 3613 1787 3666 in
1809 3611 1984 3682 prima
1999 3611 2166 3679 Aqui-

581 3681 762 3747 tania;
794 3681 1106 3736 Ferreolum
1135 3680 1481 3738 UCeciensem
1517 3680 1842 3736 familiarem
1867 3680 2034 3735 fuisse.
2060 3682 2167 3734 Lu-

583 3752 759 3806 cretio
794 3752 1047 3822 episc0po
1083 3751 1303 3817 Deensi,
1350 3769 1512 3822 quam
1556 3752 1870 3807 Ferreolum
1918 3750 2166 3822 Lemovi-

583 3836 802 3876 censem
815 3821 1123 3891 credibilius
1147 3829 1247 3876 est.
1290 3821 1560 3878 Hi’autem
1582 3831 1691 3877 tres
1713 3821 1948 3891 episcopi
1975 3823 2164 3876 eodem

585 3898 831 3960 tempore
855 3889 1171 3946 ﬂoruerunt.

655 3960 860 4033 Begnla
883 3962 1055 4033 sancti
1091 3962 1286 4016 lsidori
1311 3961 1546 4033 episcOpi
1573 3970 1658 4016 est
1685 3961 1860 4032 Magni
1907 3962 2050 4016 illius
2068 3963 2164 4017 lsi-

581 4026 701 4083 dori
741 4026 1088 4102 Hispalensis
1137 4026 1395 4102 episcopi,
1448 4026 1570 4102 qum
1616 4026 1799 4086 exstat
1856 4033 1998 4084 inter
2047 4034 2163 4100 ejus

581 4111 747 4167 Opera
798 4097 1032 4154 Gelenius
1085 4097 1229 4155 edita
1281 4097 1483 4155 46H.—
1530 4102 1680 4156 Hanc
1739 4113 1979 4156 recenset
2023 4097 2164 4157 inter

583 4168 757 4224 sancti
779 4168 968 4226 lsidori
998 4171 1198 4241 scripta
1247 4181 1466 4226 sanctus
1499 4171 1714 4227 Braulio
1742 4174 2026 4240 episcopus
2049 4173 2164 4228 Cae-

581 4246 1047 4311 saraugustanus:
1112 4259 1130 4292 ι
1161 4241 1473 4296 Monasticaa
1499 4243 1712 4310 Regula:
1763 4244 1956 4296 librum
1995 4259 2158 4298 unum

581 4324 745 4392 quem
774 4324 874 4392 pro
901 4311 1222 4392 patriaiusu
1237 4321 1304 4392 et
1362 4311 1725 4392 invalidoruni
1747 4313 1943 4366 animis
1975 4315 2162 4392 decen-

581 4379 789 4451 tissime
812 4379 1149 4451 temperavit.
1184 4401 1206 4435 ι
1236 4381 1354 4438 Non
1374 4382 1600 4436 multum
1624 4382 1802 4438 ditfcrt
1828 4398 1858 4437 a
1873 4385 2046 4437 sancti
2061 4385 2162 4439 lle-

578 4450 778 4522 nedicti
809 4450 1028 4522 Regula.

651 4512 1051 4594 Regulas'ancii
1077 4522 1358 4581 Fructuosi
1392 4524 1585 4594 duplex
1615 4526 1704 4582 hic
1731 4512 1958 4580 citatur:
1990 4526 2160 4580 altera
2186 4520 2240 4580 D
2265 4525 2415 4594 prior
2452 4527 2805 4581 monasticam
2852 4528 3246 4582 observantiam
3278 4536 3334 4582 et
3366 4512 3608 4594 regulam
3653 4527 3709 4579 in
3763 4512 3858 4580 Hi-

579 4588 757 4666 Magni
813 4590 954 4666 illius
1001 4592 1283 4666 Fructuosi
1332 4588 1603 4664 pontiﬁcis
1633 4597 2000 4660 Bracarensis,
2039 4612 2160 4666 qua:

581 4658 956 4739 complectitur
987 4663 1226 4739 q_uin_que
1248 4674 1305 4720 et
1327 4658 1529 4739 viginti
1541 4668 1739 4739 capita,
1781 4675 1840 4718 ut
1861 4678 1944 4720 est
1989 4658 2159 4721 in'co-

581 4728 698 4809 dice
722 4743 822 4809 nis.
856 4728 1428 4809 abbatiteGra_ssensi§,
1449 4728 1865 4809 cujus-primum
1891 4744 2062 4809 caput
2085 4739 2159 4792 ita

582 4797 816 4867 incipit:
856 4797 989 4874 Post
1031 4801 1358 4874 dilectionem
1407 4797 1652 4874 prolimi'.
1705 4807 1760 4858 Id
1802 4806 1935 4859 satis
1967 4797 2159 4860 uotum

578 4877 747 4943 estex
778 4883 909 4943 cap._
930 4870 996 4924 18
1016 4872 1254 4943 ejusdem
1281 4870 1514 4942 Regulae,
1552 4876 1604 4928 in
1627 4891 1735 4943 quo
1767 4877 2024 4928 statuitur
2051 4892 2157 4930 una

579 4939 998 5009 Quadragesim».
1015 4939 1304 5009 jejunanda
1329 4939 1456 4999 ante
1477 4939 1670 4999 festum
1693 4954 2000 4999 sanctorum
2019 4943 2160 5001 Justi

576 5018 632 5064 et
661 5008 902 5081 Pastoris
933 5028 945 5063 :
996 5008 1158 5081 quam
1187 5028 1318 5067 sane
1373 5014 1603 5068 instituit
1631 5023 1848 5069 sanctus
1889 5015 2156 5070 Fructuo-

575 5080 844 5156 sus,_quia
874 5080 1029 5134 suum
1055 5083 1442 5137 monasterium
1475 5085 1775 5140 dedicatum
1792 5095 1910 5139 erat
1933 5086 2034 5140 sub
2059 5102 2157 5156 pa-

577 5152 806 5225 trocinio
827 5151 1019 5225 borum
1029 5162 1346 5225 sanctorum
1363 5166 1532 5225 marty
1544 5172 1681 5222 rum,
1699 5157 1842 5225 quod
1865 5157 1986 5210 ideo
1999 5151 2159 5211 Gom—

575 5218 837 5294 pluticum
866 5221 1192 5294 appellatum
1222 5233 1326 5288 est,
1379 5218 1677 5294 quia'dicti'
1701 5218 1968 5294 martyres
1997 5226 2156 5282 Com-

575 5289 710 5358 pluti
737 5291 881 5366 passi
904 5289 1056 5366 sunt,
1084 5302 1148 5366 ut
1170 5289 1411 5366 habetur'
1429 5297 1480 5350 in
1533 5296 1814 5350 FI‘UClUO:i
1845 5289 1992 5359 Vita,
2015 5297 2158 5366 'qua:

576 5374 642 5438 ex
668 5361 996 5438 membranis
1010 5364 1142 5438 ex_ii_t
1158 5380 1189 5418 a
1213 5365 1504 5438 Prudentio
1547 5366 1884 5422 Sandovaldo
1903 5361 2157 5438 episcopo

577 5429 995 5511 Pampilonensi.
1019 5503 1032 5511 .
1065 5433 1275 5511 Florui'i
1323 5452 1463 5491 anno
1507 5437 1672 5511 ,6.36.Δ
1707 5438 1891 5511 Altera
1932 5429 2154 5511 :ltegu'la

575 5509 661 5577 est
679 5503 956 5577 cujusdam
986 5503 1210 5577 alterius
1237 5504 1541 5572 Fructuosi,
1585 5507 1674 5577 qui
1706 5507 1760 5561 in
1791 5509 1891 5563 hac
1919 5503 2157 5563 Concor-

578 5570 667 5648 ξιξ
697 5587 728 5625 a
757 5574 1023 5648 superiori
1072 5576 1442 5648 distinguitur,
1487 5570 1620 5633 etsi'
1653 5579 1919 5648 interdum
1947 5580 2002 5634 hi
2047 5580 2154 5634 duo

577 5637 865 5697 Fructuoéi
909 5637 1271 5713 exscriptoris'
1311 5637 1517 5703 incuria
1560 5647 1972 5704 confundantur.
2023 5649 2157 5715 Quis

623 5784 681 5854 If
704 5773 839 5836 Vide
859 5773 1173 5838 Bellarmin.
1198 5781 1265 5838 de
1289 5781 1656 5857 Scriptoribus
1679 5781 2075 5840 ecclesiasticis.

1523 2488 1699 2541 irmini
1721 2487 2034 2542 Uceciensis
2057 2488 2171 2556 epi-
2199 2501 2206 2506 '

2261 524 2475 588 pertum
2505 525 2606 588 est.
2661 515 2716 588 lin
2769 514 3035 588 Chronico
3064 514 3852 588 sancti_lllaxitniCaesaraugu-

2261 586 2402 641 stani
2451 587 2685 656 episcopi
2723 586 2791 656 ad
2820 601 3022 638 annum
3067 585 3194 648 569,
3227 585 3287 638 fit
3334 586 3538 639 mentio
3564 585 3846 656 cujusdam

2259 657 2545 712 Fructuosi
2576 655 2787 710 abbatis
2823 656 3186 709 Constantina:
3217 656 3268 710 in
3313 671 3443 725 agro
3469 655 3795 712 Bracarensi
3829 675 3846 724 ;

2267 745 2286 778 ι
2323 727 2554 781 Sanctus
2578 725 2905 780 Fructuosus
2927 725 3306 782 Benedictinus
3336 725 3504 779 abbas
3523 725 3679 781 ﬂoret
3704 727 3850 783 Con-

2261 797 2511 868 stantinze
2552 798 2603 868 in
2631 811 2762 866 agro
2785 795 3105 868 Bracarensi
3158 798 3330 852 sancti
3367 797 3616 868 Rntnani,
3650 800 3718 852 de
3743 814 3852 868 quo

2262 883 2447 937 supra,
2475 867 2787 936 discipulus.
2818 885 2836 918 ι
2865 867 2997 933 Quis
3019 867 3279 921 sitautem
3311 867 3399 921 hic
3421 866 3721 937 Romanus,
3758 866 3851 923 de-

2263 935 2437 992 clarat
2459 937 2602 991 idem
2624 937 2928 992 Chronicon
2956 938 3023 990 ad
3041 953 3240 992 annum
3266 937 3402 994 568:
3441 956 3460 988 ι
3487 935 3727 992 Sanctus
3747 939 3853 994 Ro-

2262 1022 2476 1072 manus,
2509 1008 2697 1072 abbas,
2728 1010 2900 1061 sancti
2939 1007 3184 1076 Lupicini
3239 1008 3430 1071 frater,
3466 1010 3690 1063 natione
3714 1007 3847 1063 Gal-

2262 1077 2366 1143 lus,
2385 1079 2605 1133 veniens
2626 1079 2694 1132 ad
2709 1077 3015 1147 Hispanias,
3031 1078 3207 1147 aliqua
3227 1079 3557 1134 monasteria
3580 1079 3851 1146 condiait,

2264 1148 2604 1218 moriturque
2660 1149 2712 1202 in
2744 1163 2876 1219 agro
2903 1149 3225 1204 Aurichensi
3271 1149 3327 1204 in
3353 1149 3662 1213 Lusitania,
3693 1151 3851 1219 oppi-

2264 1219 2441 1290 doque
2500 1219 2792 1290 Pannoniis
2843 1219 2960 1288 ejus
3011 1234 3206 1288 corpus
3236 1220 3290 1274 in
3321 1221 3502 1290 pretio
3535 1220 3774 1274 habetur
3801 1229 3855 1276 et

2265 1289 2587 1360 honoratur.
2627 1310 2656 1360 ιΔ
2689 1288 2841 1354 Quod
2898 1299 3107 1360 spectat
3153 1290 3222 1344 ad
3273 1288 3418 1345 hunc
3466 1289 3850 1356 Fructuosum,

2267 1359 2417 1426 iuxta
2473 1361 2577 1414 hoc
2630 1358 2958 1424 Chronicon,
3010 1361 3224 1416 videtur
3256 1377 3377 1416 esse
3421 1360 3557 1415 alius
3581 1376 3626 1426 av
3665 1371 3854 1416 sancto

2312 1438 2566 1501 ructuoso
2597 1431 2915 1485 Bracarensi
2943 1431 3216 1501 episcopo.
3250 1431 3456 1496 Primo,
3486 1432 3614 1501 quia
3640 1439 3852 1486 tantum

2267 1500 2435 1553 abbas
2487 1501 2722 1566 dicitur;
2765 1501 2844 1562 2°,
2874 1500 2999 1570 quia
3048 1510 3270 1556 sanctus
3296 1500 3630 1557 Fructuosus
3657 1503 3856 1556 Braca-

2266 1571 2444 1641 rensis
2473 1572 2756 1641 episcopus
2793 1587 3068 1640 nunquam
3123 1571 3217 1625 fuit
3246 1573 3414 1627 abbas
3459 1572 3853 1637 Constantine,

2268 1641 2365 1712 sed
2415 1640 2735 1712 Complutici
2790 1642 2844 1695 in
2866 1711 2871 1712 ί
2895 1643 3133 1712 ditecesi
3167 1641 3523 1712 Asturicensi,
3557 1651 3618 1697 ut
3655 1643 3857 1697 habent

2268 1711 2383 1782 ejus
2409 1711 2586 1765 Acta’:
2619 1713 2710 1782 qui
2739 1720 2793 1766 et
2827 1711 2999 1766 altero
3029 1711 3198 1767 multo
3224 1711 3408 1780 junior
3459 1713 3583 1776 fuit,
3631 1723 3853 1768 creatus

2196 1815 2244 1876 Β
2271 1781 2554 1876 episcopus
2581 1781 2926 1876 Bracarensis
2955 1798 3096 1838 anno
3126 1783 3247 1865 G56.
3279 1783 3406 1876 Sed,
3436 1799 3504 1876 uie
3530 1783 3662 1853 quid
3685 1785 3853 1876 dissi-

2273 1852 2496 1915 mulem,
2529 1853 2630 1922 hoc
2667 1852 3000 1917 Chronicon,
3038 1863 3098 1907 ut
3126 1854 3267 1908 inter
3296 1852 3581 1922 legendum
3607 1855 3856 1908 animad-

2271 1923 2430 1986 verti,
2471 1921 2637 1976 multa
2686 1923 2924 1978 continet
2975 1923 3228 1987 absurda,
3281 1921 3572 1979 et’sancto
3619 1923 3856 1979 Maximo

2269 2007 2492 2115 prorsus
2524 1993 2762 2065 indigna.
2802 1994 2895 2048 Est
2924 1994 3068 2047 enim
3118 1993 3303 2048 multis
3331 1996 3613 2049 erroribus
3665 2009 3852 2049 macu-

2291 2071 2435 2115 atum
2470 2078 2500 2115 a
2527 2069 2760 2115 auodam
2818 2063 3103 2115 nebulone.
3135 2066 3223 2115 nui
3257 2065 3456 2115 passim
3513 2064 3644 2115 huic
3681 2063 3852 2115 Chro-

2291 2071 2435 2117 atum
2470 2078 2500 2116 a
2527 2063 2760 2132 quodam
2818 2063 3103 2125 nebulone.
3135 2066 3223 2132 qui
3255 2065 3456 2132 passim
3513 2064 3644 2118 huic
3681 2063 3856 2119 Chro-

2272 2134 2392 2188 nico
2432 2135 2601 2188 multa
2635 2135 2816 2203 inepta
2841 2133 3036 2202 adjecit
3087 2150 3184 2203 pro
3214 2150 3310 2189 sua
3352 2134 3596 2198 libidine,
3641 2142 3701 2187 ut
3731 2143 3857 2189 sunt

2271 2204 2364 2258 illa
2393 2220 2512 2273 qua:
2526 2205 2612 2259 hic
2643 2205 2709 2256 de
2724 2213 2912 2258 sancto
2930 2205 3170 2259 Romano
3193 2206 3354 2259 citata
3386 2214 3530 2259 sunt.
3562 2204 3854 2274 Nunquam

2270 2275 2414 2345 enim
2461 2276 2549 2329 hic
2574 2283 2794 2329 sanctus
2822 2275 3116 2340 Romanus,
3175 2276 3342 2329 frater
3363 2275 3537 2330 sancti
3579 2275 3855 2345 Lupicini,

2271 2345 2324 2416 i_n
2355 2344 2672 2416 Hispaniam
2705 2347 2874 2410 venit,
2928 2361 3101 2416 neque
3139 2346 3212 2400 ibi
3247 2355 3490 2400 mortuus
3527 2354 3634 2404 est.
3667 2344 3770 2401 Sed
3805 2346 3859 2399 in

2269 2414 2464 2487 Gallia,
2495 2425 2550 2470 et
2579 2417 2632 2469 in
2664 2417 2852 2470 eadem
2887 2414 3104 2487 regione
3125 2417 3366 2486 sepultus
3394 2425 3525 2470 esta
3564 2417 3733 2487 fratre
3757 2415 3859 2487 Lu-

2268 2486 2447 2554 picino
2490 2487 2543 2540 iu
2602 2487 2896 2540 monticulo
2943 2485 3104 2555 supra
3148 2485 3537 2540 monasterium
3571 2485 3860 2541 Condatis-

2268 2572 2452 2622 cense,
2485 2557 2537 2611 in
2575 2556 2707 2610 locis
2727 2555 3048 2611 Jurensibus
3078 2557 3178 2611 sub
3195 2556 3498 2625 Chilperico
3525 2556 3863 2625 Burgundio-

2269 2642 2397 2680 num
2426 2643 2570 2697 rege,
2590 2626 2840 2681 utvidere
2868 2628 3102 2697 estapud
3125 2637 3370 2682 sanctum
3397 2625 3718 2697 Gregorium
3739 2625 3860 2697 rTu-

2269 2696 2554 2751 ronensem
2587 2698 2641 2751 in
2684 2697 2820 2752 Vitis
2847 2696 3088 2762 Patrum,
3117 2713 3236 2767 cap.
3262 2697 3315 2760 2,
3360 2699 3461 2751 sub
3496 2696 3680 2767 tinent.
3735 2696 3864 2751 Fuit

2269 2768 2460 2839 tertius
2475 2767 2806 2839 Fructuosus
2826 2769 3108 2837 episcopus
3130 2765 3492 2839 Ségoviensis.
3529 2765 3658 2821 [huc
3673 2776 3858 2822 tamen

2270 2838 2495 2909 Regula,
2522 2847 2580 2891 ut
2607 2839 2735 2892 mihi
2762 2838 2992 2909 videtur,
3025 2837 3224 2908 potius
3242 2837 3526 2909 tribuenda
3551 2848 3640 2909 est
3668 2849 3861 2909 sancto

2268 2906 2568 2980 Fructuose
2593 2909 2771 2980 abbati
2789 2906 3176 2980 Constantina:
3200 2927 3214 2962 :
3268 2908 3383 2963 fere
3410 2906 3660 2979 sequitur
3687 2907 3862 2980 Regu-

2267 2978 2375 3032 lam
2398 2979 2570 3034 sancti
2603 2979 2897 3034 Benedicti.

2339 3049 2542 3120 Regula
2579 3052 2751 3120 sancti
2783 3049 3101 3104 Columbani
3137 3057 3223 3104 est
3247 3049 3428 3120 magni
3461 3049 3604 3104 illius
3633 3047 3860 3104 Colum-

2267 3120 2396 3175 bani
2430 3119 2631 3189 ’primo
2692 3119 3047 3175 Luxoviensis
3116 3119 3324 3174 abbatis
3354 3119 3357 3120 ⁷
3389 3121 3443 3174 in
3503 3120 3820 3189 Burgundia
3845 3161 3860 3186 ,

2267 3190 2460 3244 deinde
2488 3189 2770 3244 Bobiensis
2793 3191 2847 3243 in
2871 3190 3040 3244 Italia.
3073 3190 3184 3245 Sub
3209 3190 3425 3244 nomine
3450 3189 3610 3257 hujus
3625 3189 3860 3256 Regula

2264 3259 2431 3315 multa
2483 3261 2572 3315 hic
2599 3261 2837 3315 citantur
2879 3275 2946 3314 ex
3005 3260 3368 3315 Ptenitentiali
3418 3261 3592 3315 sancti
3638 3261 3864 3315 Colum-

2263 3331 2410 3395 bani,
2438 3331 2581 3401 quod
2608 3339 2784 3385 exstat
2813 3346 2913 3384 ms.
2945 3332 2997 3385 in
3039 3332 3367 3386 bibliotheca
3398 3330 3758 3401 Floriacensi,
3807 3339 3867 3386 et

2264 3398 2473 3473 citatur
2513 3417 2544 3455 a
2587 3401 2884 3456 Trithemio
2930 3403 3106 3471 capite
3146 3419 3311 3473 supra
3361 3401 3570 3473 laudato
3597 3398 3734 3473 libri
3792 3402 3867 3473 de.

2263 3470 2601 3542 Proprietate
2639 3468 3046 3542 monachorum.
3083 3468 3260 3542 Vitam
3309 3470 3474 3526 sancti
3518 3468 3866 3542 Columbam

2263 3538 2532 3597 luculente
2561 3543 2784 3612 scripsit
2803 3540 2998 3608 Jonas;
3033 3541 3185 3611 cujus
3211 3543 3374 3597 etiam
3402 3540 3646 3596 meminit
3671 3540 3730 3594 in
3763 3538 3868 3594 Vi-

2264 3613 2335 3666 tis
2378 3614 2553 3669 sancti
2581 3613 2814 3667 Eustasii
2859 3613 3072 3667 abbatis
3116 3613 3490 3674 Luxoriensis,
3537 3620 3862 3665 sanctorum

2262 3682 2460 3738 Attula:
2485 3693 2541 3739 et
2570 3683 2847 3752 Bcrtulphi
2877 3683 3128 3738 abbatum
3155 3683 3526 3752 Bobiensium.
3555 3679 3761 3752 Mentio
3790 3682 3866 3752 itit

2263 3755 2425 3806 etiam
2461 3755 2514 3807 in
2553 3754 2692 3808 Vitis
2727 3751 2900 3808 sancti
2933 3754 3073 3808 Galli
3104 3764 3160 3809 et
3199 3753 3374 3810 sancti
3416 3751 3741 3822 Magnoaldi.
3787 3751 3865 3806 De

2264 3836 2330 3876 eo
2353 3824 2516 3896 etiam
2543 3833 2707 3896 agunt
2735 3823 3111 3896 Fredegarius,
3137 3841 3259 3896 cap.
3283 3825 3352 3878 36
3376 3822 3620 3896 G_hron._;
3645 3822 3863 3896 Aimoi-

2264 3908 2384 3958 nus,
2422 3895 2514 3948 lib.
2550 3891 2609 3946 ιλ
2637 3895 2702 3966 d_e
2737 3891 2931 3966 Gestis'
2957 3893 3178 3966 Franc"
3203 3891 3325 3966 cap.
3361 3893 3455 3959 95,
3485 3902 3541 3947 et
3567 3891 3862 3962 Appendix

2263 3967 2609 4034 adsanctum
2638 3962 2955 4034 Gregorium
2988 3962 3384 4020 Turonensem.

2333 4033 2536 4104 Regula
2571 4034 2761 4088 Donati
2789 4034 3086 4103 appellatur
3122 4036 3322 4104 Regula
3362 4051 3394 4089 a
3435 4036 3646 4091 Donato
3689 4033 3860 4089 colle-

2263 4103 2554 4178 cta,"quia
2604 4119 2670 4178 ex
2719 4105 2902 4178 multis
2938 4105 3158 4159 Patrum
3203 4103 3429 4178 Regillis
3466 4105 3700 4178 conflata
3747 4113 3856 4178 est,

2263 4173 2501 4228 maxime
2525 4190 2588 4230 ex
2622 4174 2843 4244 [tegulis
2869 4185 3183 4230 sanctorum
3214 4173 3458 4240 Caisarii,
3487 4173 3768 4231 Benedicti
3801 4183 3861 4228 et

2261 4244 2602 4309 Columbani,
2632 4254 2691 4298 ut
2716 4245 2828 4299 suis
2855 4245 2988 4300 locis
3008 4248 3189 4301 notavi
3234 4247 3382 4301 [nter
3401 4247 3584 4316 plures
3613 4246 3860 4300 Donatos

2262 4316 2546 4386 sanctitate
2589 4316 2826 4386 insignes
2871 4332 3032 4386 unus,
3059 4317 3287 4371 celebris
3322 4326 3407 4372 est
3453 4316 3854 4386 monachorum

2261 4385 2452 4448 Pater;
2487 4386 2579 4454 qui
2610 4402 2677 4440 ex
2703 4384 2889 4440 'Africa
2937 4385 3213 4454 trajiciens
3239 4388 3387 4442 venit
3421 4387 3476 4441 in
3505 4385 3853 4455 Hispaniam,

2263 4456 2353 4536 ubi
2406 4455 2738 4536 Sirvitauum
2770 4457 3159 4536 monasterium
3196 4457 3515 4536 aedificavit,
3547 4457 3858 4536 diciturqui:

2263 4597 2506 4665 spaniam
2539 4597 2802 4660 intulisse,
2828 4605 2889 4651 ut
2917 4596 3099 4652 scribit
3125 4605 3346 4653 sanctus
3368 4596 3720 4651 Hildcfonsus
3758 4596 3854 4650 lib.

2263 4667 2329 4738 de
2361 4667 2505 4738 Viris
2533 4667 2849 4738 illustribus,
2881 4683 3002 4737 cap.
3041 4668 3095 4722 4.
3129 4669 3205 4724 De
3251 4683 3316 4724 eo
3345 4667 3457 4738 agit
3487 4665 3730 4722 Joannes
3767 4667 3856 4720 Bi-

2262 4735 2544 4792 clariensis
2593 4739 2646 4791 in
2697 4735 2966 4792 Chronico
3009 4739 3076 4794 ad
3125 4753 3326 4793 annum
3364 4735 3489 4801 572,
3524 4746 3582 4791 et
3630 4745 3858 4791 sanctus

2263 4807 2528 4878 Maximus
2573 4807 3084 4878 Caesaraugustanus
3128 4809 3183 4863 in
3223 4808 3494 4863 Chronico
3533 4807 3601 4861 ad
3649 4822 3859 4862 annum

2241 4877 2366 4932 -575
2394 4895 2406 4932 :
2447 4897 2478 4949 «_
2508 4879 2742 4933 Sanctus
2771 4877 3034 4945 Denatus,
3067 4880 3155 4949 qui
3181 4879 3441 4949 Regulam
3477 4878 3857 4932 Eremitarum

2264 4949 2436 5021 sancti
2454 4947 2738 5021 Augustini
2755 4947 3155 5020 locupletiorem
3173 4947 3554 5021 mitioremque
3569 4949 3788 5021 primus
3800 4949 3858 5002 in

2265 5017 2578 5092 iliispaniam
2597 5021 2820 5086 invexit,
2837 5017 2895 5074 et
2911 5021 2965 5074 in
2982 5037 3112 5092 agro
3128 5020 3444 5076 Setabitano
3458 5017 3858 5092 monasterium

2265 5087 2657 5143 Sirvitanorum
2697 5091 2998 5146 construxit
3021 5087 3044 5144 Ξ
3086 5101 3140 5146 et
3191 5092 3479 5145 verborum
3534 5090 3750 5144 meritis
3801 5096 3860 5144 et

2264 5160 2540 5232 miraculis
2575 5160 3141 5232 abundenobilitatus
3184 5162 3384 5232 migrat
3428 5161 3496 5216 ad
3535 5160 3855 5232 Dominum,

2263 5230 2563 5300 coliturque
2590 5230 2845 5286 Kalendis
2879 5231 3213 5287 Novembris.
3247 5229 3286 5284 ί
3311 5231 3418 5286 Sed
3461 5229 3717 5285 nonnulla
3763 5230 3858 5284 hic

2261 5300 2810 5372 videnturadilititia.
2842 5300 3050 5372 Nullam
3089 5303 3233 5356 enim
3272 5311 3489 5357 sanctus
3512 5300 3858 5372 Augustinus

2259 5371 2565 5442 composuit
2604 5371 2862 5440 Regulam
2901 5371 3260 5426 Eremitarum
3305 5390 3316 5424 :
3366 5388 3486 5438 nec,
3537 5372 3581 5424 si
3610 5371 3856 5441 compo-

2261 5441 2481 5507 suisset,
2517 5457 2636 5496 eam
2676 5441 2944 5496 mitiorem
2990 5442 3207 5498 fecisset
3253 5453 3470 5498 sanctus
3515 5442 3766 5497 Donatus
3800 5454 3854 5497 ι.

2261 5512 2512 5581 Quinimo
2556 5513 2683 5567 olim
2732 5513 2908 5568 sancti
2946 5514 3141 5569 Donati
3185 5513 3428 5584 discipuli
3479 5510 3856 5584 iniHispanil

2259 5585 2498 5664 graviter
2536 5584 3008 5665 impugnabantur,
3062 5600 3128 5665 co
3175 5583 3333 5655 quod
3366 5583 3676 5665 austeriori_
3720 5583 3854 5638 vita

2261 5655 2498 5709 animum
2540 5654 2924 5725 adjungerent;
2955 5654 3223 5726 quodnon
3249 5654 3582 5725 contigisset,
3633 5654 3677 5709 si
3719 5669 3851 5708 san-
