3972 6328
552 365 654 419 7‘27

1572 364 1628 419 S.
1667 363 2030 421 BENEDICTI
2056 362 2357 422 ABBATlS
2389 365 2800 424 ANIANENSIS

3724 374 3827 433 798

550 489 873 552 perpetuum
916 478 1073 535 nobis
1121 477 1388 548 expediat.
1418 489 1441 517 α
1463 477 1851 533 Constituenda
1885 488 1969 535 est
1998 495 2129 551 ergo
2155 483 2292 543 Aut
2329 483 2470 539 dicta
2516 499 2636 538 mea
2679 491 2739 538 et
2778 482 2996 539 auditus
3033 490 3155 540 tuus
3191 498 3291 554 per
3328 486 3829 546 considerationem

552 572 709 627 nobis
748 570 1014 627 Dominici
1052 570 1237 625 schola
1271 568 1518 635 servitii,
1568 568 1622 623 in
1654 585 1760 639 qua
1791 570 2130 625 institutione

550 665 688 722 nihil
721 680 975 735 asperum
1004 679 1103 719 nos
1131 663 1524 719 constituturos
1550 678 1852 733 speramus.
1887 664 1995 720 Sed
2026 665 2129 721 etsi

547 759 682 829 quid
711 758 987 828 paululum
1032 757 1294 821 strictius,
1327 756 1564 811 dictante
1596 756 1868 825 aequitatis
1897 758 2126 824 ratione,

549 860 770 919 propter
803 848 1234 904 emendationem
1258 847 1519 902 vitiorum
1546 848 1625 901 vel
1662 848 2128 904 conversationem

550 944 833 999 cbaritais
866 943 1220 1013 processerit,
1256 957 1366 996 non
1392 942 1537 996 illico
1576 956 1774 1010 pavore
1806 941 2129 1011 perterritus

550 1036 787 1107 refugias
809 1040 949 1090 viam
970 1034 1180 1098 salutis,
1206 1050 1328 1104 quae
1352 1050 1458 1088 non
1484 1048 1564 1089 est
1597 1035 1697 1090 nisi
1722 1043 1951 1105 augusto
1974 1035 2129 1091 initio

549 1129 785 1197 incipiet]
810 1130 856 1182 ia
893 1148 906 1183 :
952 1143 1209 1198 processu
1250 1141 1380 1181 vero
1420 1127 1849 1181 conversationis
1880 1136 1934 1181 et
1964 1126 2125 1191 fidei,

548 1222 771 1277 dilatato
797 1220 980 1283 corde,
1003 1219 1353 1275 inenarrabili
1375 1217 1679 1273 dilecuouis
1702 1218 1983 1273 dulcedine
2003 1233 2129 1272 cur-

547 1314 687 1368 ritur
722 1313 805 1367 via
844 1311 1222 1367 mandatorum
1260 1311 1383 1375 Dei,
1430 1318 1491 1365 ut
1516 1312 1583 1363 ab
1613 1310 1781 1380 ipsius
1810 1310 2127 1380 magisterio

546 1418 819 1473 nunquam
842 1402 1205 1468 discedentes,
1222 1402 1274 1455 in
1298 1400 1413 1468 ejus
1429 1402 1672 1455 doctrina
1696 1416 1867 1469 usque
1892 1401 1957 1454 ad
1984 1416 2129 1455 mor-

545 1503 652 1548 tem
678 1495 728 1549 in
756 1494 1086 1548 monasterio
1107 1502 1535 1562 perseverantes,
1564 1491 1907 1560 passnonibus
1926 1490 2127 1545 Christi

543 1600 713 1655 usque
744 1586 811 1639 ad
837 1593 1066 1640 mortem
1093 1583 1120 1624 ι)
1141 1583 1527 1653 participcmur
1551 1599 1563 1636 :
1594 1590 1656 1636 ut
1681 1581 1833 1651 regni
1861 1581 1979 1650 ejus
2013 1596 2127 1637 me-

540 1690 727 1730 reanin
738 1693 763 1728 Γ
786 1690 908 1731 esse
934 1683 1237 1731 consortes.

735 1768 761 1840 ς
787 1769 847 1822 ll.
875 1798 947 1808 —
967 1766 1261 1821 ΡΜῑι-Ατιο
1286 1783 1355 1820 ex
1388 1766 1607 1821 Recens
1637 1766 1926 1821 MAGISTBI.

2228 574 2424 628 mentis
2451 574 2778 630 ambulando
2806 575 2863 631 in
2895 577 3114 632 trivium
3149 579 3328 634 cordis
3361 580 3437 633 tui
3472 583 3828 650 perveniant.

2232 676 2278 768 ἶ.
2405 681 2513 737 quo
2541 668 2702 768 ιιιίνίρ
2751 684 2917 725 “nam
2945 669 3268 768 isnoréptiw
3293 682 3689 768 Ρθθθθξοωωῖ
3712 686 3854 768 Mi

2227 755 2371 812 dicta
2408 772 2531 813 mea
2553 758 2799 825 veniens,
2823 767 2948 830 post
2972 768 3027 815 te
3051 761 3318 832 relinque,
3359 770 3417 817 et
3450 764 3593 819 duas
3635 755 3853 821 obeas"

2226 849 2421 905 vantia:
2470 859 2863 921 praeceptorum
2890 860 3019 909 ante
3061 853 3349 925 ingredere
3373 858 3516 912 vias.
3565 856 3664 925 Et,
3707 859 3831 917 dum

2227 940 2518 1008 quaerimus
2566 943 2633 996 ad
2664 942 2834 998 Deum
2873 944 2953 998 ire
2982 985 2997 1011 ,
3073 952 3276 1002 stemus
3321 947 3377 1003 in
3426 949 3596 1004 trivio
3647 952 3832 1007 cordis

2227 1031 2421 1096 nostri,
2452 1040 2508 1087 et
2536 1034 2940 1090 consideremus
2989 1037 3136 1106 ipsas
3172 1039 3324 1105 duas,
3371 1055 3514 1110 quas
3549 1050 3692 1097 ante
3738 1061 3831 1099 nos

2227 1122 2465 1177 scientia:
2514 1125 2894 1195 conspicimus.
2963 1126 3022 1182 In
3063 1129 3261 1197 quibus
3307 1130 3519 1186 duabus
3578 1134 3714 1198 viis,
3742 1149 3830 1203 per

2225 1225 2387 1280 quam
2427 1213 2496 1267 ad
2523 1214 2692 1269 Deum
2720 1232 3008 1286 possumus
3043 1220 3349 1289 pervenire,
3387 1222 3825 1278 consideremus.

2229 1298 2286 1355 Si
2311 1301 2585 1356 sinistram
2613 1313 2876 1372 tenemus,
2904 1309 3179 1374 timemus,
3200 1310 3326 1378 quia
3350 1309 3461 1364 lata
3482 1320 3595 1375 est,
3620 1328 3697 1367 ne
3718 1315 3825 1383 ipsa

2227 1392 2298 1446 sit
2332 1408 2453 1462 qua:
2484 1395 2632 1451 ducit
2658 1398 2830 1467 magis
2873 1399 2941 1452 ad
2987 1400 3286 1455 interitum.
3341 1400 3399 1456 Si
3422 1402 3689 1458 dextram
3715 1421 3823 1460 cor-

2226 1484 2474 1553 ripimus,
2505 1485 2643 1541 bene
2664 1489 2804 1544 imus
2826 1491 2951 1558 quia
2987 1500 3215 1562 angusta
3244 1500 3331 1546 est
3350 1500 3405 1547 et
3445 1493 3570 1562 ipsa
3602 1506 3695 1550 est
3715 1513 3823 1565 qua

2227 1579 2509 1650 diligentes
2531 1596 2719 1637 servos
2741 1583 2805 1636 ad
2830 1584 3107 1653 proprium
3128 1584 3275 1638 ducit
3296 1584 3621 1640 Dominum.
3652 1588 3673 1624 ί
3690 1588 3821 1659 Ergo

2225 1685 2427 1725 vacuus
2456 1681 2636 1726 vester
2665 1673 2879 1728 auditus
2908 1682 3166 1742 sequatur
3194 1674 3469 1743 eloquium
3496 1691 3688 1732 meum
3723 1696 3735 1730 :
3762 1688 3813 1733 et

2229 1762 2493 1834 intellige,
2535 1772 2589 1818 tu
2620 1766 2779 1820 homo
2804 1764 2957 1833 cujus
2991 1766 3343 1822 admonemus
3373 1768 3665 1837 intuitum,
3705 1773 3817 1841 quia

611 1860 657 1917 Ο
681 1864 860 1918 lmine.
887 1859 1064 1930 primo
1082 1857 1178 1913 tibi
1203 1859 1292 1929 qui
1323 1859 1477 1928 legis,
1512 1859 1705 1914 deinde
1732 1867 1786 1913 et
1810 1859 1903 1912 tibi
1925 1859 2014 1929 qui
2040 1874 2128 1915 me
2155 1852 2203 1912 B
2234 1863 2284 1908 lc
2305 1871 2401 1923 per
2423 1857 2562 1911 banc
2588 1857 2912 1926 scripturam
2935 1858 3188 1912 admonet
3215 1857 3378 1923 Deus,
3402 1868 3465 1913 ut
3484 1862 3678 1927 modo,
3705 1863 3814 1917 dum

543 1963 567 1992 ο
599 1951 873 2007 obscultas
917 1952 1181 2007 dicentem
1204 1992 1217 2015 ,
1254 1950 1466 2005 dimitte
1501 1950 1606 2007 alia
1651 1953 1810 2007 modo
1835 1969 1954 2022 quae
1980 1954 2129 2024 cogi-

542 2051 648 2109 tas,
670 2056 719 2098 et
743 2060 840 2115 per
860 2058 922 2099 os
943 2059 1121 2100 meum
1142 2044 1311 2097 Deum
1338 2053 1389 2099 te
1409 2045 1818 2099 convenientem
1841 2059 2122 2114 cognosce.

537 2135 621 2191 Ad
666 2152 826 2206 quem
874 2136 1161 2191 Dominum
1192 2136 1358 2189 Deum
1404 2151 1471 2191 ex
1506 2136 1783 2190 voluntate
1812 2145 1994 2190 rostra
2029 2151 2127 2206 per

537 2229 677 2284 bona
730 2242 849 2283 aeta
891 2228 977 2282 vel
1013 2227 1348 2298 beneplacita
1391 2226 1615 2297 justitire
1644 2228 1725 2282 ire
1746 2229 2023 2294 debemus,
2056 2243 2128 2284 ne

536 2335 635 2391 per
661 2320 1042 2389 negligentiam
1070 2329 1415 2390 peccatorum
1459 2320 1614 2374 inviti
1642 2320 1916 2388 rapiamur
1944 2335 2126 2376 accer-

538 2414 625 2468 siti
658 2430 753 2484 po-r
781 2422 1029 2485 mortem.
1091 2414 1232 2484 Ergo
1262 2413 1476 2468 auditor
1510 2412 1601 2481 qui
1638 2427 1723 2466 me
1754 2412 1906 2467 audis
1940 2414 2125 2467 dicen-

541 2516 670 2569 tem,
719 2506 933 2575 percipe
975 2519 1095 2574 quaa
1130 2505 1228 2559 tibi
1263 2520 1371 2559 non
1416 2519 1513 2574 per
1555 2519 1617 2559 os
1659 2517 1859 2567 meum,
1893 2503 1984 2558 sed
2031 2519 2127 2573 per

537 2599 679 2653 hanc
721 2598 1046 2666 scripturam
1075 2594 1311 2664 loquitur
1341 2593 1506 2659 Deus,
1533 2593 1626 2663 qui
1656 2601 1731 2657 te,
1775 2594 1900 2647 dum
1951 2595 2127 2650 adhuc

537 2688 697 2751 vivis,
729 2687 983 2742 convenit
1001 2684 1029 2725 ά
1055 2685 1123 2739 de
1155 2685 1277 2751 hoc,
1304 2685 1446 2755 quod
1472 2684 1521 2739 ei
1550 2693 1672 2752 post
1699 2690 1927 2738 mortem
1950 2684 2128 2738 reddi-

540 2792 692 2838 turus
721 2798 779 2837 es
808 2782 1089 2836 rationem.
1159 2780 1293 2848 Quia
1320 2781 1463 2850 quod
1486 2779 1659 2835 adhuc
1679 2780 1929 2847 vivimus,
1952 2781 2018 2835 ad
2045 2781 2127 2835 in-

537 2874 726 2932 ducias
747 2875 1005 2939 vivimus;
1037 2888 1161 2927 cum
1180 2888 1278 2928 nos
1297 2872 1470 2943 pietas
1486 2873 1578 2927 Dei
1595 2879 1873 2941 exspectet
1886 2872 2128 2942 quotidie

538 2968 839 3034 emendari,
862 2975 919 3023 et
959 2966 1210 3021 meliores
1237 2965 1354 3020 vult
1375 2979 1497 3018 esse
1524 2978 1625 3018 nos
1651 2963 1810 3019 hodie
1838 2978 2000 3032 quam
2023 2961 2128 3018 iui-

541 3073 662 3112 mus
687 3058 825 3111 beri.
865 3057 1030 3126 Ergo,
1069 3063 1148 3123 tu,
1182 3055 1277 3127 qui
1322 3070 1411 3110 me
1447 3053 1744 3121 auscultas,
1782 3053 1859 3109 ita
1907 3054 2126 3109 intende

2230 1947 2409 2001 adhuc
2447 1947 2604 2013 vivis,
2635 1956 2689 2002 et
2712 1948 2808 2002 tibi
2839 1950 3129 2002 emendare
3162 1958 3340 2012 vacat,
3386 1965 3611 2015 curras,
3660 1969 3815 2022 quan-

2229 2047 2341 2093 tum
2364 2047 2534 2107 potes,
2559 2055 2629 2095 ne
2647 2039 2760 2110 jam
2781 2056 2903 2094 cum
2929 2041 3231 2096 accersitus
3247 2057 3346 2111 per
3371 2053 3621 2098 mortem
3643 2045 3813 2109 fueris.

2226 2127 2431 2182 nullam
2467 2128 2577 2183 Deo
2607 2129 2659 2184 in
2690 2129 3002 2197 diejudicii,
3032 2130 3117 2183 vel
3144 2131 3198 2184 in
3219 2144 3385 2200 poena
3425 2140 3641 2187 teterna
3670 2150 3812 2190 excu-

2227 2218 2491 2273 sationem
2534 2218 2752 2286 achras,
2803 2221 2945 2289 quod
2986 2221 3163 2276 nullus
3196 2231 3256 2275 te
3294 2222 3361 2277 de
3413 2226 3810 2289 emendatione,

2228 2310 2404 2379 quoad
2444 2309 2646 2375 vixisti,
2690 2313 3043 2366 convenerit:
3073 2319 3128 2367 et
3157 2328 3282 2367 cum
3313 2313 3559 2371 ulterius
3580 2317 3682 2372 tibi
3714 2318 3819 2386 jan

2227 2416 2547 2456 succurrere
2574 2418 2680 2456 non
2710 2403 2971 2472 potueris,
3000 2404 3053 2456 in
3075 2413 3338 2459 aeternum
3365 2415 3422 2461 te
3450 2408 3679 2479 incipiat
3706 2412 3817 2468 sine

2227 2494 2468 2548 remedio
2503 2495 2784 2564 poenitere.
2819 2496 2962 2567 Ergo
2986 2499 3200 2563 amodo,
3232 2499 3327 2568 qui
3349 2502 3539 2568 audis,
3573 2506 3810 2571 observa,

2228 2595 2521 2654 antequam
2550 2586 2617 2640 de
2646 2586 2751 2641 hac
2779 2602 2943 2661 exeas
2963 2588 3144 2643 saeculi
3167 2588 3305 2645 luce.
3333 2592 3479 2658 Quia
3508 2596 3556 2648 si
3580 2596 3699 2651 hinc
3717 2612 3813 2651 ex-

2226 2675 2379 2742 ieris,
2411 2692 2517 2731 non
2555 2677 2661 2732 huc
2691 2679 2997 2745 reverteris,
3030 2680 3133 2734 nisi
3178 2680 3235 2734 in
3285 2687 3737 2741 resurrectione:
3766 2697 3818 2743 et

2227 2769 2295 2825 de
2326 2771 2745 2837 resurrectione,
2773 2772 2820 2827 si
2851 2772 2938 2829 hic
2972 2775 3132 2828 modo
3158 2774 3296 2829 bene
3342 2778 3553 2846 egeris,
3578 2779 3648 2834 ad
3671 2790 3818 2834 ater-

2172 2860 2178 2867 ’
2228 2876 2354 2919 nam
2403 2878 2528 2918 cum
2569 2865 2785 2931 sanctis.
2821 2864 3051 2935 gloriam
3098 2865 3477 2937 deputaberis.
3537 2868 3602 2924 Si
3649 2880 3817 2925 sum

2227 2954 2370 3010 hanc
2390 2956 2733 3026 scripturam,
2775 2972 2939 3026 quam
2968 2958 3066 3012 tibi
3094 2957 3336 3013 lecturus
3355 2974 3502 3026 sum,
3542 2961 3705 3019 factis
3720 2978 3819 3017 non

2228 3045 2623 3116 adimpleveris,
2652 3045 2708 3101 in
2743 3055 3007 3103 aeternum
3042 3047 3221 3120 ignem
3247 3051 3517 3119 gehennae
3545 3069 3677 3110 cum
3712 3055 3817 3109 dia.

540 3230 791 3293 loniensi,
823 3241 875 3285 et
896 3229 1115 3286 (ἴοιίγωί
1140 3231 1389 3303 habetur,
1415 3230 1546 3303 lucis
1567 3233 1728 3303 viam.
1754 3231 1884 3300 Quae
1909 3234 2123 3303 quidem
2151 3215 2196 3279 (ἶ
2228 3234 2284 3303 ξι
2310 3225 2599 3303 Ηεηρυιεηι
2622 3226 2836 3303 labores
2856 3229 3571 3303 et_S_ud0resAamplexatum
3599 3249 3697 3290 eos
3731 3251 3821 3291 vo-

540 3302 702 3359 leCIio
748 3303 949 3371 optima
1002 3311 1056 3357 et
1084 3302 1249 3373 priori
1294 3300 1648 3373 prasferenda.
1696 3301 1835 3370 Quia
1877 3300 1998 3359 cum
2036 3303 2129 3359 lux

538 3374 643 3429 hoc
674 3374 789 3427 loco
826 3374 988 3427 vitam
1018 3371 1309 3441 signiticet,
1331 3373 1573 3442 ineptum
1599 3383 1740 3429 esset
1772 3374 1973 3441 dicere,
1996 3373 2126 3430 lucis

535 3446 716 3515 vitam,
760 3444 932 3509 idest,
958 3445 1082 3498 vita:
1110 3444 1295 3515 vitam.
1329 3443 1637 3515 Legendum
1671 3453 1755 3499 est
1790 3459 1941 3515 ergo,
1966 3446 2122 3500 viam.

538 3514 609 3571 Et
635 3529 764 3571 sane
793 3516 905 3570 brec
944 3529 1186 3584 praesens
1212 3513 1321 3568 vita
1342 3515 1429 3569 via
1456 3513 1552 3569 est‘
1575 3515 1640 3567 ad
1668 3517 1834 3570 vitam
1861 3513 2122 3571 Tuturam.

534 3586 615 3643 De
644 3601 747 3656 qua
774 3587 853 3639 via
883 3585 1137 3656 przcclare
1165 3600 1292 3639 sane
1320 3592 1541 3639 sanctus
1572 3585 1935 3641 Columbanus
1963 3587 2121 3657 epist.

540 3658 566 3712 1
604 3676 617 3711 :
657 3676 674 3707 ι
710 3656 804 3711 Via
831 3672 889 3711 es
921 3657 1227 3712 mortalium
1268 3672 1374 3710 non
1397 3656 1529 3727 vita,
1563 3673 1591 3711 a
1615 3666 1835 3726 peccato
1862 3656 2126 3727 incipiens

535 3744 709 3799 usque
754 3729 819 3782 ad
868 3737 1115 3799 mortem.
1150 3727 1265 3799 iEt
1287 3726 1446 3796 paulo
1476 3734 1628 3795 post:
1663 3746 1681 3777 ι
1713 3727 1854 3794 Quid
1882 3726 2014 3798 ergo
2041 3744 2121 3795 es,

536 3800 774 3854 humana
821 3799 925 3851 vita
950 3798 974 3852 ?
1005 3813 1112 3852 non
1139 3798 1270 3862 vita,
1310 3808 1436 3851 vera
1478 3814 1536 3852 es
1558 3799 1702 3853 enim
1738 3799 1823 3853 via
1852 3817 1864 3853 :
1894 3800 1988 3853 sed
2017 3814 2124 3856 non

536 3869 726 3940 plena;
774 3869 890 3940 aliis
920 3868 1272 3940 ilonga,__aliis
1309 3867 1522 3940 brevis;
1554 3869 1675 3940 aliis
1716 3868 1841 3931 lata,
1878 3869 2000 3940 aliis
2028 3886 2126 3925 an-

539 3937 726 4009 gus:a;
759 3937 878 3992 aliis
917 3937 1058 4003 laeta,
1089 3938 1441 4009 aliistristis;
1482 3939 1734 3994 omnibus
1772 3939 2023 3994 similiter
2046 3939 2125 3996 fe-

541 4007 782 4069 stinans,
814 4018 871 4079 et
914 4007 1300 4079 irrevocabilis.
1348 4009 1744 4079 Via,iuquam,
1778 4011 1865 4065 via
1905 4025 1983 4075 es,
2029 4011 2125 4067 sed

536 4089 646 4131 non
672 4078 923 4132 omnibus
952 4076 1238 4133 manifesta
1272 4093 1349 4133 es.
1380 4078 1529 4132 Multi
1569 4076 1712 4134 enim
1749 4090 1805 4134 te
1840 4080 2046 4145 vident,
2068 4090 2125 4137 et

539 4149 696 4218 pauci
730 4160 779 4202 te
811 4149 948 4202 viam
976 4164 1097 4203 esse
1137 4148 1460 4219 intelligunt.
1494 4149 1586 4205 Sic
1621 4149 1767 4204 enim
1801 4150 2016 4204 subtilis
2038 4165 2122 4218 es,

540 4228 596 4274 et
623 4220 701 4275 sic.
723 4219 1022 4285 seductrix,
1055 4225 1114 4272 ut
1138 4233 1434 4288 paucorum
1468 4219 1536 4274 sit
1577 4228 1630 4273 te
1652 4221 1791 4275 scire
1814 4220 1991 4285 viam;
2034 4222 2124 4275 in»

541 4291 863 4362 terroganda
888 4306 1015 4362 ergo
1045 4305 1122 4355 es,
1158 4297 1212 4344 et
1236 4305 1341 4362 non
1372 4291 1637 4362 credenda
1667 4291 1796 4356 vita,
1827 4305 1926 4343 nec
1951 4291 2125 4344 vindi-

542 4360 716 4417 canda
738 4380 751 4426 ;
795 4360 1139 4425 transeunda,
1176 4376 1281 4414 non
1326 4360 1617 4414 habitanda
1652 4362 1848 4416 misera
1886 4364 2123 4416 humana

538 4434 671 4488 vita.
709 4432 1049 4487 Nullusenim
1079 4432 1132 4485 in
1154 4432 1240 4502 via
1269 4430 1496 4502 habitat,
1525 4432 1615 4485 sed
1639 4433 1915 4497 ambulat;
1952 4441 2011 4486 ut
2029 4432 2123 4502 qui

543 4505 816 4558 ambulant
854 4504 904 4556 in
937 4503 1044 4566 via,
1076 4501 1350 4556 ambulent
1378 4501 1431 4555 in
1470 4501 1663 4570 patria.
1704 4523 1722 4553 ι
1768 4502 1894 4557 Hinc
1922 4501 2121 4558 illeJln

542 4574 773 4641 vulgatis
818 4565 1143 4627 editionibus
1188 4572 1402 4642 legitur,
1439 4565 1569 4626 lucis
1600 4589 1836 4636 usuram,
1866 4574 1957 4626 sed
2006 4576 2121 4629 haec
2144 4565 2199 4626 D

543 4644 701 4722 lectio
740 4642 933 4696 nullius
970 4643 1160 4722 optimi
1204 4644 1406 4697 codicis
1440 4644 1762 4722 auctoritate
1793 4642 2033 4708 fulcitur,
2068 4651 2123 4698 et

542 4714 757 4767 videtur
784 4725 904 4764 esse
938 4713 1219 4780 cujusdam
1249 4715 1596 4767 correctoris.

612 4798 637 4827 ι
656 4782 1061 4910 ¹’ᾳιιιδςὶιιιεηάα
1102 4792 1177 4836 est
1225 4799 1366 4854 ergo.
1424 4783 1711 4838 Conclusio
1763 4781 1974 4853 prologi
2024 4798 2121 4840 seu

612 4872 650 4910 re
677 4867 895 4910 auoms.

580 4867 723 4912 racia‘
737 4867 895 4909 IODIS.

539 4873 895 4928 prmla'ionis.
1254 4914 1261 4918 ,

611 4928 641 4967 ι)
682 4923 1085 4994 Participemur.
1114 4921 1196 4994 Ita
1222 4923 1279 4977 in
1308 4930 1542 4994 utroque
1559 4922 1678 4994 cod.
1704 4937 1807 4977 ms.
1828 4921 2011 4978 Germ.
2063 4925 2119 4981 in

542 4997 778 5053 editione
823 4992 1152 5065 Coloniensi,
1198 4994 1335 5064 apud
1381 4992 1738 5065 Smaragdum
1776 5002 1831 5049 et
1870 5003 2120 5052 sanctum

542 5065 903 5123 Dunstanum.
932 5064 1103 5135 Vulgo
1137 5065 1524 5135 participemus.
1623 5133 1631 5135 _
2104 5096 2111 5101 μ

618 5151 639 5176 ο
677 5139 974 5210 Οὸε-εαιιαξ.
1002 5133 1079 5210 Ita
1118 5133 1176 5191 in
1205 5151 1306 5192 ms.
1328 5133 1539 5208 Regula
1586 5133 1828 5204 ejusdem
1876 5135 2119 5210 Magistri

545 5210 743 5263 codicis
763 5207 1122 5265 Corbeiensis.

616 5277 641 5316 ἀ
677 5279 751 5333 De
774 5280 869 5334 hoc
889 5279 1050 5349 quod.
1073 5276 1239 5348 Lege.
1261 5284 1322 5333 ut
1347 5277 1403 5332 in
1424 5276 1627 5333 Revula
1649 5291 1750 5331 ms.
1774 5278 1896 5333 cod.
1929 5276 2114 5345 Corb.,

549 5346 626 5401 De
651 5350 746 5401 hoc
766 5349 830 5401 de
851 5366 972 5401 auo.

600 5364 626 5401 ε
651 5350 746 5402 hoc
766 5350 830 5402 de
851 5366 972 5403 auo.

625 5366 746 5470 sui);
766 5366 1048 5485 gmina
1085 5435 1267 5483 unam,
1298 5428 1401 5473 etc.
1434 5418 1672 5472 Subaudi
1694 5419 1855 5473 viam.
1889 5418 2016 5473 Haec
2040 5419 2118 5473 di-

549 5490 619 5545 cit
664 5488 919 5559 Magister
956 5505 1019 5543 ea
1060 5489 1269 5545 ratione
1300 5505 1403 5560 qua
1426 5490 1554 5543 olim
1585 5489 1843 5543 Prodicus
1878 5489 2117 5560 philoso-

547 5561 683 5644 phus
718 5560 868 5644 apud
889 5560 1299 5644 xenophontem
1328 5559 1462 5644 (Lib.
1503 5576 1540 5644 n
1566 5560 1649 5644 _de
1686 5560 1839 5644 dictis
1939 5561 2115 5644 factis

553 5629 808 5699 Sorratt‘s)
838 5629 996 5684 ﬁnxit
1024 5629 1281 5684 malitiam
1320 5640 1371 5683 et
1413 5631 1667 5683 virtutem
1696 5631 1906 5683 Herculi
1937 5630 1991 5684 in
2022 5632 2118 5685 tri-

549 5700 638 5753 vio
667 5702 988 5763 occurrisse,
1029 5701 1154 5754 hinc
1192 5701 1451 5755 malitiam
1491 5702 1537 5754 ei
1566 5702 1740 5754 omnia
1777 5700 2116 5770 voluptatum

584 5786 743 5823 encra
776 5771 1105 5838 promisisse,
1136 5770 1284 5825 illinc
1316 5773 1568 5826 virtutem
1612 5771 1764 5824 initio
1793 5771 2008 5838 quidem
2041 5773 2121 5827 la-

584 5786 743 5823 encra
776 5786 1105 5838 υτοηιιειδεθ,
1136 5786 1284 5825 nunc
1316 5786 1568 5826 virtutem
1612 5786 1764 5824 InllIO
1793 5786 2008 5838 quniem
2041 5786 2116 5827 ta-

549 5786 712 5900 {iorcs
733 5851 788 5903 et
815 5840 1062 5911 sudores,
1086 5849 1275 5913 postea
1302 5858 1432 5900 vero
1456 5841 1686 5919 gloriam
1712 5841 2073 5900 immortalem
2100 5859 2116 5902 ς

1773 6012 1784 6042 ι

2228 3297 2524 3374 luptatibus
2549 3296 2867 3374 praetulisse.
2916 3299 3009 3354 Sic
3044 3296 3379 3374 pereleganti
3409 3303 3632 3358 ﬁctione
3679 3308 3819 3374 apud

2229 3312 2280 3350 lu
2325 3312 2524 3351 latinus
2588 3312 2867 3353 rtetunsse.
2916 3312 3009 3354 Sic
3044 3312 3191 3370 perel
3264 3312 3379 3356 anti
3409 3312 3632 3358 ﬁctione
3679 3312 3819 3374 apud

2228 3312 2424 3443 Sifium
2461 3312 2738 3443 itaiicnm,
2790 3368 2884 3424 lib.
2926 3385 2997 3443 av
3026 3371 3091 3424 de
3122 3317 3281 3443 48θῖῗο
3307 3371 3525 3443 Punico,
3566 3374 3822 3443 Scipioni

2226 3438 2331 3493 sub
2366 3437 2556 3492 umbra
2580 3439 2941 3506 requiescenti
2965 3449 3018 3494 et
3047 3441 3229 3496 animo
3258 3442 3426 3496 multa
3450 3437 3693 3497 versanti
3743 3448 3823 3501 ab

2227 3523 2355 3564 aere
2386 3508 2617 3577 delapsa:
2643 3509 2777 3564 laeva
2813 3511 3111 3580 dextraque
3135 3520 3318 3566 astant
3344 3513 3590 3581 voluptas
3610 3523 3671 3568 et
3704 3518 3819 3570 vii»

2228 3586 2589 3657 tus_,__utra_que
2615 3595 2739 3657 eum
2769 3580 2823 3634 in
2848 3594 3001 3657 suam
3031 3583 3349 3651 pertrahere
3369 3580 3705 3639 sententiam
3722 3604 3814 3657 pro

2225 3650 2366 3705 virili
2398 3651 2631 3705 enitens.
2665 3649 2757 3705 Sic
2779 3652 2927 3706 enim
2954 3649 3049 3706 ait
3065 3662 3225 3722 poeta
3255 3671 3267 3706 :

2346 3740 2448 3803 11a:
2472 3742 2594 3791 lauri
2615 3742 2839 3791 residens
2857 3743 3054 3803 juvenis
3076 3744 3313 3795 viridante
3334 3745 3433 3793 sub
3454 3746 3640 3796 umbra

2347 3802 2558 3868 IEdibus
2579 3806 2820 3853 extremis
2845 3802 3075 3868 volvebat
3092 3814 3294 3866 pectore
3317 3819 3463 3855 curas
3490 3846 3505 3868 ,

2347 3865 2464 3941 Cum
2488 3867 2652 3941 subito
2675 3868 2906 3941 assistunt
2929 3866 3047 3915 laeva
3071 3865 3349 3941 d’e‘alraque
3370 3882 3465 3940 per
3487 3865 3646 3941 auras

2348 3927 2556 3993 ἐναρξίὲ
2583 3928 2953 3993 (haudpaulum
2976 3929 3163 3993 mortali
3191 3927 3341 3990 major
3353 3927 3559 3993 imago)

2343 3988 2470 4052 Hinc
2495 3989 2681 4047 Virtus,
2708 3988 2842 4041 illinc
2870 3991 3042 4040 Virtuti
3082 3988 3275 4039 inimica
3291 3988 3537 4052 voluptas.

2348 4050 2516 4100 Altera
2537 4052 2899 4102 Actiaemenium
2918 4054 3133 4111 spirabat
3154 4054 3341 4101 vertice
3355 4050 3575 4105 Odm

2345 4113 2627 4176 ᾼηηποείεδ
2647 4113 2817 4164 diffusa
2842 4126 3022 4174 comas,
3048 4122 3096 4176 et
3125 4122 3260 4176 veste
3285 4113 3558 4176 refulgeu

2348 4173 2542 4237 Qstrum
2567 4189 2660 4235 qua
2688 4178 2819 4225 fulvo
2844 4176 3040 4237 Tyrium
3058 4173 3321 4224 dill'uderat
3337 4173 3480 4226 aur'o.

2347 4234 2531 4299 Fronte
2553 4234 2701 4285 decor
2724 4234 2956 4297 quaesitus
2974 4250 3061 4299 acu
3086 4251 3099 4286 :
3127 4238 3401 4299 lascivaque
3437 4241 3664 4294 orchus

2347 4297 2558 4359 Αηωρὶιί
2594 4307 2725 4347 motu
2743 4301 2993 4359 jaciebant
3016 4298 3198 4348 lumina
3220 4297 3460 4350 ﬂammas.

2347 4361 2563 4427 alte-rius
2585 4362 2749 4420 dispar
2774 4364 2985 4421 habitus,
3005 4359 3136 4409 frons
3160 4363 3302 4427 hirta,
3329 4373 3426 4411 nec
3449 4376 3699 4427 unquam.

2346 4420 2612 4489 Composita
2647 4434 2829 4489 mutata
2855 4420 2989 4489 coma
3022 4430 3189 4489 :_sta_ns
3210 4420 3391 4489 Vultus,
3425 4435 3478 4489 et
3502 4420 3643 4489 ore,

2344 4482 2646 4547 incessuque
2673 4487 2759 4532 viri
2785 4488 3020 4547 propior:
3048 4484 3245 4545 laetique
3271 4482 3475 4545 pudoris

2345 4542 2485 4597 Celsa
2508 4542 2739 4594 humeros
2764 4542 2908 4595 nivea
2931 4542 3379 4605 fulgebat'stamine
3400 4548 3587 4614 palla,
3611 4562 3706 4603 etc.

2230 4626 2357 4698 Haec
2380 4628 2603 4698 quidem,
2621 4643 2687 4681 ex
2714 4622 2963 4683 doctrina
2978 4627 3437 4698 Pythagoraehqui
3462 4633 3578 4689 hoc
3606 4637 3813 4690 trivi-

2227 4697 2509 4771 eliinxerat
2547 4697 2614 4752 ad
2632 4696 3047 4771 Asimilitudinem
3068 4696 3273 4771 litterae
3294 4696 3358 4764 ἶ,
3372 4715 3515 4771 qua:
3545 4705 3815 4760 diversa

2225 4769 2447 4894 viit'tu5tis
2468 4776 2523 4822 et
2558 4769 2849 4840 voluptatis
2878 4770 3023 4824 viam
3067 4770 3325 4837 ostendit,
3353 4769 3426 4839 de
3450 4787 3568 4843 qua
3602 4774 3815 4832 Persius

2226 4852 2285 4894 sa
2315 4877 2329 4892 .
2420 4858 2433 4893 :

2226 4852 2433 4894 Sﬁld‘):

2348 4926 2409 4976 Et
2430 4927 2516 4976 tibi
2540 4940 2651 4990 qua:
2673 4926 2863 4976 Samios
2879 4926 3074 4979 diduxit
3088 4928 3252 4979 littera
3273 4937 3439 4978 vatim

2346 4991 2644 5052 Surgentem
2662 4990 2840 5038 dextro
2860 4993 3144 5044 monstravit
3161 4991 3316 5042 limite
3338 4991 3543 5043 callem.

2220 5073 2514 5138 Ausonius,
2548 5072 2720 5128 ldillio
2750 5072 2817 5127 16
2842 5092 2857 5128 :

2348 5166 2625 5229 Pythagora
2652 5168 2834 5217 bivium
2856 5170 3005 5218 ramis
3026 5170 3163 5229 patet
3183 5166 3451 5231 ambiguis,
3475 5183 3522 5220 r.

2221 5247 2479 5325 Her‘ricus
2502 5249 2596 5325 lib_.
2634 5266 2651 5304 ι
2676 5251 2743 5307 de
2763 5249 2886 5315 Vita
2919 5251 3095 5309 sancti
3123 5248 3379 5308 Germani
3409 5254 3667 5325 episcopi
3709 5252 3829 5309 Δι-

2222 5319 2624 5376 tissiodorensis
2642 5339 2656 5375 :

2347 5413 2566 5474 Cumque
2590 5416 2687 5464 iter
2706 5415 2965 5463 ambivium
2987 5425 3177 5463 ramosa
3199 5413 3258 5462 ad
3283 5413 3497 5474 compita
3516 5418 3668 5465 vexit

2318 5473 2698 5537 .Proposuitque
2720 5479 2849 5527 viam
2870 5477 3032 5525 Samio
3054 5482 3308 5538 praeeunte
3331 5473 3587 5528 bicallena.

2299 5559 2319 5598 ί
2352 5559 2495 5628 Ergo
2550 5576 2763 5613 vacuus.
2801 5559 2859 5612 In
2896 5558 3099 5627 Regula
3126 5575 3254 5621 ms.,
3287 5557 3428 5628 Ergo
3463 5559 3717 5623 “deus,
3777 5561 3835 5616 id

2221 5639 2303 5687 est
2335 5627 2441 5699 qui
2462 5640 2638 5693 vacat,
2670 5630 2900 5699 optime;
2940 5629 3013 5682 ita
3034 5630 3195 5699 etiam
3226 5627 3653 5699 infraloquitnr
3706 5632 3831 5685 la-

2223 5697 2409 5774 giste‘r.
2458 5702 2661 5755 Glossae
2705 5697 2921 5775 veteres
2964 5717 2981 5752 ξ
3039 5697 3257 5756 ναείυιιε
3309 5697 3589 5775 εὔκαιρος,
3630 5704 3685 5757 id
3746 5710 3837 5760 ei

2223 5771 2575 5845 opportunus,
2605 5771 2976 5842 tempestivus.
