3972 6328
206 390 299 451 729
1177 383 1564 450 CONCORDIA
1599 382 2051 447 REGULARUM.
2090 417 2162 429 —
2196 379 2348 443 CAP.
2387 384 2474 443 Ill.

3330 393 3436 451 750

206 511 338 576 bolo,
381 506 536 579 cujus
577 507 910 564 voluntatem
956 507 1129 578 magis
1172 517 1384 563 secutus
1415 523 1494 573 es,
1543 507 1766 575 deputa-
1791 509 1843 568 Α
1868 520 2029 573 apum
2070 504 2441 574 religiosorum
2472 511 2630 558 turna
2679 503 2924 570 collecta,
2976 503 3104 561 dum
3148 523 3248 577 pro
3302 513 3439 568 meis

202 603 358 659 beris.
390 600 530 656 Audi
559 615 710 670 ergo,
739 609 794 656 et
818 615 916 668 age
952 599 1094 670 quod
1120 607 1204 654 est
1232 600 1429 653 bonum
1459 605 1514 653 et
1538 598 1763 669 justum,

201 710 290 766 per
314 694 457 763 quod
480 692 622 747 Deus
643 692 912 747 invenitur
939 691 1222 761 propitius.
1251 690 1373 744 Haec
1394 689 1616 760 Regula,
1648 703 1767 757 qua

203 786 289 840 tibi
320 785 576 848 ostendit,
604 783 760 839 factis
785 783 1034 852 adimple.
1087 782 1217 850 Qua:
1253 781 1457 851 Regula
1494 781 1557 836 ad
1606 781 1768 851 perti—

204 876 444 932 ciendum
483 884 689 929 rectum
728 874 948 943 Regulae
995 888 1192 928 nomen
1222 873 1448 943 accepit,
1473 872 1612 926 sicut
1637 870 1768 926 dicit

201 966 482 1035 Apostolus
556 966 609 1019 in
650 964 890 1034 Epistola
935 980 1074 1018 sua:
1114 962 1410 1018 Secundum
1463 979 1764 1016 mensuram

203 1053 410 1124 regular,
437 1071 592 1125 quam
639 1070 846 1107 mensus
869 1063 942 1106 est
972 1053 1116 1106 nobis
1153 1053 1292 1106 Deus
1334 1069 1630 1106 mensuram
1650 1068 1767 1122 per-

201 1145 421 1215 tingendi
463 1162 622 1215 usque
656 1146 723 1198 ad
757 1162 844 1198 vos
885 1143 967 1215 (II
992 1142 1114 1197 Cor.
1136 1144 1216 1211 χ).
1271 1143 1404 1197 Nam
1438 1143 1639 1211 Regula
1669 1159 1765 1198 ve-

200 1239 370 1293 ritatis
422 1238 586 1292 habet
639 1239 847 1291 initium
894 1246 949 1290 et
985 1237 1207 1306 justitia:
1235 1237 1414 1298 ﬁnem,
1456 1236 1598 1289 sicut
1635 1235 1768 1290 dicit

200 1327 499 1398 Propheta:
533 1327 691 1398 Reges
727 1345 812 1382 eos
854 1328 908 1381 in
951 1328 1090 1392 virga
1115 1324 1285 1398 (Psal.
1317 1326 1398 1394 ιι).
1440 1325 1552 1379 Hoc
1574 1334 1676 1389 est,
1710 1326 1763 1378 in

200 1423 399 1475 timoris
443 1421 667 1490 vigore,
716 1419 854 1473 sicut
895 1418 1021 1471 item
1066 1418 1194 1472 dicit
1227 1415 1512 1485 Apostolus
1562 1435 1574 1468 :
1626 1415 1765 1480 Quid

199 1513 342 1568 vultis
372 1513 424 1564 in
448 1511 587 1580 virga
612 1511 810 1565 veniam
837 1509 906 1561 ad
927 1525 1036 1571 vos,
1079 1525 1148 1560 an
1173 1509 1229 1560 in
1254 1507 1508 1560 charitate
1557 1505 1603 1576 (I
1638 1504 1761 1558 Cor.

196 1604 291 1671 v1)?
316 1603 446 1658 Item
469 1603 596 1656 dicit
622 1601 888 1669 Propheta
915 1617 928 1652 :
957 1596 1154 1667 lWirga
1183 1608 1320 1650 recta
1349 1606 1420 1650 est
1452 1597 1594 1665 virga
1624 1596 1764 1665 regni

197 1697 286 1759 tui,
321 1695 347 1734 δ
388 1697 442 1747 in
488 1711 590 1764 qua
630 1692 858 1746 dilexisti
895 1690 1159 1760 justitiam
1181 1699 1228 1742 et
1261 1689 1417 1742 odisti
1440 1688 1764 1753 iniquitatem

195 1784 358 1856 (Psal.
403 1784 567 1854 κων).
625 1784 689 1837 Ει
720 1784 914 1836 iterum
942 1782 1072 1836 dicit
1099 1780 1359 1834 Dominus
1390 1799 1402 1833 :
1449 1777 1678 1832 Visitabo
1707 1779 1764 1831 in

193 1877 331 1947 virga
352 1877 652 1946 iniquitates
678 1890 857 1927 eorum
884 1869 1054 1942 (Psal.
1088 1870 1372 1940 Lxxxvm).

537 2009 565 2080 §
593 2008 673 2064 Ill.
704 2037 774 2048 —-
797 2009 1088 2063 PRJ-Zt-‘ATIO
1125 2007 1397 2064 Feaneou

268 2156 290 2184 ε
324 2144 552 2199 Domino
580 2153 766 2199 sancto
797 2154 852 2200 et
881 2155 1197 2200 czeterorum
1228 2148 1631 2216 comparatione
1646 2163 1766 2203 san-

192 2235 425 2299 tissimo,
456 2245 508 2291 et
533 2237 679 2291 socio
717 2238 1099 2305 apostolorum,
1134 2239 1444 2308 Christique
1498 2239 1763 2310 discipulo

190 2323 223 2363 ἀ
244 2322 494 2380 Lucretio
523 2339 545 2366 ε
577 2342 727 2397 papa:
755 2327 1042 2382 Ferreolus
1071 2331 1372 2399 episc0pus.

270 2415 290 2454 ί
320 2417 547 2473 Hortatu
570 2422 921 2488 quorumdam
945 2432 1202 2490 operante
1225 2423 1355 2484 Deo,
1385 2430 1440 2475 et
1461 2439 1570 2476 una
1601 2423 1762 2478 devo-

186 2505 338 2558 tione
391 2521 681 2570 accensus;
726 2509 778 2560 in
815 2524 919 2577 qua
953 2524 1228 2563 servorum
1268 2511 1360 2564 Dei
1394 2511 1762 2566 habitaculum

181 2597 306 2666 ipsa
337 2597 435 2651 subi
469 2597 729 2653 Divinitas
760 2600 1070 2665 collocaret,
1099 2601 1200 2671 ipsi
1230 2609 1373 2655 terra
1403 2601 1571 2655 obtuli
1600 2603 1763 2656 aliam

182 2700 393 2745 terram
421 2690 722 2746 conferens.
774 2691 923 2758 Quod
969 2691 1166 2760 deputo
1214 2701 1413 2746 sanctae
1462 2708 1761 2763 congrega-

181 2778 345 2843 tioni,
370 2780 473 2835 hoc
496 2779 600 2834 mei
623 2781 825 2834 donare
849 2780 1008 2834 saluti
1033 2781 1214 2847 credo,
1251 2789 1310 2835 ut
1333 2782 1387 2835 in
1415 2798 1585 2837 unum
1611 2798 1764 2838 more

260 2925 285 2983 9
328 2910 482 2983 Ῡίνρα
507 2923 644 2967 recta
669 2922 764 2966 est.
791 2913 867 2967 lta
900 2914 952 2967 in
981 2913 1242 2967 Psalterio
1266 2913 1530 2974 Romano.
1560 2950 1568 2956 «

261 2981 288 3020 ι)
317 2982 383 3035 1η
416 2981 518 3053 qua
565 2983 816 3054 dilexisti,
855 2993 958 3038 etc.
1006 2985 1082 3038 Ita
1141 2983 1192 3054 in
1232 2983 1432 3054 Regula
1483 3000 1586 3039 ms.
1639 2985 1759 3040 cod.

175 3053 350 3108 CorL.
382 3052 435 3107 et
473 3056 524 3108 in
576 3052 872 3108 Concordia
905 3069 1004 3110 ms.
1065 3052 1462 3122 Vindocinensi,
1503 3054 1606 3109 etsi
1655 3071 1762 3111 non

175 3123 264 3177 ita
292 3123 498 3178 leuatur
523 3125 576 3178 in
609 3124 868 3178 Psalterio
897 3125 1154 3178 Romano.

264 3205 285 3266 ὲ
341 3193 587 3266 Domino.
642 3194 768 3248 Hzec
796 3193 1042 3266 praefatio
1091 3193 1226 3248 nihil
1272 3195 1418 3249 aliud
1477 3203 1561 3250 est
1596 3211 1760 3266 quam

172 3264 412 3334 epistola
442 3266 794 3329 dedicatoria,
844 3265 898 3317 in
947 3281 1053 3334 qua
1107 3275 1496 3319 commemorat
1542 3264 1761 3322 sanctus

230 3335 472 3407 erreolus
498 3335 885 3407 monasterium
909 3350 939 3387 a
961 3351 1020 3390 se
1043 3334 1365 3390 aediﬁcatum
1393 3337 1610 3390 hortatu
1633 3354 1763 3407 quo-

171 3403 428 3477 rumdam
459 3414 514 3459 et
565 3405 805 3473 regulam
848 3407 1124 3477 monachis
1168 3407 1559 3476 conscriptam,
1597 3403 1760 3477 quam

169 3474 426 3529 Lucretii
462 3491 704 3530 censura:
735 3476 1017 3544 permittit.

259 3544 287 3582 «ι
315 3544 570 3598 Lucretio.
609 3547 741 3613 Quis
781 3547 968 3616 sitihic
997 3545 1284 3600 Lucretius
1320 3549 1623 3616 episcopus,
1651 3563 1761 3603 non

168 3613 327 3667 adeo
371 3615 700 3684 exploratum
723 3629 825 3671 est.
859 3615 994 3670 Puto
1027 3624 1204 3670 tamen
1228 3613 1388 3671 hunc
1415 3613 1533 3672 esse
1563 3618 1764 3672 Lucre-

168 3685 321 3757 tium
375 3687 623 3740 Diensem
678 3702 770 3741 seu
815 3686 1079 3740 Deensem
1130 3688 1400 3756 quondam
1449 3690 1762 3757 episcopum

165 3754 506 3826 Viennensis
535 3757 845 3826 provincia},
891 3757 980 3824 qui
1027 3754 1345 3826 subscripsit
1379 3754 1762 3814 conciliis—Au-

164 3824 474 3899 relianensi
500 3824 550 3881 w‘
581 3843 669 3880 an.
701 3827 825 3892 5M,
864 3827 1158 3882 Parisiensi
1196 3824 1260 3899 ll,
1291 3828 1635 3899 Lugdunensi
1686 3845 1759 3895 ιι,

164 3911 285 3979 per
307 3895 650 3979 Vincentium
662 3899 1070 3979 presbyterum,
1103 3907 1158 3979 et
1195 3895 1491 3954 Parisiensi
1524 3916 1574 3952 ιν
1617 3915 1760 3954 anno

161 3965 310 4039 573,
342 3968 417 4021 ita
470 3977 527 4022 ut
560 3965 762 4023 sedisse
802 3965 1047 4039 videatur
1075 3969 1194 4039 plus
1239 3985 1397 4038 quam
1430 3979 1662 4039 quatuor
1699 3981 1756 4025 et

160 4036 406 4110 triginta
434 4054 623 4092 annos.
662 4039 723 4092 Ei
747 4038 914 4092 mittit
944 4036 1200 4110 Regulam
1227 4036 1602 4110 corrigendam
1633 4055 1758 4094 san-

163 4107 611 4179 ctusl‘erreolus
625 4118 874 4178 tanquam
890 4107 1084 4174 amico,
1110 4109 1195 4163 vel
1216 4112 1344 4179 quia
1370 4107 1758 4167 monasterium

162 4176 233 4230 in
276 4176 395 4245 ejus
421 4179 638 4233 ditecesi
662 4176 825 4233 situm
849 4186 986 4232 erat.

263 4258 284 4318 ἐ
319 4247 499 4318 Papia.
541 4249 593 4302 ιιι
624 4257 706 4302 est
733 4250 1004 4318 episcopo,
1043 4257 1103 4302 ut
1141 4262 1206 4302 ex
1254 4248 1476 4303 Sidonio
1504 4259 1559 4303 et
1580 4249 1764 4304 multis

163 4315 308 4372 aliis
328 4315 503 4388 patet,
528 4320 748 4374 honoris
764 4315 934 4374 causa
962 4338 976 4374 :
1007 4334 1132 4374 nam
1158 4335 1298 4390 papa
1323 4329 1408 4376 est
1437 4335 1635 4374 nomen
1666 4323 1764 4375 ho-

1867 595 2024 666 plene
2066 596 2302 665 peccatis
2335 595 2639 650 orationum
2692 611 2913 650 suarum
2959 596 3120 652 ﬂores
3165 597 3438 667 offerunt,

1867 701 2027 756 quam
2053 685 2228 740 dulcia
2257 686 2388 740 mihi
2411 686 2798 741 intercessione
2825 687 2984 742 mella
3011 688 3322 745 conﬁciant.
3372 691 3442 747 Et

1867 777 2124 845 quoniam
2154 790 2376 831 necesse
2404 777 2505 830 fuit
2533 793 2674 832 novo
2708 777 2833 833 huic
2857 779 3055 850 pOpulo
3083 780 3231 835 velut
3247 764 3441 852 iugum

1867 878 2019 917 novae
2046 862 2179 934 legis
2212 863 2436 932 imponi,
2485 879 2592 919 non
2621 880 2728 933 quo
2773 881 2960 921 eorum
2989 868 3124 923 colla
3172 870 3445 939 deprime~

1867 971 2004 1020 rem,
2035 955 2128 1010 sed
2173 963 2232 1010 ut
2283 958 2543 1011 mentium
2573 959 2814 1014 cervices
2859 962 3037 1029 potius
3086 963 3438 1031 inclinarem;

1868 1047 2149 1118 Regulam,
2191 1064 2311 1118 qua:
2346 1049 2414 1103 ab
2459 1049 2538 1104 eis
2579 1066 2676 1119 pro
2708 1052 2823 1121 lege
2848 1063 3108 1119 servetur,
3146 1055 3363 1112 licentia
3411 1073 3443 1111 a

1869 1138 2019 1192 vobis
2051 1147 2158 1191 tam
2206 1138 2372 1208 petita
2405 1156 2568 1209 quam
2616 1151 2860 1210 accepta,
2889 1146 3331 1214 conscripsimus.
3385 1147 3444 1203 In

1868 1242 1973 1295 qua
2026 1227 2070 1282 si
2116 1228 2245 1296 quid
2280 1230 2572 1284 severitate
2619 1232 2847 1296 durum,
2881 1233 2927 1286 si
2959 1234 3088 1302 quid
3126 1236 3445 1292 remissione

1867 1318 2242 1374 mollissimum
2265 1320 2468 1390 judicio
2496 1322 2737 1376 scientia;
2767 1324 3226 1394 adjudicaveritis,
3257 1342 3445 1382 censu-

1869 1425 1985 1463 ram
2016 1425 2206 1465 manus
2234 1420 2430 1466 vestrae
2458 1411 2652 1483 pagina
2684 1413 2874 1468 melius
2919 1415 3043 1470 inde
3075 1416 3296 1472 lecturis
3327 1417 3442 1487 pla-

1869 1502 2068 1567 citura,
2113 1503 2390 1572 suscipiat.
2421 1502 2492 1558 Ut
2525 1504 2628 1557 hoc
2656 1504 2788 1557 mihi
2839 1506 3013 1576 magis
3037 1506 3222 1577 gloriae
3249 1509 3406 1562 detur
3427 1548 3444 1575 ,

1873 1595 1897 1632 8
1924 1595 2067 1662 quod
2093 1594 2248 1662 digna
2274 1590 2493 1650 inventa
2519 1602 2603 1650 est
2629 1595 2855 1666 Regula,
2886 1612 3049 1665 quam
3078 1614 3174 1667 per
3200 1615 3296 1654 vos
3324 1615 3448 1655 cor-

1869 1686 2109 1750 rexistis,
2148 1686 2400 1757 fugiendo
2431 1703 2461 1741 a
2491 1688 2628 1742 facie
2656 1690 3014 1746 verecundiae.
3053 1692 3081 1731 ιι
3117 1691 3175 1750 Si
3205 1693 3355 1759 vero,
3388 1702 3450 1747 ut

1871 1777 2053 1841 credo,
2082 1777 2340 1832 indicium
2377 1780 2580 1859 amoris
2609 1794 2827 1849 operam
2850 1797 3034 1836 veram
3065 1781 3322 1838 inﬂixerit
3363 1785 3444 1839 di-

1791 1859 1841 1919 B
1869 1881 1986 1936 gnte
2037 1869 2371 1922 correctione
2400 1869 2614 1934 litterae,
2653 1871 2670 1910 i
2724 1871 2984 1941 quidquid
3034 1874 3247 1928 demum
3280 1875 3449 1944 inepti

1868 1954 2031 2009 lectio
2054 1946 2373 2027 incastigata
2398 1959 2684 2028 protulerit
2706 1963 2924 2026 erroris,
2957 1963 3189 2019 liberum
3228 1981 3259 2019 a
3288 1965 3446 2034 culpa

1869 2052 1990 2118 erit,
2019 2067 2140 2106 cum
2162 2053 2400 2108 libellum
2427 2064 2620 2110 vestrae
2643 2072 2729 2111 me
2755 2066 2965 2113 constat
2991 2061 3292 2116 subdidisse
3316 2077 3441 2116 cen-

1868 2159 2026 2198 surae.
2069 2144 2196 2198 Mihi
2247 2155 2428 2200 tamen
2477 2148 2740 2201 orandum
2767 2157 2869 2213 est,
2914 2150 3051 2203 utin
3078 2153 3268 2220 primis
3315 2153 3445 2219 Deo,

1869 2235 2064 2289 deinde
2088 2236 2240 2290 vobis
2272 2236 2402 2291 illud
2425 2237 2634 2306 placeat
2673 2241 2816 2308 quod
2863 2241 3198 2311 scripsimus,
3240 2252 3295 2298 et
3339 2244 3447 2299 illis

1867 2328 2063 2395 quibus
2093 2329 2206 2383 haec
2234 2332 2496 2384 servanda
2527 2331 2870 2396 mandamus,
2898 2341 2958 2386 ut
2993 2333 3047 2387 in
3077 2335 3294 2390 nomine
3320 2335 3448 2390 Jesu

1867 2417 2067 2474 Christi
2106 2421 2418 2475 obedientes
2467 2421 2521 2474 in
2578 2422 2829 2476 omnibus
2879 2422 3076 2477 divinis
3118 2425 3404 2494 praeceptis
3432 2465 3448 2491 ,

1865 2518 2068 2564 aeterna
2099 2509 2168 2563 ab
2194 2510 2272 2564 eis
2307 2512 2549 2579 praemia,
2580 2519 2634 2566 et
2664 2511 2834 2581 gloria
2869 2511 2986 2567 sine
3010 2513 3118 2568 ﬁne
3143 2514 3299 2568 bona:
3328 2523 3449 2570 tan-

1867 2611 1980 2657 tum
2028 2603 2151 2657 vita:
2195 2611 2372 2670 empta
2418 2602 2592 2672 pretio
2636 2602 2972 2667 vindicetur,
3011 2613 3302 2673 praestante
3343 2604 3451 2662 Do-

1867 2694 2014 2749 mino
2040 2704 2094 2747 et
2124 2694 2234 2748 Deo
2263 2701 2450 2749 nostro
2477 2693 2605 2748 Jesu
2655 2691 2872 2749 Christo
2914 2694 2971 2748 in
2999 2695 3195 2751 saecula
3223 2697 3450 2753 saculo-

1867 2802 2011 2841 rum.
2039 2786 2233 2841 Amen.

1866 2922 2049 2998 noris,
2102 2936 2202 2975 nec
2249 2936 2388 2990 papa
2441 2920 2884 2998 est_simplieiter
2925 2929 3111 2998 pater,
3163 2923 3258 2978 sed
3315 2925 3448 2998 πρὸς·

1866 2995 2065 3067 πατέρα
2097 2999 2311 3052 σιπτική
2382 2997 2507 3056 ωνή,
2539 2992 2713 3060 inquit
2747 2991 2962 3058 Suidas,
2997 2993 3050 3046 id
3077 3002 3160 3048 est
3210 2991 3446 3048 venera-

1868 3064 2030 3116 tionis
2076 3079 2180 3116 vox
2231 3065 2296 3116 ad
2337 3014 2574 3116 Patrem.
2629 3061 2836 3116 Dicitur
2879 3071 2933 3116 et
2973 3064 3156 3116 πάπας
3194 3073 3353 3116 nater
3395 3073 3446 3116 et

1868 3062 2030 3118 tionis
2076 3079 2180 3118 vox
2231 3065 2296 3117 ad
2337 3062 2574 3116 Patrem.
2629 3062 2836 3116 Dicitur
2879 3071 2933 3117 et
2973 3064 3156 3126 πάπας

1865 3130 2075 3204 Jupiter
2115 3134 2259 3204 apud
2309 3132 2590 3202 Bithynos.
2624 3130 2738 3186 Hac
2783 3147 2914 3187 voce
2959 3135 3133 3188 utitur
3173 3130 3450 3192 Iuvenalis

1789 3218 1834 3282 ρ
1866 3202 1972 3260 sat.
2005 3205 2059 3269 6,
2091 3202 2468 3274 signiﬁcatque
2495 3203 2801 3268 nutritium,
2827 3204 3176 3275 paedagogum
3204 3223 3218 3259 :

1989 3294 2209 3344 Mordeat
2227 3301 2341 3358 ante
2362 3293 2554 3358 aliquis,
2579 3293 2813 3355 quidquid
2836 3297 3117 3358 porrexerit
3146 3293 3245 3358 illa,

1990 3359 2108 3416 Quae
2137 3357 2364 3417 peperit,
2390 3354 2880 3416 timidus'praagustet
2902 3354 3070 3416 pocula
3096 3354 3265 3418 papas.

1863 3440 2068 3523 Clossm
2091 3438 2284 3523 Isidori
2319 3451 2332 3490 :
2368 3435 2566 3523 Papus,
2600 3436 2940 3523 pajdagogus,
2968 3437 3058 3523 qui
3083 3436 3319 3523 sequitur
3339 3447 3452 3523 stu:-

1868 3511 2064 3564 dentes.
2103 3508 2312 3562 Dicitur
2363 3515 2417 3560 et
2441 3508 2595 3564 ἆππα
2621 3521 2721 3576 pro
2768 3512 2938 3571 πάπα,
2978 3521 3077 3576 per
3102 3508 3450 3562 metathesim

1872 3581 2008 3649 apud
2043 3579 2284 3632 Suidam.

1944 3649 2224 3733 fnﬂortatu
2271 3647 2636 3718 quorumdam.
2661 3653 2768 3701 etc.
2811 3644 2891 3700 Ita
2936 3644 3220 3701 emendavi
3248 3659 3316 3702 ex
3343 3646 3450 3704 alio

1867 3721 2146 3856 οοὲιὸιιλοό
2160 3791 2318 3862 digna
2343 3792 2554 3862 inventa
2575 3797 2672 3854 est,
2699 3794 2804 3862 etc.
2821 3786 2900 3842 Ita
2920 3786 3133 3841 restitui
3155 3795 3451 3862 quteerant

1865 3855 2237 3987 traXSspositaf
2264 3861 2459 3932 Digna,
2494 3861 2548 3916 id
2588 3867 2694 3926 est,
2742 3859 2903 3924 bona,
2937 3855 3220 3929 congrua:
3252 3855 3407 3929 Virg.
3429 3896 3448 3925 ,

1865 3949 1903 3987 ιι
2013 3949 2086 3987 ιι..

2051 3972 2086 3998 ⁸,

1989 4024 2088 4074 Aut
2105 4035 2214 4086 quin
2231 4023 2376 4084 digna
2393 4023 2509 4073 satis
2535 4021 2725 4072 fortuna
2749 4021 2939 4072 revisit.

1934 4112 1964 4149 ιι
1996 4109 2057 4164 Si
2078 4126 2215 4173 vero,
2245 4120 2300 4163 ut
2330 4109 2505 4177 credo,
2529 4109 2805 4175 indicium,
2831 4115 2938 4162 etc.
2960 4105 3042 4161 Ita
3069 4105 3351 4163 emendavi
3376 4119 3443 4160 ex

1871 4179 1978 4234 alio
2008 4180 2214 4234 codice.

1873 4319 1883 4320 ί
1945 4251 1963 4290 ί
2009 4250 2277 4319 Quidquid
2325 4249 2536 4303 demum
2588 4250 2841 4320 ineptum,
2877 4253 2985 4304 etc.
3029 4245 3108 4301 Ita
3157 4243 3444 4302 emendavi

1871 4319 2016 4374 hunc
2044 4320 2225 4374 locum
2260 4320 2774 4404 corruptissimum.

180 4454 3445 4479 W—W

1537 4569 1872 4647 CAPUT
1948 4567 2064 4646 III

1287 4731 1376 4788 DE
1415 4723 1801 4785 GENERIBUS
1839 4721 2342 4784 MONACHORUM.

1659 4861 1961 4879 -ι-

416 4958 446 5030 ς
471 4955 513 5012 1.
541 4988 614 4999 -
636 4956 718 5012 Ex
748 4955 962 5010 Renum
996 4966 1179 5009 SANCTI
1209 4950 1526 5008 BENEDICTI.

265 5061 302 5093 ι
325 5048 712 5106 Monachorum
749 5054 984 5119 quatuor
1018 5061 1140 5102 esse
1173 5060 1372 5117 genera
1408 5042 1758 5100 manifestum

271 5225 302 5255 ι
329 5211 730 5267 Monachorum.
769 5209 1034 5278 Quoniam
1053 5249 1068 5274 ,
1097 5214 1160 5261 ut
1189 5207 1246 5261 in
1276 5219 1602 5278 unaquaque
1640 5211 1759 5259 arte
1783 5205 1837 5265 D

139 5289 322 5344 sunt
349 5284 562 5352 quidam
595 5290 986 5350 cauponatores
1019 5278 1110 5352 qui
1148 5293 1267 5352 eam
1293 5278 1634 5352 adulteram,
1665 5282 1756 5352 et,

132 5365 245 5415 ut
275 5346 430 5408 aiunt
451 5394 466 5417 ,
497 5346 949 5421 aquam'miscent
981 5346 1135 5421 vino,
1177 5350 1256 5402 sic
1291 5348 1343 5401 in
1373 5347 1491 5421 vita
1527 5346 1760 5400 ascetica

267 5425 414 5478 idam
442 5415 894 5492 pseudomonachi
924 5420 1266 5492 reperiuntur
1297 5418 1387 5487 qui
1419 5415 1598 5470 fucata
1629 5431 1762 5484 qua-

211 5510 322 5551 am
347 5488 563 5549 virtutis
591 5496 769 5563 specie
799 5488 1021 5562 quosvis
1047 5488 1315 5560 simplices
1339 5497 1394 5542 et
1417 5502 1609 5556 parum
1636 5502 1766 5611 cat:-

1742 5572 1766 5611 s

1742 5572 1768 5612 8

259 5678 296 5717 ιδ
336 5673 752 5738 Οωηοὸῖιαηιηι,
796 5675 891 5727 hoc
932 5681 1006 5726 est
1047 5668 1433 5724 monasteriale.
1466 5669 1602 5722 Vide
1632 5667 1765 5722 Cas-

123 5753 431 5811 sianum,
459 5744 579 5799 coll.
614 5761 766 5808 xvm,
798 5759 914 5813 cap.
946 5743 998 5807 4,
1025 5751 1080 5796 et
1109 5753 1351 5813 sanctum
1382 5739 1765 5813 Hieronymum

117 5809 242 5884 in
277 5809 435 5876 epist.
467 5816 536 5871 ad
563 5809 911 5872 Eustochium
939 5816 1005 5872 de
1033 5812 1277 5870 custodia
1307 5809 1654 5881 virginitatis.

1866 4960 1969 5008 est.
2002 4950 2247 5005 Primum
2275 4949 2304 4988 ι)
2331 4947 2759 5011 coenobitarum,
2791 4945 2898 5002 hoc
2921 4952 3006 5002 est
3031 4941 3439 5006 monasteriale,

1866 5043 2105 5098 militans
2131 5053 2154 5082 ο
2189 5041 2290 5098 sub
2319 5037 2637 5113 Regula‘vel
2666 5038 2878 5095 abbate.
2911 5037 3115 5094 Deinde
3144 5034 3442 5094 secundum

1940 5235 1963 5265 ο
2005 5223 2116 5299 sub
2145 5223 2324 5299 regula
2353 5222 2434 5299 vet
2457 5222 2658 5276 abbate.
2692 5219 2792 5273 Ms.
2821 5218 2964 5299 Vict.
3124 5213 3232 5271 Sub
3264 5215 3446 5299 reguta

1861 5295 1939 5351 rei
1992 5297 2086 5367 sub
2137 5287 2518 5367 abbate._ﬂa‘c
2563 5299 2743 5367 autem
2795 5287 3443 5367 conjunctim_sumennda

1865 5374 2020 5429 sunt,
2054 5365 2125 5437 ita
2154 5373 2213 5437 ut
2241 5362 2502 5433 particula
2530 5361 2862 5437 vel_ponatur
2881 5353 2980 5437 pro
3002 5357 3336 5437 copulativa:

1866 5424 2032 5492 etiam
2074 5424 2310 5502 loquitur
2349 5441 2568 5487 sanctus
2604 5424 2858 5502 Eulogius
2881 5424 2978 5502 lib.
3006 5424 3085 5502 ιιξ
3118 5424 3450 5502 M_emor_ial_is

1870 5494 2216 5569 sanctorum,
2241 5519 2359 5572 cap.
2383 5502 2448 5557 ιι
2471 5521 2491 5554 ‹
2521 5502 2621 5568 Qui
2651 5494 2851 5572 dudum
2879 5499 2978 5572 sub
3005 5498 3209 5572 Regula
3240 5494 3323 5552 vel
3353 5495 3448 5549 ab-

1870 5578 1996 5631 bate
2025 5590 2082 5628 se
2109 5568 2429 5628 dediderint.
2455 5594 2473 5625 ι
2499 5573 2565 5627 Ει
2602 5572 2674 5625 ita
2711 5570 2913 5639 passim
2947 5568 3185 5692 loquitur
3220 5572 3445 5620 sanctus

1873 5644 2196 5692 Benedictus
2227 5653 2280 5692 et
2307 5654 2556 5692 mminres
2585 5644 2637 5692 in
2671 5643 2773 5692 hac
2799 5639 3008 5692 Concor
3048 5639 3098 5691 ia
3129 5637 3300 5692 citati.
3333 5632 3445 5688 Nec

1873 5644 2196 5702 Benedictus
2227 5653 2280 5698 et
2307 5654 2556 5699 aucteres
2585 5644 2637 5696 in
2671 5632 2773 5695 hac
2799 5632 3098 5695 Concordia
3129 5637 3300 5692 citati.
3333 5632 3448 5688 Nec

1873 5716 2154 5772 cmnobitae
2181 5714 2397 5784 Regulae
2423 5715 2507 5769 vel
2537 5713 2718 5767 abbati
2744 5712 2970 5768 seorsim
2986 5751 3002 5780 ,
3027 5709 3122 5766 sed
3147 5705 3365 5781 Regulae
3393 5710 3452 5761 et

1873 5786 2057 5846 abbati
2085 5785 2247 5840 simul
2276 5785 2658 5856 subjiciuntur.

3232 3073 3353 3119 ater
3395 3073 3452 3120 et
3529 3084 3534 3089 ·
