3972 6328
580 385 685 448 755

1604 381 1662 436 S.
1700 379 2061 462 BENEDICTI
2098 374 2389 434 ABBATIS
2423 376 2833 437 ANIANENSIS

3754 383 3856 438 730

576 524 686 566 non
708 504 1028 570 Dominicis,
1053 502 1149 558 sed
1174 501 1284 557 suis
1309 499 1498 555 inclusi
1525 499 1778 564 ovilibus,
1806 516 1903 570 pro
1925 499 2043 569 lege
2068 499 2148 552 eis
2175 498 2229 558 Α
2252 495 2330 552 las
2375 508 2430 552 et
2467 495 2480 549 i
2528 497 2798 561 rescellas,
2842 495 3092 565 ignorant
3144 494 3268 565 quia
3292 494 3530 565 perdunt
3562 511 3702 552 suas
3737 500 3854 553 ani-

575 608 660 654 est
680 597 1076 653 desideriorum
1099 594 1344 662 voluptas
1369 607 1383 646 :
1408 607 1528 646 cum
1556 590 1814 661 quidquid
1841 590 2154 661 putaverint

574 689 663 746 vel
697 687 994 759 elegerint,
1025 687 1127 740 hoc
1163 684 1347 738 dicunt
1381 689 1667 746 sanctum;
1698 689 1752 736 et
1781 681 1924 751 quod
1961 681 2151 735 nolue-

575 781 718 845 rint,
751 782 854 835 hoc
880 786 1073 850 putant
1099 792 1206 830 non
1233 775 1415 829 licere.
1447 773 1708 840 Quartum
1736 788 1903 842 genus
1929 782 2011 827 est
2040 787 2155 826 mo-

577 871 874 926 nachorum
907 867 1051 939 quod
1082 866 1390 920 nominatur
1417 878 1443 905 α
1475 880 1802 935 gyrovagum
1823 905 1838 928 ,
1867 864 1895 904 δ
1923 863 2014 933 qui
2043 872 2156 918 tota

575 963 684 1017 vita
713 977 808 1016 sua
836 975 933 1029 per
957 959 1198 1013 diversas
1223 956 1529 1026 provincias
1557 957 1726 1010 ternis
1753 965 1846 1009 aut
1873 955 2156 1024 quaternis

575 1053 764 1106 diebus
813 1065 909 1119 per
959 1048 1294 1102 diversorum
1331 1047 1494 1100 cellas
1534 1047 1897 1115 hospitantur,
1939 1056 2174 1116 semper

574 1145 733 1214 vagi,
770 1158 1043 1212 nunquam
1081 1142 1303 1197 stabiles
1341 1151 1396 1195 et
1428 1143 1664 1211 propriis
1690 1142 2062 1212 voluptatibus
2101 1150 2155 1197 et

579 1236 718 1305 gula:
754 1234 1022 1289 illecebris
1061 1234 1388 1298 servientes,
1425 1243 1480 1287 et
1512 1250 1610 1304 per
1648 1236 1827 1289 omnia
1858 1235 2156 1289 deteriores

575 1326 888 1382 sarabaitis.
930 1337 951 1363 ο
993 1325 1070 1380 De
1127 1341 1358 1395 quorum
1410 1327 1650 1380 omnium
1708 1327 1901 1380 borum
1955 1327 2157 1381 misera

573 1417 984 1472 conversatione
1012 1417 1203 1471 melius
1231 1426 1314 1471 est
1341 1417 1500 1471 silere
1527 1433 1688 1486 quam
1715 1418 1882 1487 loqui.
1907 1417 2002 1472 His
2027 1435 2156 1488 ergo

575 1508 793 1564 omissis
820 1509 885 1563 ad
915 1507 1315 1562 ctenubitarum
1344 1506 1378 1582 d_
1404 1507 1759 1562 fortissimum
1786 1525 1955 1578 genus
1979 1510 2158 1580 dispo-

571 1600 810 1654 nendum
832 1639 847 1663 ,
879 1599 1110 1654 Domino
1139 1597 1461 1667 adiuvante,
1492 1601 1789 1655 veniamus.

575 1734 686 1807 111.
715 1735 792 1790 Ex
818 1735 1038 1791 REGULA
1064 1733 1329 1789 MAGISTBI
1357 1734 1435 1788 De
1460 1734 1729 1805 generibus
1757 1737 2152 1790 monachorum.

650 1885 673 1912 θ
705 1872 1088 1927 Monachorum
1119 1877 1356 1940 quatuor
1407 1886 1527 1926 esse
1561 1887 1757 1940 genera
1810 1872 2157 1927 manifestum
2188 1861 2234 1920 B

575 1975 676 2020 est.
723 1965 962 2019 Primum
997 1964 1410 2022 cmnobilarum,
1467 1962 1569 2016 hoc
1599 1973 1699 2026 est,
1753 1965 2152 2029 monasteriale,

577 2059 820 2113 militans
865 2057 965 2112 sub
1015 2057 1197 2126 regula
1229 2056 1310 2109 vel
1347 2055 1563 2110 abbate.
1615 2056 1818 2110 Deinde
1859 2059 2156 2112 secundum

575 2165 746 2221 genus
781 2157 865 2203 est
911 2149 1382 2208 anachoretarum,
1439 2147 1492 2200 id
1528 2155 1612 2201 est
1643 2148 2014 2210 eremitarum,
2064 2149 2156 2218 qui

576 2257 680 2296 non
711 2241 1138 2296 conversationis
1188 2241 1397 2295 fervore
1435 2240 1664 2304 novitio,
1703 2240 1796 2293 sed
1840 2241 2154 2294 monasterii

574 2331 894 2401 probatione
939 2331 1210 2392 diuturna,
1244 2328 1381 2401 [qui]
1415 2329 1718 2384 didicerunt
1754 2341 1943 2385 contra
1975 2333 2158 2385 diabo-

574 2419 684 2475 lum
711 2422 1000 2475 multorum
1033 2421 1224 2475 solatio
1246 2419 1358 2487 jam
1383 2421 1526 2474 docti
1559 2436 1814 2490 pugnare,
1842 2432 1897 2476 et
1915 2423 2052 2477 bene
2078 2424 2157 2476 in-

575 2513 766 2566 structi
812 2511 1050 2566 fraterna
1117 2527 1183 2566 ex
1237 2510 1353 2566 acie
1424 2511 1490 2563 ad
1540 2511 1866 2580 singularem
1919 2527 2156 2582 pugnam

575 2605 764 2668 eremi,
815 2605 992 2659 securi
1023 2602 1134 2671 jam
1169 2604 1287 2657 sine
1337 2602 1705 2657 consolatione
1757 2604 2000 2668 alterius,
2041 2605 2155 2660 sola

575 2712 737 2751 manu
787 2697 870 2750 vel
900 2696 1120 2751 brachio
1160 2705 1352 2750 contra
1380 2695 1511 2750 vitia
1552 2695 1734 2750 carnis
1762 2696 1846 2750 vel
1876 2699 2158 2767 cogitatio-

573 2804 702 2844 num
751 2787 771 2827 τ
819 2804 940 2844 cum
973 2789 1082 2843 Deo
1127 2797 1181 2842 et
1217 2789 1410 2857 spiritu
1446 2790 1470 2827 ε
1517 2803 1818 2858 repugnare
1864 2789 2153 2845 sutliciunt.

575 2878 815 2932 Tertium
857 2895 985 2933 vero
1032 2880 1418 2932 monachorum
1451 2879 1802 2933 deterrimum
1855 2897 2024 2951 genus
2076 2888 2160 2936 est

575 2970 992 3033 sarabaitarum,
1023 2970 1164 3039 quod
1196 2967 1388 3024 melius
1427 2971 1604 3025 adhuc
1634 2971 1832 3026 laicum
1870 2973 2152 3039 dixissem,

573 3061 621 3114 si
652 3075 738 3114 me
786 3060 1048 3129 propositi
1097 3060 1269 3114 sancti
1303 3075 1411 3114 non
1443 3061 1729 3129 impediret
1773 3077 2021 3118 censura.
2055 3063 2157 3130 Qui

576 3151 718 3206 nulla
744 3151 949 3222 Regula
981 3153 1284 3222 approbati,
1309 3161 1366 3206 et
1387 3153 1720 3222 experientia
1743 3156 2024 3226 magistra,
2051 3157 2158 3211 sic—

2256 589 2466 644 mellas.
2498 587 2672 644 Simul
2701 594 2756 642 et
2785 587 2845 650 ii,
2883 586 2977 655 qui
3005 599 3176 654 nuper
3203 586 3453 642 conversi
3479 587 3856 644 immoderato

2255 679 2469 736 fervore
2520 694 2764 735 eremum
2791 685 2985 749 putant
3009 691 3132 733 esse
3165 677 3403 748 quietem
3447 695 3462 734 :
3506 687 3567 733 et
3608 694 3731 734 non
3761 697 3858 751 pu-

2256 780 2433 828 tantes
2460 772 2702 828 insidiari
2725 779 2779 827 et
2804 786 3002 827 nocere
3033 771 3329 838 diabolum,
3358 771 3710 843 singularem
3738 790 3854 829 cum

2257 879 2322 919 eo
2349 881 2582 936 pugnam
2633 864 2838 919 indocti
2867 871 2925 918 et
2967 864 3146 917 securi
3191 863 3477 926 invadunt,
3538 863 3668 918 sine
3697 864 3854 920 dubio

2257 955 2461 1010 inducti
2492 956 2598 1026 lupi
2623 954 2866 1012 faucibus
2892 955 3195 1010 occursuri.
3225 955 3496 1022 Quartum
3523 971 3668 1012 vero
3696 973 3854 1029 genus

2257 1057 2342 1103 est
2392 1050 2780 1102 monachorum
2827 1063 2929 1101 nec
2987 1046 3409 1112 nominandum,
3450 1049 3606 1118 quod
3664 1049 3853 1104 melius

2262 1149 2440 1194 tacere
2473 1155 2635 1208 quam
2688 1139 2754 1193 de
2784 1138 2981 1192 talibus
3019 1138 3221 1192 dicere.
3248 1137 3401 1204 Quod
3449 1154 3634 1209 genus
3669 1140 3856 1195 dicitur

2257 1248 2608 1303 gyrovagum,
2640 1231 2732 1301 qui
2761 1239 2931 1287 totam
2959 1231 3128 1288 vitam
3155 1246 3308 1284 suam
3329 1245 3428 1300 per
3449 1231 3720 1286 diversas
3742 1247 3852 1300 pro-

2257 1325 2460 1378 vincias
2498 1326 2666 1378 ternis
2710 1332 2802 1377 aut
2833 1323 3114 1393 quaternis
3140 1323 3330 1377 diebus
3375 1337 3478 1392 per
3509 1324 3851 1379 diversorum

2258 1415 2420 1470 cellas
2459 1425 2514 1469 et
2535 1415 2868 1469 monasteria
2892 1414 3259 1482 hospitantes;
3289 1429 3416 1468 cum
3443 1429 3553 1483 pro
3578 1415 3849 1484 hospitum

2259 1509 2492 1562 adventu
2522 1523 2551 1561 a
2577 1507 2805 1562 diversis
2824 1506 3009 1560 volunt
3031 1505 3270 1574 quotidie
3297 1506 3521 1560 noviter
3548 1508 3780 1576 suscipi,
3806 1519 3850 1561 et

2258 1613 2356 1668 pro
2403 1599 2595 1670 gaudio
2643 1598 3140 1668 supervenientium
3165 1598 3440 1668 exquisita
3467 1599 3580 1653 sibi
3610 1601 3849 1669 ptum

2258 1689 2396 1742 taria
2451 1689 2724 1759 adparari,
2758 1697 2812 1743 et
2860 1688 3157 1742 animantia
3205 1687 3478 1758 pullorum
3514 1690 3625 1744 sibi
3669 1703 3848 1746 curant

2260 1781 2500 1850 quotidie
2538 1797 2568 1833 a
2603 1781 2832 1835 diversis
2869 1777 3170 1848 hospitibus
3205 1795 3304 1848 pro
3343 1781 3592 1834 adventu
3644 1782 3844 1840 cultello

2261 1875 2458 1939 occidi,
2507 1889 2735 1944 gravare
2779 1889 2837 1929 se
2885 1873 2961 1926 ita
2993 1873 3233 1926 diversos
3259 1887 3368 1926 non
3399 1874 3670 1937 credunt,
3713 1891 3846 1929 com-

2261 1967 2518 2022 mutando
2563 1965 2803 2035 quotidie
2848 1963 3089 2033 hospites
3134 1964 3161 2001 ιι
3189 1979 3289 2033 pro
3321 1963 3572 2018 adventu
3605 1968 3847 2020 novitatis

2261 2059 2359 2114 sub
2387 2059 2693 2126 importuna
2725 2056 2990 2110 charitate
3015 2053 3260 2109 diversos
3287 2063 3568 2110 conantur
3599 2056 3708 2110 sibi
3733 2072 3847 2125 prr-

2261 2164 2456 2218 parare
2503 2148 2754 2211 diversa;
2785 2155 2838 2200 et
2867 2146 3014 2201 velut
3039 2145 3107 2200 ab
3140 2147 3311 2201 invito
3339 2163 3370 2200 a
3403 2149 3654 2202 diversis
3689 2150 3846 2216 hospi-

2261 2240 2405 2293 tibus
2434 2239 2716 2307 exigentes
2747 2245 3074 2306 prteceptum
3123 2236 3391 2306 Apostoli,
3436 2237 3495 2290 in
3534 2254 3653 2306 quo
3684 2240 3840 2293 dicit'

2262 2311 2688 2399 Hospitalitatem
2714 2336 2968 2382 sectantes
2995 2326 3170 2398 (Rom.
3207 2327 3328 2398 xu),
3375 2343 3481 2396 per
3504 2330 3840 2384 occasionem

2258 2418 2512 2487 praecepti
2535 2418 2804 2487 inquietos
2826 2417 2926 2471 sibi
2944 2417 3106 2486 pedes
3131 2423 3250 2486 post
3271 2415 3421 2470 viam
3446 2417 3747 2500 fomentari
3768 2433 3844 2471 ex-

2259 2511 2553 2580 postulant,
2573 2526 2669 2580 per
2683 2511 3026 2565 occasionem
3042 2510 3255 2564 itineris
3276 2510 3550 2564 intestina
3569 2528 3657 2565 sua
3674 2512 3848 2565 [θύοι-ἰ

2260 2617 2416 2657 coena
2451 2603 2535 2657 vel
2582 2603 2807 2672 prandio
2838 2602 3115 2670 inquinata
3165 2600 3394 2654 inﬁnitis
3431 2601 3645 2670 poculis
3680 2601 3848 2669 magis

2260 2710 2421 2763 quam
2444 2695 2609 2763 pedes
2623 2694 2954 2748 desiderant.
2976 2693 3038 2747 Et
3056 2700 3176 2762 post
3195 2691 3541 2746 exinanitam
3565 2708 3595 2745 a
3614 2692 3847 2747 famelico

2259 2785 2472 2854 hospite
2492 2799 2734 2840 mensam
2763 2792 2818 2839 et
2840 2783 3068 2838 miculas
3097 2783 3242 2852 ipsas
3262 2781 3421 2850 panis
3442 2791 3576 2851 post
3596 2784 3741 2836 viam
3769 2782 3846 2835 de-

2261 2884 2434 2930 tersas
2459 2876 2606 2929 sitim
2627 2891 2780 2930 suam
2802 2875 2918 2928 sine
2940 2873 3265 2929 verecundia
3288 2873 3497 2941 hospiti
3529 2874 3846 2943 ingerentes,

2260 2968 2304 3022 si
2333 2966 2473 3021 calix
2499 2967 2585 3021 his
2611 2981 2738 3020 casu
2764 2963 3018 3030 defuerit,
3050 2971 3270 3034 rogatur
3297 2962 3502 3033 hospes
3538 2965 3598 3018 in
3624 2965 3744 3034 ipsa
3769 2979 3849 3033 pa-

2261 3057 2384 3110 tella
2432 3064 2492 3111 ut
2524 3057 2768 3112 misceat.
2799 3056 2867 3111 Et
2904 3065 3190 3126 postquam
3226 3070 3294 3110 ex
3321 3064 3568 3124 utraque
3598 3065 3756 3126 parte
3783 3058 3849 3109 ni-

2261 3149 2482 3203 mietate
2505 3149 2610 3204 cibi
2633 3157 2688 3204 et
2711 3157 2870 3218 potus
2889 3147 3355 3218 percalcatiusque
3375 3147 3447 3201 ad
3466 3148 3744 3203 vomitum
3759 3149 3850 3202 ιω

575 3251 634 3299 ut
679 3258 870 3298 aurum
916 3241 1172 3307 fornacis,
1236 3245 1330 3299 sed
1381 3244 1434 3298 in
1474 3243 1678 3313 plumbi
1725 3257 1917 3300 natura
1961 3246 2151 3300 molliti

2260 3240 2387 3304 rint,
2414 3247 2586 3294 totum
2617 3239 2901 3295 laboriosa:
2923 3239 3023 3294 viae
3049 3239 3320 3310 imputant
3339 3239 3488 3308 quod
3530 3240 3658 3310 gula
3687 3240 3852 3295 lucra-

572 3334 749 3390 adhuc
790 3334 818 3374 ιι
843 3333 999 3389 factis
1028 3343 1308 3390 servantes
1351 3335 1552 3390 saeculo
1578 3334 1757 3400 ﬁdem,
1788 3337 2003 3390 mentiri
2044 3337 2153 3392 Deo

573 3441 669 3495 per
696 3435 976 3481 tonsuram
1023 3437 1338 3482 noscuntur.
1388 3426 1492 3493 Qui
1543 3427 1656 3481 bini
1698 3437 1789 3482 aut
1841 3430 1976 3483 terni
2006 3440 2154 3485 certe

571 3521 769 3589 singuli
818 3521 936 3575 sine
963 3531 1182 3590 pastore
1216 3537 1319 3575 non
1359 3520 1659 3575 Dominicis
1703 3519 1794 3575 sed
1824 3522 1935 3575 suis
1961 3522 2155 3577 inclusi

571 3611 820 3672 ovilibus,
870 3627 967 3680 pro
1015 3610 1128 3681 lege
1171 3612 1250 3665 eis
1285 3618 1369 3665 est
1419 3610 1810 3665 desideriorum
1855 3611 2148 3682 voluptas:

571 3717 692 3756 cum
741 3702 1001 3771 quidquid
1045 3703 1350 3772 putaverint
1389 3701 1475 3756 vel
1513 3701 1794 3772 elegerint,
1827 3703 1930 3758 hoc
1966 3704 2155 3758 dicunt

573 3800 840 3858 sanctum,
868 3792 1090 3860 etquod
1124 3791 1414 3857 noluerint,
1451 3792 1557 3846 hoc
1585 3800 1779 3861 putant
1823 3809 1928 3847 non
1966 3793 2150 3850 licere.

572 3881 640 3935 Et
665 3882 790 3935 dum
821 3882 876 3934 in
908 3881 1128 3951 proprio
1166 3881 1390 3935 arbitrio
1429 3891 1681 3950 quaerunt
1739 3882 1939 3938 habere
1995 3885 2010 3923 ί
2045 3883 2156 3938 cel-

647 4027 673 4054 ι
715 4014 1066 4084 Gyrovagum.
1125 4015 1445 4084 Hujusmodi
1498 4016 1779 4070 monachis
1830 4014 2019 4085 plenus
2069 4025 2153 4072 est

575 4085 829 4157 mundus.
881 4088 1054 4157 quiet
1100 4088 1355 4157 dicuntur
1400 4087 1902 4150 circumcelliones;
1954 4087 2018 4140 de
2047 4103 2152 4157 quo

576 4152 839 4225 vocabulo
887 4152 1043 4208 infra.
1105 4155 1166 4208 Hi
1219 4164 1342 4209 sunt
1397 4157 1880 4225 pseudo-eremit'e,
1938 4152 2151 4225 palliata

575 4224 974 4288 mendicabula,
1023 4227 1114 4295 qui
1159 4225 1318 4280 urbes
1365 4224 1424 4297 et
1465 4242 1634 4297 pagos
1683 4224 2049 4292 obambulant,
2093 4237 2154 4282 ut

575 4303 817 4366 ventrem
844 4307 898 4350 et
944 4297 1273 4366 marsupimu
1304 4296 1589 4366 impleant;
1627 4298 1815 4366 quales
1842 4308 1998 4352 erant
2022 4299 2151 4353 olim

573 4365 651 4419 illi
680 4375 946 4449 Ἐρημῖται
975 4365 1732 4449 pehavttuovoﬁurs'c'magiam;
1780 4378 2056 4449 uomitu-reg,
2098 4369 2152 4424 id

572 4445 653 4491 est
687 4439 839 4510 nigra
873 4449 1022 4492 veste
1059 4439 1249 4499 inztuti,
1289 4439 1504 4501 criniti;
1549 4439 1685 4510 quos
1713 4449 1862 4492 sexta
1892 4442 2144 4510 synodus,

573 4522 698 4631 ςιθὲιὲ
739 4509 828 4574 4'2,
854 4509 909 4563 in
937 4509 1267 4564 monasteria
1295 4521 1388 4562 aut
1415 4509 1470 4563 in
1498 4509 1843 4565 solitudinem
1871 4509 2149 4565 amandari

573 4591 626 4631 iu
703 4588 739 4630 t.

571 4588 739 4645 jubet.

647 4647 674 4685 b
699 4648 802 4722 Qui
834 4657 942 4702 tota
972 4649 1075 4703 rita
1111 4667 1231 4704 sua.
1267 4649 1492 4706 Codices
1519 4651 1805 4716 Victorini,
1833 4652 1921 4722 qui
1955 4667 2047 4720 per
2067 4659 2150 4704 to-

574 4725 682 4768 tam
702 4719 860 4771 vitam
884 4736 1056 4774 suam.

647 4797 668 4824 ε
705 4786 784 4870 pe
807 4805 1028 4859 quorum
1059 4792 1310 4846 omnium.
1325 4790 1458 4847 Cod.
1477 4789 1536 4847 S.
1567 4789 1845 4860 Ebrulpbi,
1875 4790 1939 4844 de
1962 4792 2147 4844 horum

573 4871 826 4910 omnium.

643 4925 753 5010 dJF
757 4929 1077 5010 artissimum
1104 4931 1728 5010 genus._(_3(enobi_tarum
1752 4945 1920 5010 genus
1949 4931 2148 5010 dicitur

592 4999 950 5072 ortissimum,
978 4999 1420 5070 quia'coanobitaz
1450 5003 1740 5058 multorum
1758 4999 1956 5057 solatio
1982 5001 2147 5072 adjuti

571 5067 781 5143 facilius
801 5067 1071 5127 diabolum
1098 5075 1313 5130 vincere
1334 5081 1576 5143 possunt.

647 5139 1098 5214 e‘Monachorum.
1127 5139 1349 5199 Initium
1369 5141 1526 5210 hujus
1546 5143 1738 5214 capitis
1765 5152 2035 5214 sumptum
2061 5152 2146 5197 est

572 5225 640 5282 ex
671 5209 871 5281 Regula
911 5216 1084 5268 sancti
1117 5215 1388 5269 Benedicti
1429 5209 1704 5282 usque'ad
1733 5214 1822 5268 illa
1856 5209 2016 5268 verba
2048 5231 2060 5266 :
2097 5223 2143 5267 et

572 5280 720 5365 dum.
743 5280 798 5335 in
835 5285 1046 5354 proprio
1091 5287 1310 5340 arbitrio
1336 5327 1349 5351 ,
1392 5293 1451 5339 ut
1486 5280 1743 5355 pleraque
1773 5285 1874 5338 alia
1906 5283 2145 5351 ejusdem

571 5364 770 5408 oneris.

607 5364 964 5497 “Hammo
989 5435 1038 5482 et
1069 5425 1289 5497 Spiritu.
1315 5425 1377 5480 In
1401 5423 1606 5496 Regula
1636 5424 1808 5478 sancti
1843 5422 2142 5490 Benedicti,

576 5491 682 5547 Deo
705 5495 1011 5552 auxiliante.

648 5564 1134 5650 lEV‘RepugnarenIta
1161 5569 1212 5622 in
1235 5567 1438 5650 [tegula
1455 5582 1555 5620 ms.
1574 5563 1814 5635 Magistri
1836 5564 1954 5620 cod.
1972 5562 2136 5620 Corb.

571 5633 1050 5709 Inﬁcgula'sancti
1078 5633 1368 5703 Benedicti,
1393 5653 1642 5709 pugnare.

643 5706 670 5745 ιι
700 5705 900 5779 Factis.
935 5709 992 5764 In
1029 5710 1231 5779 Regula
1257 5705 1427 5765 sancti
1450 5705 1747 5779 Benedicti,
1780 5705 2039 5779 operibus.

652 5779 667 5816 ί
704 5776 956 5834 Arcetlas.
985 5775 1195 5834 Arcella
1227 5791 1310 5835 est
1333 5795 1478 5836 arca.
1499 5777 1702 5834 Glossa'.
1729 5785 1941 5832 veteres
1966 5793 1978 5830 :
2004 5775 2142 5829 Area

573 5859 621 5908 et
655 5848 872 5919 arcella,
901 5852 1134 5924 κιϐωτὸς,
1162 5858 1436 5918 adtentari;
1462 5849 1632 5908 utitur
1654 5847 1923 5910 CaBSarius
1953 5845 2142 5904 Arela-

2256 3331 2360 3385 vit.
2404 3330 2473 3386 Et
2508 3341 2798 3400 antequam
2846 3347 3019 3386 novus
3044 3331 3217 3386 lectus
3245 3329 3452 3385 lassum
3479 3347 3512 3386 a
3540 3333 3853 3401 potionibus

2255 3421 2444 3492 magis,
2479 3423 2564 3477 vel
2593 3423 2662 3477 ab
2687 3422 2849 3489 escis,
2877 3437 3040 3493 quam
3069 3438 3101 3476 a
3125 3422 3212 3475 via
3240 3421 3502 3491 hospitem
3533 3425 3855 3493 suscipiat,

2254 3511 2499 3568 laborem
2543 3529 2654 3569 sua:
2694 3514 2796 3569 viae
2845 3529 2943 3584 pro
2991 3528 3188 3585 magno
3241 3513 3447 3583 hospiti
3491 3524 3850 3580 citat-rantes,

2255 3607 2380 3662 dum
2411 3606 2715 3661 mercedem
2748 3605 3141 3675 repausationis
3179 3605 3512 3676 largioribus
3552 3609 3849 3678 pulmenta-

2256 3698 2354 3752 riis
2369 3706 2424 3754 et
2444 3697 2668 3752 inﬁnitis
2690 3697 2899 3767 poculis
2919 3697 3190 3767 hospitem
3213 3697 3316 3753 sibi
3338 3708 3552 3769 cogunt
3584 3699 3606 3739 ι
3635 3700 3843 3772 largire,

2255 3791 2518 3844 rationem
2544 3789 2750 3845 erroris
2779 3791 2861 3844 sui
2891 3805 2989 3859 per
3014 3791 3520 3859 peregrinationem
3549 3803 3612 3849 et
3631 3796 3842 3865 captivi-

2253 3886 2423 3934 tatem
2449 3880 2673 3936 celando
2694 3889 2974 3938 excusant.
3004 3883 3070 3937 Et
3093 3898 3218 3939 mox
3247 3885 3315 3940 de
3337 3884 3548 3942 vicinis
3579 3889 3845 3944 monachis

2255 4023 2390 4080 ten.,
2416 4031 2536 4084 cap.
2568 4015 2890 4085 367Regulm
2920 4035 2932 4068 :
2962 4027 3010 4070 et
3051 4017 3217 4072 claues
3260 4017 3326 4071 de
3358 4020 3593 4074 arcellis
3620 4035 3640 4072 :
3671 4023 3845 4076 ὧεὲιπ

2254 4096 2314 4158 e_t
2331 4085 2605 4158 arcellula.
2629 4084 3292 4158 Gregorius'l‘uronensis,
3310 4087 3411 4143 lib.
3438 4105 3476 4144 ι
3499 4089 3682 4158 HisL,
3709 4092 3838 4154 eis,

2255 4155 2318 4210 Si
2337 4157 2464 4226 quis
2493 4173 2673 4209 earum
2698 4155 2977 4210 ai‘cellulas
3004 4167 3346 4211 scrutaretur.

2331 4225 2671 4298 ii’iﬂescellas.
2702 4227 2757 4298 In
2783 4225 2989 4296 Regula
3012 4243 3111 4281 ms.
3150 4226 3418 4298 Magistri,
3469 4245 3727 4288 γει-αισι.
3757 4232 3844 4286 lle-

2255 4297 2583 4370 scellze_sunt
2602 4297 2846 4370 panni_et
2869 4306 3047 4370 vestes
3067 4297 3255 4370 exiles.
3289 4297 3585 4370 Pelagius,
3624 4305 3713 4359 lib.
3738 4321 3767 4356 x
3787 4304 3843 4356 de

2255 4368 2393 4422 Vitis
2421 4367 2664 4430 Patrum,
2693 4384 2747 4421 n.
2774 4366 2862 4432 76,
2897 4387 2914 4417 ι
2945 4366 3051 4422 Pro
3076 4369 3159 4423 his
3195 4377 3318 4423 utor
3344 4366 3450 4424 has
3484 4366 3641 4430 vites
3677 4372 3845 4428 resch

2252 4439 2350 4521 izis.
2385 4457 2413 4521 ¹ι
2449 4438 2713 4521 Dicuntur
2744 4446 2799 4493 et
2842 4437 3056 4492 reculre.
3097 4438 3356 4521 Apuleius
3394 4440 3493 4495 lib.
3547 4460 3611 4497 Iv
3656 4447 3843 4500 Hilari:

2252 4507 2447 4585 fabulae
2473 4526 2484 4560 :
2520 4527 2537 4558 ε
2559 4509 2737 4585 Quid,
2760 4525 2885 4585 oro,
2911 4507 3258 4585 paupertinas
3284 4526 3698 4585 pannosasque
3717 4530 3842 4568 recn-

2174 4598 2228 4657 D
2254 4583 2333 4636 las
2359 4579 2677 4657 miserrimae
2699 4595 2833 4634 anus
2856 4581 3023 4657 donas
3047 4579 3236 4634 vicinis
3272 4581 3574 4638 divitibus.
3605 4579 3641 4638 ἰ
3678 4587 3843 4640 Dicm-

2253 4662 2343 4706 tur
2364 4657 2417 4702 et
2454 4649 2667 4725 reicula:
2692 4659 2747 4704 et
2774 4649 3071 4725 recellulre,
3107 4660 3509 4725 sumunturque
3554 4657 3731 4711 etiam
3761 4669 3842 4725 pro

2251 4719 2589 4792 ornamentis
2633 4719 3093 4792 et__supelle_ctile.
3140 4719 3299 4792 Legis
3352 4719 3842 4792 Burgundionum,

2252 4794 2337 4846 tit.
2375 4789 2463 4852 M,
2497 4789 2594 4860 ἐϋ,
2632 4808 2650 4840 ι
2681 4788 2794 4844 Nisi
2822 4789 3050 4843 forsitan
3078 4791 3209 4858 quid
3230 4788 3297 4844 ex
3327 4788 3534 4849 matris
3579 4797 3758 4856 bonis,
3799 4797 3846 4849 ii:

2251 4874 2336 4936 est
2363 4863 2419 4936 in
2441 4860 2708 4936 rec_c_lluli_s
2737 4868 2791 4936 et
2817 4861 3183 4936 ornamentis,
3230 4869 3356 4936 etc?
3394 4883 3413 4936 ξ
3454 4863 3562 4936 lib.
3597 4885 3679 4922 vn
3709 4869 3848 4936 Capi-

2251 4934 2348 4988 tul.
2381 4930 2560 4988 Caroli
2593 4940 2645 4985 et
2668 4931 2946 4994 Ludovici,
2973 4932 3059 4984 tit.
3086 4930 3224 4984 192:
3260 4949 3277 4982 ι
3315 4930 3418 4997 Qui
3451 4935 3729 4992 reiculam
3766 4930 3852 4991 ἑ(-

2253 5005 2430 5084 clesiae
2469 5011 2656 5070 petunt
2700 5001 3003 5083 a.regibus.
3031 5022 3055 5084 ρ
3082 5000 3222 5056 Sunt
3256 5003 3425 5056 etiam
3467 5020 3571 5061 res
3605 5011 3854 5080 ρυκιίω

2253 5081 2461 5146 exigua:
2490 5081 2584 5126 aut
2607 5081 2758 5142 parvi
2785 5081 3044 5127 momenti

2325 5147 2351 5186 k
2375 5144 2484 5198 Pro
2499 5145 2732 5215 adventu
2759 5144 3020 5198 novitatis.
3047 5143 3107 5199 Id
3148 5153 3232 5200 est
3266 5158 3365 5215 pro
3396 5145 3663 5203 adventu
3701 5163 3855 5208 non.

2248 5215 2462 5289 phrasis
2497 5214 2780 5289 Hebraica.

2328 5286 2344 5326 ι
2378 5287 2611 5360 Largire.
2643 5285 2801 5360 itain
2831 5287 3032 5360 Regula
3073 5303 3178 5343 ms.
3210 5328 3225 5355 ,
3252 5303 3370 5359 pro,
3397 5288 3624 5360 largiri.
3657 5289 3754 5349 Sic
3777 5305 3864 5347 ve-

2248 5366 2390 5413 teres
2413 5355 2697 5427 aliquando
2719 5356 2878 5411 locuti
2906 5355 3050 5414 sunt.
3081 5363 3088 5370 ’

2323 5426 2557 5486 Sanctus
2583 5426 2943 5484 Columbanus
2963 5431 3018 5485 in
3042 5430 3349 5486 Monastrcns
3365 5449 3392 5496 '_

2365 5539 2471 5590 Non
2493 5540 2652 5602 perdit
2675 5541 2831 5602 pietas
2851 5539 3086 5604 quidquid
3109 5540 3290 5603 largire
3316 5540 3524 5593 videtur.

2239 5645 2386 5703 Idem
2415 5645 2554 5701 infra
2585 5646 2740 5714 dixit,
2769 5647 3026 5703 ulciscere
3048 5663 3147 5719 pro
3174 5647 3360 5702 ulcisci
3387 5667 3406 5701 ε

2365 5760 2671 5825 Injuriasque
2691 5769 2799 5814 tuas
2820 5763 2873 5814 in
2893 5761 3092 5816 fratrem
3114 5761 3356 5815 ulciscere
3375 5761 3495 5814 noti.
