3972 6328
143 352 230 409 757
1051 349 1442 408 CONCORDIA
1480 349 1937 408 REGULARUM.
1979 379 2049 392 -—
2083 349 2236 419 CAP.
2275 350 2359 408 ΙΙΙ.

3237 356 3340 416 758

141 472 219 518 aut
241 462 531 519 monasterii
555 463 822 535 positione
858 465 1222 537 interrogant;
1258 468 1347 521 ubi
1376 481 1496 522 cum
1539 467 1663 520 inde
1691 471 1741 529 Α
1764 479 1929 533 panes
1956 465 2080 518 tosti
2114 465 2504 535 impleverant:
2535 481 2656 523 cum
2698 469 2750 524 in
2787 469 3123 527 diversorum
3158 472 3342 546 hospi-

139 570 162 597 ι
178 558 457 623 levaverint,
476 559 502 598 b
518 567 718 628 ponant
733 561 818 614 vel
839 561 1124 630 applicent,
1141 561 1286 616 velut
1305 563 1432 616 lassi
1445 569 1498 616 et
1511 561 1665 630 quasi

137 647 304 715 quibus
318 645 424 715 jam
452 649 736 704 universus
762 650 977 706 clausus
1003 653 1074 705 sit
1103 652 1351 718 mundus,
1387 661 1442 707 et
1468 666 1532 706 ex
1557 660 1667 708 toto

135 751 217 792 eos
239 752 324 792 nec
349 736 486 804 loca,
509 753 610 794 nec
644 740 823 805 silvae,
855 757 955 796 nec
994 743 1102 796 lata
1142 744 1258 812 ipsa
1294 742 1512 815 .‘Egypti
1549 758 1668 798 ere-

131 841 240 881 mus
263 827 450 897 capiat,
487 843 588 883 nec
623 830 876 885 universa
917 833 1243 888 monasteria
1288 834 1356 888 ad
1387 835 1664 890 servitium

129 916 215 971 Dei
236 931 316 971 eos
336 917 656 986 suscipiant;
685 927 740 974 et
766 934 880 983 eos,
907 928 970 975 ut
996 920 1250 983 diximus.
1269 929 1415 978 totus
1435 926 1666 978 mundus

127 1020 224 1061 non
253 1008 449 1078 capiat:
476 1008 601 1062 inde
626 1023 684 1063 se
709 1009 894 1065 dicunt
934 1008 1077 1078 juste
1121 1026 1337 1076 errare,
1369 1027 1422 1068 et
1459 1028 1525 1068 ex
1554 1023 1666 1070 toto

126 1093 285 1152 locum
317 1099 702 1168 repausationis
725 1107 780 1153 et
809 1100 1149 1172 refrigerium
1193 1104 1386 1158 animae
1432 1112 1486 1158 et
1527 1105 1666 1160 inte-

123 1202 260 1258 gram
289 1205 342 1246 se
372 1191 802 1247 observationem
847 1193 1146 1264 disciplinae
1185 1210 1448 1264 nusquam
1503 1212 1664 1266 posse

121 1293 180 1336 se
203 1280 422 1337 invenire
451 1299 464 1335 :
492 1283 646 1352 quasi
675 1283 857 1339 dicant
897 1300 957 1340 se
994 1285 1068 1338 ita
1100 1285 1327 1339 multum
1356 1287 1660 1355 sapientes,

119 1376 180 1427 ut
206 1379 358 1427 totum
391 1373 523 1442 ipsis
553 1373 683 1429 solis
711 1375 1006 1445 displiceat,
1043 1377 1304 1446 quidquid
1336 1377 1446 1432 Deo
1470 1385 1525 1432 et
1562 1379 1662 1432 ho-

120 1460 332 1516 minibus
358 1461 549 1532 placet.
578 1462 806 1534 Ideoque
836 1466 1007 1536 magis
1031 1465 1236 1536 eligunt
1266 1466 1574 1532 ambulare,
1607 1475 1662 1522 et

118 1552 310 1606 noviter
331 1567 427 1622 per
449 1553 689 1610 diversos
717 1556 957 1626 hospites
990 1565 1226 1612 mutatos
1242 1598 1256 1621 ,
1287 1567 1344 1612 et
1368 1558 1546 1613 varias
1571 1574 1661 1614 re-

117 1638 383 1708 fectiones;
416 1651 473 1697 ut
501 1657 597 1712 per
633 1645 979 1700 occasionem
1024 1647 1261 1702 sitientis
1286 1649 1388 1704 viae
1423 1651 1663 1721 repropi-

113 1739 231 1785 nata
253 1733 430 1801 pocula
460 1743 694 1790 sumant.
726 1735 840 1791 Hoc
885 1751 1014 1808 ergo
1055 1748 1248 1809 agunt,
1279 1748 1341 1794 ut
1378 1740 1517 1811 gulae
1549 1757 1662 1798 sum

109 1822 272 1894 magis
299 1825 532 1893 quotidie
559 1828 895 1896 peregrinari
922 1829 1209 1884 videantur
1245 1845 1409 1899 quam
1447 1831 1660 1887 animae.

105 1912 173 1968 Et
205 1930 317 1969 cum
339 1917 418 1971 eis
439 1926 561 1987 post
589 1918 811 1972 biduum
847 1919 916 1973 ad
940 1935 1109 1974 unum
1137 1921 1406 1990 hospitem
1439 1939 1667 1993 appara-

103 2010 191 2057 tus
217 2004 321 2073 ipse
349 2006 400 2059 in
427 2006 802 2076 pulmentariis
847 2007 962 2076 jam
1003 2011 1295 2066 minuendo
1329 2014 1664 2082 subducitur,

98 2098 156 2144 et
176 2107 353 2159 mane,
381 2094 488 2149 alia
525 2096 642 2161 die,
671 2096 846 2163 facto,
885 2114 1010 2153 cum
1047 2116 1154 2156 non
1204 2102 1271 2155 ad
1313 2102 1665 2160 refectionem

89 2187 445 2252 ‘coquendam,
469 2186 561 2241 sed
591 2187 657 2241 ad
685 2186 928 2242 laborem
953 2189 1156 2245 cellulae
1182 2207 1292 2246 sum
1311 2195 1546 2249 viderint
1569 2198 1667 2252 ho-

84 2272 286 2340 spitem
329 2277 604 2345 occupari,
652 2292 778 2332 mox
823 2280 993 2346 quazri
1043 2281 1146 2335 sibi
1191 2283 1356 2337 alium
1397 2284 1664 2355 hospitem

80 2359 284 2429 placet.
320 2361 468 2417 Tunc
496 2363 612 2419 vale
639 2362 927 2432 festinant,
967 2371 1120 2437 quasi
1151 2373 1219 2426 ab
1258 2372 1439 2442 aliquo
1470 2374 1660 2444 impel-

83 2448 292 2514 lantur,
322 2453 476 2520 quasi
504 2467 599 2509 eos
618 2452 731 2521 jam
759 2466 1073 2525 exspectent
1101 2459 1326 2516 aliorum
1385 2463 1661 2532 hospitum

81 2540 311 2608 prandia
340 2552 674 2611 przeparata;
701 2553 758 2598 et
775 2561 882 2600 non
913 2546 1070 2618 longe
1096 2550 1164 2603 ab
1188 2550 1305 2619 ipso
1331 2559 1664 2610 monasterio

83 2629 136 2685 si
165 2629 350 2684 cellam
374 2631 676 2687 invenerint
705 2637 953 2690 monachi
987 2649 1342 2707 repausantes
1385 2643 1574 2698 dicunt
1603 2660 1664 2700 se

82 2735 120 2773 a
148 2720 339 2775 finibus
367 2721 618 2777 advenire
647 2723 830 2790 Italiae,
857 2735 910 2780 et
934 2729 1144 2783 noviter
1173 2730 1376 2800 aliquid
1417 2733 1484 2787 de
1510 2749 1664 2804 pere-

78 2811 384 2880 grinatione
423 2825 514 2867 aut
557 2817 622 2870 de
649 2819 994 2888 captivitate,
1036 2830 1092 2875 et
1124 2822 1225 2891 ipsi
1265 2823 1466 2893 hospiti
1509 2827 1664 2894 quasi

77 2902 270 2957 humili
305 2913 358 2958 et
385 2896 641 2963 inclinato
670 2910 847 2980 capite
873 2915 1200 2970 mentientes
1241 2932 1365 2970 cum
1411 2921 1659 2990 proprie-

78 3001 198 3047 tate
226 2994 366 3065 longi
395 2996 604 3054 itineris
633 3011 832 3071 cogunt
867 3005 941 3072 pii
974 3006 1202 3074 hospitis
1229 3017 1393 3064 totam
1431 3026 1664 3082 pauper-

73 3092 252 3138 tatem
288 3085 341 3139 in
371 3097 393 3124 °
423 3090 637 3144 cacabis
661 3099 714 3144 et
746 3091 801 3144 in
832 3108 1014 3148 mensa
1064 3097 1334 3152 exinaniri
1367 3118 1379 3152 :
1410 3101 1526 3156 sine
1563 3104 1662 3157 du-

70 3171 170 3225 bio
197 3180 253 3226 et
274 3174 385 3242 ipse
415 3176 610 3246 hospes
637 3179 830 3244 nudus,
856 3189 914 3233 et
933 3181 1004 3234 ad
1030 3184 1340 3250 glutonibus
1361 3189 1665 3247 exinanitus

70 3271 204 3330 post
236 3261 456 3318 biduum
481 3267 882 3337 relinquendus.
911 3271 1126 3327 Etcum
1167 3285 1291 3344 post
1334 3278 1570 3333 triduum
1609 3289 1667 3337 et

71 3354 199 3424 ipse
228 3363 283 3410 et
307 3357 441 3411 cella
475 3356 592 3426 ejus
614 3369 667 3412 et
697 3375 874 3416 mores
900 3370 956 3416 et
989 3364 1106 3433 ejus
1133 3365 1465 3435 displicuerit
1501 3370 1666 3426 disci-

62 3444 225 3516 plina
257 3465 270 3499 :
300 3457 354 3501 et
384 3464 502 3502 cum
532 3451 791 3505 subducta
822 3453 900 3507 eis
931 3462 1050 3523 post
1078 3455 1299 3510 biduum
1335 3458 1403 3512 ab
1441 3475 1508 3514 eo
1560 3463 1664 3531 mi-

59 3549 180 3589 nus
227 3536 532 3593 exhibuerit
570 3556 792 3606 mensa,
843 3557 969 3596 mox
1019 3553 1073 3598 et
1121 3545 1238 3615 ipse
1280 3551 1663 3620 reconsignare

63 3638 93 3667 ε
127 3628 375 3685 bisacias
407 3632 633 3702 cogitur,
661 3649 825 3703 quam
866 3636 1206 3692 diversorum
1232 3639 1502 3712 hospitum
1547 3644 1662 3713 jam

147 3817 176 3881 fl
197 3803 521 3881 gerat'erint.
548 3809 745 3881 Supple
763 3828 836 3866 se.

145 3872 426 3950 {Ponant
456 3878 514 3950 17d
544 3872 975 3950 esu-quiescant,
1000 3894 1232 3950 cessent,
1265 3888 1541 3944 ambulare
1581 3891 1662 3947 vi-

50 3941 287 4068 gilicelt.
312 3944 575 4015 Nonnius,
609 3941 727 4020 cap.
751 3953 806 4018 4,
836 3941 1045 4023 ponere,
1073 3941 1654 4031 desinerert—"rgilins,

75 4031 96 4065 ι
147 4055 158 4068 .
193 4031 336 4068 vn:

75 4031 158 4068 ιο.
193 4031 294 4069 νιιι
321 4033 336 4069 ε

193 4119 318 4172 Cum
335 4126 468 4176 venti
491 4138 826 4190 posuere......

140 4235 163 4262 α
203 4224 272 4278 In
297 4229 522 4303 gacqbis.
551 4230 792 4303 cacabus
837 4241 921 4288 est
971 4235 1096 4289 olla.
1143 4237 1336 4303 Varro,
1378 4238 1470 4293 lib.
1503 4255 1556 4294 tv
1591 4241 1658 4297 de

46 4295 279 4377 Lingua
302 4296 491 4352 Latina
519 4301 710 4377 _:_tVas
752 4303 863 4377 ubi
887 4304 1064 4359 cibum
1105 4295 1425 4377 coquebant,
1477 4311 1544 4364 ab
1592 4295 1656 4365 eo

45 4365 334 4439 eacabum
382 4369 767 4439 appellarunt.»
832 4372 1062 4430 Sanctus
1123 4365 1371 4439 Isidorus,
1413 4365 1523 4434 'lib.
1585 4397 1657 4436 xx

43 4435 215 4504 Orig.
249 4475 264 4499 ,
291 4435 532 4508 cap.‘vtu
557 4459 569 4495 :
603 4441 874 4498 «Cacabus
894 4454 948 4497 et
969 4461 1194 4503 cucuma
1218 4464 1245 4500 a
1272 4435 1403 4502 sono
1429 4449 1656 4506 fervoris

41 4506 557 4584 cognominantur;
586 4513 676 4584 sed
707 4522 884 4584 utrum
915 4514 1367 4580 LatiniaGraacis,
1389 4533 1455 4572 an
1478 4518 1652 4576 Graeci
1679 4524 1732 4584 D

40 4592 92 4653 Ξ
111 4575 340 4653 Latinis
368 4579 481 4653 haec
509 4583 766 4636 vocabula
803 4587 1146 4653 sumpserint,
1197 4575 1458 4643 incertum
1493 4575 1593 4644 est.
1616 4575 1647 4644 ἶ

38 4645 278 4700 Tamen
296 4647 528 4721 dubium
554 4665 658 4704 non
691 4662 774 4708 est
794 4645 1184 4721 quin-cacabus
1203 4673 1232 4711 a
1254 4658 1444 4714 Cra-co
1489 4661 1655 4715 dedu-

34 4723 241 4794 catur.
293 4715 432 4794 _Nam
475 4723 722 4794 κακκάϐης,
771 4715 908 4792 apud
952 4725 1267 4780 Athenzrum
1325 4729 1415 4782 lib.
1462 4745 1534 4794 IV,
1585 4748 1652 4786 ex

30 4786 80 4840 Α
96 4786 432 4870 ristophane
448 4797 512 4870 et
528 4786 838 4870 Antiphane
856 4803 941 4870 e_st_
963 4797 1158 4870 χρτρα,
1175 4798 1322 4852 idest
1349 4800 1484 4862 olla;
1513 4786 1650 4870 apud

29 4864 354 4932 auctorem
376 4861 571 4932 veteris
595 4862 944 4932 Etymologici
963 4861 1162 4919 dicitur
1185 4881 1202 4917 :
1233 4871 1455 4927 κακκάϐη
1471 4861 1651 4932 axilio;

29 4930 184 5009 »τρὸς
216 4925 811 5009 {ﬁngw'imzyriostovtid
840 4925 920 4988 Est
950 4951 1043 4988 vas
1067 4944 1249 5009 aptum
1300 4942 1366 4993 ad
1414 4925 1651 5009 coquen;

29 4993 390 5074 durn.n_\r'ide
412 4997 706 5074 Pollucem,
723 4993 814 5056 lib.
850 5019 904 5066 x,
928 5020 1055 5074 cap.
1079 4993 1167 5058 2'4.

109 5064 144 5104 ἀ
191 5063 538 5143 ϐέᾳιοηὶιηιε.
567 5063 726 5127 Gluto
747 5081 836 5143 est
852 5063 1089 5143 gulosus,
1123 5090 1308 5139 vorax,
1336 5076 1472 5132 Gall.
1493 5077 1656 5133 Glou-

29 5147 160 5220 ξιΙη.
222 5135 442 5220 Glgssac
482 5149 692 5220 veteres
737 5135 1199 5220 Latino-Gracia;
1250 5135 1422 5220 Glitio,
1457 5151 1652 5220 λέμϐος.

29 5205 755 5290 SIOSSEBIGmco:Latinae,_
771 5215 965 5290 una“,
990 5213 1337 5290 linguritts,_id
1361 5205 1445 5272 est
1466 5205 1651 5290 liguri-

30 5291 152 5341 or,
190 5275 452 5347 gulosus.
483 5278 710 5336 Sanctus
735 5275 987 5348 Isidorus,
1013 5275 1155 5366 Ιίἰῖκχ
1192 5275 1656 5409 (ξέἮωυπμυϐΙα-

30 5363 100 5409 ο,
138 5361 180 5398 a
205 5345 374 5409 gula,
394 5349 451 5402 id
470 5362 544 5404 est
569 5352 799 5409 aulosus.
823 5353 1024 5409 Glossae
1048 5356 1256 5409 lsrdort.
1330 5358 1520 5409 rdalm.
1544 5359 1656 5409 afu-

30 5363 100 5410 o,
138 5361 180 5398 α
202 5345 374 5417 ῇιιια,
394 5349 451 5402 id
470 5362 545 5428 est
568 5352 799 5421 gulosus,
823 5345 1256 5428 Glosstelsidori,
1280 5345 1520 5424 ardalio,
1543 5359 1658 5428 glu-

29 5433 98 5498 ρ.
142 5421 665 5498 ςυναςελ“ηιαηόαοο,
695 5439 725 5476 a
750 5425 963 5480 nomine
991 5425 1216 5495 glutum,
1247 5429 1298 5482 id
1323 5437 1426 5492 est,
1453 5421 1655 5498 guttur.

29 5485 275 5564 Eaedem
310 5486 558 5564 Glossae:
585 5485 781 5564 guttur,
823 5485 1044 5564 gutturi.

100 5568 131 5593 θ
166 5555 719 5634 B_isaciqs._Bisacia,
751 5555 845 5618 seu
866 5566 1042 5634 potius
1070 5565 1322 5631 bisaccia,
1375 5578 1457 5622 est
1505 5583 1657 5623 man-

29 5628 155 5706 ica.
200 5627 351 5682 hinc
388 5629 525 5706 inde
558 5646 624 5686 ex
659 5627 904 5706 _h_umer'o
951 5639 1191 5706 pendens
1234 5627 1656 5695 mendicantium

37 5696 158 5752 sui
193 5705 365 5773 apta.
399 5697 612 5771 Papias.
650 5702 910 5772 Bisaccia,
951 5696 1187 5773 sarcina,
1232 5710 1480 5765 mantica.
1529 5708 1655 5766 Gal-

30 5783 156 5832 .cc,
185 5764 428 5825 Besace.

1774 554 1916 608 taliis
1945 556 1996 608 in
2029 557 2228 610 mensis
2261 566 2506 612 recentes
2538 570 2774 625 sumunt,
2802 561 2921 617 illos
2946 573 3226 620 servantes
3250 580 3341 620 co-

1769 653 1899 712 gunt
1946 646 2241 701 mucidare.
2282 647 2423 718 Ergo
2471 660 2752 718 postquam
2797 653 2877 706 eis
2920 653 3137 710 bisacize
3163 657 3344 710 consi-

1769 742 2024 804 gnantur,
2051 751 2174 790 mox
2202 746 2258 792 et
2284 738 2350 793 de
2373 748 2591 808 pastura
2617 743 2782 798 miser
2819 746 3002 800 asinus
3030 755 3339 815 revocatur,

1768 823 1854 877 cui
1884 833 2006 892 post
2031 835 2276 882 recentes
2308 829 2406 884 via:
2432 829 2643 886 labores
2668 833 2864 888 misera
2886 845 3106 906 pastura
3123 838 3342 907 placue-

1767 920 1874 977 rat,
1903 913 1949 968 si
1979 913 2197 970 domino
2245 917 2362 986 ejus
2399 919 2680 991 hospitalis
2726 939 2830 978 non
2877 927 3239 997 displicuisset
3285 930 3342 986 in

1765 1001 1930 1058 biduo
1959 1020 1972 1056 :
1997 1012 2054 1058 et
2080 1006 2295 1061 noviter
2332 1007 2351 1046 τ
2389 1020 2684 1075 restratus,
2714 1021 2768 1066 et
2808 1015 3034 1071 diversis
3065 1019 3262 1074 tunicis
3286 1027 3345 1074 et

1766 1093 1987 1147 cucullis
2017 1097 2399 1164 resarcinatus,
2427 1115 2562 1170 quas
2583 1113 2674 1157 aut
2703 1103 3080 1173 importunitas
3113 1124 3142 1162 a
3164 1109 3343 1166 diver-

1765 1183 1842 1239 sis
1888 1195 2174 1256 excgerat,
2206 1197 2298 1242 aut
2339 1191 2555 1248 inventa
2592 1197 2808 1251 occasio
2853 1197 3059 1254 fraudis
3097 1201 3343 1258 diversos

1763 1276 2003 1346 hospites
2027 1281 2347 1349 nudaverat,
2367 1292 2422 1339 et
2443 1294 2500 1340 ut
2519 1286 2653 1343 alios
2674 1299 2879 1360 petant,
2898 1292 3101 1364 fingunt
3122 1309 3180 1349 se
3211 1310 3343 1364 pan-

1763 1381 1862 1419 nos
1896 1369 2188 1436 advestiri;
2223 1382 2278 1426 et
2306 1375 2423 1429 vale
2453 1387 2508 1431 et
2534 1380 2630 1448 ipsi
2658 1380 2855 1451 hospiti
2881 1384 3139 1446 dicentes,
3167 1387 3343 1442 adhuc

1763 1473 1869 1511 non
1908 1472 2189 1526 venerunt,
2219 1463 2404 1532 etjam
2440 1468 2660 1533 vadunt,
2692 1487 2814 1525 cum
2858 1473 2923 1526 ad
2959 1474 3062 1528 alia
3101 1474 3213 1542 jam
3242 1479 3340 1531 ho-

1764 1553 1978 1621 spitalia
2029 1556 2083 1610 in
2130 1558 2311 1613 animo
2363 1559 2680 1617 invitantur.
2744 1564 3000 1632 Caeditur,
3055 1571 3345 1640 pungitur,

1719 1719 1740 1738 ἐ
1763 1642 2052 1708 ustulatur,
2088 1648 2114 1686 ε
2146 1647 2374 1704 lordicat
2403 1653 2569 1708 miser
2590 1641 2894 1721 asellus,‘et
2916 1674 3019 1712 non
3045 1661 3224 1726 vadit,
3248 1677 3344 1716 va-

1763 1731 1954 1800 pulant
1987 1751 2148 1791 aures
2173 1738 2306 1808 ejus,
2336 1749 2622 1810 postquam
2650 1744 2835 1800 clunes
2871 1746 3188 1803 defecerint.
3224 1749 3348 1804 Ideo

1692 1827 1739 1885 Β
1767 1822 2128 1888 perocciditur
2151 1835 2206 1879 et
2233 1829 2481 1883 manibus
2511 1831 2685 1886 lassus
2723 1833 3072 1905 impingitur:
3101 1837 3234 1906 quia
3266 1837 3348 1893 fe-

1765 1914 1999 1968 stinatur
2024 1924 2078 1970 et
2097 1920 2385 1989 satagitur,
2418 1929 2477 1975 ut
2497 1924 2563 1976 ad
2593 1924 2819 1980 alterius
2843 1928 3155 1982 monasterii
3186 1945 3350 1999 pran-

1767 2005 1913 2059 dium
1953 2018 2289 2064 occurratur.
2340 2013 2406 2066 Et
2453 2029 2573 2068 cum
2620 2018 2965 2084 pervenerint
3009 2019 3076 2074 ad
3123 2021 3349 2076 alterius

1767 2100 2079 2153 monasterii
2117 2110 2210 2156 aut
2236 2105 2486 2159 monachi
2509 2107 2536 2145 ιι
2565 2109 2773 2176 regias,
2806 2109 2878 2164 ita
2912 2111 3066 2166 hilari
3109 2115 3350 2172 clamosa

1767 2203 1899 2244 voce
1921 2191 2139 2256 deforis,
2165 2195 2180 2232 i
2212 2192 2528 2261 Benedicite,
2553 2198 2787 2252 clamant
2807 2217 2820 2252 :
2841 2210 2896 2254 et
2911 2203 3062 2270 quasi
3072 2202 3184 2271 jam
3201 2203 3351 2258 illum

1767 2276 1990 2331 calicem
2028 2279 2081 2333 in
2123 2296 2343 2336 manum
2394 2288 2740 2355 acceperint,
2774 2303 2932 2358 quem
2971 2306 3092 2345 mox
3122 2291 3352 2364 ingressi

1766 2368 2155 2422 monasterium
2187 2386 2284 2439 pro
2322 2373 2413 2426 siti
2453 2384 2578 2428 sunt
2605 2378 2826 2446 petituri
2853 2394 2866 2432 :
2890 2388 2946 2434 et
2973 2381 3238 2437 intrantes
3267 2397 3354 2438 re-

1765 2457 1883 2527 gias
1910 2459 2088 2512 adhuc
2116 2477 2220 2515 non
2252 2465 2481 2519 nuntiati
2520 2475 2575 2520 et
2615 2469 2853 2537 suscepti
2898 2469 2912 2519 i
2972 2473 3351 2539 excarricant;

1764 2556 1818 2603 et
1847 2550 2000 2617 quasi
2028 2566 2124 2620 pro
2150 2551 2330 2622 aliquo
2349 2555 2530 2611 debito
2549 2565 2641 2610 aut
2663 2573 2729 2612 ex
2759 2558 2988 2629 alicujus
3009 2561 3350 2633 delegatione

1765 2637 1839 2692 ibi
1866 2639 2173 2695 adveniant.
2206 2642 2345 2699 Ante
2370 2644 2517 2700 intus
2544 2647 2759 2702 bisaciaz
2785 2651 3156 2719 porriguntur,
3180 2668 3346 2722 quam

1765 2727 1964 2798 hospes
1996 2732 2308 2801 suscipitur,
2354 2743 2410 2788 et
2451 2750 2558 2790 non
2589 2737 2740 2805 prius
2765 2739 2834 2792 ad
2861 2741 3161 2796 oratorium
3201 2741 3354 2798 festi-

1764 2828 1948 2886 natur,
1980 2823 2081 2877 nisi
2114 2839 2212 2892 pro
2239 2824 2425 2882 labore
2459 2828 2806 2884 desiderandi
2836 2832 2948 2886 vini
2977 2849 3074 2902 per
3106 2836 3353 2893 occasio-

1763 2927 1886 2965 nem
1914 2913 2124 2970 viatica:
2143 2916 2281 2982 sitis,
2307 2926 2366 2972 ut
2396 2927 2447 2972 tn
2489 2935 2587 2989 pro
2618 2923 2885 2977 charitate
2926 2925 3124 2994 hospiti
3168 2927 3353 2984 vinum

1763 3004 2032 3074 porrigas,
2063 3008 2131 3061 ab
2167 3008 2272 3063 illis
2294 3010 2374 3064 sic
2395 3026 2557 3065 manu
2582 3028 2722 3082 aqua
2751 3015 3084 3084 exposcitur.
3113 3016 3179 3072 Hi
3205 3019 3352 3075 enim

1765 3093 1902 3147 tales
1930 3110 2052 3149 cum
2093 3096 2192 3166 ipsi
2237 3097 2440 3166 jejunia
2479 3103 2804 3158 ambulando
2845 3105 3131 3176 ignorant,
3177 3117 3233 3163 et
3278 3109 3348 3167 ad

1693 3175 1736 3236 C
1768 3197 2120 3254 quoscunque
2138 3175 2888 3262 supervenerintjejunantes,
2910 3204 3004 3251 aut
3024 3209 3351 3268 superventu

1769 3273 2020 3342 hOSpitali
2054 3286 2250 3345 cogunt
2278 3292 2370 3333 eos
2403 3278 2609 3349 jejunia
2645 3283 2932 3355 frangere,
2968 3298 3062 3342 aut
3091 3305 3198 3345 non
3226 3307 3353 3346 eru-

1765 3362 1996 3419 bescunt
2022 3382 2118 3420 sua
2154 3384 2284 3422 voce
2323 3370 2425 3424 hoc
2449 3373 2528 3426 eis
2565 3373 2764 3437 dicere,
2799 3377 2972 3446 magis
3001 3393 3094 3432 eos
3132 3396 3354 3449 prapter

1769 3458 2053 3511 avaritiam
2076 3458 2344 3528 jejunare,
2381 3471 2441 3517 ut
2467 3479 2572 3517 non
2604 3466 2774 3520 velint
2799 3468 3064 3538 hospitem
3084 3471 3352 3529 recreare

1770 3556 1894 3615 post
1924 3549 2084 3602 viam.
2112 3549 2177 3602 Et
2207 3560 2329 3620 post
2356 3566 2546 3622 vagam
2581 3569 2692 3610 suae
2722 3559 3130 3614 consuetudinis
3167 3561 3346 3632 gulam

1765 3647 1964 3708 cogunt
1990 3643 2452 3708 perseverantium
2472 3643 2680 3713 jejunia
2711 3648 2901 3703 violari
2926 3668 2939 3704 :
2970 3659 3025 3706 et
3051 3655 3330 3720 nesciunt,

1838 3819 1860 3860 τ
1895 3821 2186 3904 Restrtztus.
2219 3823 2396 3904 ldest,
2425 3827 2695 3885 veteribus
2715 3829 2927 3886 laciniis
2966 3832 3208 3904 abjectis,
3251 3852 3347 3894 no—

1761 3891 1843 3946 vis
1865 3901 1919 3946 et
1947 3894 2256 3949 melioribus
2277 3895 2555 3952 instratus.

1835 3983 2149 4061 BLordicot.
2176 3986 2316 4061 Infra
2342 3989 2530 4044 eodem
2580 3990 2756 4061 capite
2802 3991 3168 4052 :lordicando.
3215 3997 3351 4053 Lor-

1759 4052 1942 4142 dicare
1971 4055 2252 4151 estdorso.
2285 4058 2568 4151 incurvato
2618 4052 2884 4151 incedere.
2938 4063 3125 4121 Graece
3172 4069 3348 4151 λ9ρδόν

1760 4125 2071 4205 ρπόΙκυρτον,
2097 4126 2147 4180 id
2174 4136 2257 4182 est
2283 4128 2640 4206 incurvatum,
2673 4132 2865 4206 λορδός,
2895 4147 3166 4206 curvatus,
3204 4125 3348 4206 ligno

1759 4194 1995 4267 innixus,
2017 4212 2242 4266 corpore
2265 4200 2521 4267 pendens,
2545 4211 2692 4255 notat
2713 4194 2925 4260 Suidas.
2960 4205 3108 4262 Unde
3145 4194 3349 4266 Gallice

1759 4263 2043 4345 lourdand,
2071 4263 2159 4345 qui
2195 4263 2301 4345 non
2333 4263 2719 4345 recteincedit,
2739 4274 2894 4329 facile
2934 4276 3194 4345 impingit,
3233 4263 3346 4334 ine;

1760 4342 1884 4414 plus
1911 4335 1975 4414 ad
2005 4337 2204 4414 omnia.
2232 4339 2316 4402 Et,
2338 4341 2512 4405 lourd,
2544 4343 2596 4394 id
2625 4335 2914 4414 estgrave,
2963 4335 3345 4414 pond‘emsum,

1759 4404 1884 4472 quia
1909 4404 2393 4486 dorsum-incurvat
2415 4404 2696 4486 gestantis.
2722 4404 2979 4486 Eordicat
3003 4429 3132 4486 ergo
3153 4404 3350 4486 _Gyro;

1757 4488 1955 4555 vagus,
1978 4490 2096 4596 cutln
2126 4476 2406 4533 incurvato
2422 4476 2592 4534 dorso
2613 4481 2866 4536 incedens
2883 4497 2941 4537 se
2963 4476 3117 4540 valde
3144 4476 3346 4542 fessum

1757 4559 1876 4596 esse
1914 4561 2051 4596 snnu
2087 4554 2149 4596 λι.

1757 4559 1876 4598 esse
1914 4554 2073 4598 simul
2087 4554 2149 4598 λι.

1825 4639 1854 4677 h
1884 4636 2094 4707 Regios.
2125 4637 2290 4710 Regia
2320 4647 2401 4694 est
2427 4637 2616 4708 janna,
2650 4641 2715 4698 de
2745 4658 2852 4713 quo
2878 4647 3139 4703 vocabulo
3181 4649 3342 4706 infra.

1832 4730 2177 4804 iBenedicite
2215 4731 2462 4784 clamant.
2515 4732 2628 4788 Mos
2675 4733 2774 4788 fuit
2823 4739 3226 4804 monachorum,
3285 4752 3346 4798 ut

1756 4801 2272 4879 advenienshospes
2290 4803 2361 4879 ab
2387 4804 2592 4879 hospite
2637 4806 3062 4879 benedictionem
3113 4801 3340 4879 peteret.

1754 4871 1875 4947 Vita
1903 4871 2072 4947 sancti
2115 4871 2344 4947 Onufrii,
2373 4871 2590 4947 cap.87:
2631 4876 2982 4947 «Appropiavi
3012 4871 3196 4935 volens
3237 4883 3345 4936 sci-

1753 4942 1935 4995 scitari
1963 4943 2006 4993 si
2037 4940 2184 5013 forte
2225 4940 2491 5012 quispiam
2539 4946 2683 5001 intus
2708 4940 2992 5013 'man'eret,
3045 4951 3341 5006 secundum

1755 5012 2616 5087 consuetudinemmonachorum
2647 5018 2882 5072 clamare
2905 5012 3067 5087 cuipi,
3112 5020 3338 5075 benedi-

1754 5081 1987 5135 ctionem
2010 5081 2304 5136 humillime
2327 5085 2476 5151 petii.
2503 5104 2522 5137 ι

1829 5167 1842 5217 i
1879 5168 2246 5242 Excurricant.
2280 5171 2476 5242 Supple
2497 5192 2570 5229 se.
2604 5175 2957 5232 Excarricare
2973 5187 3057 5233 est
3081 5193 3340 5236 exonera-

1829 5189 1842 5217 ι
1879 5189 2246 5224 nxcarrtcant.
2280 5189 2350 5226 au
2395 5189 2476 5242 ple
2497 5192 2570 5229 se.
2605 5189 2957 5232 mcamcare
2973 5189 3057 5233 est
3081 5193 3340 5236 exonera-

1757 5253 1834 5300 re,
1854 5253 1992 5319 onus
2015 5239 2299 5319 deponere.
2327 5189 2598 5319 bﬁigister,
2649 5261 2767 5315 cap.
2797 5247 2859 5301 91
2918 5247 3132 5319 Regulae
3159 5268 3171 5302 :
3205 5251 3340 5306 «Ex-

1757 5309 2027 5363 carricato
2052 5310 2117 5364 de
2138 5326 2196 5381 se
2215 5327 2378 5367 onere
2402 5309 2735 5379 titcultatum',
2762 5337 2779 5367 ι
2810 5309 3026 5372 averbo
3037 5321 3257 5381 carrico,
3281 5322 3339 5377 id

1758 5388 1841 5433 est
1893 5393 2086 5454 onero:
2122 5379 2324 5454 Glossa:
2363 5382 2828 5438 Arabico-Latinae
2879 5379 3333 5454 dicuezCarrico,

1755 5463 1944 5503 onero.
1971 5448 2217 5512 Ruﬁnus,
2257 5452 2347 5505 lib.
2373 5468 2429 5505 ut
2455 5455 2519 5508 de
2542 5454 2676 5508 Vitis
2710 5454 2949 5521 Patrum,
2981 5475 3034 5512 n.
3056 5448 3338 5515 75:Stetit

1756 5534 1901 5593 ergo,
1931 5529 1984 5593 et
2011 5521 2404 5593 ipse_t_anquam
2435 5524 2750 5593 peregrinus
2763 5527 3051 5581 carrieavit
3073 5530 3286 5584 animal.
3311 5550 3330 5582 ι

1756 5588 2590 5662 Lib._vlegisWisigothorum:
2623 5594 2708 5646 tit.
2737 5594 2846 5657 v,l.
2872 5596 2945 5651 2:
2979 5597 3105 5653 «Sin
3154 5609 3334 5656 autem

1757 5659 1981 5714 nimium
2010 5659 2262 5739 eaadcndo
2277 5659 2366 5716 'vel
2393 5660 2566 5739 fasces
2591 5664 2924 5739 carricando,
2967 5677 3060 5722 aut
3093 5684 3334 5739 quocun-

1711 5779 1719 5792 ,
1750 5743 1857 5800 que
1891 5745 2078 5799 onere,
2105 5732 2190 5789 vel
2215 5733 2559 5790 nereussione
2586 5743 2856 5793 mortuum
2889 5735 3102 5796 fuerim
