3952 6314
505 298 614 360 ’143

1499 287 1558 344 S.
1598 279 1957 343 BENEDICTI
1993 275 2284 336 ABBATIS
2321 271 2728 334 ANIANENSIS

3661 279 3768 337 ἰιι

504 414 688 470 divina
711 410 931 468 dicens:
955 408 1096 477 Quia
1120 422 1296 465 omnes
1317 404 1581 460 credentes
1623 407 1768 454 erant
1805 398 1858 450 in
1901 411 2081 459 unum,
2112 397 2163 454 Α
2187 391 2326 461 quod
2355 392 2605 462 elegerit,
2639 399 2887 447 sanctum
2911 389 3013 448 sibi
3040 392 3146 448 hoc
3172 397 3343 462 putet.
3372 387 3488 445 Hos
3512 387 3658 445 tales
3680 392 3774 447 ubi

507 515 555 558 et
581 503 835 558 habebant
864 502 1041 556 omnia
1068 499 1361 555 communia
1377 496 1512 567 (Act.
1539 492 1620 564 ιι).

779 594 806 664 §
839 594 926 649 IV.
964 622 1038 633 —
1072 592 1244 647 DICTA
1276 603 1463 644 SANCTI
1504 587 1823 641 HIEBONYII.

584 696 611 725 ι
651 684 946 738 Monachus
972 683 1120 736 vivat
1156 682 1211 736 in
1247 677 1576 733 monasterio
1600 676 1699 730 sub
1729 672 1890 727 unius
1926 669 2089 726 disci—

508 775 657 846 plina
697 775 899 837 Patris,
939 772 1318 841 consortioque
1359 769 1648 824 multorum
1692 784 1704 818 :
1743 771 1804 818 ut
1832 764 1861 804 δ
1891 763 1959 818 ab
1984 761 2092 816 alio

514 867 688 922 discat
723 863 1116 929 humilitatem,
1157 863 1225 918 ab
1263 861 1369 917 alio
1409 858 1757 932 patientiam;
1795 870 1932 909 unus
1967 869 2092 908 eum

513 957 784 1014 silentium
810 996 824 1020 ,
858 955 995 1009 alter
1023 955 1216 1010 doceat
1250 951 1734 1007 mansuetudinem.
1773 947 1889 1003 Non
1929 946 2092 1001 faciat

512 1050 655 1119 quod
685 1047 828 1114 vult,
871 1049 1120 1103 comedat
1142 1046 1285 1117 quod
1318 1044 1559 1114 jubetur,
1602 1043 1800 1097 habeat
1831 1049 2092 1111 quantum

512 1141 814 1210 acceperit,
849 1140 1030 1209 operis
1067 1140 1151 1195 sui
1187 1153 1414 1209 pensum
1443 1137 1748 1206 persolvat,
1775 1135 2094 1203 subjiciatur

514 1233 602 1288 cui
629 1248 734 1286 non
757 1232 905 1297 vult,
933 1233 1108 1288 lassus
1137 1232 1204 1287 ad
1231 1239 1460 1286 stratum
1496 1230 1678 1284 veniat
1707 1227 2093 1296 ambulansque

519 1325 806 1391 dormitet,
839 1339 940 1380 nec
969 1326 1181 1379 demum
1214 1324 1428 1394 expleto
1457 1337 1676 1384 somno,
1703 1336 1922 1390 surgere
1943 1335 2092 1373 com-

511 1413 772 1482 pellatur;
814 1428 1006 1483 passus
1044 1411 1293 1480 injuriam
1348 1421 1556 1476 taceat;
1600 1409 1943 1480 praepositum
1974 1424 2093 1463 mo-

514 1504 739 1558 nasterii
784 1505 974 1560 timeat
1007 1515 1068 1560 ut
1104 1503 1381 1558 dominum
1404 1544 1420 1568 ,
1463 1503 1649 1572 diligat
1691 1508 1750 1555 ut
1786 1508 2091 1571 parentem;

513 1595 701 1649 credat
733 1594 836 1649 sibi
865 1594 970 1648 hoc
999 1609 1120 1648 esse
1147 1594 1386 1648 salutare
1416 1591 1675 1661 quidquid
1706 1590 1792 1645 ille
1821 1604 2095 1660 praecepe-

511 1685 619 1753 rit;
665 1701 766 1741 nec
808 1687 875 1742 de
914 1685 1136 1754 majoris
1175 1685 1440 1741 sententia
1473 1684 1708 1756 judicet,
1748 1683 1899 1754 cujus
1938 1681 2096 1737 cilicii

2195 485 2521 552 rcpereritis,
2557 498 2662 537 non
2693 485 2985 540 monachos
3003 525 3016 550 ,
3045 486 3136 538 sed
3166 484 3482 554 hypocritas
3516 490 3574 536 et
3599 482 3776 537 haere-

2195 575 2329 629 ticos
2353 589 2473 629 esse
2507 576 2756 631 credatis.
2789 575 2857 630 Et
2888 578 2992 632 hoc
3015 583 3297 643 optamus,
3327 582 3383 628 et
3416 575 3527 628 hoc
3555 575 3779 628 omnino

2193 665 2534 721 sanctitatem
2571 673 2807 720 vestram
2846 665 3155 736 quaesumus
3194 679 3316 718 cum
3346 663 3548 718 talibus
3580 663 3780 717 nullam

2192 756 2657 810 conversationem
2683 753 2935 823 jubemus
2975 754 3218 810 habeatis
3236 795 3251 819 ,
3279 769 3458 824 neque
3489 755 3808 810 imitemini-

2195 860 2304 901 eos.
2336 847 2405 901 Et
2431 847 2556 916 quia
2592 861 2691 902 suo
2721 848 2946 902 arbitrio
2975 848 3183 913 vivunt,
3210 847 3341 901 nulli
3377 847 3671 902 seniorum
3699 863 3784 901 vo-

2194 940 2310 993 lunt
2357 954 2476 995 esse
2521 939 2767 1009 subjecti.
2818 941 2886 995 Et
2927 941 3062 995 nihil
3103 940 3170 995 de
3207 941 3424 1011 propria
3479 942 3778 996 substantia

2193 1032 2518 1101 pauperibus
2543 1041 2766 1102 erogant
2785 1073 2801 1099 ,
2831 1033 2924 1088 sed
2950 1034 3127 1088 adhuc
3153 1033 3323 1088 aliena
3341 1075 3356 1098 ,
3387 1035 3549 1103 quasi
3588 1049 3783 1104 paupe-

2196 1138 2304 1187 res,
2335 1138 2524 1192 rapere
2542 1122 2817 1188 festinant,
2843 1133 2902 1177 ut
2929 1139 3050 1179 cum
3074 1125 3334 1178 uxoribus
3360 1133 3414 1176 et
3445 1123 3581 1177 ﬁliis
3620 1135 3645 1161 ε
3676 1124 3782 1193 plus

2195 1229 2356 1281 quam
2393 1215 2446 1268 in
2477 1215 2671 1269 saeculo
2705 1223 2859 1270 erant
2886 1215 3035 1270 lucra
3067 1215 3408 1286 conquirant.
3451 1215 3525 1268 Et
3559 1216 3683 1269 haec
3709 1213 3782 1267 fa-

2196 1304 2385 1359 ciendo
2416 1306 2481 1359 de
2519 1306 2820 1375 perditione
2851 1307 3154 1361 animarum
3187 1322 3293 1362 non
3315 1315 3552 1371 curant,
3583 1315 3651 1359 ut
3688 1320 3782 1360 non

2197 1395 2518 1458 animarum,
2545 1396 2638 1450 sed
2663 1411 2949 1466 corporum
2979 1397 3262 1467 plusquam
3292 1397 3595 1453 saeculares
3622 1399 3784 1452 homi-

2197 1500 2294 1540 nes
2341 1485 2701 1540 emolumenta
2744 1487 3012 1552 habeant,
3057 1496 3113 1541 et
3159 1503 3260 1557 pro
3304 1488 3417 1543 suis
3470 1489 3782 1558 pignoribus

2197 1592 2347 1632 more
2376 1577 2619 1647 luporum
2651 1579 2867 1634 doleant
2886 1586 2987 1646 ,-et
3016 1581 3082 1635 de
3114 1581 3201 1636 die
3238 1583 3291 1636 in
3321 1582 3467 1637 diem
3501 1599 3614 1638 non
3651 1593 3783 1639 retro

2154 1657 2316 1724 'acta
2366 1678 2585 1738 peccata
2628 1669 2916 1742 plangant,
2966 1672 3060 1726 sed
3105 1687 3226 1727 cum
3273 1674 3552 1729 scandalis
3577 1691 3785 1745 semper

512 1781 600 1834 αι
617 1775 840 1832 obedire
859 1783 913 1831 ει
936 1776 1158 1846 implere
1170 1791 1289 1846 qua,
1303 1775 1456 1844 iussa
1480 1783 1624 1839 sum,
1644 1775 1855 1830 dicente
1879 1774 2093 1844 Moyse;
2126 1755 2173 1813 B
2201 1760 2380 1814 studio
2413 1760 2728 1830 rapacitatis
2754 1761 3040 1827 anhelant,
3074 1772 3129 1817 et
3167 1779 3274 1818 non
3313 1764 3382 1818 de
3411 1779 3580 1833 paena
3612 1765 3782 1819 futura

517 1867 682 1932 Audi,
717 1866 914 1935 Israel,
938 1878 986 1923 et
1014 1879 1126 1922 tace
1149 1867 1327 1940 (Deut.
1362 1867 1555 1938 xxvii).
1587 1867 1815 1934 Quidam
1843 1865 2100 1937 proﬁten-

518 1967 609 2014 tur
637 1976 696 2016 se
728 1961 1037 2015 renuntiare
1061 1961 1313 2016 saeculum
1348 1961 1685 2015 vestimentis
1711 1967 1768 2014 et
1794 1957 1944 2013 vocis
1978 1971 2102 2026 pro-

518 2051 754 2108 fessione
776 2094 791 2118 ,
814 2053 906 2123 qui
938 2054 1071 2107 nihil
1106 2056 1173 2109 de
1197 2053 1422 2124 pristina
1447 2054 1856 2110 conversatione
1882 2059 2099 2106 mutan-

518 2150 622 2209 tes,
647 2159 736 2198 res
763 2142 1053 2199 familiares
1080 2146 1253 2215 magis
1279 2135 1478 2215 augent
1506 2160 1666 2214 quam
1700 2144 1968 2198 minuunt.
1997 2142 2102 2197 Ea-

519 2234 642 2289 dem
673 2236 974 2292 ministeria
1000 2252 1310 2301 servorum,
1344 2239 1486 2291 idem
1525 2245 1814 2306 apparatus
1849 2235 2098 2300 convivii,

519 2335 576 2382 et
605 2328 747 2382 inter
771 2330 954 2384 turbas
985 2337 1038 2384 et
1065 2331 1315 2384 examina
1341 2331 1714 2384 ministrorum
1751 2331 1966 2384 nomina
2001 2329 2105 2385 sibi

517 2417 797 2473 vindicant
842 2419 1088 2473 solitarii.
1136 2420 1388 2490 Plerique
1434 2422 1683 2476 monachi
1731 2431 1752 2460 ο
1807 2421 2011 2475 artibus
2050 2427 2107 2476 et

521 2509 975 2578 negotiationibus
1003 2509 1247 2579 pristinis
1285 2526 1472 2565 carere
1503 2526 1612 2565 non
1650 2519 1893 2582 possunt.
1934 2509 2104 2564 Pleri-

521 2612 626 2666 que
656 2615 763 2652 non
793 2599 994 2654 victum
1029 2608 1085 2654 et
1114 2603 1401 2668 vestitum,
1433 2602 1575 2672 quod
1606 2602 1892 2672 Apostolus
1918 2602 2107 2671 praeci-

522 2689 622 2757 pit,
659 2690 753 2744 sed
786 2690 1011 2761 majora,
1043 2706 1202 2760 quam
1238 2693 1417 2747 smculi
1449 2694 1716 2756 homines,
1741 2692 2105 2746 emolumenta

527 2786 822 2844 sectantes,
851 2780 950 2834 sub
973 2780 1248 2851 religionis
1275 2783 1428 2838 titulo
1451 2791 1706 2838 exercent
1733 2782 1928 2851 injusta
1959 2795 2108 2835 com-

529 2873 767 2939 mercia,
806 2880 862 2928 et
898 2873 1074 2943 plenis
1117 2874 1345 2930 sacculis
1389 2874 1694 2929 moriuntur
1737 2872 1928 2927 divites
1953 2912 1966 2935 ,
2013 2873 2105 2941 qui

525 2963 683 3031 quasi
717 2977 980 3032 pauperes
1005 2963 1270 3020 vixerant.

527 3068 557 3141 ᾗ
612 3071 678 3126 ν.
732 3101 802 3111 —-
856 3072 935 3128 ᾖ
994 3073 1213 3131 Reme
1267 3090 1454 3131 sum
1506 3073 1815 3132 Fauc'ruost
1869 3088 2104 3132 EPISCOPI

1196 3146 1342 3218 (cap.
1375 3148 1400 3199 ι
1416 3147 1457 3216 ).

599 3227 628 3267 ἀ
667 3227 852 3284 Solent
877 3231 1019 3286 enim
1042 3233 1285 3288 nonnulli
1315 3235 1384 3289 ob
1406 3242 1608 3289 metum
1634 3235 1890 3306 gehennae
1915 3235 1970 3289 in
1996 3234 2108 3290 suis

527 3319 630 3377 sibi
661 3319 912 3377 domibus
944 3325 1270 3379 monasteria
1303 3340 1625 3394 componere
1646 3364 1662 3390 ,
1687 3335 1744 3380 et
1769 3341 1891 3379 cum
1925 3325 2110 3378 uxori-

525 3412 662 3477 bus,
696 3413 855 3479 iiliis,
891 3421 946 3469 et
985 3415 1157 3470 servis
1195 3423 1355 3485 atque
1396 3416 1585 3469 vicinis
1620 3431 1743 3470 cum
1787 3415 2108 3469 sacramenti

528 3505 837 3562 conditione
865 3507 917 3560 in
945 3523 1113 3562 unum
1140 3524 1197 3563 se
1227 3510 1510 3579 copulare,
1547 3515 1600 3562 et
1632 3508 1688 3561 in
1727 3509 1838 3562 suis
1880 3507 2014 3573 sibi,
2051 3515 2110 3563 ut

528 3597 783 3662 diximus,
815 3599 956 3654 villis
981 3616 1047 3654 ex
1074 3601 1290 3655 nomine
1309 3609 1608 3671 martyrum
1635 3600 1894 3654 ecclesias
1923 3616 2112 3655 conse-

527 3705 716 3758 crare,
759 3702 814 3747 et
851 3710 943 3748 eas
981 3694 1117 3749 falso
1155 3695 1371 3748 nomine
1412 3694 1740 3750 monasteria
1778 3708 2106 3762 nuncupare.

529 3779 642 3838 Nos
671 3790 850 3837 tamen
873 3785 988 3838 haec
1018 3799 1123 3838 non
1149 3785 1377 3839 dicimus
1403 3783 1759 3848 monasteria;
1789 3783 1880 3838 sed
1907 3783 2112 3836 anima-

527 3885 652 3929 rum
706 3875 1061 3943 perditionem
1113 3882 1167 3928 et
1202 3874 1456 3929 Ecclesiae
1517 3875 1944 3929 subversionem.
1986 3873 2113 3930 lnde

534 3963 774 4016 surrexit
811 3963 1033 4017 haeresis
1066 3970 1120 4016 et
1159 3964 1428 4027 schisma,
1462 3972 1517 4017 et
1547 3963 1766 4034 grandis
1797 3977 1895 4031 per
1926 3978 2113 4018 mona-

534 4053 703 4109 steria
734 4042 1134 4118 controversia;
1163 4061 1218 4107 et
1250 4052 1372 4108 inde
1411 4053 1553 4108 dicta
1593 4053 1843 4120 bmresis,
1874 4068 1940 4108 eo
1971 4052 2110 4124 quod

2201 1852 2469 1921 cogitant,
2508 1851 2602 1905 sed
2638 1851 2780 1906 unde
2807 1868 3004 1908 uxores
3033 1863 3089 1908 et
3129 1853 3266 1909 filios
3301 1865 3570 1925 pascant,
3617 1859 3784 1912 acrius

2200 1941 2506 1994 anxiantur.
2539 1941 2606 1994 Et
2635 1957 2757 1996 cum
2779 1942 2910 2011 ipsis
2938 1944 3153 2009 vicinis,
3177 1961 3298 2000 cum
3323 1947 3532 2015 quibus
3559 1949 3715 2017 prius
3737 1965 3785 2004 se

2193 2029 2520 2099 iuramentis
2550 2019 2866 2102 ligaverant,
2897 2049 2997 2104 pro
3025 2035 3126 2091 hoc
3158 2036 3410 2105 tepefacti
3439 2053 3573 2091 cum
3602 2040 3780 2109 grandi

2193 2121 2377 2193 jurgio
2405 2130 2458 2176 et
2492 2122 2802 2177 discrimine
2832 2139 2892 2178 se
2927 2124 2994 2178 ab
3022 2127 3250 2182 invicem
3286 2139 3550 2198 separant
3581 2147 3594 2182 :
3631 2139 3689 2184 et
3712 2145 3786 2184 res

2203 2229 2360 2280 suas,
2401 2229 2535 2283 quas
2573 2223 2698 2269 ante
2737 2231 2835 2285 per
2872 2217 3192 2273 charitatem
3231 2222 3629 2291 expendendas
3657 2239 3787 2278 con-

2203 2304 2440 2358 muniter
2477 2304 2836 2371 miscuerant,
2869 2322 2976 2361 non
3005 2307 3117 2376 jam
3157 2310 3506 2380 simpliciter,
3547 2314 3643 2367 sed
3675 2329 3785 2367 cum

2205 2399 2620 2470 exprobratione
2649 2415 2788 2466 unus
2829 2401 2984 2456 alteri
3014 2413 3209 2472 raptat.
3247 2403 3408 2470 Quod
3443 2406 3492 2460 si
3532 2405 3688 2461 alicui
3725 2419 3786 2461 ex

2205 2490 2311 2546 illis
2337 2490 2677 2546 imbecillitas
2704 2494 3035 2563 apparuerit,
3062 2495 3426 2564 propinquos,
3454 2512 3586 2566 quos
3610 2498 3662 2551 in
3686 2511 3787 2552 sa-

2207 2583 2326 2638 culo
2349 2583 2700 2653 reliquerunt,
2723 2601 2842 2639 cum
2872 2586 3064 2656 gladiis
3087 2593 3142 2641 et
3167 2585 3404 2642 fustibus
3429 2597 3488 2642 et
3517 2590 3673 2643 minis
3698 2588 3789 2643 ad-

2199 2674 2408 2743 jutores
2451 2676 2741 2730 adducunt.
2791 2676 2858 2730 Et
2897 2676 3129 2747 qualiter
3166 2677 3280 2732 haec
3319 2677 3666 2748 disrumpant
3691 2719 3706 2740 ,
3740 2679 3788 2733 in

2205 2769 2381 2840 prima
2417 2768 2616 2824 dudum
2652 2770 3059 2825 conversatione
3094 2771 3425 2840 excogitant.
3460 2771 3537 2825 Et
3567 2771 3588 2809 τ
3619 2772 3790 2842 vulga-

2208 2877 2296 2917 res
2318 2869 2372 2916 et
2406 2862 2581 2933 ignari
2607 2877 2729 2917 cum
2760 2863 2901 2928 sint,
2941 2862 3099 2916 talem
3135 2863 3390 2918 abbatem
3421 2863 3533 2918 sibi
3574 2879 3791 2934 praeesse

2209 2955 2547 3020 desiderant,
2578 2963 2638 3009 ut
2673 2954 2763 3008 ubi
2791 2969 2849 3008 se
2883 2955 3152 3009 voluerint
3189 2964 3553 3018 convertere,
3591 2958 3617 2995 ⁸
3651 2956 3790 3024 quasi

2209 3062 2333 3104 cum
2366 3047 2744 3104 benedictione
2781 3063 2907 3103 suas
2943 3048 3246 3102 voluntates
3283 3046 3524 3113 faciant,
3565 3056 3622 3102 et
3652 3048 3791 3116 quid-

2134 3110 2179 3175 C
2210 3139 2337 3210 quid
2363 3142 2442 3195 eis
2465 3140 2728 3210 placuerit
2754 3141 2953 3206 dicere,
2979 3140 3179 3196 dicant.
3209 3140 3278 3193 Et
3304 3140 3443 3194 alios
3464 3110 3627 3196 more
3658 3110 3795 3196 insti-

2209 3234 2442 3305 gationis
2473 3232 2788 3300 dijudicant,
2823 3242 2879 3287 et
2900 3234 2926 3272 h
2957 3249 3140 3288 servos
3163 3232 3366 3288 Christi
3397 3234 3565 3288 dente
3607 3234 3796 3288 mnino

2210 3325 2487 3379 dilaniant.
2523 3324 2589 3377 Et
2621 3325 2722 3378 hoc
2754 3332 2918 3394 agunt
2954 3333 3013 3378 ut
3049 3339 3265 3394 semper
3291 3340 3414 3378 cum
3438 3325 3800 3380 saecularibus

2209 3427 2264 3469 et
2298 3415 2454 3483 hujus
2485 3416 2628 3470 modi
2659 3415 2990 3484 principibus
3015 3429 3300 3468 commune
3335 3413 3670 3468 consortium
3695 3414 3800 3468 ba-

2208 3509 2392 3574 beant,
2421 3516 2474 3562 et
2503 3515 2774 3562 amatores
2801 3507 2984 3562 mundi
3013 3523 3133 3561 cum
3161 3507 3360 3562 mundo
3388 3508 3646 3577 diligant,
3677 3523 3798 3576 qua-

2211 3602 2336 3655 liter
2366 3603 2627 3656 immundi
2657 3616 2781 3656 cum
2811 3598 3012 3655 mundo
3048 3608 3291 3670 pereant.
3328 3603 3344 3641 i
3375 3600 3495 3654 Tali
3527 3599 3640 3673 [se]
3669 3614 3796 3671 sepe

2211 3695 2456 3762 exemplo
2484 3694 2664 3748 taliter
2699 3693 2833 3749 alios
2866 3693 3048 3748 vivere
3079 3694 3326 3747 invitant.
3357 3693 3439 3748 De
3464 3695 3679 3749 talibus
3701 3693 3795 3748 Do-

2212 3785 2390 3839 minus
2418 3785 2471 3839 in
2500 3785 2792 3855 Evangelia
2824 3785 2901 3840 ait
2929 3802 2942 3836 :
2973 3782 3158 3839 Cavete
3179 3801 3211 3837 a
3239 3783 3392 3853 falsis
3426 3785 3694 3854 fratribus
3720 3784 3795 3856 qui

2212 3876 2421 3928 veniunt
2451 3875 2520 3928 ad
2559 3892 2648 3930 vos
2686 3875 2741 3928 in
2773 3873 2997 3928 uestibus
3031 3875 3233 3938 ovium,
3270 3873 3608 3928 intrinsecus
3639 3884 3795 3927 alte-

2212 3975 2332 4021 sunt
2361 3967 2470 4036 lupi
2499 3983 2733 4036 rapaces.
2760 3965 2803 4018 A
2830 3965 3087 4035 fructibus
3121 3981 3300 4019 eorum
3337 3966 3681 4033 cognoscetis
3700 3981 3792 4028 ea.

2212 4060 2336 4130 quia
2383 4075 2487 4112 non
2539 4067 2706 4129 potest
2758 4058 2916 4112 arbor
2968 4058 3110 4112 mala
3159 4057 3360 4127 fructus
3413 4057 3594 4114 bonos
3648 4061 3793 4128 {eam

535 4145 939 4216 unusquisque,
968 4159 1066 4200 suo
1095 4145 1235 4214 quod
1273 4144 1536 4215 placuerit
1565 4145 1810 4211 arbitrio,
1837 4145 2028 4216 eligat;
2059 4151 2116 4200 et
2215 4146 2430 4217 (Matth.
2480 4145 2609 4218 vn).
2644 4147 2704 4202 ln
2742 4145 2924 4203 fructu
2955 4148 3322 4216 operationem
3358 4147 3542 4214 dixit,
3589 4150 3646 4203 in
3675 4148 3796 4204 toﬁs

605 4311 634 4341 ι
674 4297 988 4370 Monachus.
1031 4297 1157 4355 Haec
1182 4307 1395 4368 sumpta
1421 4306 1546 4354 sunt
1570 4314 1634 4355 ex
1667 4299 1891 4370 epistola
1915 4299 1981 4354 ad
2009 4300 2116 4355 Ru-

533 4368 728 4425 sticum
757 4369 823 4425 de
851 4369 1023 4424 forma
1050 4371 1285 4426 vivendi.
1316 4370 1562 4426 Citantur
1584 4371 1652 4426 ab
1679 4368 1899 4425 auctore
1928 4380 2113 4426 nostro

2215 4310 2360 4376 tores
2387 4301 2530 4376 haud
2559 4300 2844 4376 dissimiles
2867 4308 2990 4376 sunt
3017 4300 3083 4355 iis
3111 4303 3175 4356 de
3202 4300 3396 4376 quibus
3423 4302 3547 4376 agit
3580 4304 3798 4376 synodus
3846 4283 3847 4288 η

2214 4371 2800 4445 Constantinopolitana
2825 4372 2997 4445 prima
3026 4381 3080 4425 et
3106 4375 3369 4445 secunda,
3395 4371 3502 4445 Aqui
3543 4371 3666 4430 suis
3695 4389 3797 4445 pos-

535 4441 591 4496 in
623 4441 744 4512 vita:
774 4442 1110 4496 cmnobiticte
1137 4442 1673 4512 commendationem,
1702 4443 1847 4512 θίγοι)
1881 4443 2112 4510 pseudo—
2136 4453 2188 4512 1)
2215 4441 2542 4495 sessionibus
2580 4441 2889 4495 monasterii
2937 4458 3130 4496 nomen
3178 4441 3536 4512 imponebant
3558 4487 3575 4506 ,
3630 4441 3798 4500 seras

536 4511 845 4571 monachos,
878 4513 941 4565 de
969 4511 1162 4580 quibus
1186 4512 1295 4580 agit
1329 4521 1546 4567 sanctus
1581 4511 1740 4566 Pater
1766 4511 2107 4566 Benedictus.

609 4582 638 4620 ιι
680 4580 755 4632 Ab
787 4579 890 4634 alio
917 4579 1082 4635 discat
1109 4579 1473 4636 humilitatem.
1500 4582 1574 4635 De
1599 4583 1701 4639 hac
1727 4597 1783 4635 re
1811 4581 1968 4634 infra.

611 4660 635 4690 ο
659 4649 868 4702 Artibus
895 4662 942 4703 et
972 4651 1404 4720 negotiationibus
1429 4653 1680 4719 pristinis.
1712 4650 2114 4719 Monachis,qui

535 4735 726 4790 omnes
744 4734 886 4790 suas
925 4721 1276 4790 cogitationes
1302 4727 1355 4776 et
1381 4722 1554 4775 studia
1582 4723 1650 4775 ad
1682 4721 1850 4774 Deum
1889 4734 2114 4774 conver-

537 4798 654 4846 tere
679 4787 894 4860 debcnt,
920 4787 1075 4860 turpe
1098 4799 1180 4845 est
1205 4807 1393 4845 rursus
1417 4791 1750 4859 negotiorum
1774 4790 2112 4844 secularium

535 4860 823 4915 maeandris
868 4859 1132 4914 intricari.
1175 4860 1325 4927 Quod
1363 4862 1518 4914 docet
1564 4867 1781 4930 sanctus
1827 4859 2114 4930 Dionysius

534 4930 892 5011 Areopagita,
935 4930 1256 5011 Eccl.__l_lier.
1295 4946 1412 4998 cap.
1447 4931 1505 4992 6,
1535 4945 1657 5011 cum
1694 4929 1768 5011 ait
1793 4929 2109 5011 multaque:

536 5000 882 5055 saacularibus
917 5001 1306 5069 permittuntur
1341 5000 1617 5055 monachis
1655 5000 1956 5069 prohiberi,
1990 5017 2109 5069 quae

537 5078 719 5141 sunt,
752 5078 813 5123 ut
861 5071 1091 5140 explicat
1133 5071 1396 5141 Georgius
1441 5069 1801 5140 Pachymeres
1852 5071 1904 5124 in
1953 5086 2110 5141 para-

534 5139 744 5213 phrasi,
771 5139 952 5213 γάρ.οῇ
985 5143 1148 5213 θεαὶ-τὸ
1173 5139 1460 5213 στράτείαις
1489 5144 1573 5194 καὶ
1596 5139 1868 5213 ian-cpias:
1897 5139 2104 5213 ὁμιλεῖν,

538 5208 622 5290 ita}
651 5208 946 5292 ἕτέρόξςλ-
966 5208 1040 5271 οἷς
1063 5211 1088 5266 ὁ
1113 5208 1361 5292 latebra»)
1385 5208 1758 5291 κατακρίνςταί,
1786 5208 2108 5292 .es't,_nu-

537 5279 663 5352 ptite
681 5319 696 5343 ,
725 5279 779 5333 in
805 5279 945 5352 bello
969 5289 1023 5335 et
1051 5281 1411 5352 negotiatione
1439 5279 1673 5352 versari,
1701 5288 1755 5352 et
1780 5279 1900 5333 aliis
1928 5282 2104 5346 rebus,

538 5347 772 5420 obquas
805 5347 974 5420 laicus
1007 5347 1556 5406 non'condemnatur.
1589 5349 1742 5416 Quod
1777 5365 1908 5404 sane
1934 5351 2110 5420 prohi-

537 5417 657 5474 buit
682 5418 873 5474 concil.
905 5418 1357 5486 Chalcedonense,
1381 5435 1501 5475 can.
1530 5421 1584 5474 4.

609 5489 637 5527 d
679 5487 861 5560 Solent
902 5491 1060 5545 enim.
1097 5489 1222 5547 Haec
1262 5505 1368 5546 non
1405 5498 1622 5546 exstant
1663 5490 1715 5544 in
1766 5487 1981 5560 Regula
2003 5504 2106 5545 ms.

539 5559 710 5639 sancti
734 5557 1018 5639 Fructuosi
1044 5560 1390 5639 liraqarencis
1415 5561 1648 5639 episcOpi
1673 5575 1772 5614 ms.
1803 5557 1922 5639 cod.
1953 5559 2110 5639 (Irus:

541 5628 738 5699 censis,
769 5628 861 5699 sed
883 5638 1008 5684 sunt
1029 5631 1250 5687 alterius
1271 5628 1573 5695 Fructuosi,
1597 5628 1710 5685 'non
1733 5630 1990 5699 episcopi,
2015 5631 2111 5685 sed

541 5697 772 5756 abbatis.
801 5697 1117 5770 Hujusmodi
1145 5711 1324 5761 autem
1356 5701 1481 5759 vita
1506 5697 1816 5758 monasticis:
1839 5714 2112 5772 caupona-

2213 4512 2323 4566 Deo
2366 4527 2686 4566 consecrare
2723 4514 3066 4582 profitentes,
3103 4522 3442 4568 sacratarum
3487 4531 3687 4570 rerum
3715 4517 3798 4569 do-

2213 4582 2438 4635 minium
2468 4584 2827 4649 usurpabant,
2853 4597 3053 4651 easque
3081 4599 3178 4652 pro
3210 4584 3432 4638 libidine
3465 4588 3798 4646 ttae—tabam.

2214 4652 2536 4725 tandemque
2570 4653 2889 4706 vendebant.
2928 4653 3098 4725 Quam
3133 4654 3576 4725 reihmonastica:
3617 4671 3801 4725 caupo

2214 4722 2488 4796 nationem
2527 4723 2577 4775 in
2611 4732 2883 4796 posterum
2912 4723 3036 4796 ﬁeri
3077 4723 3324 4796 prohibet
3353 4724 3505 4796 dicta
3540 4722 3800 4796 synodus.

2290 4803 2313 4830 θ
2353 4790 2480 4864 Plus
2506 4790 2657 4862 quain
2680 4794 2733 4864 in
2761 4792 2952 4864 atecqu
2978 4790 3146 4846 erant.
3171 4793 3329 4863 Lege,
3353 4793 3477 4862 plus
3498 4790 3676 4864 quam
3697 4813 3800 4849 cn

2195 4863 2269 4915 'in
2295 4861 2486 4915 scutulo
2517 4861 2682 4917 erant.
2711 4862 2790 4916 lta
2821 4863 2874 4916 in
2907 4864 3026 4916 cod.
3059 4861 3465 4918 Vindocinensi.

2286 4931 2306 4971 τ
2359 4931 2632 5000 Vulgares.
2685 4931 2888 4988 Glossa:
2938 4941 3150 4987 veteres
3192 4951 3205 4988 :
3267 4931 3555 5001 Vulgaris,
3612 4941 3801 4998 κοινὸς,

2207 5001 2425 5085 λςώδης,
2456 5001 2704 5073 χυδαῐος,
2736 5004 2790 5057 id
2817 5011 2929 5070 est,
2956 5003 3278 5068 communis,
3308 5003 3590 5073 plebeius,
3622 5024 3804 5079 grega-

2206 5089 2339 5127 rtus.

2283 5145 2308 5182 3
2350 5142 2516 5207 Quasi
2541 5159 2657 5196 cum
2688 5142 3057 5198 benedictione.
3092 5142 3227 5210 Quia
3261 5142 3390 5197 olim
3427 5148 3704 5202 monachi
3730 5147 3808 5201 ni-

2209 5213 2292 5336 hili
2329 5215 2445 5268 sine
2491 5213 2701 5268 abbatis
2740 5213 3109 5268 benedictione
3156 5215 3424 5283 agebant,
3473 5216 3541 5268 de
3591 5232 3709 5286 qua
3754 5229 3808 5271 re

2209 5300 2261 5336 ιη
2290 5298 2367 5336 ra.

2207 5298 2367 5338 intra.

2284 5357 2311 5393 ιι
2354 5353 2539 5428 servos
2569 5353 2664 5428 Dei
2690 5353 2841 5428 dente
2868 5351 3666 5428 canino._Fructuo_sus_abbas,
3691 5373 3808 5428 cap.

2213 5421 2249 5476 2
2283 5442 2295 5477 :
2333 5443 2351 5474 ‹
2381 5425 2515 5479 Cum
2543 5425 2806 5494 episcopis
2831 5424 3177 5478 saecularibus
3197 5433 3252 5478 et
3271 5424 3623 5494 principibus
3649 5421 3812 5483 terra

2213 5495 2297 5548 vel
2330 5497 2645 5564 populorum
2675 5509 3015 5549 communem
3045 5494 3297 5564 regulam,
3313 5503 3535 5548 servant
3557 5536 3576 5560 ,
3616 5508 3678 5553 et
3705 5500 3814 5553 An-

2216 5563 2446 5619 tichristi
2474 5564 2720 5635 discipuli
2746 5574 2933 5618 contra
2974 5564 3256 5635 ecclesiam
3286 5563 3508 5619 latrant.
3539 5583 3562 5617 ι

2297 5636 2314 5676 ί
2357 5635 2473 5689 Tali
2502 5652 2555 5689 se
2580 5632 2732 5706 stipe.
2764 5637 2829 5691 Τὸ
2861 5651 2915 5690 se
2939 5632 3224 5690 redundat.
