3952 6314
196 333 295 413 7a;

1163 353 1552 412 CONCORDIA
1588 354 2040 415 REGULARUM.
2075 388 2150 402 —
2184 355 2336 414 CAP.
2373 358 2458 414 Ill.

3331 365 3433 415 ἠδ

200 469 434 526 verbum.
465 464 534 521 Et
559 473 620 520 ut
646 479 740 521 eos
769 464 825 520 in
851 477 1013 536 opere
1048 467 1414 537 cognoscatis,
1449 465 1614 522 verba
1642 467 1761 523 illo-
1787 474 1842 534 Α
1863 468 1918 522 in
1947 482 2230 524 commune
2257 467 2550 523 viventium
2587 467 2654 521 ad
2683 467 2856 522 instar
2884 476 3190 525 sanctorum
3221 470 3435 526 illorum

200 576 310 617 rum
339 572 570 630 pensare
596 557 850 628 potestis,
879 557 1006 627 quia
1031 557 1341 628 cupiditatis
1367 557 1484 614 face
1519 561 1766 615 succensi

198 668 298 708 non
338 658 566 720 possunt
610 648 810 706 Christi
846 650 1174 720 pauperibus
1219 650 1514 720 adaequari.
1564 650 1765 707 Christi

198 757 319 798 vero
341 755 606 812 pauperes
641 741 783 796 hanc
816 741 1017 796 habent
1043 743 1486 798 consuetudinem
1507 783 1522 810 ,
1551 743 1684 798 nihil
1710 744 1764 798 in

198 838 295 892 hoc
320 833 520 889 mundo
551 834 772 904 cupiunt
796 833 1018 900 habere,
1045 842 1104 889 ut
1131 836 1339 904 possint
1361 837 1530 891 Deum
1559 845 1616 892 et
1642 853 1766 907 pro-

198 928 396 982 ximum
437 925 678 994 perfecte
725 925 963 997 diligere.
1009 925 1078 980 Et
1117 927 1352 996 qualiter
1389 945 1552 999 supra
1593 929 1764 984 dictos

196 1018 343 1090 lupos
364 1018 575 1088 possint
598 1017 828 1072 evadere
849 1033 946 1088 per
975 1018 1263 1073 Dominum
1293 1031 1662 1091 cognoverunt
1683 1020 1767 1074 di-

196 1120 396 1166 centem
421 1125 435 1163 :
468 1109 604 1164 Ecce
622 1111 770 1164 mitto
796 1127 886 1165 vos
911 1112 1045 1165 sicut
1071 1129 1189 1166 oves
1213 1113 1268 1166 in
1292 1113 1460 1167 medio
1489 1113 1762 1184 luporum;

194 1218 292 1256 non
310 1201 522 1272 portetis
541 1199 808 1255 sacculum
830 1219 990 1273 neque
1010 1219 1187 1272 peram
1209 1202 1423 1274 (Matth.
1440 1202 1516 1274 ι).
1532 1204 1763 1259 Proinde

193 1291 387 1348 Christi
416 1306 622 1356 servus,
651 1292 741 1362 qui
763 1293 913 1362 cupit
939 1307 1102 1347 verus
1126 1307 1246 1348 esse
1276 1294 1588 1364 discipulus,
1619 1307 1645 1334 ι
1667 1311 1764 1348 nu-

194 1385 310 1441 dam
334 1400 550 1440 crucem
578 1385 833 1440 ascendat
859 1385 1053 1452 nudus,
1082 1391 1143 1438 ut
1169 1393 1416 1440 mortuus
1443 1385 1514 1440 sit
1542 1385 1758 1452 saeculo,

193 1475 400 1532 Christo
431 1476 574 1530 vivat
600 1475 878 1531 eruciﬁxo.
902 1474 970 1529 Et
995 1483 1281 1545 postquam
1307 1476 1616 1546 deposuerit
1647 1492 1762 1532 cor-

191 1565 331 1635 poris
351 1567 638 1632 sarcinam,
661 1575 714 1620 et
733 1566 943 1621 hostem
964 1565 1160 1620 viderit
1180 1566 1528 1632 trucidatum,
1553 1574 1682 1624 tunc
1700 1584 1762 1624 se

190 1664 334 1728 putet
360 1657 622 1713 devicisse
655 1657 936 1723 mundum,
965 1663 1022 1711 et
1053 1671 1178 1711 eum
1205 1657 1410 1712 sanctis
1429 1660 1760 1730 martyribus

189 1752 545 1822 aaquiparasse
572 1749 923 1819 triumphum.

1864 556 1957 624 qui
1985 557 2315 627 temporibus
2335 555 2711 625 Apostolorum
2737 556 2794 611 in
2820 556 3201 630 Hierosolymis
3220 561 3435 615 vendita

1865 660 1931 699 ac
1953 646 2241 724 distributa
2265 647 2445 701 omnia
2473 663 2572 702 sua
2595 647 2795 702 dabant
2831 647 3195 719 indigentibus
3217 649 3309 719 qui
3341 650 3436 704 ha-

1863 738 2110 793 bitabant
2132 738 2159 777 d
2187 739 2244 794 in
2275 747 2460 794 sancta
2486 740 2862 796 communione
2885 741 3032 807 vitae,
3061 757 3171 798 non
3199 742 3438 799 dicentes

1866 829 2068 898 aliquid
2091 830 2390 900 proprium,
2412 833 2507 887 sed
2528 841 2687 888 erant
2709 832 2814 888 illis
2835 835 3015 889 omnia
3035 835 3363 901 communia,
3383 846 3438 892 et

1864 921 2045 975 anima
2091 929 2146 977 et
2184 937 2282 978 cor
2323 939 2488 979 unum
2528 925 2679 996 (Act.
2710 925 2818 1000 tv).
2855 927 3056 984 Horum
3105 913 3443 985 institutione

1864 1015 2191 1070 monasteria
2235 1027 2579 1087 sumpserunt
2617 1018 2960 1090 principium.
3004 1019 3310 1077 Secundum
3349 1038 3441 1094 ge-

1865 1118 1966 1157 nus
1994 1113 2079 1159 est
2106 1107 2453 1162 eremitarum
2471 1149 2486 1174 ,
2515 1109 2606 1179 qui
2639 1111 2826 1181 procul
2867 1112 2935 1166 ab
2962 1111 3267 1168 hominibus
3290 1129 3438 1170 rece-

1863 1189 2052 1248 dentes
2074 1194 2287 1251 deserta
2313 1195 2434 1254 loca
2467 1207 2523 1254 et
2542 1207 2723 1256 vastas
2759 1201 3075 1258 solitudines
3104 1205 3253 1274 sequi
3276 1215 3438 1275 atque

1863 1288 2108 1345 habitare
2135 1292 2506 1362 perhibentur,
2531 1296 2597 1350 ad
2624 1295 2980 1352 imitationem
3004 1298 3210 1353 scilicet
3232 1298 3360 1353 Eliae
3387 1308 3435 1354 et

1860 1378 2084 1436 Joannis
2122 1381 2403 1452 Baptista,
2446 1385 2540 1454 qui
2578 1387 2747 1441 eremi
2781 1402 3026 1443 secessus
3071 1396 3437 1457 penetrarunt.

1863 1469 1930 1525 Hi
1950 1472 2150 1542 quippe
2168 1472 2470 1528 incredibili
2491 1477 2916 1532 conversationis
2937 1477 3222 1542 desiderio,
3240 1481 3440 1534 mundo
3492 1548 3500 1560 ,

1863 1571 2202 1633 contempto,
2243 1564 2357 1619 sola
2396 1566 2683 1622 solitudine
2723 1567 3083 1635 delectantur,
3111 1570 3296 1626 herbis
3325 1578 3442 1625 tan-
3494 1567 3503 1638 ξ

1862 1661 1978 1709 tum
2008 1657 2377 1713 arescentibus
2416 1667 2510 1714 aut
2545 1675 2686 1730 pane
2729 1661 2842 1715 solo
2884 1660 2968 1716 vel
3002 1677 3140 1731 aqua
3175 1663 3438 1727 contenti,

1773 1752 1778 1760 ‘
1866 1757 1890 1785 ο
1921 1745 2065 1817 quod
2093 1747 2179 1802 his
2207 1762 2305 1817 per
2341 1757 2490 1804 certa
2525 1749 2807 1806 intervalla
2841 1760 3143 1823 temporum
3179 1752 3438 1808 defertur.

188 1863 216 1935 5
247 1865 331 1919 VL
371 1896 442 1908 _
476 1865 647 1921 Dm.ﬂ
684 1878 869 1919 sua."
906 1861 1105 1917 15mm“
1151 1877 1220 1917 π
1257 1878 1549 1920 “ﬁmus
1585 1880 1756 1920 ΜΟΜ,
1781 1829 1831 1893 Β
1860 1837 2060 1909 Sicque
2095 1842 2447 1897 secretissimi
2487 1843 2702 1912 penitus
2740 1844 2808 1898 ab
2835 1845 2978 1899 omni
3009 1846 3286 1902 hominum
3315 1863 3440 1902 eon-

848 1947 1082 1988 CHOBUI.

255 2028 282 2069 δ
317 2028 472 2084 Unde
499 2035 680 2082 autem
704 2025 772 2080 ad
795 2025 1092 2080 monachos
1118 2024 1357 2079 studium
1382 2037 1405 2064 ο
1435 2025 1611 2082 defert
1627 2041 1760 2096 pau-

181 2119 424 2189 pertatis,
455 2119 542 2173 vel
569 2118 690 2188 quis
716 2116 874 2186 hujus
902 2116 1329 2172 conversationis
1362 2118 1635 2172 exstiterit
1660 2135 1758 2173 au-

179 2220 320 2278 ctor,
357 2210 508 2280 cujus
548 2211 636 2266 isti
672 2210 916 2265 habitum
955 2211 1267 2276 imitantur;
1295 2219 1556 2280 quantum
1590 2214 1757 2281 enim,

180 2305 435 2372 inquam,
485 2304 676 2358 attinet
723 2304 788 2358 ad
842 2303 1216 2358 auctoritatem
1265 2312 1535 2369 veterum,
1600 2305 1760 2374 hujus

177 2397 442 2466 propositi
482 2396 750 2465 principes
780 2395 924 2450 Elias
958 2403 1013 2449 et
1045 2395 1340 2465 discipulus
1373 2397 1490 2466 ejus
1535 2397 1760 2454 Elisaeus

175 2490 431 2553 fuerunt,
476 2490 588 2544 sive
621 2490 716 2542 filii
760 2489 1177 2559 prophetarum,
1217 2489 1308 2558 qui
1343 2489 1658 2544 habitabant
1702 2491 1759 2545 in

175 2583 487 2647 solitudine,
518 2583 850 2650 urbibusque
877 2581 1079 2636 relictis
1108 2580 1378 2635 faciebant
1410 2581 1514 2636 sibi
1545 2583 1758 2637 casulas

174 2690 343 2747 prope
389 2672 586 2727 ﬂuenta
632 2669 903 2726 Jordanis.
953 2668 1123 2738 Hujus
1174 2671 1340 2726 etiam
1391 2673 1651 2742 propositi
1701 2673 1757 2727 in

176 2764 466 2835 Evangelio
484 2763 723 2833 Baptista
746 2761 981 2817 Joannes
1006 2768 1197 2817 auctor
1216 2763 1444 2826 exstitit,
1473 2764 1564 2832 qui
1586 2763 1756 2819 eremi

172 2855 518 2911 solitudinem
542 2853 766 2908 incoluit
791 2852 996 2907 locusta
1022 2861 1077 2906 et
1099 2851 1296 2922 agresti
1321 2851 1479 2908 melle
1499 2855 1753 2910 nutritus.

173 2947 299 3003 lam
337 2945 526 3002 deinde
563 2945 913 3015 progrediens
947 2945 1376 3000 conversationis
1413 2942 1572 3012 hujus
1606 2945 1759 3001 nobi-

172 3038 414 3095 lissimus
452 3039 702 3106 princeps
738 3036 964 3102 Paulus,
1014 3035 1139 3091 inde
1173 3034 1456 3102 Antonius,
1494 3035 1755 3102 Hilarion,

170 3129 472 3193 Macarius,
506 3127 795 3196 cmteriquc
827 3126 1049 3192 Patres,
1091 3141 1319 3196 quorum
1358 3127 1619 3197 exemplis
1659 3143 1758 3198 per

1860 1938 2070 2002 spectu,
2105 1933 2302 1987 remoti
2329 1933 2511 1989 divino
2540 1943 2748 1989 tantum
2777 1935 3041 2006 colloquio
3067 1936 3436 2007 perfruuntur,

1860 2022 1949 2077 cui
1992 2024 2143 2093 puris
2186 2025 2456 2080 mentibus
2502 2025 2868 2093 inhaeserant,
2917 2035 2972 2082 et
3019 2037 3242 2100 propter
3285 2028 3440 2098 cujus

1861 2128 2101 2169 amorem
2147 2131 2256 2170 non
2297 2116 2467 2172 solum
2503 2118 2791 2185 mundum,
2825 2119 2921 2174 sed
2960 2120 3122 2174 etiam
3162 2120 3439 2176 hominum

1860 2207 2136 2261 consortia
2173 2207 2528 2278 reliquerunt.
2565 2208 2586 2248 τ
2625 2208 2864 2264 Tertium
2893 2225 3060 2281 genus
3095 2217 3181 2267 est
3209 2212 3432 2267 anacho-

1859 2304 2100 2351 retarum
2120 2337 2136 2363 ,
2169 2298 2260 2368 qui
2289 2298 2402 2368 jam
2436 2298 2721 2354 emnobiali
2755 2301 3164 2356 conversatione
3191 2300 3438 2372 perfecti,

1859 2386 2142 2443 includunt
2168 2390 2490 2461 semetipsos
2510 2390 2564 2444 in
2600 2389 2806 2446 cellulis
2836 2391 3023 2460 procul
3054 2391 3123 2446 ab
3162 2392 3439 2447 hominum

1858 2489 2153 2550 conspectu
2179 2482 2410 2548 remoti,
2436 2481 2569 2536 nulli
2593 2481 2662 2538 ad
2686 2497 2744 2537 se
2776 2483 3080 2552 praebentes
3111 2483 3436 2556 ingressum,

1859 2570 1956 2624 sed
1996 2569 2112 2624 sola
2161 2570 2614 2641 contemplatione
2655 2569 2751 2627 Dei
2787 2572 3053 2628 viventes.
3108 2575 3136 2614 ⁸
3179 2573 3438 2641 Quartum

1857 2677 2029 2732 genus
2053 2670 2155 2730 est,
2177 2663 2271 2733 qui
2301 2664 2401 2720 sibi
2429 2652 2878 2720 anachoretarum
2904 2665 3137 2738 imagine
3164 2655 3421 2721 blandiun

1859 2765 1964 2810 tur.
2003 2756 2145 2826 Ipsi,
2171 2765 2232 2810 ut
2260 2757 2335 2812 ait
2363 2756 2675 2824 Cassianus,
2704 2757 2758 2812 in
2791 2758 3072 2829 primordii
3109 2759 3193 2814 sui
3229 2758 3436 2816 fervore

1859 2845 2094 2918 quodam
2127 2849 2277 2904 brevi
2309 2849 2542 2904 ccenobii
2577 2846 2966 2919 perfectionem
2995 2850 3245 2906 videntur
3279 2866 3427 2922 expe

1859 2947 1974 2995 tere
2006 2959 2018 2994 :
2054 2941 2155 3005 sed,
2193 2940 2450 2996 continuo
2489 2939 2774 3010 tepefacti,
2810 2941 2936 2996 dum
2969 2941 3227 3011 pristinos
3260 2957 3435 2996 mores

1859 3038 1917 3084 et
1950 3030 2079 3085 vitia
2123 3025 2372 3086 resecare
2418 3038 2797 3098 contemnunt,
2850 3047 2952 3087 nec
2989 3031 3178 3105 jugum
3227 3032 3415 3088 humili

1859 3123 1988 3178 tatis
2033 3139 2096 3178 ac
2137 3118 2412 3192 patientia:
2452 3123 2653 3178 diutius
2693 3123 2959 3179 sustinere
3002 3126 3239 3180 contenti
3278 3139 3434 3190 sunt;

171 3220 486 3276 universum
517 3218 773 3273 mundum
803 3218 1038 3273 adolevit
1063 3226 1247 3274 sancta
1277 3218 1545 3273 institutio
1571 3233 1758 3274 mona-
1783 3207 1829 3271 C
1859 3216 2123 3287 subdique
2172 3217 2443 3271 seniorum
2492 3217 2718 3286 imperio
2764 3215 3118 3291 dedignantes
3161 3231 3432 3293 separatas

168 3313 422 3368 chorum.
452 3310 559 3365 Sex
588 3317 764 3364 autem
802 3317 927 3364 sunt
963 3323 1160 3381 genera
1199 3310 1618 3376 monachorum,
1655 3310 1756 3366 tria

166 3402 381 3472 Optima
415 3409 469 3456 et
503 3401 769 3470 praecipua
792 3440 806 3465 ,
847 3399 1054 3469 reliqua
1091 3415 1221 3456 vero
1243 3400 1566 3465 deterrima,
1598 3407 1757 3470 atque

165 3492 502 3549 omnimodis
520 3491 773 3546 notanda.
797 3490 1009 3570 Primus
1032 3497 1116 3545 est
1137 3491 1548 3556 emnobitarum,
1573 3491 1626 3545 id
1650 3501 1752 3557 est,

254 3638 284 3666 ι
327 3624 538 3680 Nudam
566 3643 771 3682 crucem
794 3667 808 3691 ,
839 3634 944 3682 etc.
984 3626 1046 3680 D.
1083 3625 1461 3696 Hieronymus,
1488 3626 1646 3696 epist.
1687 3627 1756 3681 ad

163 3696 462 3751 Paulinum
500 3715 511 3750 :
547 3717 564 3748 ‹
599 3699 664 3752 Et
703 3684 904 3752 nudam
941 3711 1156 3751 crucem
1188 3684 1362 3766 nudus
1395 3684 1628 3766 sequens
1655 3711 1756 3751 ex-

163 3767 412 3838 peditior
434 3777 488 3821 et
517 3768 683 3823 levior
711 3767 927 3838 scandis
951 3767 1150 3821 scalam
1185 3763 1373 3821 Jacob.
1412 3787 1432 3819 ι

249 3838 282 3878 b
312 3835 459 3891 Unde
482 3849 678 3892 autem.
699 3837 1002 3908 Hoccaput
1044 3839 1275 3908 habetur
1320 3838 1460 3906 apud
1509 3846 1754 3894 sanctum

161 3907 443 3978 [siderum
472 3909 564 3964 lib.
587 3925 626 3962 ιι
652 3909 716 3963 de
745 3906 948 3963 Ofﬁciis
975 3907 1376 3978 ecclesiasticis,
1407 3924 1528 3978 cap.
1562 3909 1645 3963 l5.

251 3989 293 4050 εν
315 3977 512 4048 Defert.
546 3979 699 4048 Apud
725 3986 970 4033 sanctum
997 3978 1262 4032 lsidorum
1315 3977 1530 4049 legitur,
1588 3981 1756 4050 deﬂu-

159 4049 348 4113 xerit,
376 4058 542 4103 recte.

244 4118 277 4157 d
307 4118 372 4172 In
402 4128 587 4173 sancta
613 4121 973 4174 communione
1001 4119 1137 4172 sine.
1170 4117 1327 4188 Apud
1363 4128 1614 4175 sanctum
1645 4121 1752 4178 Isi-

157 4190 371 4245 dorum
404 4207 416 4241 :
444 4191 692 4244 insancta
719 4190 978 4244 communi
1009 4190 1136 4242 vita.

250 4271 277 4298 ε
323 4258 425 4324 Qui
449 4260 521 4313 eis
542 4276 634 4330 per
654 4259 948 4322 intervalla,
975 4268 1076 4314 etc.
1110 4259 1364 4314 Eremitis
1415 4261 1544 4315 olim
1580 4261 1754 4326 vietus

159 4330 622 4398 suppeditabatur
649 4346 679 4384 a
705 4331 1012 4385 ccenobiise
1032 4330 1226 4399 quibus
1250 4331 1629 4386 discesserant.
1658 4331 1755 4387 Se-

158 4399 630 4483 verussulpitius
650 4401 859 4483 dialogo
889 4417 907 4454 1
941 4418 953 4454 :
992 4421 1009 4452 ι
1035 4401 1753 4483 transgressisadnerernum

158 4471 393 4542 abbatis
423 4470 566 4524 illius
584 4470 922 4527 ordinatione
946 4471 1102 4542 panis
1125 4478 1180 4524 et
1208 4471 1602 4529 auilibetcibus
1614 4473 1753 4527 alius

155 4541 611 4595 administratur.
635 4563 653 4594 ι

253 4610 275 4649 ί
313 4609 540 4684 Tertium
581 4629 741 4682 genus
766 4621 838 4666 est
868 4612 1322 4684 anachoretarum.
1351 4611 1450 4666 Hie
1463 4611 1747 4684 distinguit

152 4682 327 4737 inter
354 4682 607 4735 cremitas
635 4692 690 4736 et
716 4684 1085 4737 anachoretas.
1119 4682 1224 4736 Sed
1249 4683 1589 4738 anachoreta:
1624 4682 1751 4739 sunt

148 4753 228 4807 in
269 4751 469 4821 triplici
509 4751 829 4808 differentia.
859 4752 1040 4805 Primo
1067 4767 1164 4819 pro
1185 4753 1424 4807 eremitis
1439 4765 1748 4820 sumuntur,

145 4830 236 4878 ut
267 4821 451 4894 videre
471 4833 554 4876 est
586 4827 639 4876 in
668 4822 877 4894 Regula
899 4821 1071 4894 sancti
1109 4821 1405 4894 Benedicti,
1435 4838 1556 4894 cap.
1582 4825 1634 4878 1.
1657 4824 1752 4879 Se-

1859 3316 2119 3378 expetunt
2151 3309 2318 3365 cellas
2358 3317 2412 3364 et
2450 3309 2686 3364 solitarie
2727 3310 2916 3365 sedere
2943 3311 3284 3380 desiderant,
3321 3324 3432 3371 uta

1857 3402 2072 3456 nemine
2112 3401 2348 3457 lacessiti
2369 3440 2385 3467 ,
2424 3400 2691 3456 mansueti
2725 3409 2780 3456 et
2816 3401 3043 3456 humiles
3077 3403 3430 3460 aestimentur.

1859 3492 1988 3560 Quae
2027 3492 2324 3558 institutio,
2363 3493 2472 3546 imo
2511 3501 2684 3563 tepor,
2722 3507 2816 3547 eos
2852 3507 2988 3563 quos
3025 3494 3190 3550 semel
3236 3497 3428 3554 infece-

1857 3646 1969 3704 ru_s_.
1995 3629 2185 3704 Tertio
2210 3627 2463 3683 dicuntur
2490 3627 2833 3704 anachoreta:
2861 3642 2898 3704 rt
2929 3641 3021 3697 qui
3052 3637 3325 3704 sinetecto
3337 3649 3428 3704 per

1860 3701 2208 3758 solitudinem
2238 3706 2487 3752 errantes
2517 3697 2662 3768 nullo
2693 3705 2855 3768 certo
2869 3696 2987 3752 loco
3039 3696 3426 3768 consistebant,

1858 3773 1924 3850 de
1955 3770 2150 3850 quibus
2176 3768 2410 3850 severus
2436 3767 2718 3850 Bulpitius,
2753 3766 2962 3839 dialogo
2990 3768 3165 3850 primo
3197 3789 3280 3850 τηε
3318 3766 3430 3828 Ha;

1856 3838 2033 3897 bitant
2055 3839 2274 3912 (inquit)
2303 3839 2378 3893 illi
2409 3838 2652 3912 plerique
2689 3839 2744 3891 in
2780 3838 2964 3894 eremo
2996 3839 3127 3912 sine
3174 3840 3298 3898 ullis
3346 3853 3427 3899 ta-

1856 3910 2181 3973 bernaculis,
2211 3925 2347 3980 quos
2377 3910 2732 3963 anaehoretas
2754 3918 2968 3964 vocant.
2995 3910 3194 3966 Vivunt
3231 3913 3428 3970 herba-

1855 3999 1976 4038 rum
2008 3982 2303 4042 radicibus,
2342 3980 2488 4052 nullo
2514 3994 2747 4048 unquam
2777 3980 3069 4052 certoloco
3098 3984 3420 4052 consisrunt,

1855 4070 1925 4109 ne
1952 4055 2020 4109 ab
2043 4052 2352 4107 hominibus
2373 4049 2802 4119 frequenteutur.
2840 4069 2858 4102 ›
2885 4050 2943 4104 ld
2997 4051 3172 4107 innuit
3209 4049 3428 4111 Cassia;

1855 4140 1978 4188 nus,
2009 4124 2132 4180 coll.
2163 4137 2314 4186 xvnt,
2345 4137 2463 4191 cap.
2491 4121 2546 4185 6,
2571 4135 2690 4174 eum
2720 4121 2796 4191 ait
2834 4138 2846 4174 :
2878 4139 2896 4171 ε
2954 4120 3035 4175 Ad
3067 4123 3424 4184 imitationem

1856 4211 2070 4267 quoque
2091 4194 2218 4267 Elia:
2242 4200 2298 4246 et
2325 4190 2526 4267 EliZmi,
2551 4197 2724 4267 atque
2743 4190 2956 4267 illorum
2983 4192 3050 4246 de
3074 4195 3268 4267 quibus
3281 4197 3426 4267 Apo.

1855 4261 2382 4328 stolus,circuierunt
2395 4263 2447 4316 in
2465 4261 2692 4325 melotis,
2710 4261 2762 4314 in
2776 4261 3002 4330 pellibus
3013 4261 3380 4330 caprinis,ctc.
3395 4287 3414 4320 ι

1930 4338 1955 4375 ε
1984 4334 2244 4399 Quartum
2264 4349 2445 4402 genus,
2469 4340 2575 4402 etc.
2600 4330 2725 4402 Haec
2743 4338 3028 4402 sumuntur
3049 4348 3114 4385 ex
3138 4332 3418 4401 Cassiano,

1855 4405 1978 4460 coll.
2009 4419 2165 4464 xvm,
2195 4399 2313 4470 cap.
2343 4403 2400 4466 8,
2427 4399 2582 4468 cujus
2616 4399 2780 4470 etiam
2837 4399 2999 4470 verba
3049 4399 3418 4469 proferuntur.

1854 4475 2047 4546 Agitur
2075 4474 2142 4546 de
2162 4469 2492 4546 quibusdam
2509 4470 2601 4540 qui
2626 4469 2727 4546 sibi
2764 4469 3212 4546 anachoretarum
3248 4477 3420 4546 nomi-

1853 4539 1931 4601 ne
1944 4539 2305 4614 blandientes,
2332 4539 2721 4614 in_primord_iis
2749 4539 3115 4614 conversionis
3140 4543 3418 4614 tepefacti,

1853 4632 1953 4671 nec
1968 4617 2110 4668 ultra
2133 4612 2373 4667 valentes
2389 4608 2533 4665 ferre
2555 4609 2825 4680 seniorum
2851 4608 3061 4680 jugum,
3085 4627 3145 4668 se
3175 4608 3226 4667 iii
3263 4608 3418 4674 cellis

1850 4686 2154 4749 includunt,
2174 4684 2241 4737 ad
2267 4682 2322 4736 id
2350 4681 2513 4753 etiam
2537 4681 2782 4734 humanae
2805 4679 2977 4753 laudis
3007 4683 3421 4753 applausncom-

1849 4755 2274 4829 pulsi._iQtl_mjum
2319 4751 2560 4829 stultitia:
2605 4751 3016 4829 utnremedium
3042 4751 3412 4819 adhibeatur,

1850 4818 2337 4884 concilii'Toletani
2370 4838 2467 4887 vn,
2527 4818 2726 4896 cap._5,
2765 4831 2993 4896 cautum
3029 4833 3135 4896 est,
3174 4841 3241 4879 ne
3293 4818 3414 4896 quis

1849 4899 2002 4968 prius
2024 4895 2346 4968 includatur,
2377 4907 2537 4968 quam
2560 4891 2764 4968 multos
2789 4907 2958 4968 annos
2979 4892 3035 4968 in_
3068 4895 3257 4968 militia
3309 4891 3414 4951 cm-

1853 4961 2090 5023 hobitica
2110 4961 2439 5020 exercitatus
2468 4961 2662 5037 l'uer_it,_
2679 4961 2920 5037 adhibito
2964 4963 3127 5037 etiam
3170 4966 3410 5037 episcopi

1856 5049 1911 5094 et
1935 5037 2144 5092 abbatis
2165 5048 2451 5098 consensu,
2490 5040 2548 5086 ut
2577 5032 2806 5086 habetur
2831 5033 2883 5085 iu
2918 5032 3143 5087 concilio
3173 5032 3412 5092 Franco-

1827 5108 2139 5178 ,fordiensi,
2163 5120 2282 5178 can.
2311 5104 2409 5169 15;
2435 5109 2490 5178 et
2511 5109 2677 5178 sexta:
2718 5102 2903 5172 synodi
2932 5117 3050 5155 can.
3111 5103 3203 5178 41,
3225 5110 3414 5178 statui-

1857 5188 1947 5232 ιω.
1969 5186 2026 5231 ut
2053 5177 2144 5244 qui
2175 5172 2480 5241 hujusmodi
2504 5173 2670 5244 vitam
2733 5177 3010 5244 appetunt,
3057 5175 3414 5241 quadriennio

1855 5241 2151 5320 probentur
2183 5263 2196 5298 :
2228 5259 2437 5320 nempe,
2468 5251 2530 5320 u_t
2551 5243 2702 5320 prius
2739 5241 3107 5320 ingrediantur
3146 5256 3414 5320 monaste-

1855 5311 2017 5380 rium,
2063 5324 2118 5371 et
2164 5329 2262 5385 per
2311 5311 2599 5368 triennium
2651 5311 3125 5385 ejnsniodi‘vilam
3150 5316 3412 5374 seclusam

1855 5394 2148 5442 exerceant
2165 5381 2351 5456 abbati
2404 5382 2715 5436 monasterii
2752 5381 2988 5456 subditi;
3023 5396 3139 5456 quo,
3179 5388 3410 5456 evoluto,

1858 5458 1928 5511 ab
1948 5455 2642 5527 episcopointerrogentur,
2674 5452 2765 5521 qui
2819 5467 3005 5506 eorum
3058 5452 3410 5527 voluntatem,

1856 5543 1924 5582 an
1955 5524 2120 5604 firma
2137 5524 2230 5590 Sit,
2257 5524 2528 5592 exploret;
2564 5539 2668 5604 qua
2689 5530 2966 5604 perspecta
2988 5539 3019 5604 ες
3039 5525 3170 5580 cella
3197 5539 3412 5593 exeant,

1851 5609 1908 5654 et
1937 5612 2077 5652 anno
2109 5598 2318 5666 integro
2347 5595 2672 5648 mancantin
2728 5595 3070 5666 monasterio,
3121 5607 3182 5651 ut
3227 5613 3411 5654 eorum

1847 5669 2182 5740 propositum
2210 5663 2419 5740 plenius
2462 5670 2700 5740 tentetur
2729 5680 2741 5714 :
2771 5663 2964 5740 quibus
2986 5736 2997 5740 _
3019 5666 3119 5740 ita
3137 5669 3411 5737 perfectis,

1849 5732 1892 5796 si
1925 5732 2082 5797 modo
2111 5732 2258 5793 aeria
2280 5736 2350 5790 sit
2379 5750 2566 5790 eorum
2594 5732 2862 5798 voluntas,
2894 5732 3323 5794 ineludebantur.

137 4892 358 4949 cunde
387 4908 485 4962 pro
507 4893 591 4946 his
637 4892 913 4948 monachis
946 4893 1198 4963 quinpost
1237 4893 1612 4947 emnobilicam
1657 4910 1750 4963 pa-

133 4961 418 5019 laestram
447 4963 856 5018 ineludebantur
895 4963 947 5015 in
969 4961 1140 5024 cellis,
1169 4962 1314 5031 iique
1338 4963 1595 5031 duplices.
1614 4961 1750 5018 Nam

123 5035 400 5105 quidam
434 5032 570 5086 infra
594 5042 740 5105 septa
773 5032 1084 5105 monasterii
1125 5032 1177 5105 in
1213 5031 1360 5105 cellis
1391 5033 1751 5105 includeban-

119 5101 288 5165 t—ur,
321 5112 380 5155 ut
405 5111 553 5172 patet
582 5101 961 5159 eat—Justiniani
987 5101 1192 5155 novella
1224 5102 1256 5172 5
1292 5120 1303 5154 ;
1343 5119 1360 5150 ‹
1391 5101 1504 5156 Nisi
1528 5105 1748 5172 quidam

115 5171 490 5235 illorumiu
544 5173 994 5242 contemplatione
1033 5180 1088 5224 et
1115 5171 1445 5243 perfectione
1495 5171 1749 5243 degentes

100 5247 347 5301 vitam
371 5253 628 5298 remotam
680 5245 911 5298 habeant
968 5245 1022 5296 in
1070 5242 1320 5310 hospitio,
1369 5256 1504 5310 quos
1554 5242 1750 5298 vocare

89 5315 556 5392 anachoretas.
589 5314 640 5368 id
657 5322 740 5368 est
759 5313 1116 5392 discedentes,
1135 5323 1189 5367 et
1204 5313 1574 5392 hesycliastas,
1591 5313 1641 5365 id
1666 5321 1750 5366 est

77 5385 540 5461 qutiesccntes,
565 5391 977 5461 consueverunt,
1019 5402 1040 5461 ρ
1071 5391 1179 5461 ειςἶ
1344 5383 1633 5461 hospitium
1664 5398 1750 5435 su-

71 5452 352 5520 ﬁqitur
390 5468 486 5522 pro
508 5455 660 5509 cella.
684 5455 759 5509 lbi
785 5454 925 5506 enim
949 5453 1124 5522 agitur
1149 5453 1213 5506 de
1247 5452 1313 5506 iis
1341 5452 1431 5520 qui
1464 5453 1516 5506 in
1562 5467 1752 5506 mona-

57 5525 367 5595 steriis
393 5524 839 5595 includuntur.”
861 5523 1030 5595 etiam
1053 5522 1296 5595 planum
1328 5529 1501 5595 estex
1531 5537 1652 5576 can.
1683 5523 1748 5576 41

51 5592 351 5663 ἐειιω
369 5595 579 5664 synodi,
598 5610 717 5662 quae
737 5593 1083 5666 aitejusmodi
1109 5592 1342 5666 inclusos
1360 5594 1751 5666 ἁνᾳχωρητικὴν

45 5700 168 5741 ,τ
191 5663 915 5750 αιδοτρζϐεῐσρᾳιοδιιαγωγην,
947 5663 996 5716 id
1019 5669 1100 5750 est
1123 5663 1558 5750 anachoreticam
1589 5678 1749 5746 eser-

15 5734 312 5811 éere
337 5734 522 5792 vitam.
553 5734 780 5811 Quidam
810 5734 940 5811 vero
965 5741 1118 5811 extra
1150 5741 1296 5811 septa
1324 5734 1643 5811 monasterii
1665 5735 1746 5811 iu-

19 5803 126 5885 ;
141 5816 194 5872 ι
217 5809 315 5864 usi
346 5813 524 5868 erant,
555 5806 621 5859 de
647 5807 838 5874 quibus
867 5805 968 5859 hoc
995 5805 1170 5874 capite
1193 5803 1302 5874 agit
1323 5811 1542 5859 sanctus
1577 5803 1743 5860 Isido-

504 5899 776 5960 Paeon.
823 5894 979 5957 Clll.
1796 5964 1804 5971 _
