3952 6314
283 448 374 504 755

1225 447 1610 506 (ιοιιιεοιωιιι
1643 431 2098 506 REGULABUM.
2134 479 2206 489 -
2242 449 2391 505 CAP.
2431 451 2516 506 ιιι.

3422 460 3522 520 754,

279 563 548 618 habitum:
582 570 640 614 ut
662 560 824 615 etiam
860 575 924 616 ac
952 561 996 616 si
1017 561 1364 631 desperantes
1385 564 1451 618 de
1477 562 1617 619 bono
1648 564 1844 619 merito
1870 566 1924 624 Α
1947 569 2055 615 tem
2091 571 2316 631 generat
2343 582 2354 617 :
2385 564 2460 618 ita
2513 573 2571 618 ut
2608 581 2700 621 cor
2743 567 2860 636 ejus
2907 569 3079 640 magis
3123 575 3405 645 magisque
3435 580 3520 636 in-

279 652 353 706 vel
382 666 606 706 vacuum
641 650 1008 720 adipiscantur
1045 652 1348 707 sanctitatis
1377 653 1715 708 vocabulum.
1745 653 1842 708 At-

275 759 373 813 que
393 742 447 797 in
476 758 637 813 supra
659 743 925 798 dictorum
950 743 1192 799 auditum
1218 744 1573 814 multiplicant
1603 746 1842 801 diversas

273 834 594 902 crebrasque
616 834 784 889 series
805 832 1121 901 officiorum,
1153 845 1208 892 et
1227 837 1280 890 in
1303 837 1517 892 sublimi
1549 846 1664 892 arte
1688 839 1842 893 attol-

272 925 385 979 lunt
415 935 672 980 canentes
703 927 931 981 Inelodia
977 943 1198 994 vocum,
1250 941 1276 969 ι
1317 937 1479 999 atque
1515 930 1724 986 crebris
1751 946 1841 1002 ge-

269 1013 660 1070 nuﬂexionibus
713 1019 1090 1086 protrahentes
1147 1021 1355 1088 copiam
1383 1023 1727 1087 orationum,
1785 1031 1841 1078 et
1884 1071 1888 1075 .

267 1108 592 1180 quotidianis
628 1110 834 1165 diurnis
867 1119 1028 1180 atque
1053 1101 1335 1168 nocturnis
1367 1115 1700 1182 temporibus
1728 1123 1840 1169 tor-

265 1215 445 1270 porem
473 1200 794 1255 desidiosum
810 1201 1086 1272 otiumque
1109 1203 1387 1271 implicant
1409 1203 1833 1270 somnolentum,

265 1301 324 1344 ut
361 1291 636 1357 scribitur,
663 1290 922 1347 Habentes
954 1293 1217 1363 religionis
1243 1296 1472 1364 signum,
1505 1313 1606 1349 non
1632 1295 1840 1367 religio-

263 1383 342 1436 nis
387 1385 628 1436 meritum
649 1397 668 1434 :
705 1384 1128 1453 hippocentauro
1157 1387 1380 1452 similes,
1407 1403 1506 1442 nec
1531 1388 1690 1456 equi,
1738 1404 1838 1444 nec

263 1473 496 1529 hominis
527 1475 668 1529 facta
698 1476 971 1540 discretio,
995 1478 1069 1532 uti
1095 1479 1343 1548 superius
1375 1479 1578 1534 dictum
1608 1488 1710 1545 est,
1749 1481 1840 1535 ad-

257 1579 446 1620 versus
468 1564 805 1622 fidelissimos
828 1567 922 1622 Dei
943 1583 1128 1624 servos
1152 1569 1332 1625 dolosa
1354 1578 1409 1624 et
1435 1571 1615 1640 iniqua
1636 1571 1839 1626 machi-

266 1669 466 1716 iiantur
488 1658 632 1725 odia,
661 1671 824 1732 atque
857 1663 1211 1732 'impiissimaa
1235 1665 1534 1718 atrocitatis
1589 1680 1840 1733 persecu-

259 1754 454 1807 tionem
506 1755 808 1809 incutiunt:
837 1762 890 1809 et
941 1771 1078 1824 quos
1127 1757 1547 1812 noverint'esse
1599 1757 1838 1813 latrones

255 1844 577 1910 homicidas,
608 1845 882 1900 maleficos
905 1887 918 1909 ,
977 1847 1272 1912 adulteros,
1305 1857 1467 1916 atque
1493 1856 1691 1902 caetera
1722 1849 1840 1903 dia-

254 1937 441 1992 bolica:
479 1937 698 1992 infanda
755 1938 1097 1996 crudelitatis
1138 1955 1304 2010 opera
1354 1950 1707 2008 exercentes,
1743 1957 1836 1998 eos

255 2028 451 2082 summi
482 2029 684 2082 amoris
709 2027 1015 2093 affectione.
1047 2046 1116 2085 ex
1165 2039 1384 2099 totoque
1406 2033 1570 2087 corde
1601 2035 1838 2089 charita-

255 2117 325 2172 tis
375 2121 712 2175 connexione
766 2121 1180 2191 amplectuntur.
1234 2121 1372 2177 Hinc
1421 2124 1609 2193 procul
1673 2126 1837 2180 dubio

255 2217 442 2277 aperta
473 2210 610 2265 ratio
646 2211 958 2266 manifestat
985 2213 1132 2281 quia,
1164 2213 1420 2281 despecto
1468 2213 1599 2278 Deo,
1624 2215 1836 2270 diabolo

254 2297 511 2353 obediunt
549 2309 604 2356 et
651 2301 791 2355 servi
844 2301 1028 2357 ﬂdeles
1063 2303 1330 2366 existunt,
1390 2303 1544 2371 cujus
1575 2305 1836 2361 satellites

255 2391 868 2460 amant,amplectuntur
889 2401 943 2447 et
961 2392 1217 2462 diligunt:
1241 2401 1292 2447 et
1312 2392 1559 2457 Domino,
1590 2393 1744 2462 cujus
1773 2395 1837 2448 fi-

253 2481 502 2538 dissimos
537 2500 720 2539 servos
763 2493 1158 2554 persequuntur
1210 2494 1272 2562 ct‘
1323 2487 1546 2552 odiunt,
1593 2487 1830 2553 inimici,

254 2574 281 2613 ιι
315 2574 532 2644 refugae,
568 2575 815 2639 odibiles,
847 2584 901 2629 et
949 2577 1117 2630 exteri
1142 2575 1312 2630 fiunt:
1359 2577 1450 2646 qui
1481 2576 1655 2631 dixit:
1693 2580 1836 2648 quod

254 2665 446 2734 fecistis
474 2668 563 2719 uni
591 2685 649 2720 ea
674 2668 752 2721 liis
779 2669 1008 2722 minimis
1046 2671 1171 2723 meis
1191 2711 1206 2734 ,
1232 2669 1359 2724 milii
1384 2671 1580 2740 fecistis
1615 2671 1843 2744 (Matth.

253 2759 365 2828 xv).
393 2757 594 2813 lterum
629 2760 885 2830 scriptum
915 2772 998 2815 est
1027 2780 1038 2813 :
1074 2761 1162 2815 ille
1184 2761 1468 2816 Dominum
1501 2765 1609 2818 odit
1634 2774 1682 2818 et
1707 2781 1832 2819 con-

253 2849 430 2902 temnit
463 2850 552 2918 qui
595 2866 699 2903 non
735 2849 905 2904 solum
949 2867 1052 2904 non
1099 2852 1242 2905 timet
1276 2852 1440 2906 Deum
1471 2895 1484 2918 ,
1527 2855 1616 2908 sed
1666 2857 1832 2926 gratis

256 2936 362 2988 odit
395 2937 632 2992 timentes
671 2937 857 2991 Deum.
887 2939 1148 2994 Rectores
1177 2955 1305 2994 vero
1334 2957 1518 2995 eorum
1539 2983 1554 3007 ,
1609 2952 1663 2997 et
1690 2945 1734 2998 si
1774 2959 1834 3000 se

255 3027 563 3082 existiment
603 3044 662 3083 se
699 3030 938 3098 graviter
965 3040 1092 3086 ante
1118 3031 1288 3086 Deum
1333 3046 1454 3087 esse
1500 3033 1828 3104 culpabiles,

255 3122 345 3177 sed
374 3123 499 3191 quia
529 3137 654 3192 erga
689 3139 907 3194 gregem
941 3125 1041 3179 sibi
1091 3126 1356 3180 creditum
1401 3127 1750 3200 negligentes,
1777 3138 1834 3184 et

256 3212 393 3268 mala
419 3228 525 3267 non
568 3214 915 3282 prohibentes
957 3217 1216 3280 existunt,
1241 3233 1347 3272 non
1388 3219 1560 3273 solum
1609 3230 1832 3290 propter

255 3305 466 3374 propria
494 3304 708 3369 delicta,
741 3307 834 3360 sed
861 3323 959 3376 pro
993 3308 1330 3364 subditorum
1356 3309 1571 3381 ﬂagitiis
1606 3313 1831 3384 duplici-

259 3404 336 3449 ter
368 3394 887 3451 condemnabuntur.
935 3397 1072 3454 Hinc
1117 3399 1284 3455 David
1337 3402 1634 3473 deprecans
1684 3413 1824 3459 orat.

257 3484 332 3538 Ab
362 3485 574 3541 occultis
596 3488 721 3542 meis
741 3489 938 3542 munda
966 3506 1067 3554 me,
1090 3499 1138 3544 et
1169 3492 1232 3544 ab
1257 3491 1440 3546 alienis
1477 3510 1633 3562 parce
1681 3510 1828 3549 servo

259 3583 346 3628 tuo
373 3574 542 3644 (Psal.
571 3579 748 3648 xvm).
777 3578 1097 3650 Quicunque
1125 3595 1192 3636 ex
1217 3583 1520 3638 senioribus
1551 3595 1572 3622 ο
1607 3599 1829 3640 causam

259 3666 614 3739 delinquentis
642 3674 887 3741 adornat,
919 3673 1178 3744 majorem
1226 3677 1276 3730 ei
1324 3677 1619 3732 insolentiae
1675 3678 1830 3733 fomi-

324 3812 350 3840 ι
375 3801 540 3879 Atque
563 3804 757 3879 crebris
773 3805 1238 3879 genuﬂexionibus.
1265 3801 1342 3862 De
1363 3806 1826 3879 genuflexionibus

252 3874 640 3927 monachorum
674 3874 814 3928 infra
841 3876 1072 3930 dicetur.

327 3941 353 3981 ιι
391 3941 624 4012 Refugw.
665 3944 879 4016 Refuga
911 3947 1309 4002 substantivum
1337 3949 1441 4003 hoc
1475 3949 1592 4004 loco
1621 3958 1707 4005 est
1734 3951 1827 4006 de-

251 4019 448 4076 sertor,
504 4015 1026 4085 apostatat’Glossm
1075 4029 1285 4073 veteres
1326 4022 1646 4085 ἀποςτασία,
1698 4023 1825 4076 ἁπο-

250 4102 465 4157 στατης,
519 4083 722 4157 reLuga,
777 4084 1162 4152 Tertullianus,
1207 4090 1272 4144 de
1317 4089 1512 4144 Habitu
1553 4083 1822 4157 muliebri,

248 4166 370 4234 cap.
513 4171 531 4203 ι
699 4155 1004 4234 ignominiis
1045 4157 1096 4210 in
1136 4151 1366 4234 honores
1408 4161 1609 4215 metalli
1639 4151 1826 4234 refuga

247 4231 510 4276 mutatur.
549 4243 568 4275 ι
601 4223 852 4278 l’oemate
889 4242 903 4278 ι
937 4235 1123 4280 contra
1150 4227 1504 4283 Marcionem:

375 4310 633 4364 Terribilis
653 4313 826 4376 refuga
849 4318 1070 4367 attribuit
1087 4315 1188 4368 fera
1207 4331 1411 4370 munera
1431 4323 1620 4382 mortis,

247 4391 321 4447 Et
344 4395 580 4448 secundo
607 4413 620 4448 :

375 4483 633 4544 Postquam
654 4484 802 4540 fracta
817 4485 942 4539 fides
961 4488 1154 4554 refugis
1169 4493 1466 4556 spirantibus
1489 4493 1667 4558 hostis,
1689 4499 1788 4546 etc.

246 4565 320 4620 Et
346 4566 486 4623 infra
511 4586 526 4622 :

372 4681 535 4732 Allixit
555 4682 688 4744 ligno
713 4683 992 4748 refugarum
1016 4688 1224 4738 immane
1247 4695 1502 4753 tmpamm.

263 4785 474 4874 lefu'ga,
513 4789 616 4874 qu'i‘
636 4788 836 4860 aliquid
863 4792 1078 4874 refugit.
1105 4794 1438 4874 Flodoardus
1481 4797 1621 4874 lib._i
1649 4797 1816 4874 Hist”

242 4870 366 4924 sap.
403 4858 470 4910 24
495 4875 506 4910 :
532 4879 549 4908 ι
577 4858 832 4915 Humana:
861 4858 1034 4917 laudis
1057 4873 1112 4917 et
1140 4867 1423 4920 mundana:
1445 4858 1818 4924 retributionis

241 4925 522 5006 refugas.
537 4928 686 5006 Alias
727 4929 1051 5006 adjectivum
1087 4942 1301 5006 est,rut,
1335 4937 1515 5006 refuga
1553 4940 1813 5004 ctesaries,

242 4943 361 4979 retu
403 4943 451 4981 a.
489 4948 506 4980 ι
537 4943 686 4983 Alias
727 4943 1051 4998 aitjectivum
1087 4943 1191 4998 est,
1223 4943 1301 5000 ut,
1335 4943 1515 5006 refuga
1553 4943 1813 5004 ctesaries,

242 4943 400 5065 ψιιὲ
430 4998 710 5056 Sidonium
747 4999 842 5056 lib.
875 5016 893 5056 ι
921 5002 1080 5072 epist.
1109 5002 1164 5070 2,
1204 5005 1388 5072 idest,
1417 5007 1473 5062 in
1506 5007 1816 5077 occipitium

1941 655 2125 708 durari
2173 654 2376 710 faciat:
2409 665 2465 712 et
2511 659 2902 714 contumaciam
2955 659 3316 731 delinquentis
3365 667 3519 725 diﬂ‘e-

1941 749 2109 803 rendo
2139 765 2246 804 non
2273 750 2495 806 discutit
2520 791 2536 818 ,
2583 768 2684 809 nec
2731 755 3004 810 humiliari
3029 771 3152 813 eum
3183 760 3331 828 sinit,
3359 763 3388 803 ά
3421 781 3523 822 nec

1942 839 2348 898 dissimulanter
2379 860 2499 914 quae
2540 848 2806 916 permittit
2854 849 2920 904 de
2947 849 3315 908 satisfactione
3346 865 3403 911 et
3430 873 3523 914 ve-

1941 932 2029 985 nia
2065 932 2326 1002 cogitare,
2354 935 2447 989 sed
2477 936 2620 990 idem
2652 938 2825 993 denuo
2851 940 3067 1008 iterare,
3095 944 3347 1012 quoniam
3374 945 3522 1003 Scri-

1939 1029 2096 1092 ptura
2133 1038 2324 1092 nempe
2351 1032 2598 1090 testatur,
2625 1026 2778 1093 Quod
2817 1046 2964 1085 omne
2989 1043 3256 1105 peccatum
3279 1037 3418 1106 quod
3443 1054 3522 1092 re-

1939 1113 2130 1166 missus
2159 1113 2683 1186 indisciplinatusque
2719 1119 2990 1192 admiserit
3030 1124 3218 1192 frater,
3250 1126 3319 1180 ad
3356 1128 3522 1198 neglio

1939 1214 2138 1273 gentem
2163 1207 2400 1274 protinus
2429 1219 2718 1262 revertatur
2743 1214 3029 1279 seniorem;
3072 1225 3120 1269 ct
3167 1228 3377 1287 propter
3398 1238 3453 1275 se
3473 1231 3522 1276 et

1938 1311 2033 1364 pro
2060 1294 2151 1348 illo
2177 1296 2390 1365 duplam
2430 1301 2729 1356 redditurus
2758 1314 2834 1358 est
2873 1307 3147 1362 rationem.
3178 1308 3342 1366 Recte
3367 1328 3522 1367 nam-

1941 1397 2044 1453 que
2072 1395 2324 1440 censetur
2349 1405 2361 1440 :
2397 1397 2457 1442 ut
2485 1405 2607 1443 cum
2629 1408 2735 1460 quo
2762 1396 3051 1467 participat
3077 1413 3337 1463 errorem,
3369 1410 3522 1456 reter-

1940 1491 2067 1530 nam
2094 1477 2469 1536 retributionis
2495 1497 2617 1536 cum
2645 1499 2709 1539 eo
2741 1487 3000 1542 sortiatur
3042 1489 3323 1557 ultionem,
3351 1493 3475 1560 quia
3505 1510 3517 1546 :

2065 1611 2177 1684 Ipse
2199 1615 2566 1684 ,iubere‘nef‘as,
2598 1632 2706 1684 ipse
2725 1622 3014 1680 perhibetur
3034 1638 3218 1684 amare,

2129 1676 2222 1733 Qui
2249 1679 2515 1739 prohibere
2540 1676 2692 1746 valet,
2714 1676 2807 1733 nec
2831 1685 3098 1746 prohibere
3120 1676 3270 1739 volet.

1941 1800 2146 1856 Horum
2174 1811 2230 1857 et
2255 1804 2510 1860 similium
2538 1807 3026 1876 praevaricatricem
3063 1813 3411 1872 clandestinae
3441 1818 3519 1872 si-

1863 1921 1911 1980 B
1940 1893 2252 1949 mulationis
2288 1897 2585 1965 perniciem
2615 1901 2776 1954 simul
2818 1918 2938 1958 cum
2980 1905 3194 1976 publica
3233 1909 3520 1965 mundanae

1938 1983 2317 2054 delinquentis:
2353 1987 2649 2045 facinorum
2708 1997 3027 2066 contagione
3086 1997 3244 2052 debet
3292 1998 3523 2056 fideliter

1928 2073 2083 2144 juxta
2123 2077 2227 2132 sibi
2258 2067 2521 2134 creditum
2568 2097 2814 2151 supernae
2835 2088 3081 2143 veritatis
3107 2090 3273 2144 divini
3307 2091 3521 2161 imperii

1935 2167 2109 2222 vicem
2158 2177 2212 2222 et
2252 2169 2546 2239 gloriosum
2595 2163 2821 2230 terrena:
2867 2180 3152 2246 potestatis
3192 2183 3517 2252 principium

1937 2259 2199 2313 severitas
2257 2259 2572 2330 justissima:
2638 2281 2877 2322 censura:
2945 2277 3000 2325 et
3073 2272 3404 2328 zizaniorum
3458 2289 3521 2330 ac

1938 2347 2259 2403 tribulorum
2303 2351 2370 2406 de
2418 2368 2547 2423 agro
2590 2358 2835 2412 cordinm
2879 2361 3305 2432 delinquentium
3351 2368 3522 2436 pessi-

1934 2452 2077 2490 mam
2106 2439 2509 2498 suffocationein
2536 2445 2778 2502 falcifera
2803 2453 3194 2510 emendationis
3221 2458 3521 2512 succisione

1935 2527 2198 2583 radicitus
2221 2532 2546 2602 exstirpare,
2573 2547 2737 2606 atque
2758 2554 2977 2596 vomere
3003 2540 3231 2613 justitia:
3261 2557 3315 2600 et
3341 2554 3518 2604 rastro

1932 2616 2181 2672 veritatis
2209 2620 2478 2689 excolere,
2509 2632 2569 2678 ut
2595 2627 2839 2682 novalem
2881 2628 3116 2687 fructum
3145 2633 3269 2689 fidei
3313 2645 3370 2690 et
3393 2653 3518 2691 san-

1933 2707 2140 2763 ctitatis
2185 2713 2418 2766 creatori
2463 2731 2560 2770 suo
2602 2718 3106 2790 valeatprocreare.
3157 2725 3282 2782 Haec
3325 2729 3518 2800 exigua

1934 2801 2098 2856 verba
2148 2802 2215 2858 de
2271 2809 2602 2863 exsecranda
2666 2811 2968 2890 hypocrisis
3027 2817 3266 2886 nequitia
3315 2819 3519 2874 dixisse

1934 2893 2184 2948 sufficiat.
2241 2895 2378 2951 Nam
2429 2900 2495 2954 de
2544 2903 2882 2970 gravioribus
2924 2905 3144 2976 ﬂagitiis
3195 2907 3515 2962 delictorum

1936 2985 2206 3042 disserere
2251 3002 2358 3043 non
2406 2997 2488 3045 est
2527 3007 2727 3047 meum.
2777 2993 2924 3050 Illius
2972 3012 3187 3067 semper
3231 2999 3516 3054 sententia:

1935 3079 2265 3136 recordabor
2286 3098 2301 3137 :
2325 3081 2489 3137 Posui
2524 3086 2604 3138 ori
2639 3103 2751 3140 meo
2781 3089 3096 3156 custodiam,
3119 3091 3246 3145 dum
3283 3093 3517 3146 consistit

1931 3178 2174 3238 peccator
2207 3172 2478 3228 aduersum
2503 3192 2585 3229 me
2616 3176 2788 3248 (Psal.
2813 3179 3063 3251 xxxvru).
3101 3179 3166 3235 Ut
3199 3199 3303 3236 non
3324 3183 3513 3254 loqua—

1858 3269 1903 3332 ρ
1934 3267 2021 3311 tur
2049 3276 2106 3314 os
2143 3277 2314 3324 meum
2343 3280 2501 3334 Opera
2525 3266 2795 3322 hominum
2840 3269 3013 3340 (Psal.
3047 3270 3181 3344 xvx).
3220 3273 3314 3329 Ille
3335 3273 3514 3342 justus

1926 3349 2116 3419 judex,
2147 3355 2238 3423 qui
2267 3365 2350 3411 est
2384 3360 2647 3413 mentium
2691 3362 2844 3417 testis
2871 3371 2927 3416 et
2955 3365 3289 3420 occultorum
3324 3366 3510 3437 cogni-

1931 3452 2038 3511 tor,
2075 3446 2188 3514 ipse
2225 3458 2308 3501 est
2345 3457 2401 3503 et
2441 3452 2546 3506 erit
2589 3454 2744 3507 bonis
2786 3455 3052 3510 bonorum
3091 3458 3147 3511 in
3185 3460 3513 3530 sempiterna

1932 3532 2100 3603 gloria
2130 3537 2440 3602 retributor,
2474 3549 2531 3594 et
2552 3543 2820 3599 malorum
2845 3546 3143 3601 secundum
3175 3548 3371 3604 merita
3395 3550 3510 3605 sin-

1931 3625 2178 3693 gulorum
2206 3631 2586 3690 veracissimus
2614 3635 2773 3692 ultor.

1931 3821 2150 3878 reﬂexa.

2001 3903 2024 3971 ξ
2067 3890 2293 3971 causam
2314 3896 2659 3971 delinquentis
2681 3902 2924 3960 adornat.
2957 3905 3132 3963 Causa
3160 3909 3266 3967 hoc
3283 3911 3404 3969 loco
3426 3925 3510 3971 est

1928 3961 2191 4030 defensio,
2221 3961 2521 4026 excusatio.
2569 3971 2852 4031 Terentius
2897 3961 3400 4052 magnifici?
3416 3961 3504 4052 ιῖ

1929 4047 2006 4088 SC.
2038 4049 2131 4088 IV:

2175 4129 2276 4180 Etsi
2305 4131 2394 4183 tibi
2415 4145 2556 4184 causa
2579 4141 2656 4186 est
2685 4138 2751 4188 de
2773 4138 2863 4190 hac
2884 4153 2962 4192 re.

2065 4211 2342 4297 Donatus:
2387 4217 2681 4297 «mCausam
2726 4239 2879 4280 more
2922 4240 3022 4282 suo
3056 4242 3157 4297 pro
3192 4229 3505 4288 defensione

1926 4282 2125 4352 posuit.
2163 4304 2181 4335 ι
2224 4285 2291 4338 Et
2319 4287 2373 4339 in
2400 4286 2758 4347 Phormione:

2050 4372 2235 4423 Justam
2263 4376 2393 4425 illam
2415 4390 2626 4442 causam,
2653 4382 2862 4442 facilem,
2893 4387 3193 4450 vincibilem,
3220 4392 3466 4452 Optimam.

1927 4452 2204 4535 Donatus:
2233 4476 2250 4508 ‹
2286 4473 2507 4514 causam
2533 4479 2636 4535 pro
2657 4464 2967 4522 defensione
2993 4469 3190 4535 posuit.
3219 4490 3238 4522 ι
3273 4471 3502 4530 Causam

1928 4537 2058 4592 ergo
2087 4527 2372 4611 _adornare
2414 4539 2496 4584 est
2533 4527 2908 4611 defensionem
2951 4527 3174 4611 parare,
3213 4527 3504 4611 instruere,

1929 4595 2189 4672 quasdam
2225 4598 2462 4672 ration_es
2501 4601 2568 4655 ad
2607 4600 2866 4658 delictum
2905 4595 3274 4667 excusandum
3299 4595 3506 4672 vel};

1929 4665 2257 4735 tenuandum
2287 4668 2547 4735 proferre.

1995 4732 2036 4822 tl.
2055 4733 2108 4787 Ν
2110 4752 2165 4822 ec
2193 4732 2589 4822 dissimulanter
2608 4759 2726 4812 qua:
2742 4745 3011 4822 permittit.
3033 4748 3194 4822 Lege,
3227 4770 3320 4807 nec
3345 4755 3500 4809 dissi-

1927 4803 2196 4884 mulando,
2229 4815 2283 4860 et
2307 4809 2364 4862 τὸ
2390 4803 2795 4884 qureexpung'e,
2826 4817 2949 4884 quia
2981 4803 3504 4878 redundativlltwhasc

1925 4872 1998 4926 ita
2025 4872 2421 4947 conuectantur
2445 4895 2458 4930 :
2487 4872 2890 4938 Nec-humiliari
2911 4872 3028 4942 eum
3052 4872 3332 4946 35,875.22
3344 4872 3503 4947 ὶιὲζςῖεῐ

1924 4942 2493 5034 midandohpermittit
2540 4951 2606 5007 de
2651 4954 3011 5023 satisfactione

1921 5012 2062 5083 eum)
2092 5012 2338 5086 cogitare.
