4048 6334
570 385 668 442 767
699 373 702 376 ’

1556 386 1616 442 8.
1655 383 2014 442 BENEDICTI
2049 385 2338 442 ABBATIS
2373 384 2779 446 AMANENSIS
2867 409 2874 432 ε

3708 396 3810 455 ’ἴ68

569 501 724 567 Datis,
748 516 866 571 quis
889 516 980 555 vos
1005 499 1307 570 impedivit?
1333 499 1586 564 Satanas,
1610 500 1702 569 qui
1730 499 1931 555 electos
1969 499 2134 568 depo-
2163 503 2215 562 Α
2237 515 2427 556 omnes
2469 517 2536 557 ex
2586 503 2746 559 corde
2803 505 3135 574 amplectens
3156 548 3173 574 ,
3216 509 3440 578 nullum,
3485 526 3810 572 conversum

568 593 666 649 nit.
693 591 760 646 Et
779 600 1067 661 antequam
1094 591 1299 646 deletus
1329 589 1588 659 reprobus
1639 590 1754 654 ﬁat,
1784 599 1838 644 et
1886 591 1940 644 in
1969 589 2137 660 negli-
2171 624 2173 626 -

569 685 804 757 gentiam
837 692 1202 749 convertatur,
1239 683 1418 737 audiat
1440 682 1570 752 quid
1596 697 1720 736 eum
1743 682 1985 752 quotidie
2013 697 2138 737 con-

572 775 754 830 veniat
779 772 1057 844 Scriptura
1086 774 1268 828 dicens
1298 791 1312 826 :
1346 773 1480 826 Tene
1521 773 1659 843 quod
1688 773 1875 838 habes,
1907 789 1970 826 ne
2001 773 2137 826 sal-

567 873 649 920 ter
673 865 894 935 accipiat
917 881 1160 918 coronam
1183 874 1326 916 tuam
1342 862 1526 933 (Apoc.
1551 862 1654 934 ιιι).
1675 863 1738 916 Ει
1769 864 1860 932 qui
1883 863 2132 926 audierit,

567 964 622 1011 et
659 973 764 1011 non
832 954 1214 1019 observaverit,
1275 953 1376 1008 sibi
1427 953 1656 1022 imputet
1697 969 1820 1007 cum
1859 953 2133 1008 ceciderit.

567 1046 700 1114 Quia
726 1062 756 1101 a
780 1047 1003 1101 Domino
1028 1044 1244 1114 superbi
1271 1052 1327 1097 et
1348 1042 1678 1113 negligentes
1702 1053 1754 1096 et
1785 1044 1987 1114 indigni
2018 1045 2136 1098 ideo

566 1137 924 1206 deponuntur,
955 1143 1014 1188 ut
1063 1135 1218 1206 digne
1261 1133 1613 1188 observantes
1665 1143 1987 1204 przeceptum
2017 1135 2134 1202 Dei,

565 1229 895 1292 utbumiles,
924 1227 1226 1281 exalteutur
1261 1244 1274 1280 :
1308 1225 1434 1295 quia
1479 1227 1619 1296 apud
1662 1225 1898 1292 judicem
1931 1227 2136 1296 justum

565 1319 849 1374 Dominum
870 1333 974 1372 non
997 1325 1080 1372 est
1106 1331 1457 1386 personarum
1485 1317 1750 1384 acceptio.
1770 1317 1880 1371 Nec
1903 1317 2016 1374 vult
2045 1317 2138 1372 ali-

565 1409 690 1479 quid
739 1417 999 1478 praestare
1031 1408 1282 1478 indignis,
1329 1423 1450 1461 cum
1496 1406 1639 1461 solos
1670 1407 1844 1474 justus
1883 1410 2052 1464 bonos
2082 1417 2137 1463 et

563 1507 780 1553 sanctos
817 1499 967 1553 novit
1017 1498 1257 1568 diligere,
1315 1505 1371 1552 et
1413 1498 1543 1567 ipsis
1582 1497 1710 1552 solis
1751 1500 1815 1554 de
1854 1501 2137 1568 praesentis

562 1590 688 1644 vitre
717 1591 920 1645 honore
949 1597 1003 1644 et
1031 1589 1098 1644 de
1125 1597 1398 1660 perpetua:
1441 1604 1654 1644 corona:
1686 1590 2040 1646 retributione
2066 1592 2138 1647 sit

562 1680 791 1735 debitor.

702 1792 729 1863 §
757 1791 903 1848 \L—
929 1791 1006 1846 Ex
1033 1790 1252 1846 Renum
1290 1807 1478 1847 SANCTI
1516 1793 1712 1847 lsmont
1741 1794 1878 1865 (cap.
1911 1795 1988 1866 5).

634 1904 664 1944 b
689 1904 872 1958 Abbas
901 1905 1106 1958 interea
1127 1905 1405 1976 eligendus
1423 1913 1507 1959 est
1533 1916 1554 1944 ο
1583 1906 1919 1962 institutione
1939 1917 2138 1964 sancta:

564 1995 688 2050 vitae
718 1997 942 2050 duratus
967 2005 1128 2065 atque
1159 1997 1452 2065 inspectus,
1485 1997 1758 2067 patientia:
1781 2007 1837 2051 et
1865 1987 2152 2054 bumilitaJ

566 2088 636 2142 tis
674 2088 1180 2157 expertus,quique
1221 2089 1384 2142 etiam
1410 2097 1466 2144 et
1492 2105 1588 2159 per
1607 2090 1927 2144 exercitium
1971 2093 2139 2146 vitam

560 2179 883 2234 laboriosam
917 2181 1190 2245 toleravit,
1219 2196 1282 2236 ac
1327 2182 1712 2236 transcendens
1753 2191 1968 2237 :rtatem
2011 2183 2139 2238 ado-

562 2269 833 2325 lescentia:
862 2269 887 2310 ἀ
911 2271 1251 2340 juventutem
1317 2287 1410 2326 seu
1481 2281 1812 2328 senectutem
1879 2275 2134 2344 tetigerit.

564 2359 660 2414 Cui
688 2369 742 2414 et
774 2360 1007 2430 majores
1043 2377 1150 2415 non
1195 2362 1553 2431 dedignentur
1581 2379 1794 2433 parere,
1827 2365 2140 2420 obedientes

563 2453 612 2506 ei
639 2464 661 2491 ε
685 2461 794 2506 tam
821 2469 918 2522 pro
934 2461 1113 2517 aetate,
1135 2469 1298 2523 quam
1318 2455 1481 2508 etiam
1510 2471 1608 2524 pro
1624 2472 1834 2510 morum
1849 2453 2144 2526 probitate.

565 2545 669 2600 Iste
698 2562 756 2600 se
786 2547 1106 2601 imitandum
1129 2547 1183 2600 in
1213 2548 1423 2600 cunctis
1449 2563 1674 2618 operum
1705 2551 1968 2619 exemplis
1990 2554 2139 2618 exhie

564 2638 732 2693 bebit.
770 2637 789 2675 τ
821 2637 1004 2706 Neque
1049 2638 1316 2706 imperare
1359 2638 1436 2692 illi
1477 2639 1728 2708 cuiquam
1771 2627 2142 2712 licebit‘quod

563 2727 677 2798 ipse
719 2742 824 2781 non
870 2727 1076 2781 fecerit.
1124 2726 1374 2798 Singulos
1414 2736 1592 2783 autem
1622 2730 1978 2786 hortamentis
2015 2749 2137 2786 mu-

564 2820 672 2873 tuis
715 2820 1010 2885 excitabit,
1061 2819 1340 2890 alloquens
1392 2832 1634 2887 cunctos,
1688 2825 2002 2889 exhortans,
2056 2826 2140 2880 vel

563 2909 836 2965 tediticans
861 2911 916 2965 in
943 2912 1020 2966 eis
1047 2912 1093 2966 si
1123 2913 1252 2982 quid
1277 2929 1466 2967 eorum
1498 2915 1622 2968 vita:
1665 2930 1762 2983 pro
1803 2917 2143 2988 uniuscujus-

563 3017 670 3070 que
700 3002 866 3070 gradu
897 3004 1150 3072 prodesse
1195 3007 1549 3074 perspexerit.
1595 3004 1986 3063 Circa'omnes
2029 3025 2140 3064 ser-

567 3109 697 3147 vans
711 3092 1001 3162 justitiam,
1021 3103 1209 3150 contra
1231 3096 1436 3150 nullum
1453 3097 1623 3151 livore
1641 3097 1748 3150 odii
1773 3098 2140 3168 inardescens,

2238 593 2555 662 despiciens,
2583 603 2806 666 paratus
2830 598 2992 653 etiam
3019 587 3369 668 quorumdam
3401 603 3812 665 inﬁnuitatibus

2241 684 2264 721 ε
2294 685 2649 753 eompatiendi
2695 687 3119 744 misericordiam
3163 690 3480 760 Apostolnm
3529 710 3806 766 sequens:

2236 770 2392 826 Facti
2425 791 2604 830 sumus
2649 777 2856 846 parvuli
2892 780 2946 832 in
2972 780 3139 834 medio
3179 792 3427 851 vestrum,
3471 795 3726 857 tanquam
3765 791 3812 844 si

2238 867 2417 920 nutrix
2436 867 2462 906 ιι
2491 867 2660 936 foveat
2689 869 2860 940 pullos
2893 889 3014 926 suos
3046 872 3098 944 (I
3123 873 3300 929 Thess.
3329 876 3413 949 ιι).

2329 976 2356 1048 §
2383 976 2469 1032 VI.
2491 981 2659 1035 -—Ex
2698 981 2918 1037 Rasum
2957 999 3141 1040 stacrl
3179 987 3382 1042 BASILII
3413 999 3551 1061 (cap.
3587 992 3698 1062 12).

2305 1089 2564 1162 Interrog.
2599 1095 2644 1136 .l
2702 1094 2758 1149 Si
2815 1096 2939 1151 licet
2991 1099 3149 1153 alicui
3213 1100 3390 1156 dicere
3454 1118 3522 1157 ex
3588 1083 3814 1175 proprio

2237 1195 2418 1246 sensu,
2447 1184 2588 1251 quod
2635 1184 2736 1238 sibi
2782 1187 2992 1242 videtur
3021 1191 3219 1245 bonum
3250 1193 3452 1263 absque
3498 1197 3817 1254 testimonio

2241 1270 2255 1320 l
2288 1270 2707 1340 Scripturarum,
2737 1276 2963 1332 Domino
2991 1289 3178 1335 nostro
3197 1280 3322 1337 Jesu
3351 1283 3571 1341 Christo
3600 1289 3818 1346 dicente

2237 1360 2304 1414 de
2342 1362 2545 1432 Spiritu
2572 1375 2756 1420 sancto
2783 1384 2794 1418 :
2826 1365 2946 1423 Non
2970 1371 3105 1423 enim
3122 1371 3368 1448 loquetur
3395 1393 3427 1429 a
3446 1393 3519 1442 se,
3549 1379 3642 1432 sed
3670 1398 3819 1448 qua--

2238 1469 2436 1524 cunque
2474 1455 2717 1520 audierit,
2744 1457 2854 1511 lucc
2899 1458 3139 1530 loquetur
3163 1461 3343 1532 (Joan.
3373 1465 3507 1537 xvi).
3534 1466 3610 1522 De
3637 1470 3821 1539 seipso

2239 1553 2419 1601 autem
2447 1565 2460 1600 :
2489 1546 2611 1602 Non
2631 1559 2792 1619 potest
2815 1549 2958 1618 ﬁlius
2985 1570 3016 1604 a
3039 1570 3093 1606 se
3121 1554 3295 1622 facere
3317 1558 3600 1628 quidquam
3631 1560 3818 1630 (Joan.

2237 1635 2314 1706 γ).
2350 1637 2418 1691 Ει
2445 1638 2636 1691 iterum
2662 1655 2676 1703 ;
2706 1638 2816 1709 Ego
2843 1657 2874 1692 α
2905 1657 2986 1694 me
3009 1643 3119 1709 ipso
3163 1659 3266 1698 non
3301 1662 3418 1699 sum
3457 1646 3701 1714 locutus;
3729 1650 3821 1702 sed

2237 1728 2327 1798 qui
2354 1745 2435 1782 me
2459 1729 2596 1782 misit
2624 1726 2805 1793 Pater,
2837 1730 2946 1799 ipse
2965 1731 3094 1784 mihi
3119 1731 3261 1786 dedit
3297 1735 3626 1789 mandatum.
3678 1735 3822 1801 Quid

2239 1819 2434 1884 dicam,
2464 1830 2554 1871 aut
2590 1819 2714 1889 quid
2749 1818 2935 1890 loquar
2971 1830 3018 1874 et
3046 1823 3177 1886 scio,
3203 1810 3326 1892 quia
3355 1825 3669 1878 mandatum
3706 1826 3824 1895 ejus

2241 1909 2344 1962 rita
2389 1917 2581 1963 (eterna
2625 1917 2716 1962 est.
2767 1908 2911 1962 Sicut
2949 1909 3083 1962 dixit
3121 1910 3246 1964 mihi
3296 1908 3480 1977 Pater,
3506 1915 3586 1966 ita
3635 1915 3822 1984 loquor

2241 1997 2422 2068 (Joan.
2445 1998 2566 2069 xu).
2592 2029 2664 2038 —
2683 1997 2834 2068 Resp.
2868 1998 2999 2066 Quis
3039 2007 3216 2068 potest
3244 2000 3298 2054 in
3331 2008 3541 2056 tantum
3587 2006 3813 2059 temeri-

2241 2090 2367 2142 tatis
2411 2091 2682 2160 progredi,
2711 2098 2770 2144 ut
2815 2091 3011 2146 audeat
3036 2106 3066 2144 a
3094 2107 3152 2146 se
3201 2092 3493 2161 quidquam
3521 2094 3610 2149 vel
3643 2095 3821 2164 loqui,

2239 2181 2324 2236 vel
2356 2181 2628 2251 cogitare?
2671 2180 2781 2235 lmo
2827 2197 2953 2236 vero
2996 2182 3270 2236 sciendum
3315 2193 3420 2248 est,
3451 2180 3598 2254 quia
3629 2201 3822 2242 omnes

2241 2272 2374 2326 duce
2419 2271 2628 2326 itineris
2657 2271 2958 2340 indigemus
2991 2271 3194 2340 Spiritu
3230 2282 3438 2338 sancto,
3468 2284 3532 2328 ut
3573 2277 3694 2346 ipse
3724 2292 3822 2332 nos

2241 2363 2456 2417 inviam
2482 2361 2678 2432 dirigat
2704 2362 2947 2416 veritatis
2965 2369 3020 2414 et
3047 2363 3099 2416 in
3127 2363 3454 2433 cogitatione
3478 2366 3611 2420 etin
3636 2368 3822 2422 verbis

2240 2461 2293 2507 et
2333 2454 2387 2506 iu
2413 2451 2641 2506 actibus.
2687 2450 2873 2505 Caicus
2903 2461 2987 2504 est
3015 2453 3157 2505 enim
3199 2461 3254 2506 et
3297 2453 3350 2506 in
3389 2455 3627 2508 tenebris
3669 2455 3822 2525 degit

2241 2543 2418 2597 omnis
2442 2543 2532 2611 qui
2558 2549 2642 2596 est
2673 2542 2875 2612 absque
2907 2542 3017 2596 sole
3035 2543 3282 2611 justitiae,
3312 2545 3404 2611 qui
3435 2553 3518 2599 est
3559 2544 3824 2600 Dominus

2242 2619 2442 2690 noster
2470 2633 2624 2689 Jesus
2671 2633 2918 2689 Christus
2936 2627 3137 2704 {cujus
3183 2637 3452 2692 mandatis
3477 2638 3625 2693 velut
3651 2640 3825 2695 radiis

2241 2727 2562 2796 quibusdam
2613 2724 3359 2780 illuniinamurzllandatum
3406 2729 3578 2792 enim,
3625 2730 3824 2799 inquit,

2242 2818 2454 2873 Domini
2479 2819 2712 2873 lucidum
2737 2817 3044 2872 illuminans
3063 2813 3250 2872 oculos
3274 2816 3448 2890 (Psal.
3475 2820 3652 2890 xvm).
3686 2820 3827 2889 Quia

2243 2926 2372 2982 ergo
2402 2912 2455 2964 in
2482 2911 2730 2965 omnibus
2755 2909 3009 2979 negotiis,
3039 2924 3158 2978 qua:
3203 2909 3343 2963 inter
3370 2924 3470 2964 nos
3508 2919 3825 2978 versantur,

2243 3003 2327 3057 vel
2371 3003 2570 3066 verbis,
2601 3001 2847 3071 quaedam
2879 3000 3094 3068 quidem
3137 3014 3236 3068 per
3277 3000 3594 3054 mandatum
3641 3001 3738 3056 Dei
3769 3002 3827 3057 in

2245 3093 2439 3148 divinis
2464 3091 2760 3162 Scripturis
2799 3091 3223 3160 distinguuntur,
3247 3089 3494 3160 quaedam
3518 3104 3652 3146 vero
3694 3091 3827 3147 reti-

637 3243 662 3268 ιι
705 3227 787 3281 Ne
818 3227 984 3300 alter.
1039 3230 1388 3300 Apoealypsis
1431 3245 1523 3294 ιιι,
1575 3229 1668 3283 ubi
1709 3229 1905 3300 legitur
1933 3233 1989 3286 in
2031 3233 2142 3288 edi-
2167 3215 2211 3275 C
2243 3230 2541 3300 neophytus
2582 3245 2687 3283 non
2732 3230 2819 3292 sit,
2849 3228 2962 3292 sed,
2995 3237 3053 3282 ut
3083 3229 3159 3283 ait
3207 3193 3428 3284 sanctus
3467 3227 3727 3293 Isidorus,
3766 3233 3828 3285 in

569 3301 715 3353 tione
744 3299 980 3369 vulgata,
1017 3311 1074 3352 ut
1096 3299 1267 3354 nemo.

635 3369 662 3408 ι)
701 3369 890 3422 Abbas.
925 3369 1051 3441 Haec
1079 3371 1425 3440 reperiuntur
1443 3371 1500 3424 in
1519 3369 1723 3441 Regula
1753 3372 1926 3426 sancti
1947 3371 2140 3429 lsidori

568 3454 787 3501 excusa,
825 3454 942 3506 cap.
976 3440 1030 3493 2.
1611 3440 1620 3441 “
1719 3475 1722 3480 -

637 3521 659 3547 ε
705 3507 1042 3563 Institutione
1085 3521 1280 3564 sanctae
1324 3511 1443 3564 vita:
1493 3510 1734 3565 duratus.
1792 3511 1870 3566 Ita
1923 3522 2142 3569 sanctus

567 3580 898 3634 Fructuosus
926 3595 1085 3648 supra
1116 3597 1128 3634 :
1164 3577 1295 3633 Vita:
1329 3591 1524 3634 sanctte
1546 3582 1871 3634 institutione
1895 3583 2136 3649 duratus,

566 3651 622 3704 id
647 3659 752 3714 est,
775 3651 865 3718 qui
898 3651 1094 3704 multos
1117 3665 1287 3704 annos
1315 3658 1628 3704 constanter
1655 3651 1708 3704 in
1739 3660 1927 3705 sancta
1957 3655 2142 3708 obser-

563 3721 744 3790 vantia
781 3722 1223 3790 perseveraverit.
1270 3720 1424 3787 Quod
1468 3722 1630 3774 etiam
1676 3723 1903 3775 habetur
1930 3721 2142 3779 Codicis

566 3789 686 3872 lege
712 3789 872 3872 aliide
903 3791 1081 3872 Episc.
1111 3801 1168 3872 et
1192 3790 1434 3872 Clericis,
1460 3801 1565 3872 etc.
1601 3791 1702 3846 Ubi
1741 3792 1918 3872 agitur
1945 3794 2010 3846 de
2035 3794 2138 3872 ele-

567 3860 748 3914 ctione
781 3860 1026 3930 abbatis:
1059 3879 1078 3911 ‹
1115 3861 1219 3914 Sed
1249 3876 1407 3929 quem
1456 3862 1644 3929 utique
1684 3871 1738 3914 et
1785 3863 1892 3915 vita
1938 3864 2138 3930 optima

568 3938 624 3984 et
649 3944 828 4004 mores
852 3928 1062 4004 honesti
1085 3928 1491 4004 commendant;
1517 3928 1603 4004 tu
1623 3933 1652 3988 ἡ
1679 3933 1800 4004 περὶ
1817 3935 1904 4004 τὸν
1925 3928 2143 3991 sexum

573 4003 809 4053 συντονία
840 4013 855 4049 :
890 4000 942 4051 id
967 4008 1071 4062 est,
1095 4001 1235 4054 circa
1259 4001 1701 4061 exercitationem,
1733 4000 1822 4052 seu
1853 4002 2009 4054 vitam
2034 4019 2146 4056 mo-

571 4069 841 4138 nachicam
879 4070 1194 4130 constantia,
1236 4077 1290 4123 et
1323 4084 1606 4124 commune
1657 4068 1988 4138 reliquorum
2031 4087 2143 4126 mo-

571 4137 864 4209 nachorum
885 4138 1356 4205 complementum,
1376 4149 1468 4194 aut
1487 4141 1722 4194 maxima
1741 4137 1870 4209 pars
1891 4138 2143 4196 idoneum

571 4205 638 4260 ad
655 4208 771 4277 hoc
795 4209 1082 4277 putaverit.
1117 4229 1135 4260 ι
1741 4205 1759 4209 ’
1949 4225 1952 4228 ’

639 4275 668 4316 ά
705 4275 1038 4349 Ιιιιξεηιιιιειη
1068 4296 1160 4333 seu
1188 4288 1500 4349 senectutem
1526 4281 1768 4349 tetigerit.
1815 4281 1893 4336 Ita
1919 4282 1971 4335 in
1999 4280 2141 4336 Con-

569 4349 750 4403 cordia
774 4348 1177 4404 Vindocinensi.
1200 4348 1258 4403 In
1291 4349 1492 4422 Regula
1514 4348 1711 4422 excusa
1744 4352 1937 4422 legitur
1953 4352 2144 4421 juven-

570 4428 676 4471 tute
723 4435 820 4472 sua
863 4430 1173 4490 senectutem
1237 4421 1479 4490 tetigerit.
1533 4421 1638 4476 Sed
1689 4421 1813 4477 haec
1853 4431 2073 4476 manant
2112 4439 2144 4477 a

569 4497 900 4562 correctore,
927 4491 1020 4557 qui
1075 4490 1395 4562 locumﬁuon
1439 4492 1763 4562 intelligens,
1803 4493 1930 4546 dum
1973 4493 2142 4546 corri-

2244 3299 2578 3353 institutione
2603 3309 2802 3352 sanare
2825 3300 2949 3352 vita:
2977 3299 3219 3352 duratus.

2318 3379 2341 3407 ο
2382 3367 2509 3421 Tam
2531 3385 2624 3437 pro
2649 3379 2817 3422 a’tate.
2845 3368 3010 3422 Recte
3035 3386 3048 3421 :
3074 3369 3198 3436 quia
3222 3368 3612 3423 adolescentior
3639 3369 3834 3437 senio-

2243 3438 2392 3492 ribus
2420 3436 2563 3492 esset
2583 3438 2878 3511 despectui.
2906 3437 2966 3493 in
2991 3437 3194 3511 Regula
3213 3453 3404 3495 excusa
3428 3437 3623 3507 legitur
3647 3455 3662 3490 :
3689 3436 3833 3494 Non

2243 3519 2348 3563 tam
2371 3524 2464 3578 pro
2495 3517 2682 3573 (etate;
2716 3508 2873 3562 male.
2920 3577 2947 3578 η
2987 3534 3012 3546 -~
3081 3508 3092 3511 ⁷
3446 3575 3475 3578 _
3807 3563 3812 3566 .

2321 3577 2340 3616 ί
2372 3575 2564 3648 Neque
2608 3579 2864 3647 imperare
2890 3577 2969 3631 illi
3003 3578 3272 3648 cuiquam,
3313 3587 3418 3632 etc.
3446 3575 3616 3648 Recte
3644 3584 3701 3629 et
3731 3593 3835 3648 ap—

2243 3649 2416 3718 posite
2442 3665 2454 3699 :
2479 3646 2610 3715 quia
2645 3646 2798 3718 quod
2855 3646 3130 3716 nunquam
3165 3647 3286 3713 quis
3321 3646 3541 3718 sustulit
3587 3646 3828 3714 pondus,

2243 3717 2404 3787 quam
2433 3732 2595 3788 grave
2624 3717 2752 3770 illud
2782 3718 2872 3780 sit,
2906 3718 3135 3787 ignorat.
3169 3717 3578 3788 Pharisaeorum
3599 3727 3687 3788 est
3729 3717 3834 3788 im-

2279 3785 2456 3858 onere'
2468 3802 2631 3858 onera
2677 3789 2881 3858 gravia,
2911 3785 2968 3841 et
3014 3787 3154 3842 nolle
3179 3801 3243 3840 ea
3271 3787 3495 3840 minimo
3514 3785 3703 3858 digito
3731 3787 3834 3842 tol-

2279 3805 2443 3842 onere
2469 3805 2631 3841 onera
2677 3805 2881 3858 grana,
2911 3805 2968 3841 et
3014 3805 3154 3842 noue
3179 3805 3243 3840 ea
3271 3805 3495 3840 minimo
3531 3805 3703 3856 arguo
3731 3805 3834 3842 wi-

2242 3805 2373 3913 Bere.
2419 3857 2576 3911 Aliud
2622 3867 2704 3910 est
2738 3856 2882 3911 ferre
2913 3859 3121 3926 pondus
3162 3865 3216 3912 et
3244 3865 3410 3911 aastus
3447 3856 3750 3924 religionis,
3777 3866 3837 3912 et

2243 3928 2441 3982 molam
2491 3942 2712 3981 versare
2761 3929 3146 3992 monasticam;
3195 3927 3339 3981 aliud
3393 3942 3506 3980 suae
3559 3927 3832 3982 voluntati

2244 3998 2590 4066 obsequelam
2651 3997 2827 4052 facere
2886 3999 3106 4064 suisque
3159 3995 3439 4050 aﬂ‘ectibus
3507 3996 3828 4051 lenocinari.

2242 4067 2387 4122 Idem
2416 4067 2577 4136 plane
2623 4067 2780 4122 docet
2825 4079 3042 4122 sanctus
3088 4067 3353 4122 Caesarius
3407 4067 3746 4120 Arelatensis
3772 4066 3829 4120 in

2244 4135 2520 4206 epistiad
2549 4135 2876 4192 Oratoriain.
2927 4155 2944 4187 ‹
2981 4137 3137 4192 Prius
3186 4145 3346 4206 cauta
3395 4137 3833 4206 consideratione

2244 4205 2529 4276 perpensa,
2572 4217 2631 4261 ut
2677 4209 2818 4276 quod
2866 4222 2960 4261 ore
3007 4208 3233 4277 promis,
3287 4205 3445 4260 factis
3490 4205 3737 4277 impleas,
3770 4214 3834 4258 ut

2245 4277 2396 4347 quod,
2419 4277 2538 4331 aliis
2585 4278 2883 4345 prmdicas,
2923 4276 3177 4347 operibus
3221 4277 3466 4345 praebeas
3493 4276 3738 4347 {scilicet
3769 4284 3834 4329 ut

2245 4347 2299 4401 in
2330 4346 2432 4416 tuis
2455 4348 2695 4400 humeris
2716 4356 2877 4416 atque
2899 4346 3203 4402 cervicibus
3222 4347 3372 4415 prius
3393 4346 3621 4408 sentias,
3645 4354 3834 4398 utrum

2245 4415 2512 4487 gravibus
2546 4425 2637 4469 aut
2677 4415 2884 4471 levibus
2931 4418 3188 4486 oneribus
3234 4416 3367 4487 colla
3393 4430 3669 4487 sororum
3696 4430 3836 4487 onu—

2247 4485 2376 4540 stes.
2419 4507 2436 4537 ι
2484 4485 2636 4551 Quod
2695 4489 2944 4542 servabat
2991 4497 3208 4542 sanctus
3258 4485 3608 4540 Erminoldus
3663 4485 3831 4539 abbas

569 4572 696 4626 gere
719 4559 907 4631 voluit,
941 4554 1199 4631 corrupit.
1238 4561 1364 4616 llaec
1393 4562 1537 4616 enim
1567 4554 1731 4616 verba
1751 4554 1758 4558 ⁷
1778 4564 1983 4616 nullum
2019 4578 2142 4616 sen-
2165 4557 2218 4618 D
2243 4554 2684 4631 lirufeningeqsis
2719 4565 3045 4631 et__martyr,
3088 4566 3149 4631 ut
3175 4557 3408 4631 habetur
3453 4555 3508 4608 in
3559 4554 3681 4623 ejus
3710 4555 3834 4631 Vita

569 4641 688 4680 sum
739 4626 1229 4699 elﬁciuntaltaque
1280 4641 1590 4686 constanter
1645 4633 1925 4687 retinenda
1981 4632 2140 4687 lectio

570 4698 1157 4771 nostrorumcodicuni
1191 4717 1319 4771 mss.
1368 4703 1478 4755 Nec
1509 4702 1746 4771 ineptum
1775 4711 1858 4756 est
1904 4701 2139 4768 aliquem

571 4765 778 4820 institui
820 4765 1068 4839 abbatem
1114 4769 1168 4822 in
1207 4770 1509 4837 juventute,
1543 4765 1884 4837 si'juveutus
1927 4765 2140 4839 proprie

571 4847 814 4910 sumatur
839 4854 853 4910 _:
878 4851 998 4904 qua:
1017 4836 1168 4910 juxta
1197 4836 1444 4895 eumdem
1484 4836 1746 4894 Isidor-um
1774 4841 1865 4893 lib.
1897 4836 1942 4894 ii
1963 4836 2137 4910 Ofig.,

569 4921 688 4980 cap.
721 4906 870 4980 εχει)
901 4922 1042 4980 anno
1083 4909 1341 4980 vigesimo
1387 4918 1612 4975 octavo,
1642 4925 1748 4980 quo
1779 4911 1975 4965 desiuit
2013 4906 2142 4966 adoé

570 4977 1195 5052 lescentia,_prqduc_itur
1217 4980 1485 5052 usquead
1531 4977 1728 5052 annum
1764 4981 2141 5052 quinquagesi-

571 5063 717 5121 mum
742 5067 754 5101 :
783 5067 802 5098 ι
831 5047 1032 5114 Tertia,
1079 5049 1274 5119 inquit,
1303 5047 1662 5106 adolescentia
1706 5047 1797 5105 ad—
1819 5047 2141 5121 gignendum

572 5117 771 5180 adulta,
799 5134 918 5201 qua:
945 5117 1237 5201 porrigitur
1266 5136 1437 5201 usque
1456 5121 1524 5201 ad
1550 5117 2142 5201 vigesiinuinioctavum
2207 5159 2210 5162 .

573 5203 791 5242 annum.
844 5189 1045 5256 Quarta
1090 5190 1347 5259 juventus
1391 5189 1696 5245 ﬁrmissima
1731 5191 1970 5244 omnium
2016 5199 2143 5245 aeta-

573 5266 684 5331 tum
713 5260 903 5331 [iniens
925 5260 992 5331 in
1008 5261 1456 5331 quinquagesimo
1477 5275 1638 5314 anno.
1670 5281 1688 5312 ι
1711 5261 1806 5331 γει
1823 5260 1980 5328 juxta
2003 5259 2142 5314 Cen-

574 5328 810 5382 sorinum
859 5328 1041 5384 libello
1062 5331 1128 5384 de
1159 5328 1349 5385 Natali
1375 5333 1492 5392 die,
1526 5345 1645 5399 cap.
1679 5329 1765 5394 14,
1791 5345 1822 5383 a
1859 5331 2141 5400 trigesimo

575 5413 718 5472 anno
744 5414 911 5472 usque
930 5401 996 5472 ad
1023 5401 1498 5472 quadragesimum
1524 5401 1789 5472 quintum.
1820 5419 1836 5449 ‹
1867 5400 2134 5472 Secundo,

574 5470 767 5539 inquit,
799 5469 866 5523 ad
903 5469 1460 5525 tricesimum'anuum
1503 5470 1872 5525 adolescentes
1913 5472 1981 5525 ab
2012 5470 2142 5523 ado-
2193 5519 2198 5524 .

572 5539 824 5595 lescendo
867 5539 946 5594 sic
988 5541 1318 5606 nominatos;
1350 5541 1404 5595 in
1441 5540 1601 5594 tertio
1637 5541 1825 5609 gradu,
1851 5541 1942 5609 qui
1985 5546 2145 5594 erant
2189 5589 2194 5594 .

575 5623 745 5683 usque
785 5609 1022 5683 quinque
1051 5621 1104 5664 et
1134 5613 1487 5683 quadraginta
1517 5625 1688 5664 annos
1705 5609 1932 5683 juvenes
1963 5609 2142 5680 appel-

575 5677 727 5752 latOs,
762 5677 826 5734 eo
858 5677 1010 5752 quod
1051 5677 1434 5752 rempublicam
1463 5681 1518 5736 in
1555 5696 1615 5735 re
1661 5679 1879 5734 militari
1923 5677 2142 5752 possent

570 5749 778 5821 juvare.
811 5769 831 5802 ι
857 5749 926 5805 Ει
943 5759 1088 5806 certe
1113 5749 1380 5812 intraboc
1399 5766 1664 5814 annorum
1690 5749 2144 5821 spatium‘poterit

2245 4625 2413 4696 libri,
2443 4641 2562 4695 cap.
2595 4627 2666 4680 ὃς
2698 4645 2717 4676 ι
2748 4627 2846 4680 Hic
2870 4625 3053 4696 itaque
3082 4627 3252 4680 fidelis
3285 4641 3476 4680 servus
3502 4635 3560 4696 et
3574 4625 3830 4696 prudens

2211 4695 2502 4763 subjectis
2559 4704 2738 4766 tamen
2792 4713 2899 4766 non
2955 4695 3065 4750 tam
3114 4710 3357 4766 praeesse
3404 4695 3638 4759 studuit,
3670 4708 3834 4766 quani

2245 4767 2522 4834 prodesse,
2552 4765 2688 4818 nihil
2735 4765 2962 4820 subditis
2997 4763 3300 4820 faciendum
3349 4765 3661 4834 injungeus,
3689 4763 3838 4834 quod

2211 4899 2214 4902 ,
2246 4839 2361 4906 ipse
2390 4835 2618 4906 exempli
2649 4851 2813 4890 causa
2843 4852 2950 4906 non
2989 4837 3240 4904 primitus
3267 4836 3607 4906 pertulisset.
3643 4853 3663 4886 ι

2322 4909 2346 4946 ⁸
2385 4904 2744 4976 Compatiendi
2787 4905 3228 4960 misericordiam.
3275 4905 3331 4958 ιιι
3373 4904 3603 4976 Regula,
3629 4919 3839 4976 excusa

2207 4971 2444 5046 :legitur
2481 4971 2755 5045 :‘compati
2806 4976 3202 5046 misericordia;
3254 4971 3610 5046 recte.r‘Legi
3667 4974 3841 5030 etiam

2245 5043 2423 5116 potest
2449 5065 2460 5098 :
2485 5043 2708 5114 compati
2724 5063 2742 5109 ;
2769 5045 3182 5098 misericordiam
3216 5043 3440 5114 apostoli
3461 5059 3709 5114 sequens.

2316 5117 2344 5156 ιι
2386 5114 2582 5168 Foveat
2608 5114 2777 5170 nullos
2802 5131 2946 5167 suos.
2991 5114 3068 5168 Ita
3104 5115 3158 5167 in
3195 5113 3373 5170 regula
3419 5127 3648 5170 excusa.
3673 5111 3844 5166 aliter

2317 5129 2344 5156 ιι
2386 5129 2582 5168 r'oveat
2608 5129 2777 5170 anuos
2802 5131 2946 5167 suos.
2991 5129 3068 5168 Ita
3104 5130 3158 5167 In
3195 5129 3373 5180 reguta
3419 5129 3648 5176 excusa,
3673 5129 3842 5166 auter

2247 5194 2428 5238 tamen
2456 5185 2509 5238 in
2533 5171 2745 5254 vulgata
2775 5185 3024 5238 versione
3048 5202 3060 5236 :
3085 5181 3285 5238 Foveat
3325 5182 3462 5250 ﬁlios
3488 5199 3650 5254 suos;
3676 5192 3737 5254 ut
3778 5179 3842 5232 in

2246 5263 2395 5309 textu
2443 5251 2868 5326 CrmcoEBalnp
2922 5257 2989 5308 τὰ
3038 5255 3216 5326 ἓᾳυτᾳῦ
3269 5251 3839 5326 τὶνγαηιιιοιίιάθω

2243 5333 2420 5380 sonat.
2443 5323 2628 5392 itaque
2647 5325 2787 5392 apud
2807 5323 3054 5378 sanctum
3077 5324 3343 5378 lsidorum
3364 5323 3650 5392 legendum
3677 5329 3843 5391 puto;

2247 5393 2446 5450 Foveat
2479 5392 2723 5463 parvulos
2752 5411 2898 5463 suos.

2322 5467 2336 5504 ί
2393 5464 2454 5519 Si
2479 5461 2618 5527 licet,
2659 5473 2764 5519 etc.
2796 5462 2925 5519 Haec
2976 5465 3247 5519 habentur
3277 5461 3418 5532 apud
3444 5469 3703 5532 sanctum,
3731 5461 3848 5514 Ba-

2244 5534 2446 5599 silium,
2480 5535 2907 5605 interrogatione
2965 5535 3138 5603 prima
3190 5531 3522 5605 Regularum
3556 5531 3848 5596 brevium,

2243 5613 2298 5660 et
2323 5606 2467 5675 apud
2498 5603 2748 5658 Ruﬁnum
2777 5605 3152 5675 interpretem,
3183 5603 3301 5674 cap.
3338 5603 3422 5675 υτ

2317 5673 2330 5724 i
2363 5672 2800 5745 Seripturarugm.
2828 5673 2886 5728 In
2916 5672 3066 5728 textu
3092 5672 3282 5730 Graeco
3321 5672 3560 5745 additur,
3591 5673 3858 5745 Orongin}—

2193 5745 2198 5750 ’
2243 5767 2398 5811 aruit,
2435 5739 2627 5808 id'est,
2659 5758 2690 5797 a
2713 5743 2823 5799 Deo
2849 5745 3280 5814 inspiratarum;
3323 5741 3468 5814 qugd
3499 5739 3856 5814 vocabulum

575 5819 844 5888 animiam
885 5823 1094 5878 muneri
1132 5821 1384 5880 abbatiali
1429 5823 1654 5880 idoneus
1696 5819 1958 5888 inveniri;
1982 5819 2140 5878 modo
2195 5874 2204 5880 .

2243 5818 2332 5874 hic
2358 5815 2716 5881 desideratur,
2749 5811 3208 5888 quemadmodum
3233 5811 3377 5884 apud
3402 5811 3684 5866 Ruﬁnum.
