3952 6314
181 338 274 395 769

1111 334 1497 392 CONCORDIA
1535 333 1985 392 REGULARUM.
2022 365 2092 376 --
2125 335 2276 391 CAP.
2315 336 2378 388 γ.

3284 341 3398 396 770'

179 460 374 515 cantur;
402 454 469 506 de
493 451 575 505 nis
599 449 836 519 quidem,
859 464 978 520 quae
1001 449 1200 519 scripta
1227 459 1369 515 sunt,
1395 448 1539 503 nulla
1562 464 1717 518 pror-
1743 455 1795 515 Α
1819 451 1915 505 sed
1963 467 2082 520 qtae
2111 451 2381 505 aediﬁcant
2428 449 2724 519 proximos,
2754 465 2914 522 agere
2951 451 3209 508 debemus
3233 471 3248 519 ;
3277 471 3390 512 non

179 563 260 602 sus
292 545 500 601 licentia
523 544 855 614 permittitur
881 543 1132 611 cuiquam
1157 542 1241 596 vel
1271 541 1553 595 admittere
1578 541 1721 610 quod

177 637 483 709 prohibitum
519 644 631 701 est,
661 635 745 689 vel
778 634 1029 690 omittere
1055 633 1197 702 quod
1230 643 1554 702 praeceptum
1599 640 1714 686 est:

179 745 285 785 cum
311 729 420 797 ipse
451 727 711 782 Dominus
740 727 812 780 ita
841 725 1156 794 praeceperit
1178 724 1361 777 dicens
1388 736 1402 774 :
1428 721 1494 774 Et
1519 720 1720 774 custodi

175 823 364 876 verbum
387 822 502 885 hoc,
537 820 673 891 quod
700 835 790 891 ego
820 818 912 871 tibi
937 815 1128 871 mando
1152 813 1304 868 hodie
1329 829 1346 867 :
1370 829 1474 866 non
1502 812 1719 882 adjicies

175 914 236 967 ad
263 911 418 976 illud,
445 927 607 980 neque
651 907 855 978 auferes
903 906 966 959 ab
1011 922 1070 960 eo
1100 903 1299 976 (Exod.
1339 918 1527 965 xxxiv;
1561 901 1714 954 Deut.

173 1003 281 1073 xu).
329 1001 434 1056 Sed
477 1009 531 1054 et
579 998 834 1054 terribilis
882 996 1021 1050 inest
1059 993 1388 1064 exspectatio
1428 989 1634 1058 judicii,
1665 999 1720 1045 et

173 1094 298 1164 ignis
321 1092 484 1156 zclus,
507 1092 598 1161 qui
623 1096 1034 1158 consumpturus
1063 1096 1147 1140 est
1169 1083 1510 1139 adversarios
1547 1091 1600 1135 et
1625 1095 1719 1136 eos

172 1186 252 1255 qui
279 1186 388 1239 ausi
415 1193 538 1239 sunt
581 1183 685 1237 tale
709 1180 908 1249 aliquid
933 1177 1162 1248 operari.
1212 1176 1286 1228 De
1321 1175 1406 1229 his
1439 1188 1569 1227 vero
1598 1187 1717 1242 qua:

172 1277 351 1346 scripta
380 1275 612 1339 reticuit,
641 1272 880 1342 regulam
924 1269 1078 1324 nobis
1105 1265 1284 1337 posuit
1322 1263 1610 1334 Apostolus
1635 1263 1716 1316 di-

171 1381 318 1421 cens:
345 1364 533 1419 Omnia
555 1363 729 1426 licent,
757 1361 844 1416 sed
880 1378 982 1416 non
1012 1361 1188 1414 omnia
1216 1359 1516 1429 expediunt.
1546 1357 1716 1411 Nemo

167 1456 300 1525 quod.
317 1472 464 1509 suum
490 1463 564 1508 est
587 1461 785 1524 qutcrat
809 1493 823 1516 ,
853 1451 941 1505 sed
971 1450 1109 1522 quod
1131 1448 1346 1502 alterius
1385 1447 1437 1519 (I
1468 1445 1592 1500 Cor.
1637 1463 1713 1512 vt,

167 1548 237 1618 x).
271 1561 293 1588 α
321 1547 502 1617 Itaque
548 1545 851 1601 omnimodo
880 1559 987 1598 non
1034 1557 1154 1613 quae
1191 1541 1346 1596 nobis
1392 1541 1538 1595 licita
1570 1548 1714 1605 sunt,

232 1689 253 1715 α
291 1676 472 1748 Itaque
495 1676 807 1748 omnimode,
837 1684 948 1748 _etc.
983 1673 1059 1728 Ita
1095 1672 1253 1748 apud
1275 1671 1547 1748 Bullinum.
1604 1671 1716 1748 Ali:

169 1754 245 1800 ter
279 1748 327 1802 in
381 1740 526 1802 textu
573 1747 762 1802 Graeco
791 1763 803 1798 :
835 1744 995 1800 Ὥστε
1017 1740 1170 1799 ﬂuvii
1205 1745 1335 1816 λόγῳ
1381 1747 1656 1816 ἔπὰνᾳγκις
1681 1740 1714 1802 ἦ

163 1826 230 1887 τῷ
279 1827 380 1888 Θεῷ
427 1820 816 1874 ὑποτάσσεσθαι
870 1817 984 1872 κατ’
1034 1816 1231 1874 ἐντολήν
1270 1814 1448 1877 ὰύτοῦ,
1503 1814 1557 1868 id
1607 1821 1709 1878 est,

1823 541 1978 594 nobis
2006 541 2244 610 placere,
2271 541 2364 596 sed
2397 543 2656 609 proximis
2679 543 2745 597 ad
2773 543 3204 599 aediﬁcationem.
3243 545 3391 602 Scri-

1820 638 1969 700 ptum
2016 638 2100 684 est
2144 631 2289 685 enim
2317 648 2328 683 :
2357 628 2588 700 Subjecti
2628 631 2838 685 invicem
2870 633 2927 686 in
2969 634 3152 686 timore
3194 633 3390 688 Christi

1822 721 1982 792 (Eph.
2014 725 2091 791 v).
2130 721 2236 777 Sed
2266 738 2452 776 rursus
2480 722 2738 778 Dominus
2764 723 2838 776 ait
2863 741 2876 776 :
2903 723 3007 789 Qui
3026 723 3134 777 vult
3164 725 3217 777 in
3247 725 3389 779 vobis

1819 815 1992 884 major
2016 831 2145 876 esse,
2163 815 2258 883 ﬁat
2282 815 2512 869 omnium
2535 815 2842 871 novissimus
2869 827 2916 871 et
2943 818 3174 870 omnium
3213 834 3387 872 servus

1822 904 2035 976 (Matth.
2059 905 2136 976 ι).
2163 905 2314 971 Quod
2340 906 2525 976 utique
2552 907 2642 975 qui
2674 907 2895 976 implere
2923 908 3052 970 vult,
3083 908 3198 962 sine
3226 908 3389 963 dubio

1819 996 2065 1066 proprias
2095 1005 2336 1064 amputat
2368 997 2669 1066 voluptates
2704 998 2994 1052 secundum
3031 998 3388 1053 imitationem

1820 1086 1990 1155 ipsius
2036 1087 2244 1140 Domini
2288 1086 2832 1142 dicentiszDescendi
2875 1087 2939 1140 de
2981 1087 3144 1153 caelo,
3193 1104 3295 1140 non
3332 1095 3388 1140 ut

1820 1177 2015 1246 faciam
2053 1176 2363 1231 uoluntatem
2408 1195 2577 1233 meam
2603 1220 2618 1244 ,
2655 1179 2744 1234 sed
2785 1178 3100 1233 uoluntatem
3144 1181 3256 1250 ejus
3298 1181 3389 1250 qui

1818 1268 1959 1320 misit
1995 1283 2105 1331 me,
2154 1266 2334 1322 Patris
2378 1268 2559 1338 (Joan.
2603 1269 2737 1342 xvi).
2784 1270 2853 1324 Et
2898 1271 3094 1324 iterum
3139 1262 3392 1341 prtecepi't

1819 1358 2039 1413 dicens:
2065 1357 2124 1413 Si
2145 1360 2260 1429 quis
2287 1369 2334 1413 te
2356 1361 2703 1429 angariauerit
2725 1360 2866 1414 mille
2891 1377 3099 1430 passus,
3122 1361 3249 1414 vade
3274 1377 3387 1413 cum

1817 1448 1910 1504 illo
1935 1451 2042 1503 alia
2065 1449 2168 1504 duo
2201 1451 2417 1521 (Matth.
2449 1451 2524 1523 ν).

1819 1672 2083 1740 Quocirca
2110 1673 2259 1729 omni
2305 1674 2518 1730 ratione
2546 1689 2768 1731 necesse
2794 1683 2880 1731 est
2909 1675 3023 1731 Deo
3047 1672 3238 1742 subjici
3266 1685 3391 1744 pro.
3431 1653 3434 1664 ’

1820 1755 1940 1813 pter
1981 1745 2297 1798 mandatum
2319 1743 2454 1813 ejus.

186 1929 3376 1958 ww

1520 2029 1852 2110 CAPUT
1925 2032 2021 2108 V.

1267 2177 1515 2247 QUALIS
1553 2171 1774 2230 DEBET
1813 2169 1988 2226 ESSE
2022 2169 2264 2227 ABBAS.

1531 2291 1995 2316 ——.——-—-—

358 2353 386 2424 §
415 2353 455 2408 I.
495 2383 566 2393 ——
600 2353 679 2408 Ex
707 2352 924 2410 Rasum
953 2369 1139 2410 SANCTI
1166 2355 1482 2411 BENEDICTI.

225 2455 249 2483 ιι
276 2442 452 2497 Abbas
481 2444 571 2512 qui
599 2459 828 2513 praeesse
853 2446 1044 2515 dignus
1075 2455 1158 2501 est
1184 2450 1513 2502 monasterio
1531 2489 1544 2512 ,
1571 2464 1715 2510 sem-

153 2549 248 2605 per
271 2535 561 2588 meminere
589 2536 744 2589 debet
768 2536 910 2604 quod
941 2537 1166 2601 dicitur,
1200 2547 1253 2591 et
1278 2554 1472 2593 nomen
1494 2539 1715 2608 majoris

155 2625 306 2680 factis
327 2625 570 2695 implere.
598 2624 796 2680 Christi
823 2627 967 2681 enim
1000 2629 1146 2683 vices
1169 2639 1330 2698 agere
1355 2631 1406 2684 in
1436 2640 1712 2685 monaste-

153 2716 236 2769 rio
262 2716 496 2770 creditur
531 2718 746 2786 quando
797 2718 965 2787 ipsius
995 2729 1222 2774 vocatur
1257 2723 1608 2791 przenomine,
1639 2725 1718 2778 di-

153 2811 303 2857 cente
329 2803 583 2872 Apostolo
613 2823 624 2858 :
659 2805 940 2875 Accepistis
988 2811 1229 2878 spiritum
1253 2812 1547 2882 adop.ianis
1570 2813 1712 2881 filio-

151 2910 287 2958 rum,
309 2895 360 2947 in
383 2912 485 2964 quo
515 2895 820 2961 clamamus,
845 2897 988 2952 Abba
1017 2910 1165 2968 pater
1197 2900 1373 2971 (Rom.
1398 2904 1540 2972 vni).
1564 2904 1715 2958 Ideo-

150 2999 256 3053 que
279 2984 438 3039 abbas
469 2985 496 3024 ιι
524 2987 657 3060 nihil
699 2998 887 3042 contra
919 2999 1249 3060 praeceptum
1299 2994 1532 3057 Domini,
1571 2996 1715 3064 quod

151 3077 310 3141 absit,
341 3077 498 3132 debet
525 3087 619 3132 aut
653 3082 1003 3144 constituere,
1058 3082 1140 3136 vel
1161 3082 1356 3152 jubere
1386 3102 1397 3137 :
1429 3084 1713 3153 sedjussio

1816 2371 1935 2409 rum
1977 2354 2082 2407 erit
2114 2352 2270 2415 liber,
2311 2357 2371 2404 ut
2395 2350 2438 2404 si
2491 2349 2730 2418 inquieto
2765 2350 2848 2405 vel
2885 2350 3211 2408 inobedienti
3237 2354 3388 2425 gregi

1813 2447 2051 2518 pastoris
2081 2445 2244 2499 fuerit
2272 2443 2446 2497 omnis
2491 2443 2769 2513 diligentia
2806 2446 3087 2511 attributa,
3111 2455 3166 2502 et
3195 2449 3388 2502 morbi-

1815 2541 1900 2594 dis
1939 2554 2127 2594 earum
2175 2538 2384 2592 actibus
2431 2537 2683 2590 universa
2736 2535 2896 2592 fuerit
2945 2553 3071 2592 cura
3126 2538 3385 2605 exhibita,

1813 2640 1999 2701 pastor
2029 2645 2214 2684 earum
2243 2629 2297 2682 in
2318 2627 2523 2697 judicio
2552 2629 2762 2682 Domini
2790 2629 3066 2684 absolutus
3097 2630 3240 2684 dicat
3265 2647 3384 2685 cum

1814 2723 2082 2792 Pr0plieta
2116 2721 2342 2776 Domino
2370 2739 2381 2772 :
2425 2719 2697 2774 Justitiam
2731 2730 2876 2774 tuam
2904 2737 3006 2774 non
3049 2721 3300 2775 abscondi
3328 2723 3383 2775 in

1816 2816 1971 2868 corde
1995 2830 2129 2877 meo,
2157 2813 2417 2866 ueritatem
2443 2820 2646 2863 tuamet
2668 2809 3182 2864 salutaretuumdixi
3212 2810 3380 2881 (Psal.

1815 2903 2043 2973 xxxix);
2077 2903 2177 2972 ipsi
2229 2911 2406 2954 autem
2465 2908 2870 2955 contemnentes
2922 2911 3245 2971 spreverunt
3274 2918 3378 2957 me.

1816 2997 1883 3049 Et
1943 3004 2069 3048 tunc
2095 2993 2309 3047 demum
2352 2991 2781 3046 inobedientibus
2833 3008 2975 3047 cura:
3027 3008 3137 3047 sua:
3192 2993 3384 3047 ovibus

1815 3085 1841 3124 ιι
1859 3098 2014 3155 poena
2031 3084 2099 3138 sit
2126 3084 2203 3138 eis
2229 3082 2649 3153 praevalensipsa
2681 3098 2845 3138 mors.
2875 3083 3016 3155 Ergo
3045 3099 3166 3139 cum
3191 3085 3387 3155 aliquis

149 3169 289 3240 ejus,
336 3169 420 3224 vel
481 3171 723 3226 doctrina
757 3184 776 3211 ε
812 3172 1131 3228 fernicntmn
1181 3175 1375 3231 divina:
1400 3176 1623 3245 justitize
1653 3179 1707 3233 in
1736 3178 1779 3240 Ο
1813 3176 2033 3245 suscipit
2071 3190 2263 3229 nomen
2292 3175 2521 3239 abbatis,
2575 3175 2773 3245 duplici
2807 3174 2965 3229 debet
2994 3176 3239 3230 doctrina
3275 3178 3388 3232 suis

148 3261 530 3331 discipulorum
561 3265 830 3319 mentibus
876 3276 1280 3336 conspergatur.
1341 3267 1544 3323 Memor
1573 3285 1714 3322 sem-

142 3368 250 3424 per
275 3353 436 3408 abbas
465 3349 590 3423 quia
621 3354 647 3394 ιι
679 3356 936 3411 doctrinae
967 3374 1078 3411 suae
1103 3367 1158 3412 et
1179 3359 1562 3429 discipulorum
1589 3362 1716 3414 obe-

141 3441 386 3506 dientiaz,
417 3451 768 3512 utrarumque
798 3461 977 3499 rerum
1013 3446 1064 3499 in
1100 3449 1376 3502 tremendo
1392 3447 1596 3516 judicio
1621 3450 1716 3504 Dei

134 3533 400 3587 facienda
446 3536 548 3588 erit
599 3537 885 3591 discussio.
926 3536 1183 3606 Sciatque
1234 3541 1399 3594 abbas
1427 3540 1597 3610 culpa:
1624 3557 1719 3610 pa-

136 3624 319 3678 storis
352 3624 658 3680 incumbere
701 3627 958 3695 quidquid
993 3627 1045 3681 in
1086 3622 1719 3698 ovibus'paterl‘amilias

138 3727 168 3754 ο
199 3715 449 3770 utilitatis
485 3718 660 3772 minus
688 3719 922 3787 potuerit
949 3718 1210 3773 invenire.
1252 3719 1271 3757 ί
1307 3718 1536 3774 Tantum
1567 3725 1591 3762 ε
1621 3722 1720 3776 ite-

223 3837 246 3864 ι
287 3825 479 3898 Abbas,
507 3835 611 3880 etc.
662 3826 830 3894 llnjus
887 3828 1080 3896 capitis
1127 3836 1180 3881 et
1213 3829 1566 3898 przecedentis
1605 3832 1719 3886 lucc

131 3897 352 3972 ruentia
390 3896 448 3949 ﬁt
493 3899 543 3950 in
574 3898 1164 3972 concilioTrosleiano,
1193 3896 1311 3972 cap.
1343 3901 1377 3954 5
1413 3919 1433 3972 :7
1465 3919 1482 3949 ‹
1518 3901 1574 3954 In
1605 3903 1720 3972 ipso

132 3968 394 4038 ingressu
425 3977 625 4021 sanctae
654 3967 867 4038 Regula:
899 3969 1093 4037 legitur
1134 3969 1200 4022 de
1228 3967 1474 4038 eligendo
1503 3967 1716 4037 abbate,

129 4045 195 4090 ct
230 4036 558 4109 qualisesse
584 4036 789 4109 debeat.
831 4058 848 4089 ›
879 4036 1091 4107 Εχηυο
1121 4048 1268 4107 patet
1298 4036 1460 4109 caput
1488 4043 1552 4096 de
1572 4036 1720 4096 erui?

129 4107 345 4230 gaudii.
380 4107 573 4187 abbate
625 4107 752 4161 olim
807 4109 1042 4176 primum
1099 4109 1265 4164 fuisse
1292 4107 1510 4180 Regula:
1547 4113 1719 4168 sancti

184 4187 447 4230 eneuctt.

184 4187 447 4230 επιειιιοῑι.

217 4247 246 4284 ιι
291 4244 439 4299 Nihil
465 4257 647 4301 contra
670 4256 982 4317 pra'ceptum
1011 4247 1244 4312 Domini,
1275 4257 1378 4305 etc.
1408 4249 1466 4304 In
1499 4249 1722 4308 Canone

127 4317 323 4388 sancti
354 4317 623 4372 Theodori
665 4319 959 4387 Anglorum
1014 4320 1262 4388 apostoli,
1293 4321 1356 4373 de
1384 4321 1722 4375 ordinatione

127 4387 478 4441 abbatissae:
545 4406 562 4438 ‹
595 4388 870 4454 Quatenus
918 4399 1008 4442 tua
1050 4387 1228 4457 gratia
1270 4401 1539 4458 praeventa
1588 4393 1722 4445 nihil

125 4466 337 4512 contra
370 4467 520 4512 tuum
561 4467 886 4527 prazceptum
940 4458 1120 4523 faciat,
1157 4462 1366 4525 doceat,
1405 4462 1740 4527 constituat,‘

127 4527 230 4581 vel
258 4527 467 4594 jubeat.
512 4548 528 4579 ι

218 4609 241 4634 ε
289 4597 627 4652 Fermentum

122 4668 571 4740 Pharisaeorum,
627 4668 769 4740 quod
811 4671 957 4726 inﬂet
987 4672 1051 4724 ad
1105 4671 1417 4732 vanitatem,
1483 4673 1577 4726 sed
1608 4671 1718 4725 l'er-

121 4749 392 4794 mentum
439 4739 681 4804 Christi,
733 4743 874 4809 quod
918 4741 1141 4810 pusillos
1175 4742 1559 4810 discipulorum
1605 4743 1721 4798 aui-

121 4819 268 4881 rnOs
294 4810 536 4872 extollat,
569 4820 624 4864 et
669 4813 869 4866 excitet
915 4813 981 4865 ad
1008 4811 1230 4881 grandia
1259 4814 1531 4879 operanda
1558 4823 1721 4881 atque

120 4880 211 4934 fet
229 4881 374 4949 enda
396 4889 612 4949 propter
641 4881 828 4935 Deum.

207 4948 240 4987 ἀ
292 4948 577 5003 Οοείιι-ἱηαν.
613 4951 669 5004 Si
719 4960 842 5019 apta
879 4949 1040 5004 fuerit
1085 4952 1149 5004 ad
1178 4951 1461 5005 lucrandas
1511 4953 1719 5006 animas

118 5035 447 5090 earumque
497 5021 762 5075 fervorem
827 5020 1128 5090 augendum
1164 5030 1216 5074 et
1269 5021 1716 5075 conservandum.

121 5091 262 5145 Non
301 5089 498 5145 sullicit
532 5091 674 5144 enim
707 5089 917 5160 pastori
949 5090 1113 5143 multa
1143 5100 1196 5143 tl
1222 5091 1478 5158 praeclara
1505 5094 1716 5156 docere,

117 5161 236 5214 sed
274 5162 416 5230 l:_ene
443 5173 497 5214 et
522 5163 761 5230 apposite
787 5163 852 5215 ad
879 5161 1178 5214 animarum
1210 5161 1458 5215 salutem.

212 5242 242 5268 ο
286 5228 544 5283 Utilitatis
572 5228 742 5286 minus
768 5230 1036 5285 invenerit.
1069 5229 1224 5284 Nota.
1279 5230 1390 5283 Non
1423 5239 1629 5284 tantum
1654 5232 1722 5285 de

114 5301 331 5369 gregis
359 5303 699 5364 detrimento,
727 5302 822 5356 sed
860 5302 1020 5355 etiam
1049 5301 1113 5354 de
1141 5301 1332 5353 minori
1364 5301 1504 5355 illius
1542 5299 1722 5370 profe—

113 5380 228 5424 ctu
267 5370 441 5424 abbas
473 5374 731 5426 rationein
780 5371 1084 5426 redditurus
1119 5380 1220 5433 est,
1281 5386 1452 5439 coque
1505 5371 1722 5426 nomine

111 5441 493 5510 plectendus,
523 5458 628 5496 non
651 5458 805 5496 secus
836 5459 898 5494 ac
927 5441 1106 5508 opilio,
1139 5441 1222 5493 cui
1243 5440 1387 5508 jnste
1414 5442 1722 5510 paterfami-

677 4601 899 4669 justitiaa
953 4602 1162 4655 divina’.
1229 4600 1345 4654 Non
1397 4600 1719 4656 fermentum

112 5513 246 5564 lias
288 5513 549 5565 irascitur
583 5528 686 5565 non
716 5521 918 5566 tantum
950 5513 993 5565 si
1027 5511 1204 5566 videat
1245 5527 1374 5565 oves
1408 5527 1532 5565 suas
1557 5511 1724 5565 inter—
1779 5556 1783 5559 .

112 5581 300 5645 iisse,
349 5582 430 5636 vel
480 5581 669 5636 saltem
707 5583 1000 5644 morbidas,
1033 5583 1124 5635 sed
1165 5583 1325 5635 ctiam
1353 5583 1396 5635 si
1429 5597 1638 5634 macras
1670 5590 1726 5635 et

115 5652 525 5775 ex|fle;'.antum
557 5723 739 5777 iterum
793 5723 920 5776 liber
971 5725 1088 5785 erit,
1141 5723 1294 5785 utsi,
1349 5731 1450 5777 etc.
1483 5723 1558 5776 lta
1586 5723 1725 5792 apud

117 5792 522 5856 liutliarduin,
554 5793 629 5847 ita
656 5795 708 5848 in
761 5795 878 5848 cod.
916 5809 1043 5848 mss.
1076 5793 1231 5847 Vind.
1273 5793 1330 5845 S.
1391 5791 1635 5857 Faronis,
1665 5791 1723 5847 S.

1815 3280 2046 3334 prmesse
2073 3265 2388 3334 discipulis;
2420 3266 2473 3318 id
2511 3273 2616 3329 cst,
2649 3266 2829 3319 omnia
2856 3267 2992 3320 bona
3023 3273 3076 3320 et
3100 3276 3286 3321 sancta
3316 3267 3390 3321 fa-

1816 3358 1918 3411 ctis
1955 3356 2207 3425 amplius,
2256 3372 2418 3424 quam
2468 3357 2648 3410 verbis
2677 3359 2943 3411 ostendat.
2987 3358 3056 3411 Ut
3103 3358 3389 3425 capacibus

1817 3447 2092 3515 discipulis
2135 3447 2390 3499 mandata
2423 3447 2635 3499 Domini
2666 3447 2847 3500 verbis
2899 3455 3206 3516 proponat;
3241 3447 3389 3502 (luris

1815 3551 1946 3590 vero
1998 3545 2055 3589 et
2095 3536 2512 3604 simplicioribus
2547 3535 2705 3590 factis
2763 3537 2875 3590 suis
2911 3537 3092 3590 divina
3120 3549 3384 3607 prmeepta

1819 3631 2169 3683 demonstret.
2224 3626 2416 3681 Omnia
2484 3642 2610 3681 vero
2663 3643 2783 3695 qua:
2827 3627 3106 3696 discipulis
3143 3629 3390 3684 docuerit

1818 3737 1937 3776 esse
1964 3719 2254 3784 contraria,
2295 3721 2311 3758 ί
2343 3719 2396 3773 in
2437 3719 2549 3773 suis
2578 3717 2737 3772 factis
2776 3717 2970 3772 indicet
3001 3734 3109 3773 non
3140 3720 3344 3787 agenda
3371 3738 3384 3773 :

1818 3831 2074 3887 Germani
2112 3840 2362 3898 utroque,
2393 3838 2447 3883 et
2494 3829 2549 3884 in
2606 3830 2840 3883 editione
2867 3829 3194 3886 Coloniensi.
3233 3831 3305 3886 At
3333 3834 3386 3887 in

1818 3902 2039 3973 Regula
2056 3918 2155 3954 ms.
2191 3901 2454 3973 Magistri,
2487 3901 2628 3969 apud
2648 3900 3018 3973 ATritbemium
3049 3911 3104 3973 et
3133 3902 3390 3973 _Smarag-

1819 3969 1964 4034 dum,
1998 3969 2343 4042 Tantumdem
2370 3972 2557 4042 iterum
2581 3971 2678 4023 erit
2701 3970 2849 4042 liber,
2878 3972 3019 4042 utsi.
3046 3970 3104 4024 ln
3135 3971 3272 4026 Vict.
3303 3969 3384 4042 p2,

1819 4043 2052 4097 tandem.
2086 4041 2140 4094 In
2180 4042 2408 4110 vulgatis
2462 4041 2613 4094 deest
2664 4039 2926 4109 particula
2956 4050 3049 4104 ut;
3093 4050 3147 4096 et
3176 4039 3388 4100 ante—iri:

1817 4123 1998 4183 pastor
2030 4113 2270 4181 pingitur
2316 4118 2592 4183 punctum,
2626 4111 2801 4183 _ita_ut
2849 4110 3026 4183 nullus
3050 4127 3115 4166 ex
3151 4120 3257 4166 tota
3288 4114 3387 4168 hac

1819 4179 2041 4304 periodo
2097 4179 2287 4236 sensus
2321 4179 2460 4235 felici
2497 4181 2680 4248 possit.
2711 4179 2768 4234 In
2799 4182 3035 4262 editione
3069 4183 3284 4264 (Σουηῳὶ
3315 4186 3385 4262 ita

1839 4260 2053 4304 editur:
2097 4269 2114 4301 ‹
2152 4251 2545 4304 Tantummodo
2592 4253 2730 4304 apud
2782 4251 2946 4304 Deum
3003 4251 3139 4304 liber
3185 4261 3307 4304 erit.
3343 4270 3385 4304 Sl

1839 4253 2053 4321 egitur:
2097 4269 2114 4301 ‹
2152 4251 2545 4305 Tantummodo
2592 4253 2752 4321 apud,
2782 4251 2946 4304 Deum
3003 4251 3139 4306 liber
3185 4254 3307 4316 erit,
3343 4253 3385 4305 si

1822 4319 2127 4391 (postquam
2179 4321 2421 4389 inquieto
2455 4331 2508 4375 et
2545 4319 2870 4391 inobedienti
2915 4321 3387 4391 gregipastoralis

1820 4390 1997 4444 Omnis
2023 4391 2297 4459 diligentia
2331 4391 2492 4444 fuerit
2521 4390 2800 4451 attributa,
2833 4399 2889 4443 et
2912 4390 3171 4459 morbidis
3198 4404 3384 4459 earnm

1824 4462 2034 4514 actibus
2084 4457 2336 4513 universa
2369 4476 2499 4514 cura
2555 4459 2819 4528 exhibita)
2851 4467 3034 4528 pastor
3068 4457 3181 4524 ipse
3208 4458 3260 4510 in
3303 4457 3385 4524 ju-

1744 4527 1800 4588 D
1825 4531 1965 4585 dicio
1990 4529 2200 4583 Domini
2231 4529 2508 4584 absolutus
2536 4530 2702 4593 dicat,
2739 4548 2758 4578 ι
2800 4525 2914 4586 ’θὼρ
2946 4525 3136 4580 Clarus
3160 4537 3243 4581 est
3269 4544 3388 4581 sen-

1824 4615 1916 4655 sus
1942 4607 1997 4652 et
2024 4599 2340 4668 plausibilis.
2376 4599 2558 4666 Itaque
2581 4598 2860 4666 legendum
2887 4605 3014 4665 puto
3044 4597 3159 4668 hoc
3181 4601 3340 4651 modo
3373 4605 3396 4648 1

1826 4666 2053 4724 Tantum
2078 4671 2265 4722 iterum
2291 4669 2424 4721 liber
2477 4669 2575 4722 erit
2603 4669 2646 4721 si
2679 4668 2754 4738 (ut
2802 4668 3050 4738 inquieto,
3085 4666 3160 4719 uel
3208 4668 3386 4721 inobe-

1822 4741 1985 4794 dienti
2008 4740 2148 4808 gregi
2171 4740 2395 4807 pastoris
2427 4738 2584 4805 fuerit
2621 4735 2789 4791 omnis
2819 4735 3092 4806 diligentia
3111 4739 3384 4808 attributa,

1821 4820 1871 4863 et
1899 4806 2146 4863 morbidis
2173 4806 2177 4807 ⁷
2203 4824 2384 4862 earum
2427 4808 2627 4862 actibus
2680 4809 2920 4862 universa
2971 4823 3100 4860 cura
3132 4806 3384 4874 exhibita)

1821 4891 2000 4950 pastor
2027 4894 2209 4950 earum
2242 4879 2294 4931 in
2314 4878 2520 4950 judicio
2544 4877 2760 4931 Domini
2785 4875 3052 4950 absolutus
3083 4875 3242 4939 dicat,
3275 4885 3380 4928 etc.

1821 4945 1887 5002 Et
1916 4949 2200 5030 particula.
2228 4957 2283 5000 ut
2301 4945 2415 5030 oboc
2439 4947 2556 5002 loco
2599 4957 2682 5002 est
2715 4964 2832 5000 cum
2869 4945 2954 5000 vel
3003 4953 3297 5015 postquam,
3331 4951 3388 4997 ut

1821 5017 1960 5088 szepe
1990 5019 2129 5087 apud
2157 5017 2411 5072 classicos
2439 5026 2707 5072 auctores.
3195 5083 3207 5093 .
3313 5083 3323 5094 ι

1895 5094 1918 5129 ὅ
1958 5087 2179 5140 Iterum.
2223 5087 2427 5157 Nempe
2458 5089 2511 5142 in
2557 5087 2782 5154 judicio,
2833 5100 2955 5140 cum
2990 5091 3163 5157 _antea
3194 5099 3247 5157 in
3274 5093 3382 5157 vita

1818 5160 1954 5213 liber
1980 5158 2141 5210 fuerit
2162 5153 2436 5213 evaden'do
2459 5157 2778 5228 negligentis
2797 5155 3032 5225 pastoris
3061 5153 3383 5221 supplicium

1819 5239 1924 5284 tem
1933 5242 2246 5296 porancum.

1887 5294 2121 5350 lt’Pa’na
2160 5298 2227 5350 sit
2253 5299 2344 5352 eis.
2376 5298 2474 5353 Est
2495 5298 2709 5367 phrasis
2757 5294 3041 5367 Hebraica,
3097 5307 3384 5367 perquam

1825 5369 2089 5424 redundat
2115 5382 2255 5436 swpe
2292 5363 2588 5439 pronomen
2615 5369 2682 5432 is,
2711 5375 2810 5420 ut:
2856 5365 3007 5433 cujus
3059 5363 3390 5432 purticipatio

1825 5441 1938 5488 eius
1967 5440 2018 5488 in
2048 5437 2293 5488 idinsum.

1825 5457 1938 5509 ejus
1967 5455 2018 5491 tn
2048 5454 2293 5506 tatpsum.

1905 5511 1919 5548 ί
1964 5508 2171 5581 Insuis
2215 5509 2386 5581 factis.
2430 5509 2484 5581 lu
2527 5508 2742 5581 Canone
2804 5502 3070 5581 Theodori
3104 5501 3388 5581 _areliiepi-

1831 5581 1976 5648 scopi
2013 5573 2417 5634 Cantuaricnsis
2452 5580 2668 5648 legitur,
2693 5579 2747 5630 in
2775 5575 3010 5648 aperibus
3034 5574 3160 5627 suis.
3196 5573 3252 5626 ln
3282 5573 3390 5648 epi-

1830 5641 1966 5703 stola
1997 5649 2385 5704 monachorum
2439 5641 2816 5702 Lainbiensiuni
2868 5647 2934 5699 ad
2980 5657 3260 5714 episcopos
3288 5641 3391 5694 Ro-

1834 5720 2084 5775 thardum
2113 5718 2558 5791 Cameracensem
2595 5727 2657 5791 et
2690 5717 2982 5791 Notherum
3019 5715 3392 5791 Leodieiisem,

1835 5792 1886 5843 in
1917 5791 2024 5845 suis
2055 5789 2256 5842 actibus
2287 5790 2606 5858 (Baldricus,
2640 5787 2676 5841 Ι.
2713 5805 2725 5842 l
2758 5787 2974 5852 Chron.,
2999 5803 3113 5856 cap.
3150 5783 3248 5838 105
