3952 6314
165 338 247 401 777
1107 332 1496 403 CONCORDIA
1528 326 1986 398 REGULARUII.
2023 361 2098 383 -ι-
2132 333 2288 392 CAP.
2320 331 2394 394 Ὗ.

3248 332 3356 397 778

162 460 212 517 in
232 456 346 515 escis
367 452 613 513 videlicet
634 458 690 510 et
711 451 947 514 vestitu:
976 451 1076 511 sed
1109 461 1165 510 et
1189 453 1465 525 spiritales
1485 460 1542 509 et
1564 467 1685 509 car-
1707 453 1765 516 Α
1785 447 2116 514 consentias,
2143 455 2199 503 et
2226 445 2458 502 alterum
2485 455 2725 517 premas,
2751 448 2810 500 et
2831 442 3063 501 alterum
3087 447 3363 518 subleves,

161 549 283 607 nales
310 546 450 604 cibos
472 546 676 618 pariter
704 545 952 614 tribuite;
986 553 1042 601 et
1078 545 1284 601 nullam
1309 545 1449 601 detis
1475 543 1559 600 eis
1599 559 1692 600 oc-

159 641 392 698 casionem
432 637 788 710 negligentiae.
815 637 923 692 Aut
951 651 1071 708 quae
1098 645 1183 692 est
1216 636 1321 692 ista
1358 633 1591 705 justitia,
1631 643 1692 690 ut

160 733 320 788 fratres
343 729 637 802 afﬂigamus
669 729 875 793 labore,
901 737 957 785 et
1002 729 1104 801 ipsi
1146 745 1398 785 vacemus
1429 728 1573 784 otio?
1600 734 1693 783 aut

157 823 456 892 imponamus
483 820 564 875 eis
606 817 795 892 jugum
843 821 986 891 quod
1016 820 1118 891 ipsi
1163 819 1305 877 ferre
1354 837 1463 876 non
1498 835 1690 891 possu-

155 911 290 968 mus?
312 910 555 982 Legimus
581 911 726 965 enim
758 912 814 966 in
841 911 1132 984 Evangelio
1157 930 1171 966 :
1202 909 1273 966 In
1313 930 1417 984 qua
1447 929 1694 966 mensura

153 1007 292 1062 mensi
315 1006 535 1075 fueritis,
563 1003 862 1058 remetietur
889 1005 1030 1058 vobis
1060 1003 1276 1075 (Matth.
1302 1003 1424 1075 vn).
1457 1003 1611 1060 Unde
1638 1009 1694 1072 et

152 1095 356 1154 laborem
383 1103 437 1150 et
465 1093 806 1166 refrigerium
830 1109 953 1150 cum
980 1095 1111 1164 ipsis
1138 1093 1434 1150 habeamus
1458 1108 1696 1149 commu-

153 1187 262 1241 nia:
294 1202 385 1242 nec
407 1185 697 1257 discipulos
733 1201 921 1242 servos
949 1195 1220 1258 putemus,
1253 1193 1310 1240 et
1340 1185 1554 1240 illorum
1596 1185 1696 1239 tri-

150 1280 328 1336 bulatio
354 1281 422 1336 sit
459 1290 645 1336 nostra
679 1280 867 1335 laetitia
901 1299 914 1335 :
948 1297 1018 1337 ne
1043 1279 1402 1354 .evangelicus
1441 1296 1543 1336 nos
1568 1296 1694 1336 cum

150 1370 408 1427 Pharisaeis
451 1387 630 1428 sermo
663 1372 962 1442 corripiat:
1016 1369 1109 1428 Vte
1147 1372 1289 1428 vobis
1327 1371 1457 1444 legis
1485 1373 1692 1444 peritis,

148 1461 228 1532 qui
249 1460 405 1531 ligatis
451 1478 609 1517 onera
646 1461 1034 1533 importabilia,
1065 1471 1113 1517 et
1143 1463 1408 1534 imponitis
1437 1479 1500 1518 ea
1539 1478 1696 1533 super

147 1554 362 1608 humeros
400 1553 690 1620 hominum,
721 1564 769 1608 et
797 1554 898 1626 ipsi
932 1571 995 1609 ne
1023 1554 1188 1626 digito
1233 1554 1443 1626 quidem
1489 1553 1697 1608 audetis.

147 1644 373 1715 attingere
400 1643 551 1715 (Luc.
579 1642 683 1713 xi).
718 1642 872 1699 Sicut
900 1644 1066 1715 aliqui
1116 1645 1456 1700 attendentes
1500 1650 1698 1699 semet—

162 1747 296 1803 psos,
324 1742 379 1788 ut
401 1735 643 1790 viventes
656 1734 824 1806 juxta
849 1736 1169 1790 mandatum
1211 1735 1308 1790 Dei
1334 1734 1436 1790 sibi
1471 1733 1700 1804 loquan-

147 1839 225 1878 tur
251 1833 299 1880 et
320 1824 495 1880 dicant
521 1844 534 1880 :
563 1824 704 1892 Quid
733 1825 868 1880 mihi
894 1834 980 1882 cst
1007 1842 1132 1881 cum
1163 1825 1318 1881 aliis?
1343 1841 1444 1899 ego
1469 1841 1602 1882 vero
1636 1833 1699 1881 ut

144 1917 354 1972 serviam
379 1917 487 1974 Deo
514 1925 569 1973 et
613 1917 730 1986 ejus
760 1919 1015 1974 mandata
1055 1919 1279 1991 implere
1321 1919 1550 1990 possim,
1588 1935 1698 1976 non

143 2008 204 2062 ad
229 2009 564 2079 mepertinet
594 2010 724 2079 quid
751 2009 842 2065 alii
869 2010 1106 2066 faciant?
1155 2011 1266 2067 Hos
1296 2011 1550 2068 Ezechiel
1579 2027 1700 2067 cor-

141 2099 260 2170 ripit
283 2101 460 2156 dicens
492 2099 575 2173 (C.
601 2101 790 2173 xxnv)
817 2119 829 2156 :
861 2114 888 2142 ι
914 2100 958 2155 Ο
988 2111 1222 2172 pastores
1245 2101 1436 2168 Israel,
1463 2102 1699 2175 nunquid

137 2201 342 2262 pascunt
361 2194 659 2264 semetipsos
681 2202 917 2264 pastores
933 2194 958 2248 ἒ)
973 2211 1143 2250 nonne
1165 2211 1280 2250 oves
1301 2196 1564 2266 pascunt?
1584 2211 1699 2250 ecce

138 2283 218 2338 lac
255 2285 608 2350 comedebatis,
633 2293 680 2338 et
727 2283 864 2340 lanis
899 2285 1292 2354 operiebamini.
1325 2284 1479 2350 Quod
1507 2285 1700 2355 pingue

134 2385 210 2429 est
243 2375 538 2431 immolastis
569 2385 618 2430 et
651 2376 788 2447 quod
817 2375 1085 2444 inﬁrmum
1110 2392 1215 2430 non
1241 2375 1577 2444 confortastis
1595 2392 1616 2439 ;
1649 2384 1700 2429 et

130 2466 266 2536 quod
289 2467 605 2536 confractum
628 2477 722 2533 est,
747 2484 850 2521 non
871 2465 1096 2538 ligastis,
1122 2467 1150 2506 ι)
1171 2467 1310 2537 quod
1333 2467 1565 2533 errabat,
1593 2483 1699 2521 non

132 2561 434 2626 reduxistis;
459 2561 598 2632 quod
622 2563 871 2632 perierat,
895 2580 998 2617 non
1025 2563 1334 2634 requisistis,
1361 2573 1383 2603 ο
1401 2563 1541 2634 quod
1565 2563 1700 2634 forte

129 2659 257 2718 erat,
283 2652 471 2722 fecistis
495 2651 672 2707 labore
695 2652 936 2722 deﬁcere,
964 2661 1012 2708 et
1040 2653 1360 2725 dispersistis
1387 2669 1504 2708 oves
1531 2669 1694 2708 meas.

129 2738 404 2812 Propterea
435 2742 544 2812 ipse
571 2741 830 2796 Dominus
861 2742 930 2796 ad
977 2742 1237 2812 iudicium
1264 2743 1426 2798 veniet
1458 2737 1580 2798 cum
1618 2760 1699 2799 se-

128 2827 353 2884 nioribus
376 2838 424 2885 et
452 2830 772 2902 principibus
801 2830 942 2898 suis,
975 2832 1317 2903 complebitur
1349 2831 1486 2886 illud
1522 2833 1577 2887 in
1607 2849 1702 2888 no-

128 2923 225 2978 bis.
269 2922 553 2979 Exactores
597 2925 753 2979 vestri
794 2924 1167 2995 depraedantur
1194 2942 1304 2992 vos,
1345 2935 1393 2980 et
1429 2926 1519 2998 qui
1560 2943 1703 2996 repe-

128 3020 264 3081 tunt,
285 3031 458 3070 errare
483 3031 574 3070 vos
601 3015 824 3086 faciunt.
853 3014 956 3082 Qui
985 3015 1155 3088 magis
1183 3017 1372 3072 audire
1398 3016 1660 3075 debemus
1684 3034 1698 3072 :

123 3104 290 3161 Beata
329 3115 490 3173 terra,
529 3107 686 3177 cujus
724 3123 816 3162 rex
843 3105 870 3146 ἀ
901 3105 1045 3176 ﬁlius
1078 3107 1325 3178 ingenui,
1367 3117 1414 3162 et
1442 3107 1701 3179 principes

1793 551 1850 599 et
1871 549 2062 613 pereat
2087 540 2241 596 labor
2265 547 2390 594 tuus
2418 554 2433 591 :
2466 547 2490 578 ο
2520 550 2629 593 non
2651 535 2844 592 sedeas
2873 535 2929 591 in
2956 534 3090 592 locis
3117 539 3369 594 humilio-

1794 634 1961 698 ribus,
1989 634 2044 698 in
2071 632 2270 703 quibus
2297 629 2318 670 ί
2351 629 2512 685 Pater
2540 637 2726 684 noster
2752 628 2996 699 prmcipit
3025 627 3238 698 penitus
3262 644 3370 685 non

1793 723 2110 780 sedendum.
2139 721 2379 778 Caveant
2409 717 2678 791 praepositi
2713 718 3020 783 domorum,
3048 732 3116 772 ne
3144 716 3370 772 forsitan

1793 817 2018 886 quilibet
2063 831 2202 870 unus
2227 831 2258 870 e
2287 814 2546 869 fratribus
2580 811 2830 881 injuriam
2859 811 3147 881 praeposito
3180 810 3374 866 fecerit

1793 919 1849 967 et
1874 909 2046 965 iratus
2088 909 2179 964 ille
2206 909 2484 964 discernat
2507 915 2561 962 et
2592 905 2738 960 dicat
2767 924 2779 957 :
2812 904 2951 971 Quid
2986 919 3165 959 causae
3194 903 3371 958 habeo

1793 1003 1862 1057 ad
1911 1001 2187 1057 hominem
2229 998 2704 1068 contemptorem?
2754 997 2918 1050 faciat
2955 998 3096 1066 quod
3126 997 3268 1062 vult,
3305 995 3374 1050 ad

1794 1107 1881 1149 me
1904 1107 2013 1146 non
2040 1093 2297 1163 pertinet.
2324 1089 2368 1146 0
2394 1090 2576 1156 homo,
2606 1089 2734 1159 quid
2781 1090 2896 1144 haec
2922 1088 3191 1158 loqueris?
3217 1086 3376 1144 intel-

1793 1187 1898 1258 lige
1933 1200 2040 1256 quo
2080 1184 2265 1240 furore
2311 1183 2603 1255 supereris,
2638 1191 2694 1238 et
2740 1183 2886 1253 quod
2921 1183 3105 1237 odium
3143 1195 3378 1252 occupa-

1793 1277 1936 1332 verit
1955 1291 2051 1332 cor
2075 1284 2248 1340 tuum,
2279 1283 2339 1329 ut
2367 1274 2542 1346 magis
2572 1279 2665 1328 tuo
2693 1272 2826 1327 vitio
2846 1286 3010 1343 quam
3037 1283 3131 1326 tuo
3155 1277 3380 1342 peccato

1793 1370 1963 1430 frater
1989 1377 2198 1440 pereat,
2232 1368 2322 1424 cui
2344 1367 2510 1424 debes
2540 1367 2845 1439 ignoscere,
2867 1375 2923 1422 et
2950 1381 3073 1421 eum
3105 1364 3382 1434 suscipere

1793 1461 2178 1532 puenitentem,
2219 1468 2282 1515 ut
2316 1458 2494 1529 possis
2541 1458 2672 1514 illud
2711 1457 2988 1529 Evangelii
3030 1456 3256 1514 dicere:
3287 1453 3382 1507 Di-

1794 1552 1938 1607 mitte
1966 1550 2112 1605 nobis
2149 1549 2322 1604 debita
2352 1558 2552 1615 nostra,
2577 1549 2712 1603 sicut
2739 1557 2789 1602 et
2818 1563 2912 1601 nos
2950 1545 3262 1600 dimittimus
3290 1542 3384 1596 de-

1797 1643 2047 1698 bitoribus
2086 1643 2298 1698 nostris.
2342 1639 2402 1698 Si
2440 1656 2570 1714 ergo
2601 1641 2686 1697 vis
2730 1648 2790 1695 ut
2831 1639 2976 1696 Deus
3014 1645 3106 1692 tua
3151 1643 3380 1707 peccata

1798 1733 2056 1802 dimittat,
2084 1741 2141 1790 et
2168 1743 2227 1790 tu
2254 1733 2466 1791 dimitte
2509 1733 2669 1790 fratri
2711 1739 2807 1788 tuo
2833 1729 3097 1804 quidquid
3137 1727 3270 1785 illud
3298 1731 3384 1784 est

1723 1855 1772 1917 Β
1799 1826 1946 1898 quod
1970 1827 2028 1884 in
2051 1833 2106 1883 te
2127 1826 2392 1899 peccavit.

2297 1941 2326 2014 ᾗ
2349 1933 2672 1998 VIA—Item
2698 1939 2883 2014 ipsius.

1871 2053 1952 2110 Ex
1991 2052 2188 2125 quibus
2227 2054 2480 2110 omnibus
2519 2054 2776 2111 discimus
2819 2053 2964 2124 quod
3009 2059 3257 2124 oporteat
3285 2063 3390 2108 nos

1802 2149 1950 2200 stare
1975 2152 2102 2200 ante
2126 2144 2364 2201 tribunal
2387 2143 2610 2211 Christi,
2639 2153 2695 2220 et
2721 2144 2788 2199 de
2819 2143 3044 2216 singulis
3069 2135 3179 2198 non
3213 2141 3391 2198 solum

1801 2236 2075 2308 cperibus,
2110 2236 2206 2293 sed
2235 2244 2291 2292 et
2316 2236 2734 2310 cogitationibus
2764 2234 2997 2305 judicari
3023 2253 3036 2290 :
3066 2243 3121 2290 et
3149 2243 3268 2306 post
3296 2251 3391 2290 ra-

1802 2326 2005 2383 tionem
2028 2327 2158 2383 vitae
2184 2335 2385 2384 nostrae
2415 2328 2577 2382 etiam
2615 2342 2715 2398 pro
2747 2327 2868 2383 aliis
2893 2327 2985 2397 qui
3011 2325 3166 2382 nobis
3196 2325 3395 2383 crediti

1801 2427 1930 2475 sunt
1966 2418 2276 2476 reddituros
2302 2431 2424 2474 esse
2451 2419 2702 2475 similiter
2726 2419 3015 2475 rationem.
3049 2418 3118 2472 Et
3145 2418 3249 2472 hoc
3276 2432 3391 2474 non

1802 2510 1978 2567 solum
2007 2513 2034 2553 ε
2062 2512 2130 2568 de
2154 2512 2462 2582 praepositis
2493 2512 2775 2567 domorum
2805 2510 3136 2566 audiendum
3159 2517 3264 2574 est,
3289 2508 3394 2566 sed.

1802 2611 1857 2658 et
1882 2604 1912 2644 ιι
1938 2603 2006 2659 de
2050 2603 2388 2675 principibus
2433 2603 2923 2670 monasteriorum,
2952 2611 3010 2658 et
3049 2602 3117 2657 de
3161 2600 3392 2673 singulis

1803 2691 2063 2749 fratribus
2101 2693 2194 2763 qui
2243 2701 2562 2765 reputantur
2607 2693 2661 2748 in
2706 2691 2919 2763 plebem
2938 2733 2955 2760 ,
3000 2692 3147 2762 quod
3194 2705 3390 2748 omnes

1804 2783 2035 2840 invicem
2066 2785 2262 2840 debent
2286 2801 2453 2842 onera
2479 2801 2578 2842 sua
2604 2793 2844 2858 portare,
2868 2793 2930 2842 ut
2957 2783 3289 2856 adimpleant
3313 2783 3390 2842 le-

1804 2890 1928 2947 gem
1955 2874 2154 2932 Christi
2181 2874 2324 2949 (Gal.
2346 2879 2425 2949 v1)

2222 3009 2250 3083 ᾗ
2283 3007 2388 3064 VII.
2424 3039 2498 3052 —
2534 2993 2956 3083 Itemejusdem.

1878 3121 1988 3178 Vos
2007 3137 2138 3196 ergo
2163 3127 2616 3182 monasteriorum
2638 3126 2932 3199 principes,
2971 3137 3144 3187 estote
3168 3129 3389 3188 solliciti

123 3198 205 3252 tui
236 3198 289 3252 in
316 3210 539 3270 tempore
564 3197 840 3253 comedunt
883 3199 939 3252 in
985 3191 1322 3268 fortitudine,
1346 3208 1394 3254 et
1425 3215 1530 3255 non
1573 3215 1698 3254 con-

1806 3218 1859 3267 et
1888 3191 2142 3268 adhibete
2161 3228 2379 3270 omnem
2417 3231 2606 3272 curam
2634 3191 2735 3287 pro
2749 3191 3008 3277 fratribus
3033 3237 3155 3277 cum
3174 3221 3388 3291 justitia

120 3291 408 3361 fundentur
452 3290 622 3364 (Eccl.
650 3290 730 3365 ι).
773 3291 920 3358 Ideo,
945 3305 978 3347 ο
1005 3291 1185 3358 homo,
1213 3305 1384 3362 usque
1428 3291 1498 3347 ad
1534 3307 1698 3347 unam

120 3381 379 3448 animam,
410 3397 530 3452 quae
561 3382 658 3439 tibi
685 3383 892 3438 credita
936 3392 1038 3450 est,
1077 3398 1302 3440 monere
1341 3398 1450 3438 non
1495 3397 1697 3450 cesses,

117 3483 179 3529 et
203 3474 395 3530 docere
421 3491 539 3545 quae
561 3483 749 3532 sancta
771 3484 918 3543 sunt,
945 3483 1002 3532 et
1026 3477 1260 3547 teipsum
1285 3474 1553 3530 bonorum
1578 3490 1700 3546 ope-

115 3581 248 3620 rum
285 3566 525 3636 praebere
564 3568 910 3639 exemplum:
943 3575 998 3624 et
1030 3583 1226 3624 cavere
1263 3583 1424 3638 quam
1465 3568 1701 3625 maxime

115 3671 197 3711 ne
238 3653 470 3712 alterum
497 3657 708 3724 oderis;
757 3657 855 3715 sed
884 3658 1094 3714 cunctis
1135 3658 1393 3715 exhibeas
1425 3657 1702 3729 aequalita-

109 3759 229 3806 tem
255 3766 270 3805 :
300 3764 370 3807 ne
391 3749 548 3818 forte,
570 3766 731 3822 quem
752 3758 812 3806 tu
836 3751 1034 3824 diligis,
1063 3751 1206 3807 Deus
1226 3751 1433 3820 oderit;
1462 3760 1517 3807 et
1537 3767 1700 3822 quem

107 3853 172 3900 tu
217 3843 416 3914 odisti,
445 3843 588 3902 Deus
633 3844 842 3916 diligat.
895 3843 1038 3900 Nulli
1081 3845 1286 3902 erranti
1331 3859 1431 3916 pro
1458 3843 1698 3901 amicitia

188 4030 219 4062 ο
259 4017 307 4075 0
335 4019 588 4078 Pastores
632 4016 821 4079 Israel.
870 4021 929 4077 In
963 4021 1212 4078 versione
1249 4021 1523 4078 communi
1554 4040 1568 4076 :
1607 4020 1700 4078 γω

99 4091 420 4163 pastoribus
449 4090 654 4164 Israel,
694 4093 784 4164 qui
825 4093 1104 4163 pascebant
1121 4095 1463 4164 ._semetipsos.
1510 4091 1700 4148 Nonne

98 4162 296 4233 greges
335 4180 371 4217 a
407 4162 715 4236 pastoribus
755 4162 1081 4219 nascuntur?
1121 4162 1229 4220 Sed
1268 4162 1411 4220 idem
1447 4171 1532 4220 est
1569 4178 1698 4219 sen-

98 4247 228 4288 SUS.

179 4301 214 4342 ¹³
248 4303 418 4378 Quod
453 4303 681 4378 ςνναὺιξξ-
706 4305 801 4378 ,Ιιιι
837 4304 892 4359 in
922 4311 1070 4378 textu
1099 4302 1325 4378 Graeco:
1354 4306 1414 4362 τὸ
1438 4305 1702 4378 πλανώμε-

93 4395 211 4430 νον.
248 4374 309 4448 lp
339 4375 594 4448 versione
620 4376 868 4448 Vulgata,
888 4375 1323 4448 Aquod‘abjectum
1346 4386 1450 4448 est.

180 4455 207 4483 ο
256 4444 422 4518 Quod
470 4446 604 4516 forte
641 4444 753 4502 erat
799 4444 993 4518 fecistis
1038 4444 1213 4500 labors
1256 4446 1496 4516 deficere.
1537 4445 1700 4503 Juxta

89 4514 614 4602 teftumﬁraecum
692 4520 779 4574 καὶ
799 4514 1134 4602 ’τὲ-ξσχγρόη
1154 4514 1589 4602 θεατειργρισασθε.
1607 4520 1700 4590 μό-

143 4589 249 4652 θῳ,
296 4586 356 4641 id
401 4593 520 4652 est,
559 4596 614 4642 et
648 4587 785 4643 forte
813 4586 1075 4644 aﬂlixistis
1120 4586 1413 4644 labore'ﬁln
1451 4586 1700 4644 versione

143 4609 249 4651 σω,
296 4609 356 4641 ια
401 4609 520 4652 εει,
559 4609 614 4642 ει
648 4609 785 4643 ΙΟΙΊΕ
813 4609 1075 4644 ωιιιιιδιιε
1120 4609 1322 4644 13901⁵8.
1355 4609 1413 4643 Ill
1451 4609 1698 4644 γει-510116

82 4609 346 4738 ξυιειιᾳι
374 4675 389 4712 :
417 4655 525 4713 Sed
555 4675 673 4713 cum
699 4661 1000 4714 austeritate
1024 4658 1356 4730 imperabatis
1382 4661 1478 4725 eis,
1501 4669 1550 4714 et
1579 4677 1698 4714 cum

83 4736 370 4798 potentia.

165 4797 198 4837 ά
248 4795 301 4870 ξ’
303 4796 441 4852 ilius
479 4798 709 4870 ingenui.
744 4801 816 4858 Ut
844 4800 898 4856 in
935 4807 1084 4856 textu
1114 4799 1342 4858 Grteco:
1373 4801 1482 4863 νεὸς
1509 4802 1698 4858 ἕλευθᾶ-

87 4890 218 4925 sou.
251 4865 314 4943 l_n
347 4865 607 4943 versione
635 4871 884 4943 Vulgata,
911 4871 1117 4943 nobilis.

167 4952 194 4979 ε
245 4937 461 4994 Sedeas
485 4940 543 4994 in
570 4939 696 4996 locis
719 4937 1104 4996 humilioribus.
1131 4941 1370 4999 Resnicit
1405 4941 1471 4997 ad
1498 4943 1700 4999 articu-

92 5026 203 5065 um
241 5010 358 5082 128
387 5009 614 5082 Regula:
643 5014 815 5067 sancti
839 5011 1154 5082 Pachomii,:
1189 5031 1207 5062 ι
1237 5009 1560 5082 Praepositus
1592 5029 1698 5070 non

92 5081 431 5136 nebrietur
457 5081 603 5155 :nec
630 5084 815 5155 sedeat
840 5082 912 5155 Ain
937 5081 1337 5155 humilioribus
1358 5081 1510 5140 locis
1545 5084 1703 5155 juxta

93 5168 222 5226 'asa
265 5153 628 5208 monasterii.
655 5173 674 5206 ι
723 5152 977 5225 lutelligit
1019 5152 1328 5222 cellarium,
1363 5170 1396 5208 a
1423 5152 1706 5226 quo'prae-

95 5223 206 5277 ποδί
218 5231 312 5278 tos
341 5229 529 5277 arcet.

153 5293 176 5332 ί
222 5290 432 5369 _I_’at_er
461 5301 650 5369 noster.
673 5293 926 5369 Intelligit
946 5303 1192 5369 sanctum
1216 5293 1588 5363 Pachomium,
1613 5310 1707 5353 cu-

99 5379 162 5422 Is
199 5362 545 5432 discipulus
569 5362 671 5420 fuit
696 5362 917 5421 sanctus
937 5363 1224 5422 Orsiesius.

147 5436 178 5474 ε
213 5432 308 5508 De
333 5435 647 5504 praepositis
665 5435 958 5508 domorum.
979 5435 1259 5508 Praepositi
1275 5437 1556 5494 domorum
1578 5445 1706 5493 sunt

141 5505 259 5574 qui
299 5512 575 5575 praesunt
603 5506 827 5581 aedibus,
858 5522 953 5562 seu
992 5505 1276 5581 classibus,
1307 5512 1364 5581 in
1399 5525 1536 5581 quas
1568 5509 1703 5564 divi-

103 5591 196 5650 sm
239 5583 385 5630 erat
437 5576 832 5633 monasterium
865 5578 1038 5635 sancti
1073 5578 1386 5650 Pachomii,
1417 5576 1493 5636 ἰιι
1540 5595 1704 5650 supra

105 5647 302 5702 ictum
341 5652 470 5701 est.

133 5718 163 5756 ιι
190 5717 316 5794 _De
361 5716 699 5794 principibus
723 5721 1477 5794 monasteriorum.Principes
1515 5737 1709 5780 mona-

109 5789 414 5848 eriorum
459 5795 591 5846 sunt
616 5789 870 5858 abbates;
902 5790 980 5847 ita
1020 5793 1358 5867 appellantur
1381 5789 1455 5855 'in
1500 5795 1708 5869 Regula

540 5907 814 6004 .1.’m°'«
855 5904 1028 6007 Qui:

1724 4565 1777 4625 D

1802 3308 1858 3356 et
1885 3301 2078 3359 timore
2099 3302 2215 3359 Dei.
2271 3303 2351 3360 Ne
2381 3305 2678 3362 abutamini
2721 3316 2994 3379 potestate
3022 3311 3078 3365 in
3107 3313 3384 3382 superbia,

1799 3392 1895 3449 sed
1913 3395 1928 3434 ί
1953 3394 2258 3465 exemplum
2274 3396 2512 3467 praebete
2535 3415 2632 3456 vos
2654 3397 2886 3466 ctl’nctis,
2901 3409 2960 3456 et
2983 3403 3198 3458 subdito
3211 3407 3386 3476 gregi,

1801 3484 1945 3540 sicut
1967 3493 2026 3540 et
2072 3485 2336 3544 Dominus
2380 3498 2568 3545 noster
2595 3489 2653 3545 in
2699 3491 2951 3549 omnibus
2994 3508 3053 3548 se
3079 3493 3388 3563 exemplum

1799 3576 2048 3650 praebuit.
2099 3575 2200 3643 Qui
2225 3577 2406 3648 posuit
2429 3579 2583 3650 quasi
2604 3594 2732 3636 oves
2760 3580 3012 3647 familias,
3037 3591 3098 3638 ut
3121 3583 3385 3640 miserea-

1803 3669 1936 3724 mini
1963 3669 2114 3740 gregi
2153 3669 2308 3726 vobis
2335 3671 2561 3736 credito,
2611 3679 2668 3729 et
2692 3672 3050 3730 memineritis
3073 3675 3384 3746 apostolicae

1801 3761 2098 3829 sententiae,
2146 3761 2203 3816 in
2222 3777 2330 3833 qua
2351 3761 2508 3818 ait:i
2554 3762 2705 3820 Nihil
2725 3764 2984 3832 subtraxi,
3024 3775 3082 3820 ut
3136 3783 3240 3822 non
3278 3785 3380 3823 an-

1801 3851 2096 3908 nuntiarem
2134 3853 2276 3908 vobis
2300 3853 2329 3895 ¹ι
2370 3851 2687 3910 voluntatem
2718 3853 2839 3910 Dei.
2876 3854 2946 3910 Et
2968 3855 3207 3912 iterum:
3256 3857 3383 3914 Non

1801 4026 1977 4084 sancti
1997 4024 2298 4093 Pachomii,
2324 4025 2411 4081 cui
2435 4021 2680 4082 addictus
2700 4032 2820 4082 erat
2847 4033 3066 4082 sanctus
3087 4025 3379 4084 Orsiesius.

1799 4098 1920 4152 Art.
1949 4097 2020 4152 8:
2061 4115 2080 4149 ι
2108 4097 2207 4168 γει
2241 4097 2554 4152 monasterii
2586 4096 2841 4168 principe
2873 4097 3199 4168 disputante.
3233 4119 3252 4150 ι
3295 4100 3385 4153 Di-

1800 4176 2001 4225 cuntur
2027 4176 2082 4222 et
2104 4167 2312 4240 Patres,
2334 4168 2786 4240 mgnasteriorum
2832 4167 2888 4240 in
2935 4167 3124 4240 eadem
3155 4168 3381 4240 Regula,

1801 4247 1908 4294 art.
1926 4240 2028 4294 l8:
2059 4256 2078 4289 ‹
2101 4237 2383 4293 Nuntiabit
2400 4236 2547 4293 Patri
2578 4239 2944 4294 monasterii.»
2962 4239 3081 4294 Art.
3097 4240 3198 4294 ὅδε
3221 4236 3378 4295 (Nisi

1800 4309 1964 4366 Pater
1987 4311 2306 4364 monasterii
2335 4310 2674 4378 praeceperit.
2698 4331 2716 4360 ι

1877 4382 1896 4422 ί
1937 4378 2250 4449 Exemplum
2280 4376 2366 4434 vos
2391 4376 2632 4449 prabete.
2685 4377 2830 4449 Nihil
2853 4386 2938 4432 est
2968 4387 3074 4432 tam
3104 4376 3289 4449 efﬁcax
3315 4379 3385 4433 ad

1803 4447 2140 4507 subditorum
2176 4447 2404 4504 salutem
2453 4447 2894 4518 promovendam,
2934 4463 3096 4516 quam
3134 4448 3385 4517 praelato-

1802 4536 1926 4593 rum
1946 4519 2284 4593 exemplum:
2301 4518 2876 4593 τάἠδςὶγμᾳτᾳμάλλω
2903 4519 3234 4593 ἕνςργέστερα
3259 4521 3380 4585 εἰσί,

1803 4591 1858 4648 id
1871 4600 1977 4658 est,
1999 4587 2242 4661 exempla
2258 4599 2383 4646 sunt
2399 4587 2602 4661 (dictis)
2624 4587 2946 4661 efficaciora,
2965 4587 3141 4658 inquit
3162 4587 3385 4661 sanctus

1802 4657 2326 4725 Dorotheusfdoct.
2359 4657 2446 4714 l7.
2497 4657 2650 4726 Quod
2699 4659 2834 4714 bene
2882 4657 3139 4714 monebat
3165 4657 3383 4716 Chaere-

1801 4750 1928 4789 mon
1957 4732 2097 4800 apud
2119 4730 2435 4788 Cassianum
2463 4729 2598 4786 Coll.
2639 4730 2726 4796 11,
2758 4743 2876 4800 cap.
2907 4729 2942 4783 4
2976 4747 2989 4784 :
3037 4748 3054 4780 ι
3099 4728 3383 4800 Nunquam

1801 4805 1908 4860 erit
1943 4800 2129 4860 eﬂicax
2184 4803 2500 4858 instruentis
2524 4800 2840 4867 auctoritas,
2875 4800 2979 4856 nisi
3027 4815 3148 4856 eam
3187 4800 3383 4855 etl‘ectu

1801 4876 1982 4932 oneris
2001 4875 2084 4930 sui
2107 4874 2258 4930 cordi
2284 4872 2520 4928 affixerit
2548 4873 2837 4928 audientis.
2877 4891 2896 4923 ι
2934 4871 2999 4926 Et
3027 4869 3380 4925 Cassiodorus

1800 4941 1898 5003 lib.
1929 4962 1948 5001 ι
1985 4946 2291 5011 Variarum,
2318 4943 2475 5014 epist.
2502 4942 2576 4996 ιε
2624 4961 2653 5014 ί(
2689 4941 3059 5014 Facilisrccti
3091 4953 3380 5010 persuasor

1801 5027 1888 5074 est
1930 5016 2193 5072 innocuus
2213 5011 2398 5086 judei,
2423 5014 2524 5069 sub
2551 5013 2703 5086 cujus
2735 5011 3063 5086 praedicabili
3093 5023 3379 5086 congeras-

1801 5088 1950 5142 tione
1975 5088 2139 5169 pudet
2159 5079 2343 5169 metes.
2381 5079 2690 5169 probabiles
2717 5079 2824 5169 non
2860 5079 3378 5169 habereLiA-‘l'i-t‘

1801 5173 1878 5224 vi,
1906 5149 2064 5227 epist.
2091 5157 2165 5227 27:
2204 5149 2438 5227 «Prima
2465 5157 2690 5224 aequitas
2723 5161 2842 5227 est,_
2866 5165 2987 5227 a_se
3015 5149 3382 5227 praesulesin-

1804 5221 2021 5283 cboare.
2062 5246 2082 5280 ι
2114 5225 2376 5282 Ριιαξιοιυε
2396 5221 2595 5281 docens
2613 5234 2669 5281 et
2694 5239 2802 5280 non
2818 5221 3026 5292 faciens
3051 5229 3136 5275 est
3153 5223 3377 5292 cymba-

1805 5297 2220 5374 lum_tinniens,
2267 5304 2323 5352 et
2345 5296 2585 5374 crotalus
2621 5296 2920 5374 crepitans.
2979 5291 3082 5374 His
3113 5291 3376 5374 .accedat,

1805 5368 1947 5439 quod
1977 5368 2170 5438 praesul
2195 5362 2303 5423 non
2325 5368 2486 5439 audet
2507 5367 2563 5421 in
2589 5366 2708 5421 aliis
2725 5362 3010 5439 corrigere
3032 5362 3084 5417 id
3111 5362 3166 5416 in
3187 5377 3293 5439 quo
3321 5378 3382 5439 se

1807 5432 1958 5496 novit
1977 5432 2290 5496 delinquere
2314 5457 2326 5492 :
2377 5457 2396 5490 ‹
2435 5437 2574 5492 Suos
2601 5446 2754 5492 actus
2775 5432 2951 5489 nullus
2975 5432 3196 5487 damnat
3221 5433 3276 5487 in
3303 5433 3382 5487 al-

1808 5511 2112 5586 ter_o,__i_a_i_t
2136 5507 2492 5586 Cassiodorus
2510 5508 2668 5586 epist.
2698 5507 2881 5586 citata.
2946 5583 2954 5586 Α
3090 5582 3100 5586 _
3153 5573 3166 5586 ο

1885 5581 1898 5631 i
1935 5575 2091 5635 Nihil
2117 5581 2372 5636 subtraxi.
2407 5579 2464 5634 ln
2493 5575 2742 5634 versione
2767 5575 3014 5643 Vulgata,
3045 5582 3107 5632 ut
3151 5575 3206 5629 in
3232 5582 3383 5632 textu

1807 5652 1998 5708 Graeco
2024 5669 2036 5706 :
2069 5651 2215 5706 Nihil
2242 5650 2591 5707 subtraxerim
2619 5647 2760 5719 vobis
2781 5647 3006 5719 utilium.

1883 5723 1911 5766 ¹ι
1957 5721 2308 5779 Voluntatem.
2379 5721 2439 5776 ln
2491 5717 2641 5776 textu
2689 5717 2879 5792 Grieco
2908 5736 2922 5773 :
2953 5718 3160 5792 βουλὴν,
3200 5719 3380 5786 idest,

1806 5795 2116 5867 consilium,
2139 5806 2200 5851 ut
2228 5792 2394 5880 estin
2417 5791 2662 5857 versione
2692 5791 2938 5868 Vulgata.

2868 5905 2946 5968 25

2861 5988 2888 5999 .-
2931 5987 2946 5998 ο
