3952 6314
163 380 243 442 781

1069 370 1454 437 CUNCORDIA'
1491 363 1942 434 REGUL’KRUM.
1980 403 2052 416 —
2087 357 2314 431 catini
2350 369 2416 430 v.

3255 345 3362 432 m

163 499 248 554 bus
262 478 600 562 'affectaveris,
632 507 725 551 seu
754 508 854 568 pro
871 494 1102 550 utilitate
1126 487 1447 558 animarum,
1477 499 1687 548 tenore-
1711 489 1764 554 Α
1789 489 2017 545 sibilitas
2043 492 2240 553 exstat,
2268 473 2422 560 aequo
2444 471 2812 543 mederamine
2831 476 3109 561 disponas,
3129 464 3361 559 parique

161 605 248 660 quc
269 588 440 660 regula:
481 588 860 644 constituendo
890 577 1184 644 necessitas
1212 581 1518 642 incubuerit
1549 599 1575 627 ι
1607 584 1684 639 al-

160 681 376 745 tercandi,
413 679 562 751 prius
605 687 767 736 canta
801 673 1231 735 consideratione
1271 690 1535 748 perpensa
1567 715 1583 742 ,
1625 681 1686 730 ut

157 773 276 844 quod
300 788 379 828 ore
401 774 631 843 promis,
661 772 819 828 factis
867 773 1110 842 impleas,
1143 775 1204 826 ut
1232 773 1375 841 quod
1402 770 1522 825 aliis
1551 785 1688 840 prte-

156 866 299 929 tlicas,
326 864 568 934 operibus
584 866 829 934 praebeas
856 863 1104 920 z'scilieet
1131 870 1191 916 ut
1231 863 1285 916 in
1313 862 1420 916 tuis
1450 859 1689 915 humeris

155 967 292 1029 atque
313 957 600 1013 cervicibus
627 957 776 1027 prius
823 958 1044 1020 sentias,
1074 965 1256 1010 utrum
1290 955 1546 1025 gravibus
1595 945 1687 1006 aut

152 1047 330 1102 levibus
345 1047 594 1103 oneribus
625 1047 760 1102 colla
791 1046 1015 1101 fratrum
1037 1054 1297 1110 onustes;
1328 1041 1478 1098 verbi
1494 1041 1686 1112 gratia,

151 1137 191 1192 si
228 1135 465 1207 jejunium
519 1151 680 1206 super
726 1136 1096 1205 quotidianum
1128 1176 1142 1201 ,
1189 1134 1276 1188 vel
1308 1123 1690 1187 abstinentiam

151 1232 319 1287 1tentra
341 1232 795 1295 consuetudinem,
814 1246 912 1286 nec
929 1247 1054 1293 non,
1081 1238 1141 1283 ut
1161 1227 1381 1292 assolet,
1398 1225 1518 1297 plus
1534 1223 1691 1280 solito

151 1323 200 1377 in
237 1321 405 1392 synaxi
455 1320 690 1392 psalmos
717 1319 982 1389 placuerit
1032 1319 1339 1374 decantare.
1393 1314 1607 1371 Primus
1636 1316 1692 1371 in

150 1413 352 1469 ecclesia
374 1413 756 1479 inveniaris,et
778 1418 1084 1482 postremus
1114 1425 1308 1476 exeas;
1340 1409 1548 1479 primus
1575 1425 1695 1465 sus-

151 1509 303 1580 cipias
349 1507 606 1571 laborem,
643 1505 916 1576 posterior
960 1503 1172 1568 solvas;
1206 1509 1261 1558 et
1301 1502 1354 1556 in
1381 1501 1695 1572 quotidiana

149 1600 364 1671 corporis
413 1598 670 1654 alimento
727 1605 888 1667 atque
916 1596 1192 1652 communi
1243 1596 1364 1650 cibo
1389 1609 1489 1665 par
1516 1593 1592 1648 sis
1613 1593 1696 1648 his

146 1707 258 1747 cum
283 1691 462 1760 quibus
485 1691 605 1762 pari
636 1691 690 1746 in
721 1705 910 1745 mensa
934 1689 1104 1744 uteris
1128 1699 1149 1726 ο
1183 1702 1481 1753 consensu;
1507 1686 1696 1742 iisdem

148 1783 353 1851 denique
394 1789 448 1840 et
481 1789 539 1836 tu
563 1782 758 1850 quibus
809 1780 1006 1834 fratres
1042 1777 1366 1834 ferculorum
1416 1775 1698 1847 saporibus

1789 581 2162 639 moderatione
2185 582 2482 654 dispenses',
2510 599 2574 638 ac
2599 577 2786 654 parem
2815 575 2894 639 eis
2926 577 3249 640 charitatem
3267 585 3367 640 im-

1787 675 2022 746 pertias:
2053 683 2110 731 et
2160 691 2267 730 non
2294 669 2618 746 quibuslibet
2662 689 2759 746 per
2801 675 3072 746 privatum
3102 667 3341 732 amorem

1791 767 1884 822 sed
1909 765 2120 822 cunctis
2145 767 2440 822 secundum
2482 767 2673 822 merita
2696 757 3050 838 singulorum,
3103 757 3221 839 quae
3242 757 3371 823 sunt
3427 835 3431 838 ι

1791 860 2122 938 necessaria,
2146 859 2416 932 largiaris.
2470 853 2587 915 Non
2623 859 2714 932 Qui
2763 860 2857 915 tibi
2881 860 3031 916 vultu
3064 845 3372 931 intuituque

1789 951 2117 1023 placuerit,h
2148 968 2254 1007 non
2284 966 2443 1022 quem
2466 951 2563 1007 tibi
2594 952 2660 1030 ad
2691 950 2903 1007 oculum
2929 943 3374 1030 cognoveris,vel

1794 1057 1824 1096 a
1852 1040 2005 1112 cujus
2031 1041 2295 1099 blandiori
2316 1041 2484 1098 fueris
2506 1027 2766 1115 obsequio
2795 1028 3064 1109 delinitus,
3088 1031 3182 1098 Sed
3210 1023 3376 1115 quem

1797 1150 1950 1190 amor
1992 1134 2214 1203 Christi,
2270 1142 2325 1192 et
2373 1134 2674 1207 religiosior
2714 1121 3173 1192 co'mmendaverit
3225 1121 3373 1204 vila,

1800 1229 1820 1268 ί
1856 1242 2159 1299 prmponas.
3059 1305 3061 1308 ⁴
3189 1287 3196 1312 ³

1901 1321 1929 1393 ς
1955 1320 2070 1375 ΧΠ.
2093 1317 2168 1364 -'-
2196 1319 2276 1375 Ex
2306 1319 2524 1376 Rscuu’t
2554 1317 2742 1376 mm
2771 1319 2967 1375 Ismeni
3010 1319 3148 1392 (cap.
3171 1317 3252 1392 2).
3329 1383 3332 1386 ,

1871 1411 2106 1468 iAbbas
2153 1413 2288 1468 citra
2344 1412 2622 1484 languoris
2677 1413 3057 1469 necesSitatein
3113 1411 3264 1470 cibos
3320 1397 3380 1472 ili

1800 1514 2091 1575 conspectu
2113 1506 2318 1576 pariter
2365 1521 2488 1560 cum
2512 1503 2774 1560 fratribus
2802 1512 2982 1584 sumat
3009 1523 3022 1558 :
3051 1518 3230 1576 neque
3271 1497 3385 1558 eulL

1800 1599 1908 1653 tius
1928 1614 2091 1670 quam
2111 1615 2173 1653 ea
2198 1615 2316 1670 qua:
2344 1599 2397 1653 in
2427 1615 2711 1654 commune
2738 1599 3063 1666 consistunt,
3086 1591 3382 1670 praeparari

1803 1691 1905 1747 sibi
1932 1692 2208 1762 quidpiam
2234 1699 2468 1762 expetat.
2508 1691 2708 1762 Sicque
2734 1685 2826 1744 fiat
2854 1689 2932 1757 ut,
2966 1690 3094 1746 dum
3141 1675 3383 1763 praesens

1739 1825 1764 1834 μ
1803 1788 1906 1846 est,
1937 1783 2121 1836 omnia
2143 1783 2429 1854 diligenter
2456 1763 2936 1850 administrentur;
2967 1791 3022 1839 et
3066 1782 3193 1838 dum
3237 1771 3386 1838 com?-

145 1873 424 1940 delectare;
452 1882 508 1930 et
531 1872 756 1943 aequalia
780 1873 935 1928 vobis
956 1872 1156 1928 cibaria
1183 1873 1536 1942 potionesque
1558 1869 1699 1925 com-
1725 1856 1773 1917 Β
1801 1874 1987 1928 munia
2023 1881 2168 1939 sunt,
2211 1873 2504 1931 salubriter
2545 1883 2600 1931 et
2628 1891 2751 1930 cum
2782 1873 3050 1931 cliaritate
3080 1859 3383 1932 sumantur.

142 1977 317 2018 munes
342 1963 626 2019 exhibeant
649 1955 903 2018 discofeﬁ
927 1961 1013 2016 vel
1036 1962 1326 2032 pincernze.
1373 1955 1698 2016 Primatum-

141 2070 240 2124 que
263 2063 420 2122 tuum,
452 2071 614 2125 quem
635 2055 786 2126 prior
811 2055 878 2109 ad
910 2067 1153 2108 mensam
1181 2063 1351 2116 tenes,
1378 2050 1588 2122 primus
1629 2048 1699 2105 ad

135 2149 375 2204 virtutem
395 2149 742 2219 pareimonirc
755 2147 1017 2212 vindices,
1032 2143 1509 2209 utabstincntiam,
1534 2156 1698 2213 quam

134 2240 310 2310 lingua
348 2239 621 2310 praedicat,
656 2237 917 2308 proximae
946 2236 1131 2291 fauces
1160 2233 1244 2289 vel
1275 2233 1482 2288 vicinus
1504 2233 1701 2287 sentiat

133 2331 457 2386 Stomachus.
511 2327 588 2384 Ne
629 2327 768 2384 forte
812 2328 1010 2383 subditi
1038 2326 1316 2380 audientes
1345 2323 1525 2378 tacitis
1554 2322 1700 2394 cogi-

130 2422 418 2478 tationibus
442 2423 639 2476 dicant.
665 2421 692 2460 ά
752 2421 797 2476 Ο
825 2434 986 2490 quam
999 2420 1222 2490 pulchre
1237 2419 1392 2472 nobis
1419 2418 1698 2472 abstinen-

128 2514 256 2568 tiam
282 2514 534 2583 praedicat
557 2513 746 2582 plenus
766 2519 956 2566 venter
985 2552 1000 2576 ,
1022 2520 1076 2566 et
1100 2521 1124 2550 ο
1148 2511 1430 2565 contentos
1471 2523 1571 2562 nos
1610 2507 1699 2580 ju-

128 2607 222 2662 bet
257 2619 375 2661 esse
417 2605 693 2659 vilissimis
722 2604 858 2658 cibis
909 2619 973 2658 ac
1007 2602 1236 2674 poculis,
1264 2601 1536 2656 accuratis
1561 2599 1698 2655 cibis

125 2696 432 2770 poculisque
481 2695 741 2751 refertum
779 2701 962 2766 guttur
989 2703 1045 2750 et
1082 2703 1358 2749 eructans.
1421 2692 1515 2748 llla
1551 2693 1698 2748 enim

126 2789 194 2844 de
219 2789 540 2844 abstinentia
567 2789 877 2858 prtedieatio
909 2786 1253 2857 acccptabilis
1277 2794 1377 2851 est,
1419 2801 1581 2857 quam
1618 2784 1700 2839 lu—

124 2882 237 2938 rida
270 2881 486 2951 jejuniis
531 2897 629 2938 ora
659 2883 965 2938 decantant.
1020 2880 1089 2935 Et
1123 2881 1177 2934 in
1208 2881 1293 2936 his
1324 2880 1574 2935 omnibus
1597 2879 1700 2934 hoc

123 2973 337 3030 noveris
364 2973 676 3038 convenire,
707 2983 768 3028 ut
790 2973 1008 3045 angusti
1033 2973 1185 3028 callis
1212 2970 1430 3036 itinera,
1455 2986 1552 3041 per
1581 2985 1700 3039 qua:

119 3064 299 3123 socios
323 3079 603 3119 ammones
635 3063 655 3101 ί
682 3063 853 3132 gradi,
903 3065 1052 3134 prior
1082 3065 1196 3133 ipse
1234 3062 1516 3133 gradiaris.
1567 3059 1698 3115 Om-

120 3157 212 3212 nia
244 3172 364 3226 quas
390 3156 596 3226 agenda
628 3154 756 3210 sunt
806 3163 935 3209 ante
963 3155 1122 3210 factis
1146 3155 1395 3226 impleas,
1443 3161 1505 3209 ut
1554 3161 1701 3225 post—

1801 1959 2053 2036 A‘lqualia
2086 1965 2282 2035 quippe
2333 1975 2492 2021 erunt
2521 1983 2831 2022 mensarum
2885 1966 3128 2023 omnium
3178 1945 3385 2022 fercula

1802 2059 1831 2100 ιι
1852 2057 2248 2128 simillimisque
2292 2057 2560 2115 alimentis
2582 2059 2764 2115 cuncti
2790 2057 3067 2116 reficiendi
3095 2067 3220 2116 sunt
3271 2055 3388 2113 fra-

1803 2157 1936 2205 tres.
2573 2219 2580 2224 ,
2735 2211 2740 2216 _

1802 2241 1830 2314 ᾗ
1853 2240 1991 2296 Χιη.
2008 2239 2088 2296 Ex
2101 2241 2322 2300 REGULA
2349 2257 2536 2298 SANCTI
2561 2241 2837 2298 Funruosx
2860 2256 3096 2298 EPISCOPI
3115 2240 3252 2313 (cap.
3269 2239 3387 2324 20)ἶ

1870 2335 2054 2391 Abbas
2098 2334 2182 2390 vel
2234 2333 2554 2407 praepositus
2587 2335 2784 2391 divinis
2828 2350 3042 2404 semper
3089 2333 3286 2389 officiis
3333 2323 3391 2390 et

1799 2427 1998 2499 vigiliis
2029 2427 2314 2484 intersint
2347 2438 2404 2485 et
2428 2429 2580 2500 prius
2607 2427 2711 2499 ipsi
2744 2435 2926 2498 agant,
2957 2426 3101 2496 quod
3128 2425 3265 2482 alios
3294 2424 3391 2482 do-

1803 2529 1948 2578 cent.
2103 2595 2106 2598 Α
2275 2583 2278 2586 ,
2386 2587 2388 2590 ν
2727 2593 2730 2598 _

1945 2613 1973 2686 ἕ
2002 2595 2143 2668 XIV.
2172 2643 2242 2653 -
2270 2601 2353 2668 Ex
2379 2609 2600 2669 REGULA
2630 2595 2903 2665 Fenneom
2936 2607 3072 2682 (cap.
3109 2599 3221 2682 37).
3292 2689 3295 2690 ν
3383 2687 3387 2690 ⁴

1876 2701 1985 2760 ‘Ut
2008 2703 2258 2759 abbatem
2286 2705 2496 2760 eunetis
2519 2703 2715 2774 quibus
2742 2713 2939 2774 praeest
2952 2701 3235 2758 monachis
3256 2689 3394 2758 stre?-

1801 2783 1981 2852 nuitas
2012 2797 2250 2867 quidem,
2292 2797 2386 2851 sed
2411 2793 2769 2850 mansuetudo
2801 2779 2857 2850 et
2881 2795 3063 2865 potius
3090 2795 3202 2870 vita
3244 2779 3392 2851 com-

1802 2877 2056 2941 tuendet:
2091 2887 2164 2940 ita
2195 2893 2254 2939 ut
2282 2885 2430 2940 illum
2459 2883 2706 2942 sanctum
2733 2871 2902 2957 magis
2951 2871 3178 2940 timeant
3226 2901 3391 2962 quam

1802 2989 2052 3032 severum
2099 2982 2152 3031 et
2197 2975 2319 3047 plus
2349 2973 2451 3052 [in]
2484 2979 2729 3029 metuant
2757 2971 2903 3044 quod
2931 2971 3143 3030 meritis
3171 2965 3255 3030 est
3281 2975 3396 3052 prif

1789 3049 1922 3122 ’mus
1957 3082 2117 3138 quam
2165 3045 2307 3136 quod
2337 3045 2540 3121 honore
2585 3063 2897 3137 primarius.
2936 3075 2976 3103 ιιι
3007 3055 3215 3119 Habeat
3243 3045 3391 3120 enini

1802 3159 1857 3215 in
1882 3159 2219 3229 correptione
2243 3158 2458 3213 modum
2489 3164 2542 3212 et
2589 3155 2647 3211 in
2693 3154 3060 3211 familiaritate
3111 3165 3384 3227 tempera-

120 3248 344 3303 modum
359 3248 573 3303 ductilis
594 3247 721 3301 tuba
747 3262 813 3301 ex
837 3248 1187 3318 percussione
1209 3247 1470 3318 perducta
1497 3235 1698 3301 reetius
1725 3235 1770 3302 C
1800 3259 2073 3315 mentum;
2106 3251 2317 3319 eritque
2340 3249 2394 3304 in
2428 3245 2639 3304 cunctis
2661 3245 2734 3302 ita
2758 3243 3000 3302 moribus
3026 3233 3392 3316 dispensatus,

115 3355 376 3409 erumpas
396 3340 452 3394 in
483 3355 616 3395 voce
644 3347 864 3414 propter
891 3339 1022 3395 illud
1048 3339 1391 3396 Dominicum
1417 3355 1430 3392 :
1467 3336 1703 3404 Quicun-

111 3453 242 3509 que,
289 3436 488 3505 inquit,
543 3433 981 3489 scandalizaverit
1010 3450 1172 3488 unum
1218 3433 1283 3487 de
1306 3431 1510 3504 pusillis
1563 3432 1700 3498 istis,

110 3528 209 3599 qui
236 3527 294 3580 in
321 3542 403 3579 me
425 3525 659 3592 credant,
682 3532 737 3581 et
758 3525 964 3596 reliqua
989 3521 1204 3597 (Matth.
1232 3525 1412 3598 xvm).
1439 3523 1586 3580 Inter
1601 3541 1704 3594 cae-

110 3624 242 3672 tera
292 3631 418 3671 cum
453 3631 641 3688 magna
697 3615 793 3671 tibi
823 3615 1034 3693 cautela
1078 3611 1489 3671 custodiendum
1516 3625 1620 3682 est,
1647 3615 1705 3670 ut

105 3723 312 3764 omnes
339 3708 396 3762 in
409 3693 756 3774 monasterio,
777 3723 1004 3779 quorum
1021 3706 1384 3780 gubernacula
1406 3706 1704 3778 tuisaequa-

104 3800 243 3856 liter
297 3800 606 3871 imposuisti
644 3800 966 3863 cervicibus,
998 3797 1228 3871 diligas:
1268 3813 1338 3853 ne
1375 3813 1544 3853 unum
1583 3797 1704 3869 plus

103 3892 372 3948 minusve
401 3903 552 3947 ames
579 3909 594 3959 ;
631 3893 658 3932 δ
689 3890 784 3946 sed
810 3881 1005 3947 cuncta
1033 3905 1153 3962 quae
1182 3896 1327 3956 sunt,
1359 3887 1426 3960 (in
1448 3903 1553 3960 quo
1580 3903 1706 3959 pos-

185 4037 212 4065 ι
237 4023 570 4080 Altercandi.
602 4023 868 4080 Altercari
891 4022 994 4096 hoc
1021 4021 1139 4080 loco
1167 4038 1272 4096 non
1296 4031 1380 4096 est
1397 4025 1702 4096 φιλονεικεῖν,

97 4095 165 4152 id
186 4106 300 4159 est,
327 4096 682 4161 contendere,
723 4097 818 4150 sed
860 4095 1143 4160 disserere,
1173 4095 1502 4150 ratiocinari.
1555 4095 1706 4152 Glos-

96 4181 185 4222 sze
214 4176 437 4220 veteres
473 4184 485 4196 ·
518 4165 834 4232 Altercatur’,
888 4164 1192 4237 διαλέγεται,
1231 4165 1285 4220 id
1313 4172 1419 4232 est,
1461 4165 1702 4233 disserit,

94 4237 502 4293 ratiocinator.

180 4307 212 4347 Ι)
254 4306 435 4360 Extra
452 4305 898 4360 consuetudinem.
955 4304 1032 4360 Ita
1063 4306 1117 4360 in
1139 4307 1256 4360 cod.
1288 4305 1471 4371 Vind.,
1511 4308 1605 4360 sed
1623 4305 1705 4360 vi-

91 4379 271 4432 detur
313 4379 508 4432 deesse
537 4379 778 4441 verbum,
804 4377 1107 4446 pra'cipere,
1145 4381 1239 4430 aut
1267 4377 1393 4446 quid
1437 4375 1705 4446 similent

88 4462 306 4503 sensus
347 4449 424 4502 ita
448 4447 738 4518 procedat:
792 4443 1188 4518 Prius'sentias
1236 4443 1410 4500 utrum
1462 4443 1702 4517 gravibus

85 4528 195 4571 aut
227 4518 437 4589 levibus
450 4517 703 4571 oneribus
727 4517 861 4571 colla
884 4519 1106 4589 fratrum
1137 4528 1342 4572 onustes
1364 4535 1388 4589 ,‘A
1417 4518 1553 4572 verbi
1580 4534 1702 4589 gra-

1804 3352 1866 3400 nt
1894 3352 1951 3399 et
1975 3342 2348 3397 blandimento
2376 3346 2532 3396 vocet
2573 3347 2629 3395 et
2650 3343 2864 3395 terrore
2906 3337 3158 3424 castiget,
3185 3336 3393 3392 faciens

1805 3451 1864 3492 se
1903 3436 1972 3490 ab
2025 3434 2297 3501 omnibus,
2347 3448 2412 3488 eo
2452 3433 2595 3502 quod
2648 3431 2780 3485 vitia
2820 3429 3015 3512 oderit,
3042 3428 3164 3512 plus
3195 3427 3390 3484 amari.

1806 3529 1942 3584 Tota
1968 3528 2112 3583 enim
2137 3525 2252 3596 ejus
2300 3523 2641 3580 conversatio
2671 3523 2776 3588 erit
2800 3521 2952 3592 quasi
2980 3521 3219 3591 positum
3269 3519 3395 3575 fun-

1807 3620 2121 3675 damentum
2149 3625 2209 3671 ut
2237 3617 2289 3670 in
2339 3631 2405 3672 eo
2429 3612 2888 3685 superaediticetur
2923 3611 3169 3685 quisquis
3211 3611 3395 3666 imita~

1806 3711 1955 3765 tione
2004 3708 2148 3763 illius
2215 3706 2564 3786 Optat-bonis
2616 3705 2730 3761 Deo
2792 3706 3003 3762 meritis
3059 3704 3390 3788 proximare.
3478 3778 3485 3785 .

1808 3810 1837 3840 η
1859 3799 2046 3856 Nullus
2070 3800 2137 3854 ab
2159 3799 2275 3870 ipso
2301 3799 2406 3854 erit
2445 3803 2735 3868 potestate,
2783 3797 2879 3854 sed
2901 3798 3111 3854 ratione
3137 3797 3400 3854 damnan-

1807 3893 1942 3960 dus;
1972 3905 2074 3947 nec
2099 3897 2284 3947 tamen
2321 3890 2398 3945 ita
2437 3889 2515 3945 illi
2553 3889 2839 3962 quisquam
2867 3888 3174 3960 familiaris,
3200 3897 3263 3947 ut
3285 3903 3392 3948 cecc

1927 4020 2028 4072 Sed
2053 4020 2145 4071 tibi
2169 4019 2366 4069 dimidio
2389 4015 2682 4072 constrictus
2705 4033 2978 4074 «minatus
2997 4033 3093 4074 ovo

1928 4083 2135 4146 i’onitur
2155 4085 2337 4146 exigua
2365 4081 2529 4132 feralis
2546 4095 2684 4134 coena
2709 4081 2904 4146 patella.

1928 4142 2052 4208 ipse
2069 4141 2346 4208 Venafrano
2366 4147 2547 4208 piscem
2569 4141 2820 4208 perfundit
2842 4159 2853 4193 :
2877 4151 2927 4195 at
2944 4146 3005 4208 is,
3024 4141 3110 4206 qui

1933 4206 2152 4270 Pallidus
2177 4206 2378 4270 affertur
2406 4211 2585 4257 misero
2605 4208 2694 4256 tibi
2718 4207 2888 4270 caulis,
2910 4207 3066 4270 olebit

1929 4265 2352 4333 Laterugmlllud
2374 4272 2506 4318 enim
2530 4269 2708 4333 vestris
2733 4265 2884 4333 datur'
2897 4269 3118 4333 alveolis,
3138 4270 3270 4332 quod

1929 4328 2091 4380 Canna
2118 4329 2425 4392 Micipsarum
2449 4343 2588 4392 prora
2605 4330 2836 4381 subvexit
2859 4336 3017 4379 acuta.

1882 4432 1904 4473 τ
1933 4431 2120 4486 Gradi.
2150 4433 2208 4487 In
2229 4433 2394 4488 citato
2416 4431 2644 4503 concilio
2673 4431 2876 4503 legitur
2894 4450 2914 4498 ι,
2931 4419 3332 4503 οναάίεηάιιω..

1882 4506 1907 4545 ε
1924 4503 2028 4558 Sed
2052 4513 2256 4565 cuncta,
2279 4520 2396 4572 qua:
2416 4513 2557 4557 sunt.
2577 4501 3041 4572 Deessevidentur
3057 4502 3172 4559 haec
3183 4505 3349 4559 verba
3369 4521 3386 4560 :

82 4590 199 4652 tia,
230 4588 280 4641 si
312 4589 777 4669 jejuniumﬂsuper
816 4571 1198 4669 quotidianum,
1233 4589 1308 4643 vel
1336 4571 1698 4669 a'bstinent‘ipm

1818 4577 1864 4669 ijn
1890 4574 2225 4629 monasterio.
2245 4571 2342 4628 vel
2367 4581 2515 4628 certe
2541 4573 2656 4628 haec
2676 4571 2861 4640 verba,
2888 4585 3005 4644 qua:
3028 4582 3171 4642 sunt,
3188 4575 3388 4631 redun-

79 4668 256 4729 extra
291 4657 729 4729 consuetudinem
761 4657 1071 4729 praecipere:
1098 4675 1188 4712 nec
1217 4675 1341 4724 non,
1392 4669 1447 4713 ut
1486 4657 1700 4724 assolet,

72 4728 218 4798 plus
239 4728 410 4782 solito
433 4730 489 4800 in
515 4729 700 4800 synaxi
722 4727 949 4800 psalmos
972 4728 1226 4800 placuerit
1254 4731 1553 4785 decantare.
1589 4729 1707 4785 Pri-

73 4797 218 4851 mus
245 4800 308 4852 in
335 4797 564 4852 ecclesia
594 4798 893 4852 inveniaris.
943 4845 946 4848 .

163 4880 193 4907 ο
243 4865 550 4922 Consensu.
594 4865 757 4936 Lege,
787 4885 1050 4934 consessu,
1089 4877 1149 4924 ut
1190 4870 1245 4925 in
1287 4869 1461 4940 capite
1488 4871 1707 4928 concilii

67 4941 295 4994 citato.
744 4993 746 4996 ,

151 5009 187 5049 ἀ
243 5007 294 5065 0
336 5021 510 5080 quam
555 5006 768 5084 pulchre
825 5007 970 5084 nobis
1021 5011 1388 5084 abstinentiam
1425 5012 1699 5084 praedicat.

58 5081 268 5136 Recte
297 5100 312 5136 :
339 5078 504 5147 nam,
533 5078 594 5136 ut
619 5079 696 5134 ait
719 5078 990 5135 Iuvenalis
1015 5089 1117 5137 sat.
1156 5083 1182 5135 1
1215 5101 1229 5136 :

555 5196 777 5248 Probitas
797 5195 1038 5260 laudatur,
1076 5202 1128 5246 et
1147 5196 1299 5260 alget.

59 5293 279 5356 Facile
310 5305 411 5382 est
440 5308 626 5382 satu-ro
643 5309 828 5382 ventre
848 5299 1195 5382 sobrietatem
1224 5299 1478 5382 laudare:
1525 5318 1543 5352 ‹
1579 5277 1701 5382 Pleé

59 5387 179 5444 rtus
200 5380 428 5426 venter
449 5371 607 5444 facile
625 5369 690 5427 de
711 5369 940 5444 jeju_niis_
950 5371 1206 5444 disputat,
1229 5393 1248 5426 ›
1282 5371 1455 5444 inquit
1481 5380 1702 5426 sanctus

61 5441 504 5514 liierognymus,
528 5443 685 5513 epist.
719 5439 784 5514 ad
813 5439 1113 5514 Paulinum.

138 5526 168 5551 ο
214 5507 618 5586 Εζεοηιεῃιόε
652 5509 787 5586 non__
797 5507 945 5583 jubet
979 5530 1107 5568 esse.
1160 5512 1258 5570 His
1297 5514 1431 5571 satis
1473 5511 1704 5586 quadrat

61 5598 232 5640 ocus
263 5581 595 5649 Juvenalis,
626 5593 727 5638 sat.
759 5581 830 5638 5':

192 5675 431 5739 ᾼςρὶοθ
454 5687 600 5739 quam
623 5676 768 5739 longo
790 5676 1037 5727 distendat
1057 5683 1260 5739 pectore
1279 5676 1467 5728 lancem

197 5737 348 5796 Quae
381 5737 550 5788 fertur
571 5737 764 5788 domino
784 5740 981 5802 squilla,
1010 5737 1071 5788 et'
1085 5741 1262 5801 quibus
1279 5740 1497 5802 undique
1517 5743 1669 5797 saepta

194 5802 515 5862 {asparagis
538 5813 550 5848 :
574 5813 666 5862 qua
685 5802 917 5862 despiciat
942 5803 1160 5851 convivia
1179 5801 1330 5851 cauda
1357 5840 1371 5862 ,
1481 5831 1485 5836 —

194 5860 369 5918 Dum
395 5860 544 5920 venit
562 5860 1009 5922 escelstslnanlbus
1029 5862 1220 5919 sublata
1243 5860 1471 5922 ministri.

1808 4648 1964 4708 dant.
2317 4705 2320 4709 ,
2567 4697 2570 4702 .
2755 4693 2762 4709 ί
2893 4699 2932 4709 λ.
3355 4701 3362 4708 .

1875 4718 1906 4757 h
1935 4703 2058 4770 Non
2086 4730 2237 4786 quem
2264 4705 2355 4767 tibi
2380 4713 2448 4768 ad
2466 4712 2715 4786 foculum.
2743 4705 2824 4768 Ita
2854 4707 2907 4768 in
2929 4703 3161 4771 concilio
3196 4703 3387 4778 citate.

1809 4789 1916 4844 Sed
1945 4786 2000 4842 in
2035 4785 2135 4840 ms.
2172 4795 2358 4858 nostro
2380 4785 2499 4840 cod.
2523 4785 2871 4858 obliteratum
2893 4795 3120 4858 apparet
3135 4788 3385 4855 verbum,

1810 4858 2062 4928 Servire:
2094 4857 2236 4928 quod
2259 4853 2852 4928 sauegrestituendum.
2926 4853 2981 4858 Π
3132 4923 3144 4928 _
3181 4911 3184 4914 .

1957 4921 2266 4990 Pra’p'onas.
2303 4921 2498 4983 Addidi
2537 4927 2642 4985 hoc
2665 4923 2891 4984 verbum
2916 4942 2989 4984 ex
3007 4923 3233 4999 praefato
3259 4942 3390 4984 con-

1842 5019 1857 5055 l
1885 5015 1953 5055 ιο.

1808 5015 1953 5058 (21110.

1882 5070 1896 5122 i
1935 5067 2127 5124 Abbas.
2159 5067 2287 5140 Haec
2330 5069 2598 5127 habentur
2636 5068 2695 5126 in
2716 5067 2910 5140 regula
2960 5067 3134 5127 sancti
3190 5069 3387 5140 lsidori

1807 5157 2005 5198 excusa
2056 5155 2172 5209 cap.
2204 5139 2255 5196 9.
2297 5139 2450 5207 Quod
2487 5149 2667 5196 autem
2699 5139 2888 5196 debeat
2910 5140 3078 5199 abbas
3105 5157 3226 5198 cum
3274 5139 3387 5196 fra-

1806 5212 1980 5267 tribus
2006 5210 2252 5276 reficere,
2283 5209 2454 5267 fusius
2480 5209 2619 5266 infra
2649 5209 3027 5279 disputabitur.

1880 5285 1905 5324 ιι
1939 5281 2333 5352 Simillimisque
2355 5281 2634 5352 alimentis,
2665 5290 2772 5352 etc.
2809 5279 3035 5352 Quidam
3061 5290 3244 5352 tamen
3283 5281 3388 5337 Pa-
3449 5327 3456 5334 .

1804 5363 1916 5410 tres
1943 5353 2098 5408 aliter
2119 5349 2446 5406 censuerunt
2468 5351 2695 5407 delicate
2721 5351 2778 5406 in
2798 5351 2999 5408 mundo
3019 5349 3270 5410 enutritis
3292 5354 3388 5408 ali-

1803 5422 2402 5496 quidindul_gcntes,de
2429 5438 2537 5494 quo
2570 5421 2736 5496 infra.

1883 5493 2003 5618 ξιιος
2026 5491 2280 5618 ablb'atem.
2307 5491 2530 5548 Videtur
2553 5491 2740 5549 deesse
2780 5493 3024 5560 verbum,
3055 5505 3274 5566 oportet,
3300 5494 3388 5548 vel

1883 5585 1895 5618 l
1960 5582 2079 5618 smn
2103 5581 2152 5618 8.
2947 5599 2954 5608 -
3374 5617 3377 5618 ,

1842 5568 1935 5622 uid
1960 5566 2152 5620 simile.
2947 5599 2954 5608 .
3373 5617 3378 5621 _

2011 5584 2100 5619 mu
2139 5604 2152 5618 ο
2947 5599 2954 5608 ι
3373 5617 3378 5621 .

1804 5584 2152 5692 quinariaan
2214 5636 2267 5690 in
2307 5635 2625 5707 correptione
2665 5635 2895 5691 modum.
2943 5634 3080 5694 Nam
3111 5636 3385 5707 correptio

1801 5724 1994 5768 sanare
2027 5709 2207 5768 debet,
2238 5723 2344 5762 non
2374 5707 2674 5778 vulnerare.
2715 5707 2848 5763 Vide
2877 5723 3058 5778 supra.
3417 5771 3420 5776 _

1872 5793 1900 5820 ιι
1930 5779 2125 5836 Nullus
2148 5779 2210 5833 ab
2234 5777 2467 5849 ipsorerit
2496 5785 2766 5847 potestate,
2788 5778 2878 5833 sed
2904 5777 3102 5834 ratione
3129 5779 3386 5834 damnan-

1731 5881 1736 5884 -
1801 5853 1920 5937 ctus.
1961 5851 2042 5911 Ex
2069 5851 2160 5936 bis.
2195 5848 2542 5935 manifestum
2571 5857 2790 5910 estnon
2828 5859 3081 5923 oportere
3107 5850 3388 5929 abbatem
