4048 6334
518 351 624 410 783

1554 349 1612 406 S.
1647 347 2007 406 BENEDICTI
2040 345 2333 406 ABBATIS
2369 347 2778 408 ΔΗΙΑΝΕΝὸιὸ

3674 344 3786 401 784

515 433 648 523 teris
668 466 790 538 plus
833 473 1156 538 praesumat;
1201 479 1376 537 neque
1399 465 1476 521 ita
1504 463 1757 530 on‘ensus,
1785 473 1846 521 ut
1879 464 1948 520 ad
1995 479 2091 520 ve-
2115 445 2274 529 A'res
2302 464 2477 520 Israel
2506 480 2526 519 :
2560 476 2586 506 ο
2630 461 2890 535 Nunquid
2934 461 3236 530 semetipsos
3282 466 3507 530 pascunt
3543 467 3785 530 pastores

513 557 663 611 niam
721 557 933 628 expleta
997 558 1320 614 contritione
1385 571 1492 611 non
1552 555 1757 610 redeat.
1822 554 2090 610 Convenit

516 663 752 719 namque
782 649 858 704 illi
895 665 1084 706 omnes
1119 649 1330 713 timere,
1358 648 1451 718 qui
1483 647 1702 701 timetur
1730 645 1798 701 ab
1823 645 2093 712 omnibus,

435 801 456 812 ί
512 746 739 809 totoque
761 741 941 797 studio
966 749 1127 810 atque
1153 737 1416 794 industria
1443 737 1748 807 providere,
1789 751 1859 791 ne
1901 735 2097 806 aliquis

511 845 579 886 ex
605 833 690 887 his
721 848 856 903 quos
884 832 1144 905 regendos
1175 829 1392 902 propria
1419 845 1552 885 cura
1575 828 1835 899 suscepit,
1866 827 2097 882 adverso

512 922 754 993 quolibet
776 939 904 979 casu
945 922 1185 978 discedat
1206 922 1271 977 de
1300 936 1546 976 numero.
1574 920 1644 974 Et
1690 920 1812 975 ideo
1841 918 2098 988 plurimis

510 1011 922 1070 medicamentis
945 1027 1168 1068 necesse
1193 1021 1276 1066 est
1302 1011 1452 1065 illum
1470 1009 1762 1065 subvenire
1804 1008 2099 1063 monacho-

512 1117 634 1156 rum
687 1101 1054 1173 languoribus,
1101 1107 1158 1154 et
1179 1097 1589 1170 aagritudinibus
1630 1099 1894 1152 mentium
1924 1110 2099 1152 reme-

510 1191 660 1247 dium
707 1207 852 1249 curae
896 1190 1160 1263 spiritalis
1192 1189 1410 1245 inferre.
1452 1189 1568 1244 Hoc
1592 1197 1696 1258 est,
1726 1188 1772 1244 si
1803 1189 2098 1258 superbum

514 1285 729 1352 viderit,
760 1285 877 1356 jugi
907 1283 1286 1340 exhortatione
1316 1282 1637 1338 humilitatis
1662 1281 1906 1353 porrigat
1927 1280 2101 1350 potio-

510 1390 666 1440 nem;
719 1374 766 1430 si
812 1373 1157 1440 iracundum,
1183 1373 1463 1444 patientiae
1501 1370 1580 1426 illi
1615 1370 1807 1427 afferat
1849 1384 2098 1441 unguen-

509 1471 655 1530 tum;
691 1463 737 1519 si
786 1464 1128 1520 mendacium
1185 1472 1505 1530 sectantem,
1536 1463 1782 1516 veritatis
1829 1461 2103 1516 ministret

509 1557 817 1614 antidotum
846 1575 860 1612 :
895 1557 1041 1613 beati
1069 1557 1126 1612 in
1153 1557 1258 1613 hoc
1288 1558 1406 1627 ipso
1427 1555 1671 1627 Apostoli
1698 1554 1920 1610 monitis
1955 1553 2102 1610 exci-

511 1654 680 1714 tatus,
720 1647 814 1718 (ᾐιί
841 1647 1010 1702 dicit:
1046 1646 1270 1702 Attende
1301 1648 1393 1701 tibi
1426 1656 1474 1701 et
1502 1647 1757 1700 doctrina
1786 1685 1802 1711 ,
1848 1645 1989 1699 insta
2043 1647 2100 1698 in

508 1739 641 1796 illis.
677 1738 794 1794 Hoc
831 1740 970 1794 enim
1001 1738 1199 1810 faciens
1247 1749 1294 1793 et
1342 1740 1562 1810 teipsum
1588 1737 1791 1792 salvum
1820 1738 2005 1808 facies,
2050 1746 2100 1791 et

511 1848 601 1887 eos
629 1832 719 1903 qui
740 1841 789 1886 te
811 1831 1036 1886 audiunt
1077 1829 1131 1904 (I
1164 1829 1299 1884 Tim.
1335 1809 1434 1903 tv).
1467 1830 1536 1884 Et
1559 1830 1758 1885 iterum
1801 1829 1870 1884 ad
1919 1830 2102 1885 Timo-
2129 1809 2178 1869 Β

512 1925 702 1981 tbeum
726 1943 739 1978 :
769 1923 1025 1978 Formam
1062 1924 1195 1978 habe
1223 1941 1472 1979 sanorum
1510 1923 1804 1983 verborum.
1827 1940 1946 1994 qua:
1967 1941 1999 1978 a
2022 1941 2104 1980 me

513 2016 710 2070 audisti
739 2017 797 2069 in
817 2015 922 2084 ﬁde
947 2025 995 2069 et
1019 2014 1293 2070 dilectione
1309 2016 1364 2069 in
1387 2014 1594 2069 Christo
1611 2013 1741 2070 Iesu
1769 2014 1850 2086 (II
1874 2014 2008 2070 Tim.
2039 2016 2101 2085 ι).

510 2105 582 2163 Ει
610 2108 807 2163 iterum
837 2124 851 2161 :
880 2105 958 2159 Tu
985 2123 1102 2161 vero
1130 2105 1304 2177 vigila,
1357 2107 1413 2160 in
1455 2107 1694 2161 omnibus
1739 2105 1944 2171 labora,
1974 2122 2104 2176 opus

514 2197 601 2267 {ac
622 2195 974 2268 evangelicae,
1001 2196 1354 2252 ministerium
1381 2207 1528 2251 tuum
1551 2196 1710 2268 imple
1733 2195 1816 2268 (11
1845 2195 1979 2250 Tim.
2003 2195 2102 2268 tv).

515 2287 786 2344 Similiter
821 2295 876 2343 et
902 2289 1094 2344 beatus
1115 2287 1309 2344 Petrus
1338 2289 1584 2344 scribens
1613 2306 1626 2342 :
1659 2285 1901 2342 Seniores
1928 2288 2020 2359 qui
2051 2288 2108 2343 in

511 2380 658 2436 vobis
692 2389 814 2435 sunt
840 2371 1049 2435 obsecro
1075 2379 1370 2446 consenior,
1408 2391 1457 2434 et
1485 2380 1631 2435 testis
1672 2379 1870 2434 Christi
1897 2379 2108 2451 passio-

515 2489 667 2538 num,
696 2482 744 2527 et
764 2473 879 2543 ejus
901 2490 1017 2544 qua:
1047 2473 1253 2543 incipiet
1281 2473 1501 2527 revelari
1525 2486 1551 2514 ι
1580 2472 1764 2544 gloria:
1792 2474 1991 2540 socius,
2014 2490 2110 2544 pa-

515 2565 646 2619 scite
667 2565 758 2635 qui
791 2565 848 2618 in
895 2564 1035 2619 vobis
1060 2575 1134 2620 est
1159 2581 1363 2635 gregem
1391 2564 1490 2620 Dei
1518 2565 1570 2637 (Ι
1617 2563 1763 2620 Petr.
1795 2565 1872 2638 v).
1905 2565 1974 2620 Et
2021 2566 2112 2620 ad-

518 2654 691 2710 didit:
723 2653 904 2724 Neque
925 2656 1078 2726 quasi
1102 2655 1432 2711 dominantes
1472 2657 1528 2712 in
1556 2658 1719 2724 clero,
1752 2655 1782 2696 ι’
1807 2657 1898 2712 sed
1938 2656 2112 2726 forma

519 2755 680 2801 estote
705 2763 883 2818 gregi,
910 2756 968 2801 ut
1021 2765 1139 2803 cum
1189 2750 1492 2820 apparuerit
1541 2751 1780 2822 princeps
1818 2760 2110 2822 pastorum,

521 2846 548 2877 ε
561 2838 866 2908 percipiatis
881 2837 908 2877 ἀ
932 2837 1082 2893 illam
1107 2840 1353 2909 ﬂoridam
1375 2850 1422 2896 et
1444 2841 1919 2897 immarcessibilem
1931 2841 2114 2912 gloria:

521 2947 772 2986 coronam
819 2929 1033 3002 (Ibid.).
1063 2929 1329 2988 Jeremias
1383 2949 1600 3004 quoque
1647 2933 2026 2988 sanctissimus
2057 2934 2114 2989 in

519 3035 757 3093 persona
803 3019 1022 3076 Domini
1047 3021 1160 3076 ait:
1191 3021 1342 3077 Dabo
1371 3023 1509 3078 vobis
1550 3033 1786 3095 pastores
1827 3023 2116 3077 secundum

525 3129 621 3167 cor
658 3127 852 3178 meum,
885 3120 934 3166 et
986 3123 1198 3183 poscent
1248 3130 1335 3168 vos
1361 3114 1580 3168 scientia
1602 3124 1650 3168 et
1671 3113 1918 3168 doctrina
1969 3111 2111 3184 (Jer.

2197 555 2412 626 (Ezech.
2455 554 2677 626 xxxrv)?
2718 553 2788 608 Et
2829 551 3115 623 adiungit:
3154 550 3174 590 ί
3225 549 3303 606 0b
3353 551 3472 613 hoc,
3521 560 3786 620 pastores,

2196 647 2374 701 audite
2402 646 2614 701 uerbum
2635 643 2869 698 Domini.
2892 642 3022 698 Htec
3042 642 3170 696 dicit
3200 644 3225 683 ε
3247 640 3456 696 Αάοηαί
3477 641 3742 695 Dominus
3768 653 3788 692 :
3853 695 3856 698 .

2194 736 2332 791 Ecce
2365 752 2458 807 ego
2487 737 2594 806 ipse
2628 735 2697 789 ad
2725 745 2982 806 pastores,
3029 744 3078 788 et
3104 735 3368 805 requiram
3397 733 3426 773 ιι
3471 749 3592 786 oves
3639 747 3793 785 meas

2204 828 2232 894 ί,
2248 829 2312 882 de
2336 829 2576 883 manibus
2607 844 2788 882 eorum
2831 826 3044 900 (Ibid.).
3096 827 3357 880 Dominus
3380 840 3512 880 vero
3560 825 3709 879 idem
3733 825 3791 878 in

2197 917 2488 989 Evangelia
2505 917 2518 969 i
2543 918 2762 973 Petrum
2775 917 3142 988 apostolorum
3155 915 3472 986 principem,
3489 915 3537 969 si
3557 929 3619 968 se
3641 929 3797 967 ama-

2196 1016 2302 1074 ret,
2340 1009 2701 1080 interrogans,
2751 1006 2998 1077 adjungit
3025 1025 3040 1060 :
3085 1005 3254 1060 Pasce
3282 1021 3398 1059 oves
3428 1020 3570 1058 meas
3597 1002 3790 1074 (Joan.

2197 1099 2335 1170 ιιι).
2366 1099 2707 1156 Manifest
2730 1105 2815 1154 est
2862 1113 3010 1170 ergo,
3038 1096 3230 1163 frater,
3280 1095 3527 1166 quisquis
3549 1105 3795 1164 praeses:

2197 1180 2401 1245 videris
2446 1190 2752 1256 monachis,
2791 1204 3047 1261 magnum
3086 1189 3184 1244 tibi
3210 1202 3308 1258 per
3332 1188 3596 1242 honorem
3649 1199 3796 1241 onus

2199 1280 2530 1350 impositum,
2559 1282 2636 1336 ita
2663 1289 2746 1348 ut,
2768 1297 2890 1336 cum
2917 1280 3179 1353 dignitate
3205 1280 3281 1336 sis
3302 1281 3532 1350 primus,
3556 1279 3798 1335 desudes

2199 1370 2440 1425 omnium
2466 1371 2706 1442 pondere
2731 1372 3056 1426 sarcinatus.
3079 1369 3310 1440 Propter
3330 1369 3474 1440 quod
3512 1371 3652 1424 recti
3707 1370 3800 1425 iti-

2199 1462 2349 1518 neris
2376 1477 2537 1520 curre
2559 1464 2812 1518 semitam
2841 1479 2961 1534 qua:
3006 1463 3074 1519 ad
3097 1461 3293 1518 caelum
3318 1462 3588 1533 perducit,
3624 1473 3683 1516 et
3715 1463 3800 1518 ire

2201 1554 2428 1610 ostende
2453 1555 2604 1626 gregi
2631 1554 2956 1610 inoffensum
2971 1553 3186 1619 callem,
3203 1562 3258 1609 et
3279 1554 3588 1609 sanctitatis
3610 1553 3640 1593 ιε
3668 1568 3799 1608 eum

2203 1659 2420 1715 quoque
2441 1646 2691 1716 passibus
2719 1645 2998 1701 antecede.
3045 1644 3224 1714 Atque
3248 1646 3324 1700 ita
3351 1645 3530 1711 stude,
3579 1653 3644 1700 ut
3687 1660 3802 1700 non

2205 1744 2354 1791 erret
2377 1737 2685 1807 quicunque
2721 1744 2774 1792 te
2821 1737 3010 1793 ducem
3053 1735 3310 1808 gradibus
3341 1736 3666 1791 imitationis
3719 1737 3802 1791 in-

2205 1828 2453 1896 sequitur
2482 1845 2496 1883 :
2525 1836 2587 1882 ut
2635 1827 2868 1884 videaris
2916 1827 3224 1898 apostolica:
3257 1828 3463 1882 monita
3507 1829 3803 1882 sententiae

2206 1917 2527 1988 complesse,
2555 1933 2677 1988 quae
2720 1918 2923 1973 habet:
2965 1917 3290 1988 Exemplum
3315 1927 3423 1972 esto
3463 1916 3708 1986 ﬁdelium
3749 1919 3806 1972 in

2205 2008 2378 2072 uerbo,
2408 2009 2464 2063 in
2490 2010 2898 2075 conversatione,
2924 2009 2981 2062 in
3011 2009 3290 2074 charitate,
3313 2009 3370 2063 in
3398 2009 3523 2078 ﬁde,
3553 2009 3612 2063 in
3643 2012 3807 2064 casti-

2207 2106 2314 2153 tate
2340 2099 2395 2170 (Ι
2424 2097 2558 2153 Tim.
2595 2097 2692 2171 tv).
2740 2099 2809 2154 Et
2838 2099 3080 2154 iterum:
3127 2098 3360 2154 Sollicite
3400 2115 3534 2153 cura
3578 2101 3804 2170 teipsum

2206 2189 2524 2262 probabilem
2578 2191 2816 2246 exhibere
2863 2190 2974 2246 Deo
3021 2191 3320 2262 operarium
3347 2190 3800 2260 inconfusibilem,

2209 2296 2346 2344 recte
2370 2297 2680 2343 tractantem
2713 2287 2925 2343 uerbum
2967 2287 3201 2342 ueritatis
3229 2285 3314 2359 (ΙΙ
3341 2285 3477 2341 Tim.
3504 2286 3593 2357 ιι).
3647 2287 3805 2342 Hunc

2211 2379 2393 2450 itaque
2421 2379 2539 2446 tibi,
2586 2379 2774 2445 abbas,
2809 2377 2829 2418 ι
2869 2378 3108 2446 titulum,
3159 2387 3220 2432 ut
3267 2378 3700 2449 praetermissum
3750 2388 3805 2434 te

2210 2489 2461 2530 sermone
2487 2473 2685 2543 regula:
2708 2487 2817 2528 non
2843 2472 3050 2539 doleas,
3072 2472 3260 2542 sicque
3283 2487 3451 2526 unum
3475 2479 3529 2526 te
3553 2486 3623 2526 ex
3669 2486 3804 2526 con-

2211 2565 2524 2638 gregatione
2544 2579 2860 2637 cognoscas,
2887 2564 3042 2633 quasi
3075 2563 3410 2634 peculiarius
3431 2573 3760 2626 annotamus
3782 2580 3800 2617 :

2211 2665 2513 2723 monentes,
2565 2671 2661 2712 seu
2711 2670 2892 2712 coram
2944 2654 3055 2710 Deo
3099 2655 3469 2722 obsecrantes,
3525 2663 3589 2709 ut
3619 2655 3808 2710 Illhaec

2211 2747 2393 2804 omnia
2417 2746 2647 2802 ferventi
2679 2745 2878 2811 studio,
2909 2744 3074 2800 etiam
3099 2754 3129 2782 ιι
3156 2754 3348 2801 caetera
3372 2754 3598 2818 propter
3622 2760 3836 2804 exem-.

2212 2839 2381 2912 plum,
2407 2853 2528 2910 quae
2551 2837 2774 2908 reliquis
2793 2844 2922 2892 sunt
2956 2835 3122 2902 dicta,
3161 2837 3458 2892 custodias.

2270 2950 2299 3022 ᾗ
2329 2949 2445 3005 XV.
2471 2976 2542 2989 -—
2572 2948 2655 3006 Ex
2692 2948 2911 3091 Recqu
2949 2963 3137 3090 sugg;
3174 2948 3477 3005 Annaeum
3515 2945 3758 3008 Episcort

2879 3036 2996 3090 cap.
3138 3059 3152 3072 .

2879 3036 2996 3090 cap.
3039 3036 3152 3090 oo).

2291 3120 2316 3150 °
2345 3112 2576 3170 Sanctus
2616 3111 2782 3169 abbas
2819 3118 2974 3169 extra
3014 3112 3492 3184 congregationem
3533 3129 3647 3171 non
3685 3129 3810 3171 ma-

520 3201 630 3274 ιιι).
663 3201 733 3257 Et
750 3202 949 3257 iterum
978 3181 996 3256 ξ
1022 3201 1154 3258 Htec
1175 3202 1302 3258 dicit
1321 3202 1530 3292 Adonei
1555 3203 1813 3259 Dominus
1835 3204 1904 3259 ad
1928 3181 2108 3275 pasto-
2140 3181 2186 3246 (ἶ
2215 3216 2364 3264 neat.

521 3335 604 3390 uti
630 3333 802 3390 libera
847 3341 905 3390 et
949 3335 1194 3390 absoluta
1241 3343 1525 3405 potestate,
1557 3336 1652 3392 sed
1679 3336 1860 3392 omnia
1904 3335 2113 3392 ratione

522 3405 725 3478 metiri,
754 3412 816 3460 ut
843 3414 1027 3461 monet
1051 3413 1272 3478 sanctus
1294 3405 1633 3478 Benedictus,
1666 3423 1784 3478 cap.
1821 3407 1920 3460 ’Νι
1954 3424 1973 3457 t
2005 3407 2110 3474 Qui

523 3475 846 3549 abbashnon
871 3476 1158 3532 conturbet
1194 3492 1418 3549 gregem
1451 3477 1553 3533 sibi
1580 3475 1963 3549 commissum,
1989 3492 2114 3549 inec

563 3547 680 3602 uasi
701 3546 872 3603 libera
889 3555 1044 3618 utens
1066 3545 1331 3618 potestate
1348 3545 1544 3616 injuste
1563 3547 1814 3618 diSponat
1833 3548 2056 3616 aliquid.
2085 3567 2104 3601 ι

572 3625 594 3672 t
627 3626 849 3700 sanctus
880 3616 1187 3700 Qrsiesius;
1207 3636 1240 3700 ἐ
1271 3617 1351 3674 Ne
1389 3616 1686 3674 abutamitii
1719 3627 2026 3700 potestate”
2050 3618 2106 3672 in

524 3689 799 3757 superbia.
838 3706 858 3740 ι
884 3688 954 3742 Et
975 3689 1273 3759 Ezechielis
1294 3703 1414 3759 cap.
1441 3705 1606 3743 xxxrv
1626 3688 1782 3744 malis
1808 3689 2114 3759 pastoribus

527 3759 891 3830 exprobratur
920 3777 934 3809 :
967 3758 1074 3814 Sed
1087 3775 1215 3830 cum
1239 3758 1546 3830 austeritate
1567 3758 1904 3830 imperabatis
1925 3771 1971 3813 et
1995 3775 2113 3830 cum

522 3829 776 3899 potentia.
827 3829 896 3882 Et
939 3829 1202 3897 praeclare
1251 3844 1381 3884 sane
1433 3828 1801 3885 Theodericus
1831 3845 1925 3884 rex
1972 3829 2113 3899 apud

525 3895 908 3970 Cassiodorum
940 3895 1089 3970 ’lib.t
1118 3899 1245 3970 var.
1277 3915 1362 3970 ep.
1392 3899 1493 3952 12:
1523 3918 1541 3950 ‹
1572 3899 1638 3953 Et
1663 3915 1972 3970 quanquam
2006 3895 2116 3970 'pof

526 3967 717 4039 testati
753 3978 976 4039 nostrae,
1005 3969 1116 4023 Deo
1161 3967 1398 4034 favente,
1443 3967 1721 4039 subjaceat
1769 3967 1930 4023 omne
1970 3967 2115 4036 quod

525 4036 796 4103 volumus,
825 4036 1156 4092 voluntatem
1185 4047 1367 4092 tamen
1387 4036 1628 4093 nostram
1661 4039 1729 4093 de
1761 4039 1970 4092 ratione
1994 4053 2107 4092 me-

528 4106 728 4171 timur;
789 4114 850 4180 u_t
888 4107 1016 4160 illud
1067 4109 1241 4178 magis
1301 4110 1628 4180 aestimemus
1671 4109 1922 4180 elegisse,
1972 4108 2115 4176 quod

531 4177 1008 4250 cunelpsdignum
1037 4185 1130 4250 est
1148 4177 1465 4250 approbare.
1505 4199 1522 4231 ι
1556 4179 1634 4250 Ita
1659 4194 1717 4233 se
1744 4177 1967 4250 gerebat
1990 4194 2116 4250 san-

530 4255 653 4329 ctus
683 4245 998 4329 Fulgentius
1049 4245 1331 4370 episcopus
1369 4247 1682 4320 Ruspensis,
1730 4245 1771 4300 ι’
1793 4250 1886 4319 qui
1929 4250 2010 4319 (ut
2061 4249 2114 4328 in

530 4332 650 4370 eius
680 4317 834 4370 Actis
863 4319 1113 4370 habeturl
1159 4335 1230 4370 nu
1257 4319 1323 4370 lis
1349 4334 1472 4370 cum
1525 4320 1689 4370 tvnho
1731 4320 2114 4370 dominationis

529 4317 650 4389 ejus
677 4317 834 4389 Actis
863 4319 1113 4388 habetur)
1159 4317 1323 4374 nullis
1349 4317 1501 4373 cuni
1525 4320 1689 4389 typho
1731 4317 2115 4374 dominationis

529 4387 826 4460 saecularis,
867 4387 1116 4460 quamvis
1142 4389 1413 4460 parvulis,
1457 4387 1774 4458 imperabat.
1813 4411 1830 4442 ›
1865 4390 1948 4444 Sit
1986 4404 2114 4460 ergo

528 4458 721 4525 abbas,
751 4469 812 4514 ut
837 4457 904 4514 de
933 4457 1111 4514 Nerva
1138 4457 1464 4528 imperatore
1487 4457 1678 4516 scribit
1698 4460 1993 4528 Ausonius,

962 4572 1197 4634 Princeps
1213 4573 1435 4636 nomine,
1460 4579 1627 4624 mente
1651 4585 1843 4637 parens.

526 4670 767 4795 interna
811 4677 1223 4733 mansuetudine
1269 4677 1520 4747 imperet,
1556 4691 1667 4732 non
1719 4675 1872 4747 regio
1925 4693 2114 4748 super-

565 4759 677 4795 ιιο.

530 4757 677 4799 (3111οο

604 4827 631 4854 ι
657 4813 853 4870 Gloria:
883 4815 1075 4869 socius.
1119 4817 1178 4870 In
1223 4818 1472 4873 versione
1531 4816 1804 4872 communi
1853 4831 1868 4871 :
1918 4814 2112 4874 Gloria:

531 4887 963 4956 communicatur.
993 4885 1053 4939 In
1088 4894 1235 4941 textu
1262 4887 1451 4943 Graeco
1475 4889 1624 4954 δόξης
1652 4889 1902 4954 κοινωνὸς,
1930 4888 1984 4944 id
2007 4897 2111 4956 est,

528 4953 714 5022 gloriae
747 4955 1050 5026 particeps;
1080 4956 1154 5011 ita
1183 4966 1262 5021 ut,
1291 4953 1722 5023 communicator,
1758 4953 2006 5014 sumatur
2027 4953 2113 5015 in;

528 5027 836 5102 transitive,
869 5036 927 5102 u_t
953 5026 1504 5102 aliquando__ve_rbum
1530 5031 1872 5084 communico.
1903 5030 2114 5102 Itaque,

527 5097 724 5171 socius,
751 5097 855 5171 hoc
898 5097 1016 5152 loco
1039 5097 1176 5151 nihil
1212 5097 1356 5152 aliud
1381 5109 1465 5171 est
1489 5114 1650 5168 quam
1675 5102 1968 5171 particeps.

529 5233 544 5246 .
664 5165 769 5246 sed
795 5168 970 5246 {arma
1001 5177 1167 5246 estote
1201 5170 1479 5246 gregis._ln
1508 5165 1745 5246 editione
1776 5165 2025 5244 Vulgata,
2057 5179 2118 5227 ut

528 5237 586 5288 in
613 5245 762 5311 te_x_tu
789 5237 981 5294 Graeco
1014 5257 1026 5292 :
1061 5237 1167 5311 sed
1193 5237 1362 5311 forma
1389 5241 1417 5310 f
1419 5243 1521 5294 acti
1547 5243 1736 5311 gregis.

561 5374 574 5386 .
604 5315 628 5343 ο
660 5304 1073 5386 Ut_percipiat_is.
1101 5309 1160 5362 In
1187 5304 1423 5364 editione
1449 5304 1672 5382 Vulgata
1707 5325 1722 5364 :
1754 5311 1826 5365 Et
1855 5312 2113 5384 percipie-

531 5377 622 5439 tis,
649 5385 710 5430 ut
730 5377 782 5430 in
807 5387 952 5434 textu
979 5379 1191 5436 Graeco.

598 5444 1077 5525 {lllamﬂoridam
1105 5461 1173 5505 et.
1203 5450 1330 5525 Haec
1359 5451 1519 5507 verba
1569 5467 1676 5525 non
1723 5453 1929 5525 suntin
1978 5454 2109 5525 Epi-

526 5516 666 5571 stola
689 5515 853 5599 Petri.
884 5518 1072 5590 Itaque
1102 5531 1232 5599 puto
1258 5523 1356 5578 hos
1383 5531 1564 5578 textus
1606 5523 1802 5580 citatos
1846 5515 2111 5581 fuisse'ex

527 5592 812 5654 memoria,
852 5605 960 5644 non
994 5605 1062 5645 ex
1096 5592 1302 5647 codice.
1843 5613 1853 5622 '
2121 5623 2128 5628 ι

603 5667 628 5696 ο
653 5657 908 5738 Nunquid
933 5663 1232 5738 semetipsos
1254 5674 1473 5738 pascunt
1497 5675 1730 5738 pastores
1755 5666 1780 5718 ?
1809 5663 1889 5720 lla
1935 5666 1989 5721 in
2015 5665 2112 5722 Se-

524 5733 806 5806 ptuaginta
831 5746 843 5780 :
871 5737 946 5806 Μῄ
975 5733 1324 5806 βόσκουσινίοί
1356 5733 1586 5804 ποιμένες
1616 5737 1866 5802 ἑαυτοὺς;

606 5794 626 5836 ί
663 5794 742 5852 0b
765 5797 884 5853 hoc.
913 5794 984 5886 ln'
1002 5805 1277 5886 communi
1303 5794 1590 5864 versione:
1624 5794 1928 5881 Propterea.

2289 3343 2315 3382 8
2345 3338 2572 3394 Adonei.
2603 3338 2676 3396 Ut
2697 3339 2752 3393 in
2780 3345 2933 3394 textu
2957 3336 3245 3394 Hebraico.

2283 3411 2313 3484 1}
2332 3408 2474 3484 pves
2502 3427 2663 3484 meas.
2696 3408 2767 3465 Ut
2790 3409 2844 3463 in
2874 3416 3023 3484 ιρι-ιιι
3045 3408 3238 3484 Graeco
3266 3409 3366 3484 ετῤ
3385 3405 3630 3484 πρόϐατᾷ
3671 3429 3807 3484 pag.

2293 3479 2398 3534 iDe
2417 3481 2657 3535 manibus
2702 3495 2901 3534 eorum.
2953 3479 3032 3535 Ita
3059 3479 3116 3535 in
3149 3487 3304 3535 textu
3325 3477 3552 3534 (ἔπι-τὲως
3593 3477 3815 3536 inae-3's

2219 3559 2411 3628 χηριῇν
2447 3554 2634 3609 αὐτῶν.

2289 3618 2322 3673 i'
2347 3621 2564 3676 Petrum
2611 3622 2730 3676 sise
2775 3628 2911 3692 amet
2963 3622 3314 3692 interrogans,
3344 3631 3449 3692 etc.
3484 3618 3604 3676 Non
3651 3621 3813 3692 prius

2214 3692 2562 3764 constituitur
2572 3702 2759 3764 pastor
2783 3690 3374 3764 universalisE'cclesim
3395 3691 3618 3764 Petrus,
3639 3690 3810 3764 quam

2215 3778 2275 3819 se
2294 3760 2592 3834 Dominum
2637 3777 2820 3817 amare
2867 3770 2949 3816 ter
2989 3763 3307 3834 proﬁteatur
3335 3781 3348 3815 :
3379 3763 3504 3834 quia
3527 3760 3809 3834 Christus,

2217 3833 2304 3890 cui
2334 3832 2490 3888 ovilis
2512 3832 2593 3904 sui
2621 3848 2749 3887 cura
2772 3847 2967 3904 magna
2987 3832 3089 3904 est,
3131 3832 3275 3887 illius
3306 3833 3550 3904 regimen
3571 3833 3620 3886 ei
3659 3847 3814 3888 com-

2214 3904 2383 3969 misit,
2414 3904 2505 3973 qui
2542 3899 2710 3958 Deum
2762 3899 2888 3971 prce
2911 3903 3122 3958 cmteris
3149 3899 3409 3973 apostolis
3459 3912 3697 3973 amaret,
3751 3911 3815 3955 ut

2218 3982 2367 4029 recte
2395 3971 2552 4028 docet
2585 3983 2806 4029 sanctus
2833 3973 3092 4043 Eulogius
3143 3971 3430 4043 episcopus
3475 3971 3815 4043 Alexandri-

2217 4060 2324 4119 nus
2365 4044 2458 4098 lib.
2493 4060 2554 4098 ιιι
2596 4051 2783 4119 contra
2824 4042 3204 4119 Novatianos’:
3245 4042 3302 4119 :0
3344 4046 3444 4118 γὰρ
3476 4044 3572 4119 Δτὸν
3621 4042 3814 4119 pili-pa,»

2215 4115 2383 4185 πολλῷ
2433 4119 2562 4190 πρὸς
2619 4115 2702 4190 τρν
2759 4112 3010 4190 δεσπότηη
3051 4111 3424 4190 Δτῖιιιοιιιτιςόμειᾷιξῖ
3469 4111 3698 4190 ἐφισιςῷη
3735 4111 3816 4184 “ea

2215 4182 2484 4257 ποιμὺἰῳξ
2503 4192 2595 4260 tria
2639 4186 2916 4260 ὅσην-περὶ
2953 4187 3019 4260 re}
3051 4185 3229 4260 λογικὰ
3260 4182 3508 4260 ἄςρόϐατρί
3524 4222 3542 4260 _,
3585 4182 3816 4260 ὂιάθξσὼ

2219 4255 2536 4332 Ι[τόιρὶστῆτλσιν
2575 4255 2942 4332 ἀηᾳμφιϐὀλῲς·
2985 4255 3072 4332 διᾴ
3109 4255 3206 4332 ἑήν(
3241 4255 3394 4332 αὐέτρ
3431 4256 3600 4332 αἰτίαν
3639 4257 3818 4332 epiros

2218 4324 2523 4401 ipgbtq'i,_rtiu
2567 4324 2739 4401 πολᾈήἶδ
2778 4330 2898 4400 περὶ
2938 4329 3003 4380 τὰ
3040 4326 3217 4398 λογικά
3250 4325 3491 4401 πρόϐατα
3519 4324 3817 4401 inquaeth

2219 4393 2600 4468 ὶὶθδιιὲνύμενος,
2625 4396 2681 4468 it_l
2700 4403 2802 4468 est,
2829 4393 3150 4468 praeponens
3177 4393 3324 4465 gregi
3346 4409 3494 4458 eum,
3516 4395 3610 4462 qui
3640 4393 3821 4446 Inaxio

2219 4482 2309 4521 mo
2346 4464 2531 4521 amore
2569 4467 2622 4520 in
2651 4464 2956 4520 Dominum
2980 4464 3338 4520 inflammatus
3382 4472 3522 4530 erat,
3567 4478 3816 4518 amorem

2139 4539 2194 4599 D
2218 4552 2377 4608 quem
2409 4538 2464 4590 in
2495 4549 2622 4590 oves
2639 4536 2884 4608 habebat
2935 4535 3204 4608 exhibuit,
3229 4543 3287 4608 et
3310 4549 3533 4608 prop'er
3557 4533 3816 4608 eamdem

2217 4602 2437 4662 causam
2459 4608 2619 4672 tertio
2635 4607 2950 4677 interrogat,
2965 4605 3190 4662 multam
3204 4602 3350 4660 circa
3371 4602 3670 4659 rationales
3682 4619 3824 4660 oves

2217 4692 2407 4734 curam
2435 4677 2747 4732 ostendens.

2290 4747 2317 4818 ξι
2341 4747 2481 4818 Eum,
2505 4763 2726 4818 quoque
2761 4743 2904 4818 Leue
2928 4764 2941 4800 =
2972 4743 3235 4818 Eumque-

2294 4816 2312 4856 1
2342 4815 2594 4872 Titulu'm.
2620 4815 2852 4887 'Titulus
2870 4817 2972 4871 hoc
2991 4815 3111 4872 loco
3126 4815 3367 4872 sumitur
3391 4831 3491 4886 pro
3510 4817 3700 4887 capite
3724 4823 3824 4870 aut

2217 4889 2454 4960 capitulo
2484 4887 2708 4956 alicujus
2736 4885 2878 4960 libri.

2289 4955 2329 4999 in
2356 4958 2486 5013 Htec
2509 4965 2705 5014 omnia.
2724 4959 2854 5025 Quae
2876 4956 2932 5012 in
2959 4956 3062 5015 hoc
3089 4957 3264 5026 titulo,
3287 4972 3385 5015 seu
3404 4956 3583 5028 capite
3604 4955 3826 5028 scripta

2217 5042 2365 5087 sunt.

2291 5113 2318 5140 ιι
2345 5103 2567 5156 Cretera.
2604 5099 2663 5172 ln
2679 5100 2876 5172 regula
2903 5099 3216 5172 constituta.

2291 5179 2316 5208 °
2342 5172 2572 5228 Sanctus
2601 5167 2780 5226 abbas'.
2799 5170 2932 5242 illac
2959 5171 3110 5226 brevi
3137 5171 3358 5242 quidem
3388 5168 3688 5242 sententia,
3723 5167 3832 5224 sed

2216 5243 2355 5308 utili,
2387 5242 2700 5314 praecipitur
2728 5241 2930 5307 abbati,
2955 5249 3022 5314 ut
3048 5240 3264 5314 maneat
3288 5241 3342 5296 in
3369 5240 3741 5314 monasterio,
3770 5247 3834 5314 et

2216 5329 2358 5384 aegre
2384 5309 2474 5369 illo
2505 5309 2700 5384 eieat:
2732 5319 2802 5384 ut
2821 5312 2994 5384 possit
3025 5312 3294 5368 nimirum
3312 5312 3564 5367 omnibus
3590 5309 3833 5384 exerci-

2215 5381 2304 5440 tiis
2339 5401 2445 5439 una
2475 5399 2600 5439 cum
2631 5383 2891 5438 fratribus
2927 5383 3224 5453 interesse,
3263 5397 3358 5438 eos
3389 5397 3485 5438 sua
3513 5381 3836 5453 prementia

2214 5470 2438 5526 urgere,
2470 5464 2524 5510 et
2549 5453 2796 5526 exemplo
2826 5451 3124 5526 stimulare,
3157 5450 3682 5526 eorumqueculpas
3716 5452 3834 5526 9b-

2215 5521 2468 5592 servare,
2521 5535 2576 5581 et
2625 5521 2934 5596 prudenter;
2961 5524 3261 5596 corrigere.
3319 5521 3588 5596 Quodsi
3615 5521 3839 5596 stricte

2213 5598 2534 5652 observetur
2559 5636 2574 5661 ,
2621 5592 2808 5650 nescio
2846 5594 2976 5664 quid
3016 5592 3289 5650 salubrius
3319 5593 3386 5649 ad
3424 5592 3660 5664 salutem
3697 5592 3840 5645 ani-

2214 5682 2459 5734 marum,
2499 5675 2556 5720 et
2592 5666 2660 5721 ad
2697 5661 2998 5734 disciplinae
3035 5665 3301 5734 regularis
3328 5661 3840 5720 conservationem

2213 5738 2560 5807 prmstantius
2587 5737 2819 5807 inveniri
2854 5743 3051 5807 potest.
3098 5734 3242 5791 Nihil
3271 5749 3425 5806 aeque
3452 5735 3682 5807 domum
3703 5747 3842 5807 _au-

2215 5802 2304 5882 get
2342 5824 2420 5899 ac
2446 5809 2594 5899 ditat.
2609 5815 2710 5897 _ut.
2734 5802 2938 5896 domini
2980 5807 3302 5892 praesentia,
3335 5802 3840 5884 quemadpodum
