3952 6314
260 375 359 432 789
1266 371 1653 430 CONCORDIA
1691 371 2142 428 REGULARUM.
2182 401 2254 412 —
2290 374 2440 430 CAP.
2477 374 2544 428 ν.
3387 371 3497 432 790

255 490 348 546 sed
375 487 542 544 etiam
568 487 804 543 animam
849 502 1019 554 suam,
1071 487 1569 558 memor‘prtecepti
1610 487 1822 542 Domini
1849 495 1902 556 Α
1925 501 2020 542 ore
2056 487 2359 552 laudabilis,
2389 487 2628 552 omnium
2660 484 2940 542 desideriis
2988 483 3266 540 imitabilis
3312 499 3495 542 exem-

253 597 316 638 ac
336 580 431 638 Dei
455 579 628 634 nostri
667 578 922 651 (licentislz
970 579 1284 644 Mandatum
1320 595 1508 634 novum
1545 579 1613 633 do
1656 578 1818 645 uobis,
1923 576 2032 649 plo.
2057 577 2141 632 Sit
2169 579 2449 634 charitatis
2471 576 2843 632 benevolentia
2877 583 3136 641 ornatus,
3170 583 3227 630 et
3253 577 3494 632 omnium

252 687 308 732 ut
336 675 566 747 diligatis
608 675 846 742 inuicem,
898 677 1032 730 sicut
1078 675 1241 730 dilexi
1288 691 1398 730 vos.
1438 673 1700 745 Hajorem
1723 672 1823 728 hac
1923 665 2426 740 ﬁdeliumlaetiﬁcet
2450 667 2654 722 corda:
2685 682 2813 740 erga
2831 666 3240 739 peregrinorum
3274 673 3330 738 et
3369 667 3498 736 hos-

249 769 558 824 clzaritatem
587 783 734 822 nemo
761 767 934 832 habet,
970 783 1128 838 quam
1159 777 1216 821 ut
1255 776 1415 838 ponat
1447 766 1564 838 quis
1593 766 1815 836 animant

1921 758 2096 828 pitum
2139 759 2555 830 sollicitudinem
2582 761 2600 801 ὶ
2629 767 2889 834 priestus,
2939 755 3066 850 erga
3107 757 3501 834 inﬁrmantium

244 876 398 916 suam
422 875 518 930 pro
544 859 728 912 amicis
748 859 858 913 suis
884 856 1064 930 (Ιοαη.
1090 874 1182 925 xv,
1201 856 1317 930 13).

505 947 534 1020 §
562 947 726 1008 XXII.
758 979 830 988 —
857 948 991 1003 Item
1018 949 1252 1018 eiusdem
1281 947 1419 1019 (cap.
1449 947 1560 1018 15).

319 1038 428 1093 Int.
489 1037 675 1104 llQuali
699 1037 895 1093 affectu
917 1038 1001 1093 vel
1029 1038 1172 1107 quali
1198 1052 1362 1094 sensu
1399 1043 1613 1108 oportet
1644 1036 1821 1120 incre-

245 1143 379 1200 pare
407 1144 551 1195 eum,
579 1131 670 1199 qui
696 1131 982 1200 increpat?
1013 1160 1084 1171 --
1109 1129 1266 1200 Resp.
1299 1129 1384 1184 Ad
1418 1131 1588 1185 Deum
1605 1131 1824 1200 quidem

249 1223 345 1278 tali
381 1229 562 1278 mente
589 1237 710 1278 esse
747 1223 927 1288 debet,
959 1222 1173 1292 qualem
1201 1221 1405 1276 indicat
1429 1220 1622 1276 beatus
1657 1221 1826 1277 David

241 1311 467 1368 dicens:
502 1313 531 1352 ι)
571 1309 686 1365 Vidi
709 1319 812 1366 non
838 1320 1098 1366 seruantes
1122 1307 1360 1382 pactum,
1385 1319 1434 1365 et
1460 1303 1824 1367 tabescebam':

243 1405 494 1480 quoniam
526 1401 730 1476 eloquia
755 1399 990 1458 tua'nou
1017 1402 1373 1457 custodierunt
1403 1397 1576 1473 (Psai.
1605 1401 1820 1475 cxvm).

243 1499 329 1558 Ad
353 1514 448 1554 eos
471 1507 652 1553 autem
677 1513 815 1569 quos
857 1497 1122 1568 increpat,
1177 1495 1322 1551 hunc
1357 1495 1518 1552 debet
1572 1493 1826 1551 allectum

242 1607 482 1658 servare,
512 1606 671 1662 quem
693 1598 854 1662 pater
883 1598 937 1646 et
978 1589 1222 1645 medicus
1247 1597 1271 1627 ο
1302 1602 1431 1659 erga
1469 1595 1824 1656 aegrotantem

245 1681 414 1737 ﬁlium
442 1689 640 1747 servat,
665 1689 721 1736 et
745 1689 873 1736 tunc
896 1675 1155 1746 maxime,
1198 1694 1322 1735 cum
1361 1679 1594 1750 qualitas
1625 1677 1652 1718 ἀ
1680 1693 1826 1735 curae

239 1771 454 1852 tristior
479 1773 694 1848 videtur
724 1779 780 1825 et
806 1770 1040 1842 gravior.

505 1881 534 1953 §
557 1880 744 1936 XX‘III.
771 1909 846 1924 --
872 1879 1005 1934 Item
1029 1878 1264 1950 ejusdem
1291 1877 1429 1952 (cap.
1455 1876 1570 1953 24).

312 1995 423 2050 Iut.
455 2005 478 2034 ο
506 1993 666 2062 Quali
703 1992 899 2058 aﬁ‘ectu
943 1992 1066 2062 quis
1095 1993 1253 2049 debet
1292 1993 1568 2062 suscipere
1603 2006 1824 2064 correp-

243 2086 480 2142 tionem?
501 2085 732 2154 —Resp.
758 2083 1066 2154 Sicutaeger
1093 2083 1234 2138 ﬁlius
1258 2084 1434 2153 patris
1453 2091 1510 2138 et
1531 2083 1729 2140 medici
1757 2085 1824 2141 de

243 2178 354 2232 vita
404 2193 502 2232 sua
556 2175 816 2233 solliciti:
850 2175 942 2246 qui
986 2176 1203 2230 etiamsi
1256 2175 1276 2214 ΐ
1309 2162 1582 2230 οίῖθιεδῑυιί
1622 2176 1824 2246 aliquid

243 2283 500 2340 asperum
547 2269 615 2324 ad
665 2268 962 2325 curandum
986 2268 1175 2333 ﬁlium,
1217 2265 1320 2324 scit
1351 2271 1376 2308 ε
1398 2267 1629 2342 [itaque]
1659 2269 1820 2335 ﬁlius,

240 2364 386 2432 quod
420 2377 521 2420 nec
543 2373 698 2434 pater
731 2365 787 2418 in
813 2363 992 2434 aliquo
1023 2364 1294 2436 negligere
1323 2373 1502 2436 potest
1540 2366 1609 2421 de
1647 2366 1821 2421 salute

240 2453 358 2521 ﬁlii,
390 2451 492 2510 nec
518 2454 761 2510 medicus
789 2453 923 2510 falli.
1086 2469 1094 2476 ’
1227 2455 1232 2462 ’

417 2566 445 2639 §
470 2564 732 2622 XXIV.—-
755 2566 838 2622 Ex
857 2565 1082 2623 Rasum
1105 2581 1372 2624 sumsum
1399 2567 1537 2640 (cap.
1565 2567 1640 2640 l).

311 2674 514 2744 Abbas,
544 2675 862 2734 monasterii
888 2693 996 2733 non
1021 2685 1132 2734 tam
1161 2693 1362 2750 genere
1405 2694 1566 2749 quam
1601 2679 1816 2752 sapien-

242 2765 316 2820 tia
344 2764 542 2821 nobilis
563 2779 684 2820 esse
712 2765 874 2822 debet
899 2785 912 2820 :
944 2774 1006 2822 ut
1027 2767 1120 2837 qui
1147 2783 1452 2824 sermonem
1477 2770 1544 2824 ad
1571 2770 1819 2826 erudien-

241 2856 337 2910 das
378 2855 586 2912 animas
607 2853 755 2924 justa
784 2857 1088 2914 eruditione
1111 2857 1396 2925 lucubrat,
1422 2861 1656 2931 propriis
1686 2861 1820 2916 acti-

237 2947 340 3003 bus
376 2965 484 3004 non
529 2950 882 3006 contradicat.
915 2951 1044 3006 Plus
1079 2951 1281 3008 ctenim
1307 2953 1338 2994 ιι
1375 2953 1644 3027 subjugati
1679 2970 1818 3026 prae-

240 3039 474 3096 latorum
508 3049 725 3097 actuum
746 3041 978 3098 formam
1001 3042 1312 3112 imitantur,
1348 3061 1511 3116 quam
1560 3048 1818 3102 doctrina:

240 3131 400 3188 illatae
429 3148 590 3188 aures
623 3136 1050 3190 accommodant.
1099 3135 1271 3191 Debet
1314 3136 1458 3192 enim
1492 3139 1664 3193 sacris
1706 3139 1817 3194 elo-

1919 864 2112 926 curam
2139 849 2423 928 sollicitius,
2463 867 2594 924 erga
2622 852 2843 924 inopum
2871 857 2926 922 et
2974 848 3303 924 tegrotorum
3341 848 3500 922 juva-

1918 956 2050 1009 _nten
2080 942 2384 1023 opulentus.
2425 941 2519 1016 Sic
2553 929 2979 1024 delinquentium
3015 941 3285 1020 ignaviam
3330 941 3500 997 corri-

1922 1046 2037 1114 gat,
2067 1046 2142 1112 (ut
2189 1039 2257 1096 ad
2301 1039 2505 1114 cultum
2550 1025 2826 1112 religionis
2877 1037 3110 1104 lascivas
3165 1044 3222 1092 et
3259 1033 3274 1088 i
3327 1035 3501 1108 fessas

1921 1138 2135 1204 mentes
2157 1131 2395 1186 reducat.
2441 1129 2532 1186 Sic
2581 1130 3008 1200 misericorditer
3044 1128 3303 1204 bonitatis
3357 1128 3501 1184 dona

1927 1222 2232 1288 distribuat,
2260 1230 2528 1297 quatenus.
2568 1237 2636 1296 ex
2679 1221 2846 1277 nimia
2886 1221 3161 1287 bonitate,
3199 1220 3499 1276 facinorum

1917 1309 2161 1369 fomenta
2191 1329 2298 1368 non
2328 1303 2550 1388 nutriat.
2585 1312 2670 1368 Sit
2693 1327 2821 1389 ergo
2847 1308 3021 1367 bonus
3057 1305 3215 1386 bonis
3245 1307 3352 1383 per
3385 1325 3501 1366 me-

1924 1405 2120 1472 ritum,
2140 1406 2211 1462 sit
2229 1404 2387 1461 malis
2412 1404 2586 1460 malus
2614 1420 2710 1476 per
2731 1397 3018 1477 ﬂagellum.
3051 1403 3207 1471 Quod
3234 1403 3502 1459 mediante

1925 1499 1955 1540 ¹ι
1982 1498 2208 1555 scientia
2237 1498 2502 1570 agendum
2529 1504 2632 1563 est,
2665 1498 2819 1568 juxta
2852 1497 3151 1567 psalmistze
3197 1497 3500 1552 orationem

1925 1590 2157 1646 dicentis
2198 1609 2212 1644 :
2255 1589 2277 1628 ι
2315 1589 2613 1649 Bonitatem
2660 1591 2710 1644 et
2755 1587 3083 1654 disciplinam
3134 1597 3182 1643 et
3228 1589 3501 1644 scientiam

1925 1682 2052 1736 doce
2077 1698 2178 1748 me,
2201 1681 2480 1737 mDomine
2536 1678 2709 1756 (Psal.
2749 1681 2962 1753 cxvm).
2992 1680 3053 1736 In
3094 1689 3323 1751 utroque
3354 1679 3500 1734 enim

1926 1773 2109 1829 abbati
2135 1773 2431 1829 cavendum
2453 1779 2560 1840 est,
2590 1788 2660 1829 ne
2688 1781 2782 1828 aut
2807 1773 2977 1828 nimia
3004 1773 3248 1828 bonitate
3274 1772 3329 1826 in
3367 1771 3499 1826 sub-

1851 1869 1900 1931 B
1915 1839 2189 1931 ‘jectorum
2211 1862 2460 1917 cordibus
2477 1839 2611 1917 vitia
2639 1863 2861 1928 nutriat,
2898 1869 2991 1917 aut
3023 1861 3188 1916 nimia
3208 1859 3502 1930 disciplinae

1926 1951 2265 2016 austeritate,
2301 1967 2420 2021 quae
2441 1949 2552 2006 leni
2582 1952 2953 2023 increpatione
2981 1952 3223 2006 sananda
3263 1950 3500 2016 fuerant,

1923 2045 2099 2117 rigida
2126 2045 2465 2116 correptione
2515 2045 2860 2114 diripiantur.
2912 2042 3151 2100 lncautis
3179 2043 3381 2100 etenim
3423 2044 3501 2108 sic

1923 2137 2119 2193 blanda
2142 2138 2495 2209 persuasione
2523 2137 2824 2203 subveniat,
2853 2144 2915 2192 ut
2938 2152 3126 2194 eorum
3156 2137 3327 2192 saniei
3364 2135 3502 2189 anti-

1914 2231 2036 2286 doti
2063 2229 2457 2300 quodammodo
2485 2229 2751 2286 medendo
2801 2245 2989 2284 curam
3046 2228 3324 2293 infundat;
3356 2225 3504 2282 sanis

1921 2334 2052 2374 vero
2077 2319 2318 2374 moribus
2343 2334 2408 2374 ea
2442 2320 2710 2374 hortando
2756 2319 3022 2389 praebeat,
3060 2325 3122 2372 ut
3170 2331 3289 2386 quae
3342 2329 3502 2386 agere

1920 2416 2224 2480 coeperunt,
2277 2408 2612 2466 meliorando
2654 2423 2828 2478 usque
2871 2408 2940 2462 ad
2969 2407 3132 2461 ﬁnem
3179 2405 3500 2476 perducant.

1920 2500 2065 2556 Nihil
2089 2502 2290 2556 etenim
2315 2500 2535 2570 prodest
2562 2500 2810 2572 cmpisse,
2839 2498 2884 2554 si
2913 2499 2968 2553 in
2994 2500 3138 2554 bono
3159 2498 3502 2567 opere,quod

1920 2599 2218 2663 coeperant,
2261 2606 2368 2646 non
2395 2590 2647 2646 studeant
2690 2603 3060 2661 perseverare.
3109 2587 3318 2644 Habeat
3370 2603 3500 2659 ergo

1923 2692 2000 2740 tot
2031 2685 2242 2739 animos
2290 2691 2467 2754 pater,
2509 2690 2642 2752 quot
2690 2681 2746 2736 in
2795 2697 2895 2737 suo
2932 2681 3192 2751 regimine
3221 2679 3360 2736 ﬁlios
3392 2699 3406 2734 :
3443 2687 3506 2734 ut

1913 2775 2070 2846 juxta
2114 2774 2359 2829 omnium
2396 2787 2594 2837 mores,
2645 2771 2889 2827 omnium
2931 2770 3147 2826 noverit
3178 2770 3310 2826 vitia
3342 2784 3500 2827 coer-

1921 2881 2066 2922 cere.
2092 2866 2231 2920 Tuta
2257 2865 2328 2919 sit
2365 2864 2420 2918 in
2467 2877 2656 2918 omnes
2702 2861 3024 2934 prudentia,
3070 2869 3132 2916 ut
3178 2875 3278 2917 nec
3326 2861 3502 2933 pietas

1921 2957 2236 3028 disciplinae,
2270 2972 2371 3012 nec
2401 2954 2683 3026 disciplina
2721 2953 2909 3025 pietati
2949 2953 3127 3009 locum
3161 2951 3331 3008 tollat.
3360 2951 3502 3024 Agat

1919 3049 2160 3104 omnium
2184 3062 2404 3112 curam;
2450 3053 2509 3099 ut
2545 3045 2611 3100 de
2656 3043 2897 3099 omnium
2943 3041 3190 3114 profectu
3236 3042 3502 3100 mercedis

1917 3141 2146 3214 recipiat
2183 3140 2425 3206 lucrum;
2476 3145 2623 3194 utex
2675 3136 3020 3208 corruptione
3055 3135 3339 3207 praesentis
3377 3135 3501 3190 vitai

241 3225 384 3296 quiis
405 3227 570 3298 opera
593 3234 814 3283 nectere
842 3242 1017 3293 sacra,
1047 3234 1108 3281 ut
1134 3228 1227 3298 qui
1255 3225 1376 3296 eius
1420 3229 1665 3284 imitatur
1717 3231 1816 3288 do—
1843 3228 1888 3294 C
1920 3233 2242 3307 quandoque
2301 3237 2540 3302 ereptus,
2591 3237 2802 3284 tantum
2845 3228 3047 3285 laboris
3091 3227 3321 3298 recipiat
3363 3240 3502 3296 prae-

242 3319 472 3372 ctrinam
497 3334 562 3373 ex
586 3333 737 3384 voce,
755 3317 995 3373 imitetur
1023 3316 1229 3373 cultum
1256 3335 1323 3374 ex
1352 3332 1534 3390 opere.
1561 3320 1662 3388 Ne,
1693 3322 1817 3378 si-in

245 3409 426 3478 aliquo
448 3410 567 3464 voci
615 3424 751 3478 opus
795 3409 1208 3475 contradixerit,
1260 3408 1473 3467 fructus
1509 3413 1660 3468 vocis
1708 3429 1817 3470 non

242 3497 488 3552 obtineat
521 3496 787 3553 effectum.
849 3495 943 3553 Sic
999 3512 1128 3570 ergo
1158 3498 1229 3553 sit
1262 3506 1319 3554 et
1355 3515 1489 3556 voce
1514 3511 1738 3557 ornatus
1764 3512 1821 3559 et

243 3602 429 3659 opere,
457 3597 589 3644 utet
616 3604 748 3660 opus
774 3589 918 3655 voci,
960 3597 1016 3645 et
1045 3604 1148 3644 vox
1194 3591 1495 3646 consentiat
1528 3593 1696 3663 operi.
1734 3591 1817 3648 Sit

241 3680 586 3736 continentia:
621 3689 677 3737 et
695 3681 960 3736 castitatis
993 3680 1127 3738 flore
1165 3691 1446 3753 comptus,
1479 3691 1537 3740 et
1575 3685 1816 3740 omnium

311 3845 339 3874 α
371 3833 530 3900 Quali
576 3835 805 3906 aﬁectu.
842 3833 1035 3890 Exstat
1087 3836 1228 3906 apud
1273 3843 1520 3892 sanctum
1557 3836 1816 3893 Basilium

239 3902 503 3979 i_n_terrog.
531 3902 859 3975 99"Regulze
901 3907 1054 3961 brev.
1101 3902 1158 3962 et
1199 3908 1340 3976 apud
1385 3907 1663 3974 Ruﬁnum,
1693 3923 1811 3979 cap.

315 4045 344 4084 ι)
385 4043 503 4120 Vidi
531 4063 635 4120 nou
665 4055 926 4120 seruantes
954 4055 1183 4120 pactum.
1215 4046 1292 4101 Ita
1333 4048 1397 4120 in
1418 4048 1676 4120 psalterio
1713 4049 1816 4105 Ro-

240 4127 421 4187 manu.
473 4117 626 4185 Apud
663 4117 923 4170 Ruﬁnum
955 4114 1148 4170 ξ’·νῒάΐ
1179 4114 1606 4187 p'rwvariéantes,
1654 4128 1714 4175 ut
1759 4121 1814 4176 in

239 4186 479 4258 editione
506 4187 754 4258 Vulgata.

313 4267 336 4294 ε
371 4255 515 4329 Erga
565 4255 902 4329 wbrotantem
931 4257 1101 4327 ﬁlium
1139 4267 1328 4313 servat.
1371 4257 1451 4312 Ita
1491 4260 1631 4329 apud
1667 4259 1815 4314 Ruﬁ-

236 4342 388 4400 num.
429 4327 488 4382 In
529 4327 686 4400 textu
727 4327 916 4383 Graeco
946 4329 1161 4383 additur
1189 4332 1321 4400 μετὰ
1371 4327 1694 4400 separabilem;
1735 4336 1816 4387 καὶ

237 4399 608 4521 auctir/xvi“,
636 4399 690 4452 id
718 4408 822 4465 est,
852 4414 973 4454 cum
1003 4399 1376 4470 compa’ssione
1407 4399 1463 4455 et
1497 4401 1813 4457 misericor-

279 4483 353 4521 1a.

279 4483 353 4522 la.

310 4557 340 4598 ει
377 4558 548 4614 Curw.
584 4559 723 4614 Cura
744 4561 847 4615 hoc
879 4559 999 4616 loco
1036 4569 1122 4615 est
1164 4560 1386 4617 curatio.
1432 4560 1568 4615 Nam
1609 4565 1813 4618 curatio

233 4631 448 4755 gremia
476 4631 798 4684 medicorum
820 4645 839 4683 :
867 4647 992 4685 cura
1016 4631 1356 4703 reliquorum,
1385 4632 1463 4688 ait
1489 4633 1728 4690 Donatus
1755 4635 1811 4690 in

288 4700 479 4754 erentii
506 4699 764 4755 Andrian.

288 4699 479 4754 erentii
506 4699 764 4755 Andrian.

315 4781 340 4810 ο
372 4767 532 4842 Quali
556 4771 766 4842 allectu.
798 4772 1086 4842 Reperitur
1113 4772 1251 4841 apud
1280 4781 1525 4828 sanctum
1556 4773 1812 4830 Basilium

234 4840 436 4915 interr.
459 4841 566 4915 _l58
596 4840 813 4915 Regulae
839 4840 945 4909 bin,
985 4850 1039 4898 ct
1076 4840 1222 4912 apud
1256 4843 1506 4898 Ruﬁnum
1554 4860 1674 4915 cap.
1715 4846 1804 4911 25;

235 4912 336 4983 sed
361 4913 539 4981 potius
561 4911 740 4968 reddit
767 4929 1006 4979 sensum,
1037 4911 1197 4983 quam
1227 4915 1411 4981 verba,
1445 4911 1679 4970 maxime
1710 4916 1810 4970 sub

223 4981 407 5053 ﬁnem
434 4983 672 5053 capituli.
967 5051 974 5053 Α
1054 4981 1070 4983 “
1161 5051 1168 5053 Α
1391 5025 1394 5028 .

263 5124 274 5134 .
315 5051 335 5090 ί
372 5051 658 5122 Oﬁ'eratur.
685 5055 840 5125 Apud
866 5051 1119 5110 Ruﬁnum
1156 5051 1390 5124 legitur,
1429 5055 1648 5126 o/ferat,
1690 5073 1809 5113 rec-

233 5132 368 5178 tius.
882 5138 888 5154 ³

313 5195 338 5232 ε
368 5191 574 5262 Itaque.
617 5196 834 5251 Videtur
861 5193 1165 5250 redundare
1196 5193 1312 5248 haec
1346 5194 1628 5262 particula.

307 5264 338 5337 ξι
379 5261 695 5337 ξιιῌιιςαιῄ
720 5266 778 5321 Id
803 5273 909 5337 est,
941 5263 1187 5337 monachi
1215 5261 1436 5319 subditi.
1504 5335 1512 5337 4
1555 5285 1562 5290 ·

313 5334 330 5373 i
377 5331 631 5407 messis.
664 5335 884 5406 Supple,
914 5333 1001 5400 sit,
1026 5333 1211 5407 id_est,
1239 5343 1435 5407 praesto
1474 5335 1544 5391 sit
1564 5344 1618 5390 et
1663 5351 1798 5407 pra:-

227 5419 384 5459 sens.
422 5403 757 5463 Glossarium
779 5403 993 5461 'vetus:
1027 5422 1046 5456 t
1081 5403 1315 5475 Pmstos
1345 5405 1563 5469 habeat,
1616 5403 1794 5475 idest,

225 5484 551 5548 prasentes.
609 5497 628 5531 ι
680 5477 795 5532 Lex
818 5475 1004 5548 Salica
1047 5475 1128 5530 tit.
1171 5475 1268 5542 47,-
1293 5474 1321 5548 θ
1351 5475 1426 5530 9.:
1463 5494 1482 5528 ‹
1515 5477 1584 5531 Et
1630 5485 1798 5534 testes

223 5543 384 5670 aut,
436 5547 530 5616 qui
572 5549 640 5603 ad
688 5547 889 5618 placita
918 5543 1138 5602 fuerunt
1197 5543 1381 5603 secum
1427 5555 1656 5618 praestos
1701 5549 1797 5604 ha-

307 5631 337 5669 a
367 5655 383 5669 .
430 5636 450 5669 ι
1424 5667 1428 5670 .
1627 5645 1632 5652 -

307 5623 383 5669 at.
430 5636 450 5669 ι
1424 5667 1428 5670 ,
1627 5645 1632 5652 -

313 5685 326 5736 i
378 5685 592 5742 chsas.
620 5687 678 5744 Id
710 5696 812 5754 est,
843 5702 1060 5754 segnes,
1106 5687 1340 5744 desides.

309 5757 338 5796 κ
381 5757 633 5813 Scientia.
671 5759 728 5815 ld
753 5767 858 5825 est,
888 5757 1233 5814 discretione.

316 5825 336 5867 ι
379 5827 698 5911 Bouitatem,
729 5839 831 5890 etc.
859 5827 1105 5887 Notanda
1133 5845 1262 5886 sane
1308 5828 1595 5906 explicatio
1637 5829 1798 5903 hujus

1918 3326 2110 3391 mium,
2160 3326 2378 3394 quantis
2427 3323 2495 3376 ad
2541 3321 2866 3377 vincendum
2912 3319 3205 3376 inimicum
3234 3315 3501 3390 praesidiis

1917 3419 2148 3490 praebuit
2174 3416 2624 3488 supplementum.

1990 3548 2206 3623 §XXV.
2233 3581 2304 3590 —
2336 3550 2416 3604 Ex
2444 3549 2663 3605 Rasum
2685 3563 2872 3636 sanan
2897 3547 3097 3604 lstnom
3126 3545 3265 3619 (cap.
3305 3543 3419 3620 19).

1988 3697 2019 3726 ιι
2057 3687 2252 3742 Abbati
2278 3685 2362 3741 vel
2391 3687 2656 3741 monacho
2675 3685 3001 3740 monasterii
3033 3699 3251 3741 servum
3287 3699 3397 3740 non
3426 3683 3494 3740 li-

1917 3839 2194 3895 versiculi.
2244 3838 2379 3894 Nam
2412 3853 2510 3909 per
2537 3839 2832 3894 bonitatem
2858 3837 3108 3908 intelligit
3149 3836 3492 3893 clementiam

1917 3917 1974 3965 et
2014 3909 2323 3975 lenitatem;
2374 3924 2471 3981 per
2495 3909 2852 3980 disCiplinam,
2898 3910 3276 3981 severitatem;
3309 3915 3362 3963 et
3397 3923 3497 3979 per

1917 3981 2225 4046 scientiam,
2251 3979 2652 4038 discretionem.
2699 3981 2777 4035 Ita
2827 3989 2888 4035 ut
2917 3981 3083 4035 David
3114 3995 3144 4034 a
3172 3979 3282 4034 Deo
3324 3987 3494 4050 petat,

1917 4060 1979 4106 ut
2019 4051 2274 4123 populum
2305 4069 2461 4123 suum
2485 4060 2636 4123 regat
2660 4068 2785 4107 cum
2813 4051 3056 4123 lenitate,
3083 4060 3137 4106 et
3171 4051 3490 4123 severitate,

1918 4121 2159 4178 adhibita
2187 4131 2368 4178 tamen
2416 4121 2758 4178 discretione.
2812 4121 2944 4176 Nam
2995 4121 3345 4177 discretionis
3377 4121 3491 4176 sale

1917 4201 2033 4247 tum
2081 4195 2364 4259 severitas,
2398 4202 2512 4248 tum
2540 4193 2828 4250 clementia
2879 4192 3190 4248 condiendzr
3213 4200 3358 4256 sunt,
3399 4207 3488 4256 ne,

1918 4264 2044 4334 dum
2072 4273 2251 4319 rector
2275 4265 2514 4320 clemens
2543 4265 2714 4320 videri
2745 4263 2968 4334 appetit,
2996 4263 3234 4334 remittat
3267 4263 3490 4316 omnino

1916 4333 2167 4417 habenas
2182 4333 2826 4417 regulari_observantim;
2852 4343 2908 4387 et
2933 4335 3057 4387 dum
3085 4333 3211 4417 vitia
3239 4347 3494 4417 coercere

1919 4405 2088 4474 cupit,
2143 4401 2335 4459 fortius
2367 4404 2678 4459 adducendo
2710 4404 2921 4457 frenum
2968 4403 3261 4474 monachos
3286 4401 3490 4474 potius

1917 4471 2100 4544 irritet
2148 4491 2309 4544 quam
2333 4475 2600 4530 emendet.
2643 4474 2794 4540 Quod
2824 4471 3169 4544 reprehendit
3193 4472 3245 4544 in
3286 4471 3488 4544 Urbico

1920 4543 2117 4598 abbate
2161 4541 2380 4600 sanctus
2405 4545 2698 4614 Gregorius
2722 4558 2860 4614 papa
2899 4541 2991 4614 lib.
3034 4557 3108 4614 ut,
3157 4541 3313 4610 epist.
3373 4541 3485 4595 42:

1925 4633 1944 4665 ‹
1991 4614 2144 4671 Unde
2171 4611 2853 4683 vehementer—ingemisc’o,
2891 4612 3016 4682 Quia
3045 4611 3199 4666 aliter
3224 4626 3489 4683 essegmo-

1919 4685 2214 4740 nasterium
2249 4687 2488 4741 ve'strum
2533 4679 2700 4755 'qu'am
2753 4679 3005 4755 putabam
3029 4683 3296 4755 invenio.‘
3333 4679 3484 4755 Quod

1917 4772 1987 4812 ex
2017 4755 2164 4811 nulla
2213 4756 2317 4811 alia
2341 4753 2655 4812 re-everiire
2702 4754 2892 4821 valuit,
2936 4753 3042 4810 nisi
3076 4755 3200 4824 quia
3229 4763 3320 4808 tua
3353 4754 3488 4808 dile-

1921 4827 2030 4882 ctio
2068 4828 2124 4882 in
2149 4827 2410 4899 regimine
2436 4841 2533 4899 suo
2559 4827 2864 4882 inordinata
2911 4835 3037 4899 est,_
3070 4840 3172 4879 nec
3200 4839 3327 4899 cum
3359 4839 3484 4899 gra-

1917 4899 2084 4953 vitate
2137 4894 2336 4968 aliﬁuid
2373 4896 2517 4952 valet
2563 4899 2848 4968 disponere
2895 4915 2907 4951 :
2948 4896 3042 4968 sed
3091 4895 3251 4968 modo
3305 4894 3486 4948 studet

1914 4965 2265 5038 peccantibus
2292 4969 2487 5024 leniter
2512 4965 2764 5033 blandiri,
2791 4968 2949 5038 modo
2987 4965 3292 5038 inordinate
3328 4973 3484 5038 extra

1917 5035 2135 5094 inodum
2174 5040 2340 5094 nimie
2368 5039 2549 5095 irasci.
2615 5059 2634 5091 ι
2669 5038 2778 5094 Sed
2822 5037 2924 5092 hoc
2956 5044 3037 5090 est
3071 5035 3357 5090 stultorum
3397 5035 3484 5088 in-

1916 5109 2156 5179 genium,
2200 5119 2261 5163 ut
2310 5110 2517 5165 nullum
2579 5111 2797 5165 valeant
2842 5106 3018 5179 (animi
3074 5106 3153 5159 sui
3201 5104 3482 5179 aﬁ’ectibus

1913 5175 2135 5234 inodum
2165 5189 2432 5247 statuere;
2491 5180 2584 5236 sed
2627 5181 2808 5235 statim
2837 5177 2890 5232 in
2925 5176 3116 5247 vitium
3172 5175 3482 5247 oppositum

1916 5249 2131 5321 cadant,
2164 5251 2209 5306 si
2239 5243 2504 5307 velint'ab
2524 5249 2702 5321 aliquo
2722 5247 3013 5312 declinare,
3041 5243 3341 5317 juxtaillud
3366 5243 3480 5301 Ilo-

1907 5319 2033 5375 ratii
2063 5319 2200 5392 (Sat.
2229 5321 2284 5393 2)
2306 5340 2318 5374 :

2050 5410 2178 5460 Dum
2199 5412 2352 5462 vitant
2368 5411 2502 5461 stulti
2523 5412 2655 5473 vitia,
2682 5410 2734 5460 in
2750 5407 2992 5460 contraria
3012 5412 3227 5458 currunt.

1937 5550 1947 5562 .
1979 5493 2020 5520 ιιι
2057 5481 2298 5538 Domine.
2347 5485 2408 5540 τὸ
2434 5482 2676 5550 Domine,
2727 5480 3050 5538 translatum
3092 5489 3176 5537 est
3209 5496 3276 5537 ex
3320 5495 3480 5553 supe-

1903 5565 2049 5607 l'lOl‘e
2071 5568 2255 5609 versu.
2523 5575 2528 5581 ⁴

1941 5648 1946 5652 ·
1983 5632 2014 5660 ιι
2049 5622 2255 5679 Abbati.
2277 5625 2407 5681 Haec
2434 5625 2703 5681 habentur
2726 5624 2782 5680 in
2837 5622 3042 5694 Regula
3083 5622 3255 5678 sancti
3270 5621 3473 5694 Alsidori

1909 5709 2109 5768 excusa
2153 5697 2342 5768 eodem
2377 5698 2554 5768 capite
2594 5697 2699 5768 19,7
2733 5711 2855 5768 quas
2882 5692 3030 5768 nulla
3074 5703 3204 5768 puto
3235 5692 3345 5768 alia
3383 5709 3474 5768 ra-

1909 5765 2070 5848 tione.
2097 5765 2204 5822 huc
2230 5763 2458 5835 referri;
2483 5767 2588 5825 nisi
2613 5763 2812 5840 quiain
2838 5767 2924 5823 his
2951 5763 3132 5839 aliqua
3161 5764 3221 5822 ﬁt
3261 5763 3472 5824 abbatis

1907 5843 2129 5892 mentio.
2637 5883 2641 5888 .
