3952 6314
151 406 240 464 795
255 371 258 376 ’

1084 398 1471 487 consonum
1508 402 1968 465 REGULARUM.
1997 394 2080 452 '—'-
2114 407 2265 465 CAP.
2305 406 2394 467 VI.

3262 422 3375 480 ιρι

147 519 273 577 omni
309 514 617 574 humilitatis
663 513 1028 585 Snbjectione;
1071 521 1128 569 et
1182 529 1294 569 non
1347 523 1681 586 praesumant
1705 513 1960 586 Ajorum
1989 517 2330 580 inserviant}
2362 517 2491 590 quid
2527 534 2595 577 ex
2629 522 2872 583 consiliis
2897 532 3228 599 processerit
3265 537 3370 594 Pa-

145 611 407 682 procaciter
429 606 716 664 defendere
741 607 870 676 quid
891 606 972 663 eis
998 609 1176 662 visum
1200 605 1383 662 fuerit.
1407 606 1477 662 Et
1505 608 1678 680 magis
1780 613 1947 674 trum,
1976 608 2031 664 id
2055 606 2282 666 faciant.

141 704 193 760 in
215 701 394 758 abbatis
429 699 663 769 pendeat
697 697 944 762 arbitrio,
997 704 1060 752 ut
1102 697 1247 768 quod
1279 696 1549 754 salubrius
1589 697 1679 769 ju-

139 790 384 855 dicaverit,
438 789 489 844 ei
519 788 701 844 cuncti
725 787 1001 843 obediant.
1044 786 1151 843 Sed
1181 788 1323 844 sicut
1365 799 1392 830 ι
1446 789 1677 859 discipu-

136 885 210 942 los
252 882 485 940 convenit
528 881 751 937 obedire
785 881 1069 951 magistro,
1134 880 1212 936 ita
1238 888 1295 936 et
1329 880 1509 953 ipsum
1552 895 1677 952 pro-

132 977 260 1040 vide,
301 982 349 1030 et
369 973 512 1043 juste
555 971 816 1028 condecet
839 979 1034 1028 cuncta
1063 971 1370 1042 disponere.
1415 970 1477 1028 In
1505 970 1680 1026 omni-

129 1072 224 1125 bus
245 1068 390 1137 igitur
415 1080 604 1121 omnes
624 1065 940 1137 magistram
964 1073 1263 1136 sequantur
1290 1064 1556 1136 regulam,
1583 1077 1680 1118 ne-

127 1175 225 1230 que
249 1160 308 1215 ab
333 1173 394 1214 ea
443 1167 650 1214 temere
676 1159 706 1198 ι)
731 1158 1034 1214 declinetur
1075 1174 1107 1214 a
1149 1173 1440 1230 quoquam.
1487 1157 1679 1214 Nullus

124 1254 180 1309 in
224 1252 538 1308 monasterio
566 1251 774 1323 proprii
823 1259 1084 1322 sequatur
1108 1253 1290 1308 cordis
1311 1251 1669 1308 voluntatem.

120 1346 294 1418 Neque
325 1353 615 1416 praesumat
642 1345 930 1417 quisquam
979 1361 1102 1401 cum
1147 1345 1342 1401 abbate
1385 1360 1486 1401 suo
1544 1359 1674 1416 pro-

121 1451 261 1497 terve
288 1441 419 1494 intus
465 1448 520 1494 et
545 1438 678 1494 foris
721 1438 1113 1495 monasterium
1139 1439 1490 1495 contendere.
1520 1438 1677 1506 Quod

115 1531 162 1586 si
194 1530 601 1601 praesumpserit,
631 1529 866 1601 regulari
893 1529 1189 1599 disciplinae
1216 1529 1512 1600 subiaceat.
1551 1527 1672 1598 Ipse

112 1631 282 1676 tamen
305 1622 467 1676 abbas
492 1637 615 1676 cum
660 1621 856 1676 timore
894 1620 991 1676 Dei
1024 1629 1080 1675 et
1107 1619 1483 1675 observatione
1513 1635 1674 1691 regu-

109 1714 174 1769 la:
210 1715 378 1768 omnia
427 1712 594 1767 faciat
619 1713 799 1767 sciens
831 1727 892 1767 se
925 1711 1116 1782 procul
1141 1711 1308 1767 dubio
1337 1711 1402 1766 de
1424 1710 1675 1766 omnibus

98 1803 308 1875 judiciis
351 1803 463 1858 suis
496 1803 807 1872 aequissimo
837 1800 1008 1870 judici
1042 1802 1154 1857 Deo
1195 1803 1464 1858 rationem
1498 1802 1677 1857 reddi-

101 1901 295 1948 turum.
326 1893 382 1948 Si
410 1909 516 1964 qua
546 1908 676 1950 vero
727 1893 938 1948 minora
975 1893 1184 1964 agenda
1230 1903 1355 1948 sunt
1393 1894 1450 1948 in
1486 1908 1676 1950 mona-

95 1985 280 2051 sterio,
320 1986 590 2042 seniorum
619 1993 830 2041 tantum
853 1993 1040 2041 utatur
1067 1986 1294 2042 consilio
1316 1999 1336 2039 :
1359 1986 1502 2042 sicut
1533 1988 1671 2042 scri-

92 2088 245 2148 ptum
271 2086 354 2134 est
384 2097 397 2133 :
439 2089 462 2117 ο
493 2078 686 2132 Omnia
711 2077 798 2147 fac
823 2093 942 2131 cum
977 2077 1216 2144 consilio,
1243 2086 1290 2133 et
1331 2086 1446 2150 post
1474 2077 1676 2149 factum

91 2187 197 2225 non
218 2170 474 2240 paenitebis
505 2167 702 2241 (Eccle.
725 2168 924 2241 xxx").

199 2281 226 2350 §
253 2281 315 2335 ll.
339 2313 412 2322 —
435 2281 516 2336 Ex
542 2281 762 2338 Rasum
790 2295 980 2338 sucu
1009 2280 1273 2338 Pscnouu
1320 2278 1459 2354 (cap.
1487 2279 1568 2354 8).

158 2391 184 2430 ἀ
205 2391 263 2446 Si
281 2393 535 2448 inventus
555 2393 722 2448 fuerit
735 2408 876 2448 unus
890 2410 921 2450 e
933 2393 1196 2450 fratribus
1218 2393 1422 2464 aliquid
1435 2408 1536 2465 per
1546 2407 1674 2450 con-

83 2483 384 2537 tentionem
410 2499 593 2555 agens.
637 2482 735 2539 Vel
763 2485 1142 2540 contradicens
1162 2483 1386 2553 majoris
1415 2485 1668 2554 imperio,

83 2571 455 2643 increpabitur
477 2571 635 2642 juxta
666 2589 981 2630 mensuram
1005 2574 1221 2645 peccati
1242 2574 1346 2630 sui.

581 2681 609 2754 §
632 2682 717 2737 Ill.
740 2713 813 2724 -—
829 2683 966 2738 Item
988 2684 1174 2754 ipsius.

157 2786 180 2813 θ
210 2773 382 2845 Igitur
405 2774 496 2844 qui
527 2774 709 2830 animo
750 2790 861 2830 uno
888 2790 1010 2831 esse
1053 2774 1462 2846 concupiscunt,
1492 2782 1549 2832 et
1585 2773 1663 2832 vi-

73 2877 208 2919 vere
261 2861 282 2901 ί
311 2871 496 2918 mente
538 2864 812 2918 communi
843 2865 1248 2934 disposuerunt,
1285 2865 1525 2921 consiliis
1557 2881 1676 2920 ma-

73 3010 205 3050 men
248 2994 619 3066 postpositist
643 3003 867 3050 sanctus
907 2995 1144 3066 Spiritus
1169 2997 1352 3066 pueris
1397 2998 1675 3053 revelabat

70 3081 200 3136 qua:
248 3064 457 3135 agenda
507 3073 576 3136 et,
597 3064 776 3120 futura
826 3064 1010 3136 essent
1038 3084 1050 3119 :
1078 3074 1138 3120 ut
1165 3064 1377 3136 discant
1423 3075 1674 3136 pastores

69 3135 468 3202 humilitatem,
497 3135 649 3205 cujus
674 3135 938 3191 beneﬁcio
960 3137 1028 3192 ad
1051 3137 1192 3192 dona
1215 3135 1450 3206 Spiritus
1473 3141 1668 3204 sancti,

67 3207 169 3277 qui
217 3207 461 3288 maxime
510 3206 749 3277 praelatis
812 3206 1085 3274 allabitur,
1151 3209 1494 3278 suscipienda
1565 3211 1673 3266 sint

62 3287 406 3348 paratiores.

66 3419 73 3420 ί
145 3359 172 3387 ι
212 3347 538 3420 Discipulos.
567 3348 646 3403 Ita
675 3349 860 3420 legunt
903 3348 1118 3420 codices
1147 3349 1429 3404 Victorini.
1462 3347 1539 3404 Ita
1570 3350 1670 3405 ha-

62 3419 236 3490 betur
273 3417 422 3488 apud
463 3417 820 3490 Smaragdum
863 3426 918 3474 et
945 3419 1440 3475 Turrecrematam.
1468 3421 1666 3477 Recte.

59 3489 233 3561 Apud
291 3497 540 3561 sanctum
582 3489 940 3561 Dunstanum,
989 3491 1282 3559 discipulis.
1331 3490 1391 3544 In
1435 3490 1671 3561 vulgatis

56 3559 432 3630 editionibus,
465 3560 705 3630 singulis,
737 3576 846 3614 non
880 3560 962 3630 ita
992 3571 1162 3616 recte.

143 3629 174 3668 δ
202 3629 532 3685 Declinetur.
552 3629 642 3684 Ita
665 3631 719 3684 in
743 3629 997 3694 omnibus
1043 3632 1162 3686 cod.
1207 3630 1409 3686 nostris
1433 3645 1559 3695 ms.;
1592 3630 1670 3685 ita

56 3700 216 3769 apud
247 3700 525 3783 lieronem
555 3701 878 3783 discipulum
909 3701 1081 3783 sancti
1105 3700 1353 3756 Othmari
1376 3701 1587 3783 abbatis
1612 3701 1669 3783 in

55 3771 423 3840 expositione
457 3770 772 3826 Alamanica
809 3770 1191 3826 vocabulorum
1248 3771 1449 3840 regulae
1491 3773 1668 3825 sancti

55 3841 378 3905 Benedicti,
408 3851 656 3896 sanctum
682 3842 1038 3904 Dunstanum,
1064 3841 1446 3912 Smaragdum,
1473 3841 1670 3896 Tritte-

57 3913 266 3966 mium.
301 3912 382 3967 Ita
422 3913 584 3967 etiam
615 3912 847 3968 habetur
872 3913 1012 3981 apud
1052 3912 1434 3977 Flodoardum,
1469 3912 1562 3966 lib.
1605 3927 1667 3966 ιιι

56 3981 211 4054 Hist.
244 3983 396 4054 Eccl.
425 3982 609 4054 Rem,
639 3998 762 4053 cap.
800 3981 890 4047 25,
923 3983 1015 4054 ubi
1043 3981 1158 4054 agit
1197 3981 1669 4054 de_epi_st.llinc-

56 4053 211 4106 mari
241 4054 314 4109 ad
337 4051 728 4123 Fulcramnuni
748 4051 1101 4123 praepositum
1121 4051 1354 4122 coenobii
1373 4052 1669 4108 Corbcien—

59 4124 170 4178 sis.
204 4140 223 4172 ι
263 4122 513 4191 Qualiter
547 4125 602 4178 in
627 4125 732 4178 hac
755 4122 1020 4178 electione
1047 4123 1127 4178 eis
1177 4124 1251 4176 sit
1278 4123 1545 4192 agendum
1577 4136 1664 4178 se-

56 4193 318 4248 cundum
367 4194 670 4249 doctrinam
700 4194 847 4249 beati
894 4192 1192 4257 Benedicti,
1224 4202 1283 4246 ut
1327 4193 1380 4246 in
1411 4193 1665 4248 omnibus

55 4264 396 4335 magistram
418 4273 718 4335 sequantur
740 4262 1001 4335 regulam,
1035 4278 1136 4335 nec
1147 4271 1360 4335 temere
1389 4263 1458 4335 ab
1481 4277 1543 4335 ea
1573 4263 1667 4335 de-

55 4331 313 4388 clinetur
371 4350 402 4388 a
433 4331 726 4405 quoquam.
771 4331 897 4405 {Et
934 4334 989 4405 in
1021 4332 1360 4405 Additionel
1389 4331 1666 4402 Capitula-

56 4405 140 4459 ris
176 4402 606 4475 Ludovici'imp.
633 4405 717 4459 tit.
739 4403 820 4459 ult
846 4423 859 4459 :
891 4422 911 4457 ι
940 4404 1000 4459 In
1019 4403 1272 4458 omnibus
1293 4402 1458 4474 igitur
1475 4417 1666 4458 onmes

56 4476 399 4547 magistram
443 4482 742 4547 sequantur
769 4475 1031 4547 regulam,
1064 4489 1238 4547 neque
1255 4475 1343 4547 ab
1368 4489 1431 4528 ea
1459 4479 1666 4547 temere

56 4545 387 4618 declinetur
414 4562 445 4600 a
473 4545 545 4618 qu

55 4617 237 4688 vulgo
269 4616 525 4682 habetur,
556 4617 954 4688 explodendum
981 4624 1084 4688 est.

137 4698 163 4724 ε
197 4686 400 4741 Omnia
451 4689 536 4758 fac
576 4685 694 4742 cum
718 4686 958 4741 consilio.
1006 4685 1067 4758 In
1093 4685 1355 4758 versione
1369 4687 1668 4758 communi,

55 4757 200 4812 Sine
235 4755 460 4813 consilio
505 4758 636 4812 nihil
683 4757 872 4827 facias,
926 4763 986 4810 ut
1025 4757 1081 4810 in
1112 4763 1263 4810 textu
1309 4755 1577 4827 Hebraico
1615 4766 1672 4813 et

55 4829 291 4883 Graeco.
325 4827 575 4884 Notanda
623 4826 915 4893 sententia,
940 4827 1028 4882 cui
1067 4827 1247 4883 simile
1291 4835 1377 4882 est
1401 4826 1534 4882 illud
1560 4827 1673 4886 Me-

55 4899 272 4954 nandri
305 4898 532 4955 eﬁ'atum
558 4899 616 4954 in
645 4898 954 4954 Gnomicis:

174 5024 374 5084 Βωλὴν
403 5022 457 5079 δὲ
483 5024 674 5084 «mi;
701 5022 1005 5099 πράγματος
1031 5019 1383 5096 προλάμϐανε.

55 5135 112 5191 ld
158 5143 280 5201 est,
311 5143 445 5192 ante
472 5149 632 5191 omne
654 5134 934 5259 negotium
958 5129 1245 5186 consilium
1269 5145 1424 5200 cape.
1457 5129 1556 5187 Cui
1581 5146 1666 5186 sa-

55 5223 124 5259 ne
159 5207 409 5259 parebat
454 5208 646 5259 beatus
767 5204 872 5259 aila
901 5201 1070 5256 abbas
1119 5200 1422 5259 Fuldensis,
1458 5202 1524 5256 de
1559 5217 1666 5259 auo

55 5223 124 5260 ne
159 5200 409 5277 parebat
454 5208 658 5277 beatus;
693 5200 872 5276 [Egila
901 5201 1070 5277 abbas
1094 5200 1422 5277 _Ful_dens_is,
1458 5202 1524 5256 de
1559 5217 1668 5277 quo

56 5271 183 5332 nmé
241 5276 421 5332 refert
455 5275 730 5333 Candidus
767 5271 1066 5343 monachus
1091 5271 1146 5326 in
1177 5271 1294 5343 ejus
1323 5272 1464 5343 Vita.
1510 5290 1530 5323 ι
1563 5271 1670 5327 Au-

56 5349 257 5402 liebat
328 5347 564 5403 libenter
607 5345 841 5402 fratrum
890 5341 1217 5400 consilium.
1249 5341 1472 5397 Sciebat
1521 5343 1663 5397 enim

55 5419 348 5488 ;criptum
385 5436 400 5472 :
435 5417 628 5473 Omnia
651 5418 738 5488 {ac
773 5433 893 5472 cum
923 5413 1163 5488 consilio.
1192 5412 1373 5488 Atque
1405 5413 1666 5488 ideo_non

55 5506 107 5544 te
168 5484 587 5560 sublimiorem,
626 5484 731 5560 nec
756 5485 1160 5560 prudentiorem
1197 5486 1408 5560 caeteris
1430 5484 1666 5560 aastima-

56 5567 170 5615 iat.
211 5558 419 5629 Neque
447 5553 611 5614 etiam
638 5553 784 5617 inani
816 5568 1026 5629 tumore
1046 5553 1291 5629 jactabat
1323 5571 1384 5612 se
1416 5554 1664 5629 consola-

62 5633 212 5713 ione
243 5626 484 5713 alterius
516 5647 621 5712 non
663 5629 928 5713 indigere.
954 5626 1218 5713 Attamen.
1248 5626 1296 5681 si
1344 5626 1667 5713 quandoque

56 5702 251 5756 uinus
274 5701 528 5778 prudens
557 5703 613 5778 in
635 5696 906 5778 aliquibus
932 5698 1172 5778 errabat,
1205 5699 1309 5752 hoc
1334 5698 1509 5769 magis
1535 5696 1667 5778 alio-

55 5789 186 5826 ~um
218 5769 426 5826 minus
444 5769 793 5843 prudentium
813 5769 1235 5843 introductione,
1259 5784 1423 5843 quam
1448 5769 1667 5843 propria

55 5843 406 5926 nventione
446 5837 724 5926 concepit.
781 5861 799 5896 ι
838 5841 1083 5926 Ovirum
1137 5837 1668 5926 admi’rabi'lemgqui

1702 1883 1750 1943 B

1699 3235 1744 3299 C

1860 721 1889 794 §
1918 721 2010 777 IV.
2047 752 2120 762 —
2143 723 2226 778 Ex
2262 723 2486 782 Rasum
2523 741 2710 784 SANCTI
2746 729 2950 788 BASILII
2985 733 3122 807 (cap.
3164 737 3276 810 67).

1851 830 2116 902 Interrog.
2144 833 2170 873 8
2189 830 2248 888 Si
2278 833 2400 905 quis
2421 851 2530 890 non
2553 845 2837 896 contentus
2864 844 3107 912 quotidie
3139 848 3240 904 sibi
3270 850 3372 907 ali-

1780 921 1909 993 quid
1947 920 2155 993 injungi
2181 925 2248 980 de
2282 924 2369 980 his
2399 940 2522 996 qua:
2561 943 2661 999 pro
2691 931 2947 988 mandato
2976 935 3071 990 Dei
3101 937 3369 1008 incidunt,

1779 1014 1874 1070 sed
1920 1013 2216 1070 artiﬁcium
2242 1016 2360 1072 vult
2387 1017 2618 1087 discere,
2646 1022 2796 1091 quali
2825 1023 2959 1080 vitio
2991 1032 3250 1100 aegrotat?
3275 1040 3370 1087 aut

1687 1138 1690 1141 -
1777 1108 1826 1164 si
1865 1116 2080 1179 oportet
2123 1110 2174 1166 ei
2218 1111 2524 1181 acquiesci?
2550 1144 2622 1156 ——
2650 1113 2803 1187 Resp.
2835 1116 2947 1173 Iste
2974 1120 3120 1184 talis.
3154 1131 3210 1178 et
3235 1141 3370 1191 pra:-

1777 1210 2024 1272 sumptor
2049 1207 2152 1268 est,
2176 1211 2234 1257 et
2260 1202 2362 1258 sibi
2406 1203 2624 1274 placens
2652 1215 2709 1261 et
2737 1207 2990 1277 inﬁdelis,
3023 1214 3114 1282 q’ui
3145 1231 3252 1270 non
3304 1217 3373 1271 ti-

1777 1299 1893 1365 met
1912 1292 2236 1349 sententiam
2261 1293 2478 1351 Domini
2501 1297 2732 1354 dicentis
2756 1317 2772 1352 :
2800 1299 2982 1357 Estote
3003 1306 3200 1374 parati,
3221 1308 3368 1376 quia,

1775 1397 1884 1453 qua
1927 1382 2060 1438 hora
2105 1401 2212 1440 non
2243 1387 2462 1456 putatis,
2515 1388 2659 1457 ﬁlius
2696 1390 2922 1446 hominis
2964 1395 3128 1450 veniet
3153 1395 3369 1467 (Matth.

1776 1474 1949 1547 xxiv).
1989 1475 2047 1531 Si
2088 1478 2234 1533 enim
2279 1479 2522 1549 quotidie
2561 1492 2840 1552 exspectat
2893 1486 3016 1554 quis
3061 1488 3369 1554 Dominum,

1779 1566 2047 1623 sollicitus
2074 1575 2159 1623 est
2183 1575 2241 1624 et
2265 1571 2526 1641 trepidus,
2553 1574 2825 1644 quomodo
2863 1587 3188 1646 praesentem
3228 1579 3371 1634 diem

1776 1673 1886 1714 non
1934 1668 2178 1716 transeat
2221 1662 2457 1727 otiosus,
2496 1671 2552 1718 et
2593 1664 2729 1719 nihil
2776 1667 3009 1738 amplius
3049 1670 3264 1739 quaerit.
3313 1669 3372 1724 Si

1776 1758 1955 1805 autem
1997 1751 2296 1821 imperatur
2331 1753 2380 1808 ei
2423 1753 2714 1811 artiﬁcium
2763 1757 3007 1826 discere,
3059 1760 3373 1816 obedientia

1777 1855 1874 1896 sua
1902 1841 2096 1898 habeat
2122 1843 2355 1911 lucrum,
2377 1845 2408 1886 ιι
2436 1853 2492 1901 et
2519 1847 2574 1901 in
2605 1849 2709 1904 hoc
2735 1848 2948 1919 placeat
2980 1850 3092 1906 Deo
3127 1854 3142 1892 ί
3180 1859 3237 1906 et
3264 1865 3373 1906 non

1784 1937 1842 1990 in
1867 1948 1934 1990 eo
1955 1937 2100 2005 quod
2121 1937 2225 1993 sibi
2250 1937 2448 2008 placet,
2475 1948 2719 1996 assumat
2741 1940 3024 2008 judicium.

2094 2048 2122 2121 §
2153 2048 2219 2105 V.
2247 2080 2320 2090 —
2348 2049 2486 2105 Item
2507 2053 2745 2122 ejusdem
2770 2053 2910 2125 (cap.
2935 2054 3046 2126 68).

1843 2136 2110 2210 Interrog.
2147 2137 2160 2190 i
2204 2138 2262 2196 Si
2293 2142 2417 2212 quis
2464 2141 2765 2200 industrius
2805 2143 2878 2199 sit
2910 2153 2966 2199 et
2993 2154 3278 2217 promptus
3303 2148 3375 2204 ad

1773 2229 2046 2299 implenda
2074 2233 2360 2299 mandata;
2392 2247 2518 2305 agat
2541 2243 2742 2300 autem,
2775 2250 2885 2290 non
2915 2236 3060 2305 quod
3100 2237 3152 2292 ei
3193 2235 3376 2306 injun-

1770 2323 1934 2392 gitur,
1963 2323 2057 2377 sed
2082 2324 2226 2392 quod
2264 2325 2381 2394 ipse
2407 2326 2544 2392 vult,
2583 2341 2747 2395 quam
2786 2327 3094 2384 mercedem
3122 2329 3376 2385 habebit?

1771 2409 2015 2481 —Resp.
2042 2410 2249 2468 Merces
2273 2413 2417 2470 illius
2439 2414 2530 2469 illa
2564 2415 2681 2485 ipsa
2722 2423 2808 2472 est
2839 2417 2986 2486 quod
3030 2419 3133 2473 sibi
3171 2420 3368 2489 placet.

1771 2500 1908 2557 Cum
1950 2508 2134 2557 autem
2175 2503 2468 2572 Apostolus
2511 2505 2698 2559 dicat:
2737 2503 3104 2578 Unusquisque
3143 2518 3372 2563 vestrum

1770 2592 2010 2664 proximo
2047 2609 2146 2647 suo
2173 2592 2378 2664 placeat
2400 2596 2455 2649 in
2483 2595 2616 2650 bono
2645 2597 2714 2650 ad
2744 2597 3146 2666 wdi/icationem
3187 2598 3367 2670 (Rom.

1770 2681 1885 2753 xv).
1917 2681 1987 2736 Et
2007 2689 2066 2736 ut
2090 2682 2320 2751 amplius
2356 2683 2643 2738 inclinaret
2663 2694 2717 2738 et
2737 2688 3135 2754 constringeret
3153 2689 3375 2744 audien-

1772 2779 1857 2828 tes
1885 2772 2034 2827 addit
2055 2773 2240 2828 dicens
2265 2789 2278 2827 :
2306 2771 2446 2838 Quia
2474 2775 2583 2846 ipse
2619 2772 2858 2830 Christus
2900 2795 3004 2832 non
3040 2779 3140 2833 sibi
3172 2779 3373 2850 placuit

1774 2849 2009 2935 (Ibid.).
2050 2863 2204 2921 Scire
2244 2865 2406 2922 debet
2457 2867 2830 2938 unusquisque
2863 2849 3179 2938 periculum
3212 2885 3373 2926 suum

1772 2995 2007 3053 libenter
2035 2999 2158 3054 aliis
2183 2999 2458 3064 cedimus;
2499 2999 2614 3066 sed,
2645 3007 2708 3054 ut
2733 2999 2811 3055 ait
2829 3009 3014 3071 poeta,

1965 3088 2061 3148 Qui
2089 3088 2206 3140 velit
2230 3091 2438 3152 ingenio
2459 3093 2664 3150 cedere,
2691 3091 2854 3141 nullus
2876 3093 2993 3142 erit.

1845 3157 1956 3236 d_Si
2000 3161 2236 3236 inventus
2270 3161 2451 3230 fuerit,
2479 3171 2583 3236 etc.
2611 3161 2855 3236 Habetur
2880 3165 2935 3219 in
2968 3163 3175 3236 Regula
3197 3166 3370 3221 sancti

1773 3228 2055 3285 Pachomii
2079 3228 2306 3295 excusa,
2341 3241 2445 3287 art.
2481 3233 2601 3289 118.
2641 3232 2851 3288 Citatur
2876 3250 2906 3288 a
2931 3228 3120 3290 nostro
3146 3245 3369 3291 auctore

1776 3301 1865 3375 ob‘
1895 3299 1986 3356 illa
2043 3302 2218 3356 sancti
2267 3302 2544 3375 Benedicti
2603 3305 2816 3375 verba_:
2853 3303 3038 3375 Neque
3083 3313 3373 3374 praesumat

1709 3420 1714 3425 .
1776 3370 2053 3444 quisquam
2083 3388 2201 3425 cum
2237 3373 2422 3444 abbate
2471 3390 2588 3434 suo,
2619 3384 2724 3428 etc.
2759 3370 3038 3444 Fugienda
3065 3370 3150 3428 est
3184 3384 3370 3429 autem

1688 4590 1744 4652 D

1776 3442 2053 3496 contentio
2084 3457 2192 3525 non
2233 3443 2407 3496 solum
2441 3458 2573 3525 cun-1
2596 3442 3055 3525 supericrenstto‘,
3103 3444 3194 3498 sed
3243 3460 3369 3525 cum

1774 3526 2100 3581 quacunque
2121 3512 2226 3566 alia
2247 3527 2502 3582 persona.
2535 3514 2602 3566 Et
2628 3510 2680 3567 si
2704 3513 2834 3583 quid
2867 3510 3082 3567 diIIicile
3104 3515 3367 3579 occurrit,

1774 3595 1884 3635 non
1912 3595 2010 3653 per
2048 3583 2472 3648 contentionem,
2500 3583 2600 3653 sed,
2618 3598 2715 3652 per
2743 3598 2807 3637 ea
2836 3597 2956 3652 qua:
2991 3583 3079 3637 lex
3104 3583 3368 3653 spiritalis

1774 3651 2017 3723 mandat,
2046 3667 2239 3723 nempe
2265 3667 2361 3722 per
2380 3651 2719 3723 patientiam,
2746 3651 3196 3723 precationem'et
3218 3669 3370 3722 spem

1775 3720 2190 3792 dissolvendum
2206 3720 2332 3786 erit,
2364 3720 2423 3775 tit
2452 3721 2715 3792 praeclare
2746 3720 2938 3777 inonet
2978 3733 3200 3780 sanctus
3227 3720 3370 3778 Mar-

1773 3806 1873 3846 cus
1899 3791 2146 3863 Eremita
2185 3792 2422 3863 capitulo
2454 3791 2542 3846 ⁷10
2583 3792 2744 3863 Legis
2798 3793 3078 3863 spiritalis.
3129 3795 3205 3849 De
3240 3810 3370 3849 con-

1774 3861 2018 3932 tentione
2044 3861 2295 3932 fugienda
2326 3863 2449 3917 vide
2471 3861 2748 3917 homiliam
2777 3861 2846 3918 56
2870 3864 3044 3917 sancti
3075 3864 3365 3930 Antiochi;

1772 3929 2010 3987 Ivonem.
2041 3929 2184 4003 part.
2208 3949 2306 3987 xm
2330 3933 2564 3998 Decreti,
2595 3942 2649 3987 et
2678 3932 3053 3988 Burchardum
3077 3934 3170 3989 lib.
3194 3952 3249 3990 χ.

1850 4003 2096 4075 oAlgitur.
2121 4003 2236 4059 Hoc
2263 4013 2424 4075 caput
2457 4019 2565 4059 non
2593 4004 2833 4075 habetur
2872 4005 2928 4058 in
2958 4003 3164 4075 Regula
3195 4004 3369 4060 sancti

1771 4071 2051 4144 Pachumii
2095 4087 2294 4130 excusa
2314 4071 2347 4142 ,”
2378 4073 2833 4144 quemadmodum
2872 4082 2929 4128 et
2965 4071 3221 4144 quaedam
3264 4075 3369 4128 alia

1772 4158 1894 4228 qua:
1915 4143 2005 4198 hic
2029 4146 2314 4228 esea‘dem
2343 4143 2545 4228 Regula
2570 4145 2826 4228 citantur.
2858 4143 3012 4201 Unde
3044 4147 3371 4228 signum‘est

1771 4227 1894 4286 eam
1941 4212 2116 4269 sancti
2160 4212 2450 4272 Pachomii
2478 4215 2764 4286 Regulam,
2793 4229 2957 4285 quam
2983 4212 3240 4272 excisam
3267 4215 3366 4269 ha-

1771 4281 1981 4356 bemus,
2007 4301 2112 4339 non
2135 4300 2256 4340 esse
2281 4281 2587 4356 integram:
2752 4281 2756 4282 ί
2809 4281 2828 4285 “
2984 4354 2993 4356 _
3063 4354 3071 4356 Α
3171 4333 3186 4345 .
3344 4322 3353 4333 -

1849 4352 1870 4391 ί
1902 4352 2076 4407 Mente
2098 4356 2383 4409 communi.
2399 4352 2476 4410 'Id
2503 4363 2606 4420 est,
2641 4356 2804 4410 corde
2831 4354 3098 4408 unanimi.

1848 4424 1875 4462 ε
1901 4421 2107 4493 Siquis
2155 4440 2258 4478 non
2303 4434 2595 4480 contentus.
2634 4425 2894 4493 Reperire
2929 4431 3014 4477 est
3049 4422 3192 4492 apud
3237 4437 3361 4493 san-7

1773 4500 1921 4548 ctum
1950 4491 2228 4559 Basilium,
2271 4494 2461 4549 interr.
2511 4493 2614 4547 117
2659 4491 2848 4561 Regni.
2889 4491 3175 4557 brev.,’et
3221 4492 3366 4562 apud

549 4543 1204 4645 uenﬁcam“
1519 4544 1665 4614 ίιιιοει
1689 4590 1744 4645 Ι)
1763 4543 2228 4645 faustos:
2245 4543 3365 4645 c111ciaueanesausisausis

1775 4635 1844 4690 ob
1867 4633 1957 4689 illa
1987 4619 2168 4706 sancti
2182 4633 2462 4706 Benedicti
2487 4652 2499 4687 :
2530 4631 2727 4687 Nullus
2753 4619 2809 4688 i'n
2832 4633 3150 4688 monasterio
3168 4633 3365 4706 proprii

1772 4713 2025 4774 sequatur
2043 4704 2217 4758 cordis
2239 4704 2581 4774 uoluntatem.

1845 4777 1874 4817 δ
1903 4775 1972 4829 Et
1997 4774 2055 4829 in
2082 4775 2180 4830 hoc
2206 4773 2410 4844 placeat
2438 4774 2570 4830 Deo.
2608 4773 2735 4832 Hmc
2759 4790 2870 4833 non
2894 4783 3021 4831 sunt
3045 4775 3189 4848 apud
3215 4775 3366 4830 Ruﬁ-

1773 4863 1981 4989 nuinlot‘t
1994 4933 2098 4971 non
2115 4918 2169 4972 in
2181 4934 2241 4971 eo
2253 4916 2394 4989 quod
2415 4917 2515 4972 sibi
2544 4916 2734 4987 placet,
2751 4926 2986 4973 assumat
3000 4915 3284 4989 judicium.
3305 4914 3364 4970 In

1689 4968 1693 4973 ’
1773 4968 1941 5070 Leu;
1952 4968 2398 5070 assumat
2582 4968 3358 5070 agiagi;summa,

55 5913 182 5970 plus
205 5929 289 5972 ex
318 5913 504 5972 alieno
543 5909 748 5984 judicio
782 5911 1024 5984 sapiebat
1060 5927 1222 5981 quam
1249 5927 1366 5968 suo.
1397 5909 1456 5967 In
1483 5909 1670 5967 multis
1723 5992 1725 5994 η

1774 5059 1844 5114 Et
1884 5074 1992 5113 non
2035 5059 2092 5128 in
2132 5054 2626 5128 procrastinationc
2663 5054 2953 5128 judicium.
2982 5054 3091 5128 Sed
3134 5054 3362 5128 Ruﬁnus

1772 5129 1968 5204 legisse
1993 5126 2206 5204 videtur
2234 5130 2283 5204 ἐξ
2302 5126 2755 5204 τῇ-αὺταρεσκέἱᾳε
2783 5137 2911 5190 etc.,
2943 5127 2997 5182 id
3014 5134 3135 5204 __est,
3157 5127 3224 5204 _in
3257 5126 3362 5182 sibi

1774 5197 2185 5270 co'mplacentia.
2233 5197 2403 5270 (Quod,
2438 5197 2568 5255 sane
2604 5197 2824 5270 propius
2866 5197 3075 5252 accedit
3105 5197 3172 5270 a_d
3206 5213 3362 5270 men-

1775 5266 2087 5326 tem—sancti
2127 5268 2326 5324 Basilii.
2359 5269 2493 5325 Nam
2538 5266 2642 5324 hoc
2689 5266 2807 5323 loco
2858 5276 3078 5324 sanctus
3127 5266 3360 5322 Basilius

1775 5342 1892 5397 vult
1949 5341 2302 5403 monachum,
2349 5340 2392 5394 si
2439 5341 2488 5395 ei
2537 5339 2848 5409 injungatur
2893 5338 3130 5409 aliquam
3180 5345 3354 5392 artem

1773 5413 2039 5477 ediscere,
2068 5409 2246 5466 facere
2286 5410 2495 5466 lucrum
2527 5426 2590 5465 ex
2617 5409 2946 5474 obedientia,
2989 5423 3096 5463 non
3130 5423 3261 5463 vero
3291 5423 3359 5463 ex

1776 5483 1881 5539 sibi
1907 5480 2320 5552 complacentia,
2353 5497 2548 5552 nempe
2586 5496 2654 5535 ex
2700 5480 2916 5551 prepria
2950 5479 3225 5552 voluntate
3272 5493 3360 5532 ar-

1777 5562 1884 5609 tem
1936 5548 2202 5624 eligendo,
2249 5552 2344 5607 Dei
2395 5548 2660 5620 judicium
2700 5548 2816 5605 iseu'
2852 5548 3357 5606 condemnationem

1773 5639 2073 5680 incurrere.

1847 5693 1860 5744 i
1899 5694 1960 5751 Si
1995 5695 2110 5766 quis
2143 5693 2455 5766 industrius.
2486 5693 2728 5749 Habetur
2765 5692 2908 5766 apud
2923 5698 3182 5766 sanctum
3204 5688 3357 5746 Basi-

1770 5766 1926 5831 lium,
1955 5761 2143 5836 interr.
2189 5765 2290 5821 118
2322 5764 2454 5836 Reg.
2502 5766 2610 5830 br.,
2655 5772 2710 5819 et
2757 5761 2895 5835 apud
2922 5761 3198 5828 Ruﬁnum,
3230 5775 3350 5829 cap.

1771 5838 1957 5894 citato.
2000 5835 2240 5891 Affertur
2287 5844 2467 5890 autem
2511 5835 2579 5892 ab
2626 5843 2848 5905 auctore
2894 5843 3081 5891 nostro
3129 5841 3358 5905 propter

1773 5908 2038 5966 rationem
2063 5906 2251 5963 ultima
2279 5906 2698 5980 interrogatione
2720 5902 2943 5965 dictam.
