3952 6314
223 344 298 402 801

219 474 300 513 nou
321 455 450 514 facere
467 473 480 512 :
499 455 590 514 sed
619 463 675 514 et
709 455 908 514 factam
933 457 1203 529 patienter
1239 459 1484 516 sutferre.
1521 474 1548 502 ι
1575 460 1684 516 lni-

217 551 343 606 uiicos
373 551 565 620 diligere.
605 551 634 592 ι)
668 549 1050 608 Maledicentes
1094 567 1153 607 se
1189 568 1297 608 non
1337 564 1358 593 ε
1399 552 1688 609 remaledi-

214 655 332 704 cere,
355 641 424 696 sed
445 641 596 710 magis
622 641 966 697 benedicere.
996 641 1434 698 Persecutionem
1467 650 1688 713 propter

204 729 406 803 justitiam
435 732 702 788 sustinere.
742 732 858 787 Non
899 749 1022 788 esse
1049 733 1360 803 superbum.
1386 732 1504 788 Non
1529 733 1685 788 vino-

204 823 374 878 lentum.
408 822 500 878 Non
541 823 770 878 multum
817 824 1058 879 edacem.
1103 823 1222 878 Non
1267 823 1686 879 somnolentum.

201 913 293 968 Non
316 914 496 984 pigrum.
520 912 545 952 ἀ
576 912 695 968 Non
732 913 1174 968 murmuriosum.
1215 925 1238 954 ο
1264 913 1385 969 Νοιι
1421 916 1691 968 detracto-

197 1022 304 1061 rem.
332 1005 347 1044 ί
379 1005 507 1076 Spem
541 1021 694 1061 suam
732 1006 847 1062 Deo
881 1007 1239 1062 committere.
1292 1009 1318 1046 ε
1347 1006 1557 1064 Bonum
1597 1005 1693 1060 ali-

193 1097 297 1168 quid
326 1097 369 1152 in
397 1111 442 1153 se
475 1112 588 1151 cum
631 1097 868 1164 viderit,
903 1099 1013 1152 Deo
1040 1099 1070 1138 ιι
1116 1097 1386 1168 applicet,
1425 1113 1533 1152 non
1564 1097 1689 1153 sibi.

249 1248 268 1277 α
292 1233 490 1290 Inimicos
512 1235 745 1308 diligere.
795 1235 854 1290 In
889 1235 1094 1308 Regula
1123 1235 1417 1306 Magistri:
1453 1235 1692 1290 inimicos

185 1306 409 1377 plusquam
432 1307 608 1377 anticos
640 1305 874 1376 diligere.

245 1376 267 1417 λδ
295 1375 614 1447 Maiedicentes
671 1375 879 1430 senon
940 1375 1322 1432 ranaledicere.
1375 1375 1432 1430 In
1485 1375 1691 1447 Regula

179 1445 321 1518 Heg,
339 1445 754 1518 MaledicentesAse
775 1462 879 1518 non
903 1447 1073 1518 solum
1104 1464 1207 1501 non
1231 1445 1615 1518 remaledicere.

243 1515 272 1556 ί
289 1515 644 1586 Rmaledicere.
673 1515 752 1570 Ita
782 1515 940 1586 vulgo
962 1517 1210 1581 habetur,
1237 1517 1691 1586 quemadmodum

173 1595 224 1644 et
242 1588 287 1643 in
302 1585 476 1658 Regula
498 1584 738 1658 {dagistri
769 1605 787 1658 :7
815 1584 911 1640 sed
937 1588 1078 1658 apud
1102 1586 1159 1658 S.
1192 1584 1546 1654 Clementem,
1575 1585 1691 1640 Ru-

174 1656 408 1727 thardum’,
433 1665 479 1712 et
495 1656 930 1727 Theodulpbum,
959 1657 1288 1711 maledicere.

185 1765 188 1768 .
229 1727 253 1767 ἀ
277 1725 383 1781 Νοη
405 1725 817 1798 murmuriosum.
855 1725 1274 1798 Optimaﬁlectio.
1306 1727 1386 1781 Ita
1424 1725 1565 1798 apud
1589 1725 1694 1798 Ke-

167 1812 351 1868 ronem:
386 1797 454 1868 lta
487 1797 651 1853 etiam
699 1797 928 1852 habetur
973 1798 1028 1851 in
1061 1797 1251 1868 Regul.
1281 1813 1383 1852 ms.
1425 1797 1690 1868 Magistri,

163 1867 288 1938 apud
317 1867 665 1938 Trithemium,
702 1867 758 1921 in
782 1875 1014 1938 utroque
1046 1866 1167 1922 cod;
1210 1883 1312 1922 ms.
1343 1868 1400 1922 S.
1431 1866 1690 1938 Germani

159 1937 209 1993 et
230 1939 278 1992 in
303 1938 509 1994 editione
539 1937 846 1993 Coloniensi
873 1956 885 1992 :
924 1953 952 1991 a
982 1938 1199 1992 nomine
1228 1937 1608 2001 murmurium,
1635 1937 1692 1992 id

154 2016 247 2074 est,
291 2023 523 2063 murmur.
579 2008 732 2075 Quod
761 2008 1082 2062 vocabulum
1119 2024 1226 2064 non
1274 2007 1439 2063 semel
1486 2008 1540 2060 in
1591 2009 1694 2063 hac

152 2076 420 2134 Concordia
443 2079 709 2134 occurrit:
739 2093 770 2131 a
797 2093 923 2147 quo,
956 2079 1339 2132 murmuriosus
1363 2094 1382 2131 :
1418 2078 1562 2148 quod
1604 2093 1692 2132 re-

183 2151 337 2203 eritur
363 2148 412 2202 in
455 2147 652 2219 glossis
697 2163 818 2219 quire
859 2147 1447 2219 vulgoinscribuntur'
1477 2148 1695 2203 nomine

143 2163 337 2273 geritur
363 2165 412 2202 in
463 2163 652 2219 glossis
697 2163 818 2271 qna:
859 2163 1020 2218 vulgo
1060 2163 1430 2204 inscribuntur
1477 2163 1695 2203 nomine

168 2218 467 2301 ‘.Ben_edicti
489 2219 720 2301 abbatis
763 2217 1098 2301 loriacensis,
1132 2218 1540 2301 Murmuriosus,
1573 2219 1695 2301 γὸσχ-

137 2311 291 2362 γνσος
316 2289 439 2358 lege,
467 2298 774 2362 γογγυστής,
819 2290 873 2344 id
895 2298 980 2344 est
1008 2298 1393 2343 murmurator.
1427 2288 1695 2354 Quemad-

133 2359 345 2430 modum
375 2361 424 2412 in
449 2361 644 2415 eisdem
681 2360 875 2430 glossis
900 2359 1147 2430 habetur,
1179 2358 1545 2424 Memoriosua,
1571 2364 1696 2430 μνήτ

126 2450 256 2501 μων,
286 2429 337 2482 id
367 2437 445 2482 est
475 2428 702 2484 memor.
731 2429 908 2495 Quare
934 2429 1085 2493 illud,
1111 2443 1515 2493 murmurosum,
1549 2428 1694 2497 quod

125 2497 281 2569 vulgo
305 2497 543 2569 habetur,
588 2501 967 2554 excutiendum
1005 2506 1108 2554 est.
1153 2498 1310 2568 Apud
1356 2497 1414 2552 8.
1444 2498 1693 2554 Clemen-

528 2540 543 2565 ν
588 2526 967 2554 ωιυυιιτιιυυιιι
1005 2526 1108 2554 υθι.
1153 2526 1310 2565 npuu
1356 2526 1414 2552 De
1444 2526 1693 2554 νισιιιῠιι·

123 2567 238 2623 teni
259 2567 477 2638 [egiturz
505 2585 611 2623 non
632 2579 1122 2638 murmuratorem,
1202 2567 1223 2638 ί
1278 2624 1280 2626 ,

198 2649 221 2677 ο
254 2636 373 2691 Νὸη
414 2638 773 2693 detractorem.
824 2638 882 2693 In
911 2639 1069 2709 epist.
1102 2637 1161 2694 S.
1199 2637 1530 2695 Clementis:
1578 2637 1692 2693 Nec

118 2708 500 2781 detrgctoremi:
525 2709 650 2781 quia
673 2711 767 2780 qui
805 2708 1031 2781 detrahit
1064 2726 1168 2781 u_on
1187 2725 1245 2781 se
1275 2708 1570 2781 [lege,rnou
1590 2725 1695 2781 _so-

114 2777 249 2851 iam]
281 2778 370 2833 sed
399 2777 710 2835 alios'etiam
739 2781 949 2835 occidit.
995 2779 1053 2834 In
1082 2777 1296 2851 Regulaf
1322 2777 1563 2851 Magistri
1590 2779 1694 2834 hoc

110 2849 531 2904 instrumentum
557 2865 667 2905 non
701 2859 881 2906 exstat
908 2851 1012 2906 hoc
1033 2849 1250 2920 quidem
1277 2849 1431 2916 loco,
1465 2850 1559 2904 sed
1604 2865 1696 2920 su-

106 2920 293 2991 perius
332 2920 584 2990 habetur,
629 2935 735 2975 non
759 2937 938 2975 amare
973 2919 1261 2986 detrahere,
1297 2920 1441 2990 quod
1468 2919 1695 2989 perinde

105 2998 210 3046 est.
545 3004 550 3009 '

183 3060 204 3099 ί
235 3059 396 3131 Spem
437 3079 592 3118 suam
636 3063 750 3119 Deo
796 3065 1135 3120 committere.
1185 3061 1246 3117 In
1282 3061 1442 3131 epist.
1483 3059 1540 3115 8.
1570 3058 1692 3115 Cle-

97 3132 302 3213 mentis
331 3150 344 3186 :
383 3131 456 3186 Et
483 3142 646 3213 togam
671 3152 818 3213 spem
847 3134 956 3190 Deo
980 3148 1181 3213 semper
1200 3131 1545 3213 committere.

177 3205 213 3274 ελ
232 3200 448 3257 Bonum
477 3202 681 3274 aliquid
701 3198 778 3259 'in
804 3222 860 3260 se
893 3221 1012 3259 cum
1049 3198 1255 3268 viderit,
1290 3210 1394 3274 etc.
1424 3198 1691 3274 Praeciare

91 3272 156 3344 _S_.
186 3271 534 3344 Augustinus
564 3271 738 3329 serm.
759 3276 791 3329 7
835 3276 902 3330 de
925 3274 1108 3330 verbis
1151 3271 1365 3344 Domini
1388 3271 1686 3344 secundum

88 3341 417 3400 Matthaaum
452 3364 472 3396 ι
513 3343 652 3417 Quid
705 3355 761 3401 tu
783 3346 928 3417 juste
962 3344 1182 3417 credis?
1210 3353 1263 3398 te
1286 3343 1407 3398 sine
1434 3342 1544 3396 Deo
1582 3356 1691 3396 non

85 3429 260 3484 posse
294 3430 542 3486 servare
584 3415 850 3485 justitiam
899 3415 1267 3486 ipsius?_ergo
1296 3420 1478 3486 totum
1496 3420 1691 3480 reputa

80 3482 241 3554 quod
285 3484 479 3554 justus
507 3501 567 3542 es
587 3482 789 3558 pietati
836 3482 957 3558 (Dei
999 3482 1288 3558 uidelicet);
1329 3482 1482 3549 Quod
1509 3490 1690 3538 autem

72 3563 477 3628 peccatores,
505 3554 620 3612 tute
647 3554 918 3628 iniquitati
953 3556 1205 3628 attribue.
1239 3554 1380 3628 Esto
1407 3560 1693 3628 accusator

70 3623 238 3690 inus,
269 3633 329 3679 et
359 3625 455 3681 ille
478 3628 584 3682 erit
623 3623 864 3683 indultor
903 3636 1045 3682 tuus.
1091 3625 1264 3682 Omne
1287 3625 1432 3679 enim
1461 3623 1689 3688 crimen,

62 3695 304 3768 facinus
331 3736 349 3761 ,
407 3696 494 3752 vel
540 3709 824 3768 peccatum
875 3707 1074 3755 nostrae
1116 3704 1205 3752 est
1254 3693 1592 3768 negligentiae
1636 3700 1692 3747 et

63 3767 266 3821 omnis
309 3768 498 3822 virtus
540 3764 608 3824 'et
659 3770 919 3826 sanctitas
974 3768 1070 3824 Dei
1126 3775 1212 3822 est
1265 3764 1629 3836 indulgentiae.
1663 3781 1684 3816 ι

57 3836 293 3891 Bonum
355 3837 590 3910 aliquid.
635 3841 714 3896 Ita
771 3840 928 3910 vulgo
986 3840 1235 3910 habetur.
1285 3834 1442 3910 apud
1493 3834 1691 3910 Turre-

53 3916 410 3982 crematam,
447 3903 674 3982 jBonum
703 3903 934 3982 aliquo'd.
988 3910 1046 3965 In
1072 3909 1228 3982 epist:
1273 3903 1350 3982 8ξ
1370 3903 1686 3972 Clementis,

55 3977 196 4051 boni
229 3977 476 4051 aliquid,
509 3989 672 4051 etest
695 3977 822 4037 vera
849 3991 903 4036 et
923 3977 1188 4051 germana,
1210 3977 1390 4051 lectio.

137 4049 166 4086 ιι
197 4044 485 4131 Applicet.
531 4050 795 4131 rlnnepist.
925 4044 1225 4131 Clementis
1259 4044 1689 4131 le‘gitur,‘4ppli-

45 4134 215 4191 care,
253 4119 314 4174 id
347 4130 444 4176 est
483 4119 804 4178 attribuere.
845 4123 903 4175 In
941 4121 1141 4191 Regula
1165 4136 1266 4191 ms.
1300 4119 1539 4191 Magistri
1586 4119 1690 4172 hoc

43 4189 526 4260 instrumentum
556 4193 630 4246 ita
667 4193 893 4248 habetur
917 4211 928 4245 :
952 4188 1159 4244 Bonum
1187 4189 1390 4260 aliquid
1413 4188 1468 4260 iri
1494 4204 1548 4241 se
1570 4203 1690 4241 cum

43 4259 281 4333 viderit,
318 4279 378 4333 _a
410 4261 534 4317 Deo
570 4263 770 4333 factum
798 4264 964 4332 magis
996 4278 1150 4332 quam
1174 4277 1206 4312 a
1227 4258 1288 4333 se
1311 4258 1587 4333 existimet:

130 4332 150 4369 ἱ
190 4329 434 4404 Malum
466 4327 588 4404 vero
613 4350 646 4388 a
674 4351 728 4387 se
763 4327 964 4404 semper
989 4327 1186 4402 tactum
1205 4331 1372 4404 sciat.
1407 4336 1457 4381 εἴ
1482 4327 1692 4404 ἐίθίλΐε·

43 4409 228 4474 nutet.
279 4401 580 4474 lta_vulgo
616 4396 882 4474 scriptum
905 4396 1151 4458 habetur.
1205 4400 1263 4454 ln
1291 4400 1451 4470 epist.
1484 4396 1692 4474 βλωθ-

46 4471 299 4544 uentis,
339 4471 421 4544 Et
455 4467 660 4544 malum
683 4467 798 4529 a'se
841 4467 1360 4544 factumcognoscatj,
1399 4479 1446 4524 et
1469 4467 1688 4544 sibiimf

45 4551 221 4595 mtet.
277 4542 603 4615 lnARegula
635 4537 906 4615 Magistri,
936 4537 1196 4615 Maluma
1223 4558 1276 4596 se
1309 4541 1508 4615 [actum
1538 4537 1692 4608 judi-

47 4623 144 4687 ret,
201 4621 262 4666 et
290 4612 410 4667 sibi
453 4612 507 4668 et
539 4612 747 4687 diabolo
777 4616 1010 4687 imputet.
1061 4613 1159 4687 Qui
1184 4613 1300 4668 haec
1318 4613 1687 4687 instrumenta

51 4683 510 4754 pbsequuntur
535 4699 551 4739 :
578 4681 859 4740 Desideria
883 4701 981 4740 sua
1010 4702 1042 4739 a
1073 4685 1182 4740 Deo
1208 4682 1389 4754 perﬁci
1415 4681 1686 4751 adoptare.

48 4752 469 4809 iubstdntiam
506 4772 662 4810 suam
701 4756 889 4811 nonin
930 4754 1042 4810 solo
1080 4752 1257 4808 labore
1285 4767 1537 4807 manuum
1567 4769 1695 4806 sua-

47 4839 190 4889 um,
241 4826 353 4880 sed
384 4823 524 4895 plus
556 4843 589 4880 a
615 4825 724 4882 Deo
746 4843 975 4898 sperare.
1026 4824 1165 4898 Ubi,_
1198 4824 1468 4894 adoptare,
1497 4831 1581 4878 est
1603 4837 1690 4876 ve—

49 4904 360 4970 eingnter
389 4904 640 4970 optare;
671 4905 732 4970 ut
755 4896 844 4962 ab,
871 4912 1072 4970 amare,
1103 4896 1378 4970 adamare.

91 4963 113 5013 ἱ
161 4965 356 5020 Diem
392 4963 609 5036 judicii
656 4967 856 5022 timere.
907 4966 1215 5037 Elegantem
1254 4963 1444 5037 judicii
1493 4964 1696 5037 descri-

49 5035 312 5108 tiqnem
345 5034 504 5094 vide
531 5037 676 5108 apud
696 5034 1084 5108 Tertullianum
1112 5035 1206 5091 lib.
1238 5034 1688 5108 dedSpectaculis,

51 5126 74 5232 ll
100 5106 239 5233 ﬁhne
267 5124 288 5176 ;
326 5116 400 5167 et
430 5105 744 5166 Eusebium
771 5107 1128 5174 Gallicanum,
1172 5106 1360 5162 hornil.
1394 5105 1448 5173 4,
1487 5105 1554 5161 ad
1576 5121 1694 5161 mo-

81 5194 120 5232 c
176 5195 282 5233 os.

53 5193 282 5236 ICDOS.

72 5251 113 5289 ιι
176 5249 399 5309 Vitam
429 5263 699 5310 cateruam
723 5253 866 5310 omni
903 5248 1319 5320 concupiscentia
1347 5248 1571 5320 spiritali
1599 5248 1692 5320 de-

55 5320 317 5396 ierare.
398 5325 504 5380 lta
541 5324 999 5396 vulgoihabetu'r.
1055 5319 1114 5378 In
1160 5319 1692 5396 Regula'_Magistri:

57 5393 221 5447 itam
281 5405 592 5452 aeternam
627 5390 676 5451 Et
713 5395 1048 5451 Hierusalem
1099 5390 1332 5448 sanctam
1375 5390 1692 5446 deside-rare.

80 5464 304 5534 epist.
352 5465 431 5522 S.
472 5467 773 5522 Clementis
801 5467 1122 5524 vocabulum
1150 5462 1378 5534 spiritali
1418 5461 1695 5534 desideras

59 5550 88 5586 r
113 5531 152 5600 ξ
208 5535 404 5594 forte
459 5552 504 5592 a
549 5541 780 5608 quodam
816 5546 1120 5595 correctore
1156 5531 1510 5608 expunctum.
1538 5531 1697 5608 omni

59 5621 135 5674 ζο
176 5609 496 5678 spiritali
529 5603 963 5682 concupiscentia
986 5609 1163 5682 vitam
1191 5613 1449 5682 aeternam
1480 5603 1696 5682 deside-

60 5693 125 5731 Ὃ
157 5674 274 5751 θνέι
312 5696 500 5751 puro
534 5680 627 5736 Dei
651 5674 857 5747 amore,
885 5690 939 5735 et
963 5681 1029 5735 ad
1061 5675 1440 5751 niajoreniDei
1471 5674 1696 5744 gloriam
1723 5729 1738 5748 ,

59 5766 93 5801 u
136 5750 236 5804 ob
275 5747 607 5808 privatam
637 5752 928 5808 utilitatem
971 5759 1229 5806 aeternam
1259 5747 1574 5802 felicitatem
1601 5760 1698 5799 cx-

65 5835 229 5878 cre.
273 5816 376 5878 Et
406 5823 528 5888 hic
551 5825 816 5896 appetitus
837 5822 1112 5897 perfectus
1131 5828 1234 5892 est,
1263 5819 1354 5896 qui
1375 5816 1698 5903 monachum

1096 339 1489 403 CONCORDIA
1524 342 1980 404 REGULARUM.
1995 372 2068 386 —-
2099 343 2252 400 CAP.
2291 342 2404 400 Vl].

3252 347 3362 409 803

1707 462 1808 528 Αἱ
1847 459 2045 515 Malum
2069 475 2200 517 vero
2247 475 2280 515 a
2323 474 2381 516 se
2415 454 2613 514 factum
2661 459 2817 527 sciat,
2871 466 2926 516 et
2979 460 3082 517 sibi
3127 473 3358 532 reputet.

1791 549 1806 604 i
1844 551 1998 606 Diem
2019 551 2210 622 judicii
2231 551 2443 607 timere.
2464 551 2780 608 Gehennam
2801 566 3184 622 expavescere.
3214 554 3240 593 ιι
3266 555 3362 610 Vi-

1788 651 1900 700 tam
1927 652 2186 700 aeternam
2222 646 2369 700 omni
2413 645 2847 716 concupiscentia
2888 645 3119 716 spiritali
3154 646 3366 702 deside-

1787 751 1928 791 rare.
1968 733 1987 774 ι
2027 735 2251 791 Mortem
2283 737 2524 806 quotidie
2551 746 2677 792 ante
2708 737 2891 793 oculos
2931 746 3236 808 suspectam
3267 738 3364 792 ha-

1788 827 1938 883 bere.
1965 825 2134 882 Actus
2158 827 2282 882 vita:
2302 844 2413 884 suae
2436 829 2584 883 omni
2605 829 2737 883 hora
2762 830 3054 884 custodire.
3072 841 3112 868 ω
3135 828 3194 882 1η
3215 829 3364 884 omni

1791 916 1910 973 loco
1930 917 2100 972 Deum
2127 933 2186 973 se
2211 919 2480 988 respicere
2503 934 2601 989 pro
2625 927 2776 974 certo
2805 919 2967 974 scire.
2994 918 3366 988 Cogitationes

1789 1009 1964 1065 malas
1993 1009 2142 1082 cordi
2170 1024 2270 1065 suo
2305 1012 2653 1067 advenientes
2679 1027 2804 1066 mox
2834 1011 2902 1064 ad
2933 1010 3210 1065 Christum
3251 1011 3368 1065 alli-

1791 1100 1940 1168 dere,
1980 1111 2009 1139 ιι
2046 1110 2100 1157 et
2125 1102 2325 1157 seniori
2359 1102 2589 1172 spiritali
2617 1101 2942 1172 patefacere.
2989 1110 3014 1136 ο
3044 1101 3117 1157 Os
3145 1117 3302 1156 suum
3331 1117 3364 1156 a

1791 1236 2027 1292 maxime
2051 1237 2224 1292 decet.
2274 1237 2382 1292 Sed
2406 1245 2464 1292 ut
2503 1237 2779 1293 ardentius
2805 1253 2836 1292 a
2865 1236 3021 1293 nobis
3067 1245 3367 1307 appetatur,

1792 1307 1936 1362 illius
1977 1307 2414 1378 excellentiaihic
2453 1308 2804 1376 subjicienda,
2853 1309 3028 1378 primo
3057 1323 3124 1363 ex
3150 1307 3206 1362 S.
3239 1307 3371 1360 Pro-

1793 1393 1951 1449 spero
1984 1377 2078 1434 lib.
2111 1395 2128 1432 ι
2177 1377 2392 1449 ἀθίνίιει
2429 1377 2867 1449 contemplativa,
2897 1394 3016 1448 cap.
3055 1378 3124 1432 2:
3183 1396 3201 1428 ι
3234 1377 3373 1445 Ergo

1792 1448 1973 1502 futura
2003 1449 2112 1502 vita
2138 1448 2376 1502 creditur
2403 1449 2557 1504 beate
2581 1448 2925 1518 sempiterna,
2971 1457 3028 1502 et
3048 1449 3374 1518 sempiterne

1793 1519 1974 1574 beata.
2014 1519 2117 1574 Ubi
2141 1527 2224 1572 est
2247 1528 2396 1573 certa
2441 1517 2709 1573 securitas
2741 1529 2796 1573 et
2838 1533 3030 1574 secura
3073 1517 3374 1587 tranquillié

1795 1596 1900 1652 tas,
1931 1597 1987 1644 et
2010 1587 2299 1658 tranquilla
2318 1588 2668 1658 jucunditas;
2700 1588 2827 1643 felix
2847 1589 3142 1652 aeternitas,
3172 1598 3376 1642 aeterna

1794 1658 2058 1725 felicitas;
2109 1660 2200 1713 ubi
2228 1668 2314 1713 est
2341 1675 2494 1715 amor
2531 1661 2826 1728 perfectus,
2858 1665 2914 1713 et
2953 1659 3134 1713 nullus
3167 1658 3367 1722 timor;

1759 1729 1912 1784 «dies
1936 1738 2191 1793 aeternus,
2221 1728 2398 1784 alacer
2424 1738 2624 1796 motus,
2655 1739 2710 1784 et
2737 1741 2875 1783 unus
2897 1729 3138 1783 omnium
3156 1729 3378 1796 spiritus

1721 1813 1770 1872 Β
1796 1800 1864 1855 de
1905 1799 2356 1872 contemplatione
2390 1799 2487 1872 Dei
2519 1801 2625 1872 sui,
2682 1798 2832 1872 etde
2861 1815 2957 1853 sua
2988 1814 3112 1853 cum
3143 1799 3232 1852 illo
3259 1812 3379 1872 per-

1796 1871 2076 1926 mansione
2104 1884 2365 1936 securus;
2401 1871 2491 1925 ubi
2519 1871 2632 1940 ipsa
2659 1870 2874 1933 civitas,
2905 1884 3026 1940 qua:
3052 1879 3135 1940 est
3165 1868 3379 1938 angelo-

1796 1956 1916 1996 rum
1948 1949 2262 2010 sanctorum
2290 1951 2345 1995 et
2373 1939 2650 1995 hominum
2676 1939 3019 2010 congregatio
3057 1939 3231 2010 beata.
3262 1953 3379 1993 me-

1794 2011 1918 2082 ritis
1941 2009 2266 2082 fulgentibus
2292 2010 2473 2082 micat,
2498 2018 2778 2082 etaeterna
2804 2010 2948 2082 salus
2975 2009 3254 2082 exuberat,
3285 2023 3382 2062 ve-

1795 2081 1931 2136 ritas
1979 2079 2208 2150 regnat;
2270 2079 2362 2134 ubi
2408 2095 2508 2150 nec
2560 2079 2699 2134 fallit
2741 2081 2991 2150 quisque,
3035 2095 3103 2134 ne
3133 2079 3376 2150 fallitur;

1797 2097 1931 2136 ritas
1979 2097 2038 2136 re
2081 2097 2208 2146 nat;
2270 2097 2362 2134 um
2408 2097 2508 2134 nec
2560 2097 2699 2134 lallll
2741 2097 2991 2150 quisque,
3035 2097 3103 2134 ne
3133 2097 3376 2142 lalltllu';

1797 2152 1942 2222 unde
1967 2097 2144 2205 nuflus
2175 2151 2389 2222 ejicitur
2410 2149 2760 2222 beatus,»quo
2788 2150 3163 2222 nullusimiser
3185 2149 3382 2222 admit-

1795 2221 1949 2276 titur.
1978 2242 1996 2273 ι
2025 2218 2226 2276 Deinde
2251 2236 2318 2275 ex
2336 2218 2393 2274 S.
2426 2218 2776 2285 Columbano,
2801 2219 3026 2288 epistola
3053 2219 3088 2272 2
3115 2238 3128 2272 :
3165 2238 3184 2270 ‹
3215 2219 3384 2272 Beata

1796 2290 2016 2352 familia,
2051 2307 2172 2358 quae
2200 2292 2252 2345 in
2285 2290 2408 2345 altis
2437 2291 2676 2354 habitat,
2725 2291 2815 2346 ubi
2857 2305 3020 2346 senex
3049 2306 3156 2344 non
3193 2290 3380 2358 gemit,

1795 2377 1970 2432 neque
2005 2360 2185 2417 infans
2207 2362 2388 2432 vagit;
2410 2360 2511 2432 ubi
2533 2361 2722 2416 laudes
2751 2361 2965 2416 Domini
2994 2360 3139 2432 nulla
3170 2376 3273 2413 vox
3298 2375 3385 2432 ref

1795 2428 1969 2498 tinet;
2020 2432 2110 2485 ubi
2136 2447 2240 2486 non
2277 2428 2542 2495 esuritur,
2576 2432 2667 2485 ubi
2697 2447 2975 2500 nunquam
3018 2431 3238 2495 sititur;
3290 2428 3384 2483 ubi

1794 2501 1915 2572 cibo
1941 2517 2176 2572 superno
2201 2501 2351 2572 plebs
2375 2500 2612 2572 caelestis
2644 2501 2925 2572 pascitur;
2968 2501 3063 2572 ubi
3085 2515 3246 2572 nemo
3270 2513 3386 2572 mo-

1795 2571 1953 2635 ritur,
1985 2568 2111 2640 quia
2142 2568 2299 2626 nemo
2329 2571 2610 2638 nascitur;
2645 2568 2741 2625 ubi
2783 2570 2906 2641 aula
2954 2571 3118 2641 regiae
3147 2568 3384 2641 caelestis

1793 2639 2055 2712 pascitur,
2085 2641 2138 2694 in
2170 2657 2276 2710 qua
2300 2641 2438 2695 male
2468 2655 2730 2712 resonans
2756 2640 2902 2694 nulla
2931 2639 3039 2695 vox
3058 2639 3242 2694 audita
3265 2648 3382 2705 est;

1795 2711 1887 2766 ubi
1922 2712 2035 2766 vita
2079 2712 2271 2766 viridis
2306 2726 2544 2780 veraque
2568 2711 2748 2766 futura
2776 2719 2882 2777 est,
2924 2725 3086 2780 quam
3115 2725 3214 2764 nec
3240 2724 3386 2780 mor-

1795 2781 1886 2848 tis,
1904 2797 2006 2838 nec
2021 2783 2292 2847 maeroris,
2308 2779 2486 2837 metus
2505 2790 2923 2852 consumpturus
2941 2779 3045 2836 est.
3077 2780 3211 2835 Laeti
3239 2779 3386 2834 letho

1795 2860 2070 2908 transacto
2100 2853 2278 2906 laetum
2309 2867 2491 2923 regem
2534 2853 2813 2916 videbunt,
2857 2867 2980 2907 cum
3002 2858 3386 2923 _regnanie_re-

1796 2923 2069 2993 gnabunt,
2124 2939 2247 2977 cum
2297 2921 2567 2993 gaudente
2614 2921 3176 2993 gaudebunttTu‘ncA
3207 2921 3384 2986 dolor,

1795 2991 1927 3046 tunc
1953 2994 2167 3048 taedium
2187 3033 2200 3058 ,
2257 2991 2386 3047 tunc
2414 2991 2569 3047 labor
2601 2991 2886 3048 delenitur.
2949 2991 3101 3046 Tunc
3146 2991 3262 3046 Rex
3292 3006 3389 3045 re-‘

1795 3075 1945 3131 gum,
1987 3079 2082 3119 rex
2122 3063 2307 3118 mundi
2352 3079 2384 3116 a
2413 3062 2627 3117 mundis
2651 3062 2938 3120 videbitur.
2975 3081 2994 3113 ι
3037 3061 3144 3116 Sed
3173 3063 3323 3116 varie
3352 3076 3384 3114 a

1795 3133 1960 3187 variis
1989 3133 2242 3188 Patribus
2268 3133 2384 3187 haec
2429 3133 2587 3188 beata
2629 3133 2740 3187 vita
2769 3132 3056 3201 descripta,
3094 3132 3329 3185 maxime
3353 3147 3384 3185 a

1794 3201 2140 3269 Cassiodoro,
2177 3203 2270 3258 lib.
2303 3203 2369 3258 de
2390 3201 2603 3268 Anima,
2631 3217 2748 3272 cap.
2777 3204 2864 3268 19,
2899 3203 3052 3272 cujus
3071 3201 3250 3257 locum
3275 3217 3383 3255 non

1792 3273 1989 3339 refero,
2021 3275 2146 3344 quia
2185 3273 2448 3344 prolixior
2493 3282 2616 3344 est;
2666 3288 2837 3344 quem
2854 3273 2975 3326 vide
2997 3312 3011 3336 ,
3045 3272 3170 3341 quia
3198 3272 3384 3326 nescio

1792 3345 1922 3415 quid
1943 3343 2235 3415 jucundius
2263 3344 2458 3415 anima:
2482 3343 2845 3415 spiritalilegi
2876 3349 3071 3412 potest.

1872 3414 1889 3452 ι
1931 3410 2155 3468 Mortem
2181 3414 2412 3485 quotidie
2460 3410 2581 3466 ante
2617 3410 3123 3485 oculos‘suspect‘am
3165 3410 3379 3465 habere.

1793 3483 1909 3540 Hoc
1937 3479 2357 3539 instrumentum
2393 3497 2501 3536 non
2530 3490 2710 3537 exstat
2754 3483 2893 3550 apud
2924 3479 2984 3535 S.
3015 3479 3376 3535 Clementem.

1793 3554 1939 3610 Mors
1968 3562 2095 3610 ante
2133 3553 2318 3609 oculos
2347 3561 2597 3622 suspecta
2648 3551 2891 3622 habenda
2921 3559 3035 3615 est,
3088 3551 3237 3622 quia;
3259 3567 3386 3604 cum

1793 3633 1941 3680 certa
1968 3625 2058 3690 sit,
2097 3625 2304 3678 incerta
2351 3619 2529 3677 tamen
2559 3630 2615 3676 et
2641 3621 2845 3701 perfida
2874 3630 2957 3675 est
2982 3638 2994 3673 :
3035 3635 3160 3701 cum
3191 3619 3386 3701 absens

1791 3705 2303 3767 putatur,ipraesens
2328 3701 2410 3749 est
2433 3708 2611 3767 ;_curn
2640 3691 2866 3756 remota,
2895 3691 3196 3767 propinqua
3225 3706 3239 3756 ;
3294 3691 3380 3767 in-

1792 3760 2374 3838 cogitanti'repentina
2407 3763 2662 3828 advenit;
2692 3760 3016 3838 prmmatura
3047 3763 3231 3826 venit;
3262 3760 3388 3838 sub—

1792 3831 1932 3892 sid'et
1960 3837 2015 3891 in
2057 3831 2289 3900 insidiis,
2334 3835 2580 3888 incautos
2613 3831 2924 3904 aggreditur
2967 3847 3072 3886 non
3101 3831 3386 3904 praemedi-

1790 3914 1904 3962 tata
1933 3907 2207 3975 irrumpit,
2236 3904 2435 3960 invitos
2458 3901 2672 3959 trahitf
2689 3901 2957 3975 Suspecta
2978 3901 3114 3973 ergo
3135 3901 3382 3957 habenda

1793 3986 1897 4043 est,
1946 3993 2014 4032 ne
2043 3973 2142 4033 nos
2179 3977 2478 4048 imparatos
2524 3973 2817 4048 corripiat,
2855 3973 2979 4044 quia
2998 3989 3159 4048 _mo_rs
3193 3987 3387 4048 pecca-

1791 4057 1969 4104 torum
2004 4043 2288 4118 pessima;
2339 4061 2458 4118 qua:
2494 4046 2562 4100 ad
2611 4043 2934 4118 perpetuum
2980 4044 3130 4118 ducit
3178 4043 3382 4118 suppli-

1792 4060 1969 4104 torum
2004 4063 2275 4118 pessrma,
2339 4061 2458 4116 quae
2494 4060 2562 4100 au
2611 4060 2934 4116 perpetuum
2980 4060 3130 4099 uucit
3178 4060 3301 4170 sugq

1792 4119 1953 4185 cium,
1985 4127 2040 4174 et
2067 4127 2126 4173 ut
2151 4120 2228 4173 ait
2257 4117 2314 4172 S.
2347 4117 2581 4186 Prosper
2614 4116 2991 4186 Aquitanicus,
3028 4115 3198 4186 epigr.
3285 4129 3301 4168 :

1852 4209 1942 4260 Ille
1965 4211 2116 4272 igitur
2139 4209 2246 4259 linis
2267 4197 2420 4259 malus
2445 4217 2544 4272 est,
2565 4221 2712 4272 quem
2738 4221 2880 4271 poena
2901 4213 3163 4270 sequetur,

1915 4223 1942 4260 e
1965 4221 2116 4272 igitur
2139 4221 2246 4259 unis
2267 4221 2420 4284 mgnus
2445 4221 2540 4270 est,
2565 4221 2712 4319 quem
2738 4221 2829 4281 pne:

1915 4272 1977 4322 Et
1998 4273 2082 4335 qui
2105 4278 2334 4335 perpetui
2359 4276 2498 4334 porta
2516 4271 2579 4321 do
2597 4283 2696 4320 OI'IS
2716 4280 2829 4320 erit.

1789 4354 1862 4409 At
1893 4361 2082 4409 contra
2110 4360 2423 4408 sanctorum
2449 4367 2596 4408 mors
2618 4352 2855 4422 pretiosa
2885 4351 2947 4422 in,
2960 4356 3254 4422 conspectu
3271 4351 3384 4422 Do.

1793 4423 1949 4490 mini,
1995 4439 2116 4492 quae
2152 4431 2471 4493 perpetuum
2509 4420 2657 4493 ducit
2700 4423 2769 4493 ad
2805 4421 3084 4493 gaudium.
3107 4420 3205 4487 Et,
3238 4421 3284 4478 si
3311 4421 3378 4476 li-

1717 4528 1772 4589 D
1796 4503 1917 4582 ceai
1942 4489 2075 4549 mihi
2105 4489 2437 4562 in‘Prosperi
2464 4492 2712 4547 versibus
2731 4489 2935 4556 ludere,
2967 4489 3142 4546 dicam
3167 4509 3180 4545 :

1858 4571 1948 4633 ille
1974 4583 2124 4643 igitur
2147 4582 2254 4631 linis
2272 4581 2426 4631 bonus
2450 4588 2547 4643 est,
2567 4591 2716 4643 quem
2735 4579 2894 4642 palma
2916 4586 3173 4643 sequetur,
3264 4600 3270 4606 -

1916 4643 1979 4695 Et
1998 4641 2081 4706 qui
2105 4649 2358 4707 perpetuae
2383 4641 2716 4706 porta'salutis
2736 4641 2846 4693 erit.

1863 4764 1902 4792 ω
1928 4749 1996 4805 In
2023 4750 2305 4806 omni'loco
2321 4747 2516 4804 'Deum
2538 4765 2593 4804 se
2627 4748 2880 4811 respicere
2907 4763 3002 4819 pro
3042 4755 3184 4802 certo
3207 4745 3386 4801 'scire.

1789 4822 1850 4898 In
1879 4822 2035 4898 epist.
2068 4821 2127 4898 S_.
2152 4821 2442 4898 Clementis
2468 4839 2480 4874 :
2514 4819 2582 4898 η
2603 4821 2744 4875 omni
2777 4819 2889 4898 loco
2910 4819 3081 4898 Deum
3105 4819 3383 4898 respicere,

1791 4888 2015 4964 ﬁrmiter
2040 4895 2195 4948 scire.
2228 4891 2336 4948 Sed
2363 4891 2574 4947 incuria
2594 4891 2924 4974 .typograplii
2953 4888 3227 4971 intercidit
3250 4902 3382 5008 Pro-

1793 4980 1988 5008 nnmen
2025 4981 2098 5008 ηρ-
2156 4963 2296 5008 mimi
2331 4964 2564 5008 habetur
2594 4979 2644 5008 In
2693 4961 2975 5008 canitnlart
3023 4959 3246 5008 Theodu
3270 4957 3381 5008 Din.

1793 4957 1992 5020 nomen
2025 4981 2100 5030 se,
2156 4963 2299 5034 quod
2331 4964 2564 5018 habetur
2593 4957 2976 5034 iri—capituiari
3023 4957 3381 5025 Theodulphi,

1793 5045 1849 5092 et
1875 5037 1928 5090 in
1970 5030 2224 5090 omnibus
2251 5036 2452 5089 nostris
2493 5035 2637 5099 cod.,
2678 5040 2789 5086 tam
2826 5030 2986 5085 editis
3015 5043 3177 5098 quam
3198 5043 3342 5099 mss:
3366 5045 3381 5093 ;

1794 5106 2024 5178 habetur
2063 5105 2227 5178 etiam
2280 5104 2337 5159 in
2385 5103 2590 5178 Regula
2623 5096 2906 5178 Magistri,
2956 5096 3059 5178 hoc
3084 5097 3247 5178 modo
3267 5096 3384 5178 ειιη

1793 5177 1971 5249 quovis
2000 5175 2168 5249 locoa
2191 5175 2380 5249 Qeoge
2401 5168 2586 5249 respici
2613 5190 2708 5249 pro
2732 5168 2874 5226 Eerto’
2897 5169 3062 5249 scire.‘
3084 5169 3159 5222 Ex
3188 5168 3387 5249 quibus

1796 5239 2045 5320 omnibus
2083 5245 2170 5320 hic
2195 5244 2252 5320 S.
2290 5239 2587 5320 Clementis
2610 5239 2759 5320 locus
2788 5239 3262 5320 castigandusiest.
3350 5308 3388 5320 __

1869 5329 1897 5355 ιι
1926 5317 1995 5372 Et
2027 5316 2221 5388 seniori
2266 5315 2492 5388 spiritali
2527 5314 2838 5388 patefacere.
2863 5309 3017 5388 ﬁagc
3043 5309 3389 5388 instrumenti

1793 5404 1923 5461 pars
1950 5388 2104 5443 abest
2129 5403 2160 5442 a
2186 5377 2388 5458 Regula
2415 5377 2676 5510 Magistri.
2706 5383 2763 5436 In
2792 5380 3020 5463 epistola
3057 5377 3387 5460 S..C.lemen.-

1796 5463 1867 5510 tis
1895 5461 2124 5510 habetur
2152 5459 2255 5510 hoc
2280 5460 2460 5510 modo.
2540 5466 2558 5510 t
2585 5452 2942 5510 sacerdotibus
2974 5451 3182 5504 Domini
3215 5463 3387 5502 mam-

1796 5451 1867 5517 iis
1895 5459 2255 5531 habeturhoc
2267 5451 2460 5531 'modo_.
2489 5451 2558 5510 Et
2585 5451 2942 5531 sacerdotibus
2974 5451 3183 5531 Domini
3215 5451 3387 5531 mani:-

1797 5531 2005 5602 [ρειαί-ε.
2043 5529 2147 5584 Sed
2177 5539 2396 5585 sanctus
2431 5527 2754 5602 Benedictus
2774 5523 3021 5593 quaedam
3045 5523 3292 5602 mutavit,
3327 5525 3388 5572 ut

1797 5592 2122 5660 sententiam
2147 5602 2442 5672 disciplina:
2465 5595 2740 5672 claustrali
2770 5592 3222 5672 accommodaret.

1871 5681 1896 5709 °
1932 5671 2003 5728 Os
2031 5689 2185 5727 suum
2208 5657 2442 5737 amato,
2489 5669 2566 5725 vel
2591 5683 2751 5739 pravo
2771 5665 2974 5736 eloquio
3001 5661 3289 5739 custodire.
3323 5657 3385 5714 In

1797 5743 2025 5803 epistola
2075 5742 2132 5798 S.
2174 5731 2504 5802 Clementis:
2549 5731 2620 5799 0's
2647 5754 2802 5795 suum
2829 5731 2876 5793 α’
2901 5732 3066 5792 multo
3113 5731 3190 5790 vel
3222 5742 3384 5803 pravo

1715 5895 1757 5902 _
1799 5814 2003 5892 eloquio
2033 5814 2316 5904 custodire:

3395 5880 3421 5924 ³η
