2024 3167
107 172 156 207 8'63

579 165 775 210 lCONCOBDlA
793 169 1023 200 REGULAR'UM.
1040 164 1077 195 ὲ
1094 169 1169 202 (ἎΡ.
1190 166 1245 201 VII.

1668 173 1722 203 806

107 238 169 271 gunt
190 238 261 272 eum.
285 230 397 261 Ofﬁcina
410 237 478 265 vero
490 230 537 258 ubi
549 229 607 258 haec
631 230 722 263 omnia
747 228 888 264 diligenter
901 228 929 259 A
939 226 990 260 Qui
1010 236 1076 256 vero
1086 228 1184 264 saepius
1197 234 1277 256 orare
1287 221 1414 262 voluerit,
1435 216 1593 257 uberiorern"
1605 229 1725 260 inveniet

106 287 255 315 operemur,
275 278 393 316 claustra
411 280 475 306 sunt
494 276 651 305 monasterii
675 280 702 304 et
717 275 848 304 stabilitas
860 275 890 303 in

105 316 318 362 congregatione.

224 391 282 429 §Il.
296 406 333 413 -—
349 390 390 419 Ex
405 389 514 419 Rasum
528 388 622 418 ssnon
637 389 764 418 Macanu.

143 468 156 482 ο
166 458 263 486 Milites
276 466 340 493 ergo
355 447 455 486 Christi
476 457 516 485 sic
531 457 620 485 taliter
633 465 696 485 suos
709 457 808 486 debent
817 464 891 485 com-

102 512 200 541 ponere
212 512 330 540 gressus,
347 503 506 542 charitatem
516 502 545 530 in
556 510 585 530 se
594 501 818 537 perfectissimam
830 509 892 529 con-

103 552 217 579 tinentes
242 541 374 578 Deumcx
398 553 454 577 tota
478 549 567 576 anima
584 548 714 584 diligere,
738 552 766 575 et
785 556 818 575 ex
835 551 891 575 tota

102 601 201 628 mente,
226 600 253 624 et
265 604 297 634 ex
311 600 367 623 toto
381 596 473 629 corde,
497 598 525 622 et
538 602 571 622 ex
593 598 649 622 tota
661 594 761 622 virtute
773 601 831 626 sua,
848 594 891 620 in-

102 642 188 670 vicem
216 635 286 670 inter
313 649 343 668 se
365 640 590 677 perfectissimam
613 644 749 667 sectantes
764 639 891 667 obedien-

102 689 177 715 tiam.
202 687 323 721 Paciﬁci,
344 687 434 720 mites,
458 686 608 719 moderati;
627 693 680 713 non
694 686 813 720 superbi,
837 693 892 712 non

103 733 235 769 injuriosi,
260 724 315 760 non
337 739 507 765 susurrones,
533 739 588 759 non
608 731 744 763 irrisores,
762 737 817 758 non
830 737 892 757 ver—

102 780 169 813 bosi,
195 787 250 807 non
269 778 496 819 praesumptuosi,
519 785 574 813 non
597 778 649 805 sibi
671 777 818 813 placentes,
843 776 892 804 sed

103 826 166 859 Deo,
190 825 233 853 cui
250 825 387 858 militant,
410 824 528 852 Christo.
557 824 616 863 Non
639 823 835 859 blasphemiam
849 830 892 851 se-

102 875 216 904 ctantes,
239 878 291 898 nec
315 870 407 898 dicere
427 870 573 906 quidquam
595 873 694 904 praeter
707 869 892 905 quodvbonum

941 274 1153 303 misericordiam
1167 270 1278 302 Christi.

976 320 990 357 §
1008 320 1050 348 ΙΙΙ.
1068 336 1104 341 -
1121 321 1161 348 Ex
1178 317 1289 348 Bucari
1306 328 1399 349 SANC'H
1423 317 1524 349 Blsitu
1544 320 1612 358 (cap.
1632 321 1689 359 tl).

979 366 1109 402 Interrog.
1128 367 1140 387 ε
1152 366 1221 400 Quid
1236 371 1277 394 est
1292 367 1446 400 maledicus,
1464 367 1491 395 id
1506 372 1547 395 est
1558 368 1680 404 λοίδορος.
1692 384 1727 390 -—-

941 411 1020 447 Resp.
1036 412 1130 439 Omnis
1142 420 1231 440 sermo
1242 413 1288 448 qui
1302 413 1336 441 ob
1356 414 1408 441 hoc
1419 413 1557 449 profertur
1569 419 1600 443 ut
1616 415 1729 444 infamet

941 457 1067 492 aliquem,
1082 458 1193 494 deroget
1205 458 1246 485 vel
1260 458 1329 487 male
1342 457 1511 487 comméndet
1522 480 1529 493 ,
1548 460 1562 480 h
1581 460 1728 489 maledicus

940 507 992 536 est,
1007 504 1113 531 etiamsi
1127 513 1181 532 non
1192 505 1315 532 videatur
1325 513 1386 533 esse
1398 506 1553 540 injuriosus.
1564 498 1598 535 Et
1608 507 1661 535 hoc
1670 516 1729 535 ma-

940 547 1068 575 nifestum
1079 553 1164 576 estex
1178 551 1310 577 sententia
1321 550 1469 586 Evangelii,
1482 553 1544 578 eum
1558 551 1622 579 dicit
1635 553 1668 580 de
1680 552 1728 580 Ju—

941 593 1006 621 daeis
1018 603 1025 621 :
1042 593 1111 626 Quia
1126 594 1317 622 malediaerant
1329 604 1386 623 eum
1399 596 1511 625 dicentes
1526 596 1582 624 :Tu
1596 598 1632 625 sis
1644 607 1676 626 ex
1689 599 1729 626 di-

940 638 1048 674 scipulis
1063 639 1120 674 ejus
1137 639 1227 675 (Joan.
1245 640 1294 675 ix).

1087 683 1101 719 ς
1117 683 1161 712 ιν.
1180 699 1215 704 -
1231 684 1299 712 Item
1312 684 1428 720 ejusdem
1443 686 1511 722 (cap.
1526 686 1581 723 42).

939 763 943 767 _
975 728 1107 765 Interrog.
1130 730 1139 750 ί
1161 729 1231 763 Quid
1251 726 1293 758 est
1315 730 1447 759 detractio
1465 733 1508 760 vel
1525 733 1679 769 derogatio?
1696 749 1731 755 —

941 774 1020 811 Resp.
1041 776 1114 804 Duas
1127 776 1223 812 opinor
1240 784 1300 805 esse
1320 774 1433 812 causas,
1450 779 1477 806 in
1490 780 1588 814 quibus
1605 780 1669 808 licet
1683 781 1732 808 ali-

941 823 985 850 cui
1004 823 1094 851 dicere
1115 828 1143 851 et
1159 828 1309 852 retractare
1327 825 1414 852 aliena
1434 826 1504 853 mala
1521 836 1528 853 :
1548 825 1555 852 i
1580 819 1604 854 si
1624 829 1732 862 quando

943 870 1086 897 consilium
1098 870 1199 898 habere
1211 878 1322 898 necesse
1335 875 1376 899 est
1387 871 1447 899 cum
1459 872 1574 905 caeteris,
1586 866 1631 908 qui
1642 873 1670 901 in
1681 873 1733 909 hoc

101 921 150 945 est.
165 917 209 953 Ad
229 916 388 955 obsequium
400 923 455 943 non
469 915 547 951 pigri,
574 915 608 943 ad
620 915 770 944 orationem
792 915 889 950 parati,
904 908 928 938 Β
942 915 1030 951 ipsum
1050 916 1176 943 videntur
1194 916 1310 949 assumi,
1329 917 1464 951 quomodo
1482 917 1633 952 corrigatur
1652 918 1675 945 is
1687 918 1733 953 qui

102 963 128 990 in
141 962 294 990 humilitate
304 961 434 1000 perfecti,
458 961 485 988 in
508 961 660 989 obedientia
671 961 686 981 δ
701 960 849 995 praecincti,
863 959 892 987 in

101 1008 200 1044 vigiliis
217 1008 364 1045 instantes,
379 1008 406 1035 in
429 1007 530 1043 jejunio
554 1008 664 1036 hilares.
682 1007 776 1035 Nullus
796 1006 891 1043 se[ab]

101 1054 153 1082 alio
164 1054 310 1089 justiorem
331 1054 497 1094 arbitretur;
524 1059 536 1074 ο
555 1054 604 1082 sed
631 1054 816 1089 unusquisque
835 1060 894 1080 om-

100 1098 181 1127 nibus
197 1107 227 1127 se
242 1099 395 1127 inferiorem
408 1103 574 1128 contemnat.
598 1099 649 1134 Qui
664 1107 693 1127 se
713 1099 825 1132 exaltat,
843 1100 894 1127 hu-

98 1145 273 1178 miliabitur;
287 1149 315 1173 et
332 1145 377 1181 qui
396 1153 426 1174 se
437 1145 571 1179 humiliat,
593 1145 766 1174 exaltabitur.
786 1145 893 1173 Praece-

98 1195 179 1226 ptum
194 1191 309 1219 scnioris
323 1195 372 1224 est,
395 1196 425 1219 ut
439 1191 554 1220 salutem
573 1191 724 1227 suscipias;
744 1199 797 1218 non
819 1198 894 1218 mur-

98 1237 237 1264 murando
254 1236 334 1264 ullam
354 1244 464 1272 operam
484 1236 586 1270 facias;
612 1244 667 1264 non
689 1235 893 1271 responsionem

99 1286 196 1310 centra
209 1286 374 1321 prmeeptum
387 1289 510 1317 usurpes,
523 1289 578 1309 non
592 1285 619 1309 te
632 1280 762 1313 extollas,
779 1284 825 1308 aut
835 1288 894 1308 ma-

99 1327 213 1363 gniﬁces
227 1327 319 1355 utilem
332 1335 442 1363 operam
459 1327 575 1362 aliquam
595 1326 700 1355 fecisse.
725 1326 783 1354 Non
801 1326 893 1360 acqui-

100 1364 184 1402 rendo
197 1368 309 1409 aliquid"
320 1375 389 1402 lucri
402 1375 580 1410 congaudeas,
603 1378 650 1401 aut
664 1374 692 1402 in
715 1373 814 1402 damno
826 1380 892 1401 con-

100 1420 230 1448 tristeris.
262 1420 320 1458 Non
338 1425 363 1448 te
382 1420 550 1448 familiaritas
567 1420 656 1455 aliqua
678 1419 817 1448 saecularis
838 1423 895 1446 tra-

99 1465 166 1499 hat,
192 1466 241 1493 sed
270 1470 325 1493 tota
350 1466 458 1494 dilectio
484 1471 529 1494 tua
555 1466 583 1494 in
609 1465 704 1494 cellula
728 1465 892 1492 demoretur.

98 1510 112 1530 ἀ
125 1505 228 1540 Cellam
245 1516 275 1539 ut
287 1512 443 1548 paradisum
455 1513 565 1541 habeas.
586 1511 698 1539 Fratres
709 1515 771 1539 tuos
785 1510 894 1545 spirita-

98 1556 139 1585 les
159 1561 190 1584 ut
214 1562 330 1586 aeternos
346 1557 465 1586 conﬁdas
487 1558 587 1585 habere
605 1560 741 1592 parentes.
762 1555 895 1590 Praeposi-
914 1580 918 1592 τ

98 1606 159 1630 tum
171 1604 331 1643 monasterii
346 1603 442 1639 timeas
453 1607 482 1631 ut
493 1603 642 1643 dominum,
654 1602 749 1637 diligas
756 1605 786 1629 ut
797 1607 896 1636 paren-

98 1643 165 1676 tem.
188 1641 323 1677 Similiter
336 1656 443 1684 quoque
457 1654 485 1677 et
496 1641 590 1677 omnes
603 1652 709 1684 oportet
723 1647 833 1683 diligere
845 1646 897 1674 fra-

98 1689 167 1728 tres,
188 1702 252 1722 cum
263 1695 361 1730 quibus
375 1695 458 1724 etiam
472 1699 500 1722 te
513 1694 633 1723 conﬁdas
650 1700 661 1714 ο
675 1694 767 1722 videre
781 1693 896 1729 gloriam

96 1740 216 1768 Christi.
236 1740 296 1768 Non
309 1741 400 1769 oderis
412 1740 574 1769 laboriosam
586 1747 707 1775 operam,
731 1739 813 1767 otium
833 1746 897 1773 quo—

96 1794 154 1822 que
181 1778 403 1824 neusectaveris,
428 1786 456 1813 in
468 1786 567 1821 vigiliis
583 1784 741 1817 confectus,
766 1784 793 1811 in
814 1790 897 1818 opere

94 1821 176 1866 iusto
189 1821 313 1865 adiectus,
327 1831 467 1870 ambulans
483 1831 561 1867 quasi
576 1831 736 1863 dormitans,
758 1830 846 1857 lassus
862 1829 898 1857 ad

95 1873 220 1905 stratum
236 1881 309 1905 tuum
326 1879 438 1907 venias:
454 1885 516 1906 cum
531 1878 639 1906 Christo
655 1877 827 1912 requiescere
840 1883 896 1903 cre-

96 1925 159 1952 das.
184 1924 194 1943 ί
211 1924 381 1960 Cursumque
395 1924 551 1952 monasterii
574 1931 655 1960 super
676 1923 768 1951 omnia
790 1922 894 1958 diligas.

135 1998 151 2012 ι
175 1991 273 2019 Milites
285 1992 398 2026 Christi,
414 1993 465 2021 etc.
481 1988 544 2021 Haec
561 2001 615 2021 non
630 1996 738 2020 exstant
754 1992 779 2019 in
795 1992 897 2027 Regula

97 2027 274 2068 Serapionis,
286 2028 408 2068 Macariii
423 2032 449 2056 et
456 2029 578 2068 aliorum
593 2029 653 2068 cod.
667 2028 742 2068 Flor.
754 2027 895 2068 ngdam,

96 2064 228 2103 maxime.
242 2063 320 2103 circa
336 2063 436 2103 ﬁnem,
449 2065 590 2103 habentur
609 2064 735 2103 in__epist.
752 2063 782 2092 ὃ.
802 2063 898 2091 Hiero-

95 2098 186 2133 nymi,
194 2099 230 2126 ad
242 2099 385 2126 Rusticum
400 2100 434 2128 de
446 2098 532 2128 forma
543 2099 662 2127 vivendi.

135 2134 150 2153 ιν
173 2132 328 2170 ζἠτοῐηειὶ.
343 2134 372 2161 1d
387 2139 438 2168 est,
452 2135 579 2170 prorupti.

135 2174 146 2188 ε
171 2168 227 2196 Sed
243 2169 430 2210 unusquisquq,
446 2168 498 2210 etc.
515 2168 666 2210 L‘cge,’Scd
679 2169 855 2210 unusquisque
870 2177 898 2196 se

96 2207 231 2238 tanquam
248 2204 368 2231 omnibus
381 2205 533 2266 irjeriorem
546 2204 703 2232 contemnat.

135 2239 149 2258 ἀ
172 2237 277 2266 Cellam
290 2244 319 2266 ut
333 2247 399 2274 para
418 2239 486 2267 isum
503 2240 608 2267 habeas.
623 2239 738 2267 Consule
753 2238 781 2274 5.
803 2238 898 2266 Hiero-

95 2280 231 2309 nymum,
259 2273 289 2301 S.
303 2267 492 2309 .D'orotheum,
515 2274 544 2302 S.
568 2274 745 2307 Antiochum,
766 2267 937 2302 SeverumD

95 2308 268 2346 sulpitium,
295 2308 453 2338 Cassianum
462 2328 481 2346 _,.
499 2309 645 2346 Palladium
659 2330 666 2343 ,
688 2309 818 2346 Joannem
842 2309 899 2345 Mo-

94 2345 218 2377 schum,
239 2348 266 2371 et
284 2349 412 2379 caeteros,
432 2344 479 2380 qui
497 2345 532 2373 de
552 2345 609 2373 vita
631 2345 764 2378 ascetica,
786 2344 899 2380 ejusque

93 2380 258 2408 uilioribus
275 2380 458 2416 scripserunt,
473 2383 502 2408 et
514 2381 631 2414 videbis,
647 2384 778 2416 quantum
791 2381 826 2408 sit
840 2388 856 2408 e
869 2388 898 2408 re

92 2416 260 2444 monastica
272 2416 395 2444 custodia
409 2416 493 2443 cellae.

134 2457 148 2487 ει
176 2450 285 2487 fidere.
299 2450 361 2484 Pro,
378 2450 510 2487 Visurum.
525 2450 561 2479 Ut
576 2458 646 2487 sape
655 2451 785 2479 occurrit.

133 2486 145 2506 ί
171 2485 292 2514 Cursum
312 2487 472 2516 monasterii.
494 2486 595 2515 Cursus
613 2485 662 2514 'est
683 2489 797 2522 pensum
814 2485 897 2513 divini

90 2522 199 2554 cilicii,
211 2522 286 2557 quod
297 2522 416 2557 quotidie
427 2522 590 2556 excurritur,
598 2526 625 2550 et
636 2521 799 2557 perSolvitur
811 2528 827 2547 a
841 2529 897 2548 mo«

89 2558 214 2585 nachis.
227 2557 268 2584 De
279 2565 333 2592 quo
345 2557 425 2585 infra.
794 2584 796 2587 ,

131 2594 147 2613 8
172 2592 252 2625 Quid
272 2597 310 2620 est
325 2592 479 2628 maledicus,
493 2597 546 2621 etc.
562 2593 681 2620 Habetur
694 2592 764 2628 apud
778 2591 807 2620 S.
823 2591 899 2619 Basi-

88 2628 300 2664 liumtinterr.
314 2627 349 2655 24
359 2628 468 2664 Regulae
480 2629 554 2656 brev.
568 2632 594 2656 et
605 2628 674 2663 apud
686 2627 824 2664 Ruﬁnum,
837 2635 896 2662 cap.

86 2664 140 2697 55,
164 2663 220 2691 ubi
233 2664 271 2691 ita
288 2664 370 2691 etiam
384 2663 491 2698 legitur.
507 2664 542 2691 At
562 2664 589 2691 in
609 2668 682 2691 textu
697 2663 791 2692 Graeco
804 2666 829 2692 ri
843 2663 899 2691 ἐστι

85 2699 240 2740 basiata;
254 2699 283 2726 id
300 2704 352 2732 est,
364 2699 429 2740 quid
442 2704 484 2740 εει
497 2698 687 2740 maledictum?
700 2699 797 2740 quibus
809 2698 899 2740 verbis

85 2733 253 2769 responsio
267 2733 392 2762 convenit
415 2744 421 2762 :
441 2733 531 2761 Omnis
548 2743 649 2768 sermo,
663 2733 717 2762 etc:
732 2734 794 2762 ﬂmc
811 2737 900 2761 autem

84 2769 120 2799 S.
140 2768 262 2798 ’Basilii
280 2770 370 2804 capita
389 2770 508 2797 citantur
529 2768 563 2797 ob
581 2770 639 2797 haec
657 2770 743 2797 sancti
764 2769 902 2797 Benedicti

83 2807 190 2834 verba
210 2814 216 2831 :
232 2813 284 2833 non
297 2805 478 2833 detractorem.

127 2839 202 2905 15°11,
205 2840 324 2868 aledicus
335 2846 382 2869 est.
395 2841 476 2877 Lege,
484 2840 652 2868 maledictum
663 2845 711 2873 est,
719 2845 749 2868 ut
759 2841 786 2868 in
797 2840 900 2869 Graeco.

168 2887 232 2905 βία.

80 2878 187 2908 λοιδορ
191 2879 232 2903 ia.

133 2887 259 2945 2013:“
273 2916 311 2939 est
325 2913 461 2940 detractio.
479 2912 573 2941 Exstat
589 2912 658 2948 apud
676 2911 706 2940 S.
721 2912 848 2940 Basilium
861 2912 902 2940 in-

941 961 1075 996 peccavit,
1087 961 1131 989 vel
1142 960 1212 989 male
1223 961 1325 997 aliquid
1340 963 1404 998 egit.
1418 962 1452 990 Et
1462 962 1569 991 rursum
1586 963 1608 990 si
1626 964 1734 998 quando

941 1013 1054 1034 necesse
1077 1010 1120 1034 est
1139 1007 1288 1041 praevenire
1311 1001 1428 1043 aliquem
1451 1011 1480 1035 et
1502 1016 1675 1046 commonere
1700 1016 1734 1037 nc

942 1050 1013 1079 forte
1025 1051 1147 1079 incurrat
1161 1052 1189 1080 in
1203 1053 1369 1080 consortium
1380 1053 1493 1088 alicujus
1506 1054 1581 1088 mali,
1596 1054 1659 1082 dum
1671 1062 1734 1082 eum

941 1101 1020 1134 putat
1040 1105 1100 1126 esse
1125 1098 1226 1126 bonum
1250 1108 1257 1125 :
1280 1099 1342 1133 quia
1361 1099 1505 1134 Apostolus
1527 1100 1592 1127 dicit
1615 1109 1622 1127 :
1644 1099 1736 1127 Nolite

943 1145 1104 1172 commisceri
1119 1153 1178 1172 cum
1193 1144 1345 1179 huiusmodi
1359 1144 1402 1182 (II
1422 1145 1511 1174 Thess.
1527 1146 1580 1182 in).
1599 1147 1612 1167 ι
1627 1145 1694 1174 Item
1707 1147 1735 1175 in

944 1189 1088 1218 Salomone
1103 1201 1110 1219 :
1127 1191 1192 1218 Noli
1212 1199 1317 1219 manere
1338 1199 1397 1218 cum
1417 1191 1520 1219 homine
1540 1193 1683 1226 iracundo,
1703 1201 1735 1220 ne

943 1236 1010 1271 forte
1027 1237 1081 1263 vias
1101 1237 1159 1271 ejus
1175 1237 1262 1264 discas
1282 1242 1306 1264 et
1327 1246 1416 1264 sumas
1431 1237 1552 1273 laqueum
1569 1239 1666 1265 animt:
1682 1240 1735 1266 tua:

943 1280 1035 1317 (Prov.
1052 1281 1131 1318 un).
1151 1281 1226 1315 Quod
1237 1286 1265 1310 et
1279 1282 1368 1317 ipsum
1380 1282 1537 1318 Apostolum
1549 1282 1646 1311 fecisse
1659 1283 1736 1311 inve-

943 1328 1033 1356 nimus
1047 1334 1096 1363 per
1111 1329 1163 1356 hoc
1177 1328 1249 1363 quod
1263 1328 1359 1356 scribit
1379 1328 1412 1355 ad
1432 1322 1604 1367 Timotheum
1618 1329 1710 1357 dicens
1726 1338 1733 1356 :

944 1374 1094 1402 Alexander
1110 1375 1221 1402 aerarius
1231 1374 1314 1402 multa
1326 1374 1396 1401 mala
1408 1373 1471 1401 mihi
1485 1375 1607 1409 ostendit;
1618 1384 1693 1410 quem
1708 1381 1736 1402 tu

943 1429 1045 1457 quoque
1058 1421 1143 1448 devita
1157 1428 1166 1447 :
1181 1420 1255 1447 valde
1270 1421 1338 1448 enim
1352 1418 1443 1447 restitit
1462 1420 1557 1448 nostris
1575 1421 1736 1449 sermonibus

945 1467 988 1504 (I-I
1005 1467 1072 1495 Tim.
1093 1467 1142 1503 iv).
1159 1466 1262 1495 Praeter
1281 1466 1434 1501 hujusmodi
1453 1467 1543 1495 autem
1561 1468 1736 1495 necessitates

946 1513 1100 1548 quicunque
1112 1512 1178 1540 dicit
1189 1511 1291 1547 aliquid
1306 1512 1436 1539 adversus
1449 1512 1576 1547 aliquem,
1591 1516 1621 1539 ut
1634 1512 1676 1540 vel
1689 1512 1736 1539 dc-

946 1562 1023 1595 roget
1036 1559 1061 1587 ei
1076 1559 1119 1586 vel
1135 1559 1284 1592 obtrectet,
1304 1556 1377 1586 istud
1397 1563 1438 1586 est
1457 1558 1614 1592 detrahere,
1629 1558 1736 1587 etiamsi

946 1611 1011 1633 vera
1028 1612 1088 1632 esse
1103 1604 1247 1632 videantur
1260 1611 1320 1639 qua:
1333 1603 1408 1631 dicit.

1088 1650 1102 1687 §
1120 1643 1153 1679 ν.
1172 1666 1208 1671 -—
1226 1649 1294 1677 Item
1313 1649 1429 1685 ejusdem
1449 1649 1518 1685 (cap.
1537 1649 1593 1686 45).

981 1696 1113 1731 Interrog.
1131 1694 1141 1715 ι
1155 1696 1206 1729 Qui
1219 1695 1338 1723 detrahit
1351 1694 1440 1728 fratri,
1452 1695 1526 1722 audit
1539 1695 1736 1727 detrahentem,

945 1745 973 1770 et
989 1742 1103 1777 patitur,
1124 1741 1190 1777 quid
1210 1740 1305 1775 dignus
1326 1740 1386 1768 est?
1401 1755 1436 1759 —
1453 1739 1530 1774 Resp.
1549 1735 1738 1766 Eicommuni-

946 1787 1003 1815 cari
1023 1786 1112 1814 debet.
1137 1785 1337 1819 Detrahentem,
1362 1784 1464 1819 inquit,
1490 1783 1589 1811 occulte
1614 1784 1738 1811 adversus

945 1827 1095 1868 proximum
1114 1839 1191 1859 suum
1201 1852 1208 1865 ,
1226 1823 1295 1858 hunc
1315 1829 1486 1866 persequebar
1500 1828 1558 1866 (Ps.
1573 1827 1609 1865 ό).
1627 1829 1661 1857 Εῑ
1674 1829 1738 1857 alibi

946 1878 1049 1906 dictum
1064 1882 1106 1905 est
1121 1886 1127 1904 :
1142 1876 1235 1904 InNoli
1254 1876 1364 1904 libenter
1379 1876 1472 1903 audire
1493 1875 1685 1910 detrahentem,
1707 1883 1739 1902 ne

946 1925 1014 1959 forte
1024 1923 1166 1952 eradiceris
1180 1922 1271 1960 (Prov.
1283 1922 1340 1957 xx).

947 1997 1013 2020 terr.
1030 1999 1088 2026 seq.
1105 1995 1133 2018 et
1147 1990 1218 2026 apud
1230 1990 1293 2017 Ruf.
1308 1990 1368 2019 eod.
1382 1997 1442 2025 cap.
1464 2011 1478 2026 γ.

983 2032 991 2052 1
1015 2026 1045 2054 Si
1069 2024 1178 2062 quando
1205 2025 1355 2062 consilium,
1380 2024 1435 2062 etc.
1464 2024 1613 2062 Videndum
1637 2028 1738 2062 estta-

946 2071 1009 2090 men
1027 2062 1051 2089 si
1071 2059 1095 2089 is
1110 2061 1219 2096 quicum
1239 2061 1293 2088 inis
1312 2060 1455 2088 consilium
1471 2059 1509 2096 Ade
1523 2061 1610 2088 alieno
1625 2060 1737 2095 peceato

946 2094 1132 2129 emendando,
1147 2097 1183 2124 sit
1199 2097 1242 2123 vir
1259 2097 1376 2131 prudens
1389 2116 1395 2128 ,
1410 2100 1440 2122 ut
1453 2094 1583 2130 ejusmodi
1597 2094 1738 2130 peccatum

946 2133 1025 2165 alteri
1037 2140 1090 2160 non
1104 2132 1139 2160 sit
1151 2132 1344 2165 patefacturus.
1357 2131 1389 2157 Et
1401 2132 1439 2158 ita
1453 2132 1497 2158 hic
1509 2131 1598 2158 Basilii
1610 2131 1686 2158 locus
1697 2134 1738 2157 est

946 2166 1131 2203 explicandus.
1151 2165 1191 2193 De
1210 2165 1375 2203 tletractione
1392 2166 1472 2203 plura
1491 2166 1550 2192 vide
1568 2166 1637 2203 apud
1659 2165 1737 2191 Tole-

947 2200 1014 2234 tum,
1032 2202 1079 2229 lib.
1094 2211 1122 2235 v,
1136 2209 1196 2235 cap.
1213 2201 1247 2228 65
1261 2207 1287 2228 et
1302 2210 1371 2235 seq.,
1383 2201 1514 2235 Angelum
1532 2200 1650 2235 ctralios.

986 2238 999 2257 1(
1008 2233 1081 2264 Ὶιεηι
1091 2233 1120 2268 in
1127 2233 1277 2264 Salomone.
1286 2236 1313 2263 In
1327 2233 1401 2262 textu
1412 2233 1504 2262 Cia-co
1514 2234 1586 2261 nulla
1598 2233 1698 2261 mentio
1709 2233 1738 2261 ﬁt

951 2272 1113 2304 Salomonis,
1126 2271 1174 2299 scd
1186 2275 1288 2298 tantum
1299 2270 1455 2306 producitur
1469 2270 1618 2306 ﬁnishujus
1631 2274 1739 2297 senten-

950 2309 994 2337 tiae
1005 2328 1012 2340 ,
1036 2311 1140 2334 mutata
1163 2306 1280 2333 secunda
1300 2305 1417 2340 persona
1439 2306 1465 2332 in
1479 2305 1585 2332 tertiam
1600 2313 1607 2332 :
1620 2307 1664 2335 Μή
1677 2316 1737 2333 ποτε

948 2345 1012 2386 λάϐῃ
1024 2343 1141 2381 βρόχους
1154 2345 1185 2379 τῇ
1195 2341 1289 2382 iacto»:
1299 2340 1388 2404 (buxi,
1402 2341 1430 2369 id
1444 2345 1493 2372 est.
1508 2340 1666 2381 Ne_quando
1679 2341 1738 2375 quis

948 2383 1038 2404 cantat
1052 2379 1162 2404 laoueos
1175 2385 1271 2404 animae
1283 2385 1347 2404 suae.
1383 2385 1461 2404 ccum
1475 2380 1558 2404 textui
1572 2383 1620 2404 suo
1633 2384 1738 2404 accom-

948 2379 1162 2414 capiat'laqueos
1175 2379 1271 2405 animae
1283 2385 1347 2405 suae.
1360 2379 1461 2405 Locum
1475 2379 1558 2404 textui
1572 2383 1620 2404 suo
1633 2384 1739 2404 accom-

948 2414 1049 2444 modat.

988 2450 996 2469 ι
1019 2449 1072 2482 Qui
1091 2448 1310 2484 detraltitﬁfralrt'.
1332 2447 1459 2484 Invenire
1468 2450 1509 2479 est
1526 2446 1596 2482 apud
1614 2445 1649 2484 S._
1664 2445 1739 2484 liasi-

949 2479 1039 2517 lium:
1046 2485 1141 2513 interr.
1156 2484 1191 2512 26
1206 2479 1371 2520 Regularum
1385 2482 1524 2516 brevium,
1539 2479 1567 2509 ét
1580 2481 1652 2517 apud
1669 2479 1741 2507 Ruti-

952 2528 1028 2546 n-m.
1041 2527 1101 2546 can.
1114 2518 1159 2546 54.
1464 2538 1467 2545 ,

952 2528 1028 2553 mm,
1041 2527 1101 2553 cap.
1114 2527 1159 2546 ea.
1409 2551 1412 2553 Δ
1464 2538 1467 2545 ,

988 2527 1209 2590 ἓῇεῇβιῇιῖῖιιετ
1221 2554 1317 2590 audire
1323 2538 1514 2590 detrahentem.
1528 2551 1569 2579 Ita
1581 2552 1651 2590 apud
1666 2550 1740 2578 Ruﬁ-

952 2598 1027 2618 num.
1040 2589 1075 2617 Et
1084 2589 1117 2616 ad
1127 2590 1240 2617 verbum
1254 2589 1374 2617 redditur
1386 2586 1474 2615 textus
1488 2594 1572 2622 sacrae
1582 2586 1738 2622 Scripturtc,

952 2629 1032 2662 prout
1050 2633 1067 2662 _a
1085 2623 1114 2653 S.
1130 2624 1231 2662 Basilio
1241 2623 1386 2659 profertur,
1404 2622 1456 2662 qui
1468 2627 1510 2662 est
1521 2620 1673 2662 hujusm‘odi
1687 2631 1693 2648 :
1702 2624 1740 2662 tu}

953 2656 1031 2692 ἦδεὼς
1046 2659 1117 2689 ἄκουε
1130 2656 1344 2693 nummatior“,
1358 2656 1428 2691 θιοᾲ
1449 2657 1477 2686 id
1491 2661 1531 2693 est
1543 2677 1552 2692 ι
1564 2657 1605 2684 Ne
1626 2656 1740 2684 libenter

954 2691 1048 2724 audias
1074 2696 1263 2732 detractorem.
1288 2691 1374 2722 Aliter
1391 2697 1482 2732 tamen
1504 2691 1584 2732 _Prov_.
1603 2699 1662 2726 cap.
1681 2699 1739 2732 _xx,

953 2740 1033 2760 versu
1052 2731 1086 2759 l5
1104 2730 1149 2758 ubi
1170 2731 1214 2758 hic
1235 2730 1310 2758 locus
1331 2733 1436 2760 exstat,
1458 2728 1558 2764 legitur
1569 2728 1598 2764 in
1619 2728 1742 2764 versione

955 2768 1090 2803 Septuag.
1097 2766 1357 2803 Interpretumlqmo
1379 2766 1473 2803 ἀγαπᾷ,
1483 2763 1630 2792 surdam»
1647 2763 1688 2803 ipa
1699 2764 1742 2802 μὴ

954 2797 1072 2840 δξοῖρθῇςῖ
1084 2801 1112 2840 id
1125 2797 1252 2840 esu—Noli
1263 2800 1371 2835 diligere
1387 2797 1534 2840 detrahere,
1547 2806 1578 2840 rte
1589 2797 1740 2840 eradiceris.

953 2827 1073 2867 ἱῖῐῖέίἱιὶ
1085 2827 1225 2874 serrata
1240 2841 1298 2865 ruta
1312 2827 1447 2874 ann—5.3,
1467 2833 1493 2860 al
1511 2827 1599 2874 tlicheb
1625 2827 1741 2872 εειιλιηαη

955 2874 983 2902 id
996 2879 1045 2905 est,
1059 2872 1113 2900 noli
1125 2871 1232 2907 diligere
1242 2878 1371 2907 somnum,
1383 2875 1412 2896 ut
1423 2869 1450 2896 in
1461 2869 1582 2907 versione
1594 2869 1740 2907 colurnum.

955 2901 1009 2939 Sed
1024 2901 1046 2938 si
1065 2901 1295 2942 mutatis'punctis
1305 2901 1378 2942 legas
1391 2908 1451 2937 mw
1472 2904 1579 2938 sc/tone,
1600 2901 1698 2933 efﬁcies
1712 2902 1742 2932 τὸ
