3952 6314
106 327 206 389 817

1045 320 1436 379 CONCORDIA
1474 314 1933 375 REGULARUM.
1963 349 2034 358 —
2069 312 2221 373 CAP.
2256 310 2386 372 VIII.

3209 290 3407 368 'sis‘

102 455 227 498 mox
252 452 277 482 ι
300 433 1003 507 exoccupatishmentibus,
1020 441 1086 517 et
1120 433 1264 503 quod
1300 434 1533 503 agebant
1572 432 1671 486 im-
1696 437 1750 499 Α
1773 438 1855 484 est
1890 444 2103 499 quoque
2152 426 2220 481 ab
2265 426 2350 481 bis
2375 424 2467 495 qui
2498 439 2556 481 se
2586 421 2681 477 tali
2710 433 2874 493 opere
2902 419 3190 517 unanimes
3235 437 3360 517 esse

98 533 391 606 perlectum
435 528 824 599 relinquentes,
858 514 1040 583 vicino
1068 514 1389 582 obedientia:
1420 526 1558 597 pede
1585 525 1676 595 ju-
1720 572 1723 575 .

94 628 269 684 beatis
306 639 495 681 vocem
543 622 703 679 factis
734 631 1080 694 sequuntur:
1111 628 1168 675 et
1208 619 1372 675 veluti
1412 634 1520 675 uno
1555 633 1676 673 mo-

92 722 275 772 mento
291 726 312 754 °
329 714 592 786 pratdicta
611 712 858 784 ntagiStri
869 712 1063 783 jussio,
1086 722 1143 766 et
1160 710 1403 781 perfecta
1428 708 1675 780 discipuli

92 823 254 878 opera
281 807 337 861 in
359 805 646 861 velocitate
670 804 880 858 timoris
904 802 1003 858 Dei
1032 801 1060 842 ἀ
1078 805 1250 857 ambae
1283 819 1370 858 res
1399 814 1422 842 ε
1438 818 1678 858 commu-

90 898 236 952 niter
262 895 422 951 citius
454 894 474 933 τ
500 893 864 965 explicantur,
894 892 1090 962 quibus
1118 891 1185 946 ad
1213 891 1375 945 vitam
1415 901 1676 946 aeternam
1719 910 1723 915 τ

1714 982 1717 989 ⁴
1775 996 1891 1035 cere
1916 978 2232 1034 voluntatem
2263 992 2452 1041 meam,
2480 975 2569 1030 sed
2608 974 2720 1043 ejus
2760 973 2850 1045 qui
2885 988 2967 1026 me
2996 970 3135 1025 misit
3168 968 3354 1043 (Joan.

88 988 368 1059 gradiendi
394 1002 550 1042 amor
576 986 861 1041 incumbit.
886 986 1012 1040 Ideo
1038 994 1329 1063 angustam
1352 985 1497 1039 viam
1537 984 1677 1039 arri-

85 1079 262 1149 piunt.
284 1078 437 1134 Unde
457 1078 719 1134 Dominus
737 1077 899 1134 dicit:
931 1076 1279 1148 Angusta'via
1304 1086 1378 1132 est
1398 1094 1515 1148 quia
1530 1077 1675 1131 ducit

86 1169 163 1222 ad
184 1169 337 1223 vitam
378 1167 593 1240 (Matth.
615 1168 739 1240 vn).
776 1171 803 1211 ⁸
820 1169 889 1224 Ut
909 1185 1018 1224 non
1040 1184 1139 1224 suo
1156 1169 1381 1223 arbitrio
1410 1169 1671 1236 viventes,

84 1259 175 1313 vel
209 1258 490 1314 desideriis
549 1261 664 1315 suis
716 1269 774 1315 et
800 1259 1166 1331 voluptatibus
1212 1258 1546 1324 obedientes,
1577 1257 1675 1314 sed

85 1346 430 1403 ambulantes
472 1348 651 1404 alieno
689 1349 898 1419 judicio
929 1358 983 1405 et
1013 1351 1275 1420 imperio,
1322 1350 1377 1404 in
1410 1349 1673 1404 eqnobiis

86 1438 334 1493 abbatem
359 1438 461 1493 sibi
487 1453 720 1508 praeesse
741 1439 1073 1495 desiderant.
1105 1439 1234 1494 Sine
1257 1438 1421 1494 dubio
1451 1438 1504 1493 bi
1538 1438 1673 1494 tales

85 1529 232 1583 illam
273 1529 486 1584 Domini
533 1531 560 1570 ιι
606 1531 891 1585 imitantur
939 1519 1300 1596 sententiam,
1344 1545 1451 1598 qua
1506 1530 1670 1584 dicit:

86 1620 209 1675 Non
237 1623 349 1676 veni
376 1621 549 1691 facere
579 1622 896 1676 voluntatem
925 1638 1117 1686 meam,
1145 1620 1236 1675 sed
1267 1621 1385 1691 ejus
1414 1622 1503 1692 qui
1531 1622 1672 1675 misit

84 1728 167 1764 me
190 1710 370 1783 (Joan.
400 1712 477 1784 v).
510 1710 615 1767 Sed
642 1713 759 1768 haec
788 1694 903 1783 ipsa
933 1696 1240 1767 obedientia
1270 1720 1400 1766 tunc
1428 1721 1673 1781 accepta-

82 1798 209 1854 bilis
241 1801 345 1854 erit
367 1800 480 1856 Deo
508 1809 562 1855 et
591 1801 763 1856 dulcis
800 1800 1131 1867 hominibus,
1168 1800 1211 1854 si
1248 1802 1389 1870 quod
1422 1801 1664 1870 jubetur,

81 1904 191 1943 non
224 1891 448 1960 trepide,
478 1906 585 1945 non
623 1891 800 1956 tarde,
826 1905 933 1945 non
967 1891 1164 1960 tepide,
1191 1898 1284 1944 aut
1315 1892 1331 1931 ί
1364 1907 1486 1946 cum
1514 1907 1663 1945 mur-

80 1980 278 2045 murio,
326 1980 411 2035 vel
452 1996 573 2037 cum
621 1997 879 2052 responso
921 1981 1154 2036 nolentis
1197 1980 1480 2037 eiliciatur.
1530 1983 1665 2051 Quia

78 2071 389 2128 obedientia
418 2088 540 2143 quae
573 2071 872 2142 majoribus
894 2074 1186 2143 praabetur,
1220 2071 1331 2128 Deo
1358 2074 1662 2129 exhibetur.

73 2160 199 2231 Ipse
226 2164 375 2218 enim
402 2164 543 2219 dixit
571 2183 583 2217 :
611 2162 715 2229 Qui
739 2180 825 2218 vos
853 2163 1026 2230 audit,
1062 2181 1143 2217 me
1166 2164 1316 2217 audit
1338 2163 1553 2236 (Matth.
1583 2164 1662 2236 χ).

70 2251 143 2307 Et
182 2268 309 2307 cum
344 2254 489 2309 bono
534 2255 715 2309 animo
761 2269 792 2308 a
830 2254 1107 2323 discipulis
1152 2256 1382 2323 praeberi
1429 2262 1663 2325 oportet,

71 2345 203 2414 quia
255 2362 269 2398 :
318 2344 556 2401 Hilarem
607 2347 845 2400 datorem
883 2346 1055 2417 diligit
1095 2347 1237 2400 Deus
1280 2346 1366 2419 (ll
1406 2345 1527 2401 Cor.
1561 2347 1660 2418 lx).

72 2435 212 2491 Nam
252 2452 377 2491 eum
418 2437 558 2492 malo
601 2437 780 2492 animo
818 2438 862 2493 si
890 2438 1105 2493 obediat
1135 2430 1447 2508 discipulus,
1476 2450 1530 2494 et
1556 2454 1661 2495 non

73 2527 251 2582 solum
293 2542 409 2593 ore,
452 2528 547 2583 sed
589 2527 755 2582 etiam
809 2528 864 2582 in
908 2528 1070 2584 corde
1121 2528 1167 2584 si
1220 2531 1660 2596 murmuraverit,

71 2619 291 2674 etiamsi
346 2617 925 2690 impleatjiissionem,
983 2629 1161 2675 tamen
1223 2629 1503 2692 acceptum
1547 2621 1661 2691 jam

70 2727 185 2765 non
219 2711 329 2767 erit
355 2712 485 2779 Deo,
517 2714 609 2783 qui
643 2729 738 2768 cor
780 2711 940 2785 [ejus]
980 2714 1202 2783 respicit
1249 2715 1659 2770 murmurantis.

71 2799 271 2873 Etrpro
304 2799 398 2856 tali
441 2800 585 2859 facto
626 2803 831 2858 nullam
873 2796 1221 2873 consequitur
1248 2805 1499 2875 gratiam.
1551 2805 1663 2862 Imo

71 2904 297 2960 poenam
338 2894 796 2950 murmurantium
835 2895 1089 2961 incurrit,
1137 2896 1183 2950 si
1218 2911 1325 2951 non
1355 2913 1478 2952 cum
1503 2898 1665 2954 satis-

67 2982 314 3041 factione
339 2988 732 3043 emendaverit.

308 3077 337 3151 ς
373 3078 624 3135 ll.—Ex
664 3080 881 3138 Renum
920 3082 1147 3139 PATRUII
1187 3081 1325 3155 (cap.
1353 3084 1429 3157 4).

1779 522 1997 592 cupient
2026 521 2152 591 quia
2192 534 2292 590 per
2328 516 2689 573 obedientiam
2715 514 2990 569 Abraham
3016 513 3219 584 placuit
3246 513 3361 571 Deo

1777 622 1832 667 et
1856 612 1954 666 Dei
1983 612 2192 666 amicus
2235 608 2536 680 appellatus
2562 615 2677 673 est;
2720 622 2819 677 per
2847 604 3212 660 obedientiam
3255 606 3360 675 ipsi

1777 704 2005 775 apostoli
2053 710 2371 757 meruerunt
2416 709 2583 755 testes
2628 699 2857 754 Domino
2908 698 2962 752 in
3011 688 3264 779 tribubus.
3302 703 3361 754 et

1775 796 1987 868 populis
2015 810 2154 850 esse.
2194 794 2314 865 Ipse
2341 808 2556 863 quoque
2599 791 2859 846 Dominus
2905 789 3049 845 Deus
3079 798 3265 844 noster
3293 790 3361 844 de

1777 891 2027 961 supernis
2065 888 2135 943 ad
2169 884 2790 953 inferioradescendens
2818 884 2934 938 ait:
2962 880 3087 937 Non
3118 882 3232 936 veni
3268 882 3358 952 [ιι-
3396 882 3403 897 1

1773 1070 1873 1142 γι).
1924 1069 2021 1125 His
2070 1084 2198 1140 ergo
2245 1067 2412 1123 tantis
2447 1065 2739 1121 virtutibus
2785 1062 3000 1118 ﬁrmata
3047 1061 3357 1118 obedientia

1773 1181 2124 1237 magnopere,
2158 1177 2355 1234 magno
2379 1160 2557 1216 studio
2591 1165 2857 1214 teneatur.
3208 1168 3213 1173 '
3394 1152 3397 1159 ’

1845 1257 1872 1329 §
1909 1256 1993 1311 111.
2017 1287 2086 1296 -
2108 1255 2188 1309 Ex
2219 1254 2439 1309 REGULA
2477 1267 2666 1307 ssnon
2701 1250 3011 1331 Gowussm
3043 1247 3179 1322 (cap.
3207 1246 3282 1320 1).

1850 1346 1868 1386 1
1901 1347 2082 1402 Primo
2121 1345 2364 1413 omnium
2390 1345 2647 1415 docemur
2680 1342 2851 1397 Deum
2882 1341 3105 1411 diligere
3144 1353 3221 1421 ex,
3242 1347 3357 1395 toto

1773 1440 1956 1506 corde,
1986 1447 2039 1494 et
2068 1447 2179 1494 tota
2210 1444 2410 1501 mente,
2453 1445 2519 1510 et.
2538 1451 2606 1491 ex
2651 1434 2781 1489 totis
2807 1433 3043 1499 viribus;
3088 1439 3145 1487 et
3180 1430 3361 1501 proxi-
3386 1432 3395 1513 "

1771 1546 1920 1587 mum
1970 1538 2230 1600 tanquam
2288 1527 2666 1596 nosmetipsos.
2698 1536 2737 1563 ιιι
2764 1523 2970 1579 Deinde
3015 1523 3083 1578 ad
3120 1523 3358 1605 primum

1773 1633 1800 1660 η
1840 1623 2065 1678 verbum
2105 1620 2337 1676 senioris
2370 1634 2560 1674 omnes
2586 1618 2653 1672 ad
2684 1616 3042 1672 obediendum
3077 1616 3359 1697 audientes
3386 1676 3389 1679 _

1771 1730 1995 1786 surgere
2039 1721 2272 1784 Oportet.
2325 1712 2461 1780 Quia
2514 1710 2820 1767 obedientia
2877 1709 2987 1764 Deo
3043 1708 3352 1773 exhibetur,

1696 1792 1743 1850 Β
1770 1806 1983 1861 dicente
2013 1805 2244 1860 Domino
2274 1812 2461 1859 nostro
2490 1801 2618 1857 Jesu
2646 1800 2897 1877 Christo;
2924 1799 3029 1866 Qui
3058 1815 3146 1855 vos
3178 1799 3354 1875 audit,

1768 1910 1851 1948 me
1877 1894 2024 1947 audit
2057 1892 2273 1964 (Matth.
2314 1892 2392 1964 χ).
2425 1890 2481 1946 Si
2511 1891 2634 1962 quis
2655 1891 2833 1968 igitur
2870 1890 3094 1946 verbum
3130 1888 3357 1943 audiens
3386 1880 3389 1885 ’

1767 2004 1877 2043 non
1918 1988 2098 2043 statim
2145 1986 2473 2057 surrexerit,
2519 1983 2833 2062 inobediens
2869 1981 3195 2051 iudicandus
3236 1987 3350 2044 est;

1767 2078 1861 2148 qui
1902 2085 2084 2132 autem
2132 2074 2568 2140 contradixerit,
2621 2072 2977 2128 contumaciae
3017 2071 3223 2149 crimen
3274 2070 3357 2124 in-

1767 2169 1957 2225 currit.
2008 2168 2076 2223 Et
2115 2167 2236 2223 ideo
2276 2183 2382 2222 non
2430 2166 2606 2221 solum
2654 2163 3033 2220 inobedientia:
3079 2177 3208 2217 reus
3249 2168 3352 2227 est,

1766 2260 1859 2314 sed
1905 2260 2068 2313 etiam
2107 2257 2555 2314 contradictionis
2597 2256 2803 2312 aditum
2850 2255 3035 2310 multis
3080 2254 3352 2325 aperiens,

1739 2351 2060 2406 'multorum
2098 2351 2408 2405 destructor
2438 2347 2788 2404 aestimandus
2825 2355 2928 2402 est.
2977 2345 3035 2402 Si
3065 2346 3189 2416 quis
3225 2360 3356 2401 vero

1763 2440 2207 2505 murmuraverit,
2232 2448 2286 2495 et
2331 2440 2446 2509 ipse
2488 2447 2743 2508 tanquam
2776 2453 2901 2493 “non
2941 2453 3008 2493 ex
3050 2446 3177 2492 voto
3225 2437 3355 2497 obe-

1763 2534 2294 2615 diens,.inobediens
2341 2532 2612 2604 putandus
2648 2539 2752 2586 est.
2803 2531 3015 2586 Idcirco
3059 2545 3197 2602 opus
3236 2528 3354 2597 ejus

1763 2626 2070 2697 abiiciatur,
2109 2626 2278 2681 donec
2315 2623 2462 2678 illius
2497 2624 2637 2678 bona
2676 2622 2928 2678 voluntas
2970 2625 3352 2693 cognoscatur.
3434 2676 3444 2685 ,

1763 2718 2079 2774 Obedientia
2124 2710 2515 2785 autem‘usque
2554 2714 2620 2769 ad
2659 2728 2820 2785 quem
2857 2713 3018 2768 ﬁnem
3061 2712 3356 2770 deﬁnitur?

1765 2807 1948 2878 Usque
1971 2821 2037 2862 an
2066 2814 2296 2861 mortem
2324 2814 2472 2861 certe
2501 2812 2772 2874 praecepta
2802 2811 2906 2861 est.
2935 2802 3069 2871 Quia
3097 2802 3356 2864 Christus

1761 2915 1934 2970 usque
1988 2898 2055 2953 ad
2100 2896 2329 2954 mortem
2375 2897 2615 2978 obedivit
2658 2895 2805 2951 Patri
2847 2911 2946 2968 pro
2990 2897 3180 2980 nobis,
3219 2913 3346 2953 cum

1763 2991 1877 3062 ipse
1920 2989 2075 3045 nobis
2120 3005 2220 3060 per
2264 2987 2580 3059 Apostolum
2638 2987 2876 3042 insinuat
2948 2987 3181 3073 dicens:
3228 2985 3349 3044 Hoc

1761 3082 1947 3136 sentite
1985 3081 2041 3135 in
2065 3080 2230 3144 vobis,
2263 3079 2403 3151 quod
2435 3088 2484 3133 et
2514 3078 2571 3133 in
2592 3077 2798 3133 Christo
2819 3077 2948 3139 Iesu
2970 3095 2989 3134 :
3012 3080 3102 3151 qui
3130 3080 3349 3134 cum'i'n

142 3168 411 3225 Volumus
464 3186 594 3241 ergo
647 3188 815 3226 unum
874 3188 1107 3243 przeesse
1161 3144 1429 3229 seniorem
1495 3190 1657 3245 super
1685 3144 1730 3208 δ
1762 3172 1935 3244 forma
1970 3172 2069 3228 Dei
2100 3181 2254 3238 esset,
2290 3188 2394 3226 non
2435 3171 2676 3242 rapinam
2713 3170 2998 3225 arbitratus
3032 3180 3107 3226 est
3143 3187 3254 3226 esse
3292 3187 3351 3227 se

67 3275 270 3316 omnes
321 3261 520 3317 fratres
543 3303 559 3327 ,
608 3278 709 3319 nec
757 3264 827 3319 ab
871 3262 987 3332 ejus
1030 3264 1255 3319 consilio
1296 3264 1381 3319 vel
1430 3265 1656 3336 imperio

63 3352 371 3423 quidquam
413 3353 693 3417 sinistrum
741 3354 1044 3421 declinare;
1098 3356 1194 3410 sed
1239 3355 1379 3410 sicut
1424 3355 1654 3425 imperio

66 3433 296 3499 Domini
328 3445 474 3499 omni
518 3445 703 3501 laetitia
752 3446 993 3512 obedire,
1038 3447 1252 3501 dicente
1279 3445 1537 3516 Apostolo
1584 3444 1654 3500 ad

60 3532 420 3588 Πρω-ποθι)
460 3533 672 3589 Obedite
711 3536 1003 3607 prwpositis
1052 3537 1256 3602 vestris,
1277 3537 1401 3607 quia
1444 3537 1541 3607 ipsi
1581 3538 1657 3592 vi-

62 3625 247 3697 gilant
293 3642 390 3696 pro
442 3628 578 3683 vobis
618 3627 806 3700 (Hebr.
849 3628 996 3700 xm).
1059 3629 1127 3683 Et
1171 3628 1432 3683 Dominus
1481 3628 1652 3683 dixit:

65 3717 93 3755 ι
125 3706 277 3770 Nolo
294 3710 641 3787 sacriﬁcium,
682 3720 773 3775 sed
800 3721 1163 3775 obedientiam.
1193 3720 1653 3777 Considerandum

140 3827 589 3902 {Exoccupatis
643 3832 764 3889 Uno
790 3833 977 3897 verbo,
1007 3833 1061 3888 id
1094 3842 1197 3900 est,
1232 3835 1535 3902 evacuatis,
1579 3835 1656 3891 ait

63 3898 402 3985 thhydus.
418 3898 525 3956 ms.
546 3903 603 3985 in
630 3904 734 3959 hoc
759 3912 922 3985 caput
943 3904 1180 3985 Regulae:

138 3969 170 4058 ξ
212 3968 499 4058 gentibus.
542 3974 675 4058 beg.
699 3968 963 4058 manibus,
991 3968 1053 4058 ιιῖ
1070 3975 1237 4058 vulgo
1263 3975 1510 4058 habetur.

124 4050 164 4085 .c
211 4036 503 4116 Prtedicta.
553 4036 779 4116 IdvestL
803 4036 1117 4103 antefdicta
1168 4036 1429 4116 imperata
1471 4066 1486 4104 :
1528 4063 1654 4104 nam

64 4111 257 4186 dicere
286 4120 370 4165 est
402 4113 700 4186 imperare;
747 4114 951 4186 Dic,iut
972 4117 1183 4170 sedeant
1207 4111 1260 4170 hi
1283 4116 1386 4171 duo
1406 4118 1506 4186 ﬁlii
1529 4121 1650 4175 mei.

64 4179 264 4259 blattis.
294 4196 388 4235 xx.
411 4179 693 4259 l‘njregula'
710 4201 811 4239 ms.
837 4185 1076 4259 Magistri
1100 4187 1218 4259 cod.
1244 4179 1417 4241 CorbI
1436 4188 1653 4258 legitur,

63 4248 403 4321 Preedt'cata,
430 4253 483 4309 id
515 4248 600 4309 est
632 4248 972 4321 annuntiata,
1008 4256 1369 4311 manifestata.
1416 4286 1419 4289 -

137 4319 176 4400 εἰ.
204 4319 406 4400 'Ambte
423 4339 524 4378 res.
564 4325 661 4379 Est
704 4319 1071 4400 pleonasmus.
1112 4325 1400 4400 Sic‘supra
1429 4344 1548 4398 cap.
1576 4329 1649 4384 2:

66 4387 212 4453 Quia
235 4391 492 4448 doctrina:
512 4412 645 4461 sure,
664 4387 742 4451 vel
762 4396 1136 4467 discipulorum
1169 4387 1477 4453 obedientia:
1496 4387 1655 4454 lutra-

63 4476 305 4525 rumque.
323 4477 518 4545 rerum,
546 4474 676 4530 etc.,
701 4465 922 4534 majoris
950 4467 1322 4538 explicationis
1349 4470 1544 4539 gratia.

63 4597 71 4599 4
138 4539 165 4568 ο
209 4527 590 4589 Commumter.
627 4537 685 4592 ld
720 4545 823 4599 est,
852 4537 1029 4592 simul.
1060 4536 1219 4593 Caius
1240 4536 1519 4596 Gracchus
1554 4557 1654 4599 pro

576 4575 590 4589 ο
627 4575 685 4592 lu
721 4575 823 4601 νῦν,
852 4575 1029 4592 υΙΙΙΙυΙ·

140 4557 164 4568 ·-
209 4557 590 4589 υυηιηηιηιιεΐ.
627 4557 685 4592 ια
720 4557 823 4601 BSt,
852 4557 1029 4592 81mm.
1060 4557 1219 4593 Caius
1240 4557 1519 4596 υηιεεηιιε
1554 4557 1649 4612 pro

59 4597 185 4682 lege
228 4599 650 4682 Papyriaapud
694 4606 1029 4682 Sosipatrum
1078 4607 1404 4682 Charisium,
1452 4610 1546 4667 lib.
1581 4631 1649 4668 n:

66 4690 106 4753 ε.
128 4670 243 4755 Qui
283 4670 621 4731 e‘t‘vobis'et
659 4678 794 4749 reip.
818 4670 879 4734 'et
924 4678 1027 4733 sibi
1056 4670 1415 4735 communiter
1445 4684 1657 4755 prospi-

59 4750 197 4795 ciat.
240 4761 261 4793 ι

98 4881 111 4892 θ
139 4810 163 4850 ι
197 4810 574 4892 Explicantig.
604 4817 886 4892 Explicare
913 4826 997 4873 est
1021 4834 1301 4892 exercere,
1324 4821 1490 4892 (docet
1513 4822 1657 4880 Non-

56 4887 360 5005 ἲῗιῧὶυεῶρ.
404 4887 459 4941 4.
509 4887 606 4943 Est
651 4887 817 4945 etiam
861 4891 1137 4960 expedire,
1186 4890 1467 4947 absolvere
1513 4896 1655 4964 apud

105 4968 330 5007 lllllllm.

76 5060 79 5063 ι
135 5024 164 5063 ⁸
210 5019 283 5077 Ut
312 5042 563 5100 _non_suo
606 5030 846 5085 arbitrio.
901 5027 992 5095 Ut,
1036 5030 1140 5085 hoc
1178 5029 1297 5086 loco
1333 5046 1454 5100 pro,
1493 5034 1647 5100 sicut,

56 5092 168 5173 h_o_c
196 5095 364 5169 m'odo
387 5097 559 5173 _:.Ideo
595 5110 872 5173 angustam
906 5092 1046 5155 viam
1083 5092 1365 5173 arripiunt,
1400 5092 1535 5157 sicut
1561 5092 1651 5159 de;

57 5118 168 5148 uuc
196 5118 364 5150 ιιιυυυ
390 5118 402 5151 :
429 5118 559 5154 meo
595 5118 665 5154 an
702 5118 872 5154 ustam
906 5118 980 5154 vta

54 5162 318 5242 siderant
344 5167 581 5242 abbatem
609 5118 707 5224 δὶἕὶ
740 5187 980 5242 ριάνεεεε.

129 5234 162 5311 If
206 5234 519 5311 Imitantur.
559 5240 612 5296 Id
652 5234 754 5305 est,
793 5249 1111 5311 sequuntur.

133 5307 153 5347 ί
192 5304 346 5380 Cum
372 5311 688 5380 (murmurio.
732 5304 895 5367 Recta
933 5311 1112 5375 lectio,
1139 5325 1259 5380 qua:
1291 5312 1453 5367 etiam
1484 5314 1650 5371 babe-

50 5384 149 5451 [ιη’
187 5378 247 5451 in
280 5378 559 5451 codicibus
606 5396 738 5437 mss.
776 5382 914 5436 Vict.
941 5397 1020 5451 p.,
1055 5378 1213 5437 Vind.
1245 5390 1301 5436 et
1327 5382 1543 5450 Ebrul.;
1590 5386 1646 5441 in

47 5447 277 5528 Regula
314 5448 575 5528 Magistri,
606 5460 717 5507 tum
748 5452 860 5528 hic,
892 5447 1090 5528 tumin
1118 5450 1237 5528 cod.
1270 5451 1456 5528 Cum,
1488 5447 1651 5528 atque

45 5520 234 5593 etiam
258 5520 431 5593 _apud
468 5521 762 5593 Iieronem,
811 5523 1129 5593 discipulum
1184 5521 1240 5576 S.
1267 5522 1541 5591 Othmari,
1562 5520 1647 5582 "in

42 5589 427 5665 Expositiope
449 5592 794 5665 Alamannica
812 5589 1197 5665 vocabulorum
1219 5593 1433 5665 Regula:
1473 5589 1534 5651 S.
1556 5596 1652 5652 Be-

42 5660 310 5725 nedicti;
344 5660 700 5733 Smaragdum
727 5675 780 5718 et
809 5663 1213 5719 Trithemium:
1254 5660 1361 5733 quo
1391 5668 1649 5724 vocabulo

40 5737 475 5812 sepeliuntur
496 5731 693 5812 Patres
730 5734 782 5788 in
812 5735 914 5812 hac
946 5734 1240 5799 Concordia
1275 5731 1452 5792 eitati.
1476 5738 1649 5811 Unde
1694 5773 1697 5776 ι

39 5801 408 5874 adiectin
433 5806 838 5873 murmuriosus,
864 5805 931 5862 de
954 5820 1061 5877 quo
1093 5821 1279 5878 supra.

1754 3261 2005 3334 wqualem
2049 3261 2159 3317 Deo
2204 3281 2223 3319 :
2261 3261 2353 3316 sed
2404 3261 2737 3332 semetipsum
2777 3262 3061 3316 exinanivit
3119 3261 3348 3331 formam

1753 3355 1886 3409 servi
1931 3354 2212 3424 accipiens,
2260 3360 2285 3388 °
2325 3362 2375 3408 et
2413 3352 2582 3423 specie
2625 3353 2865 3407 inventus
2907 3362 2961 3405 ut
3003 3353 3178 3406 homo.
3224 3351 3347 3407 Ilu-

1754 3446 1976 3501 miliavit
2005 3447 2335 3516 seruetipsum
2369 3444 2543 3514 factus
2567 3454 2594 3494 ι)
2616 3444 2859 3515 obediens
2890 3440 3046 3497 Patri
3069 3460 3233 3515 usque
3273 3444 3364 3497 ad

1754 3547 1995 3602 mortem,
2031 3546 2248 3591 mortem
2290 3546 2464 3591 autem
2498 3536 2670 3591 crucis
2712 3533 2880 3607 (Phil.
2916 3535 3002 3608 ιι).
3045 3535 3190 3591 Nihil
3234 3538 3342 3592 ita-

1755 3643 1860 3698 que
1900 3627 2261 3683 recusandum
2294 3635 2386 3699 _est
2427 3627 2805 3683 obedientibus
2842 3628 2986 3682 veris
3024 3626 3224 3685 Christi
3263 3629 3346 3685 di-

1757 3721 2001 3792 scipulis,
2034 3721 2283 3792 quamvis
2310 3721 2505 3777 durum
2541 3730 2598 3776 et
2629 3720 2863 3776 arduum
2891 3722 2992 3789 sit;
3034 3722 3130 3779 sed
3155 3733 3183 3773 (ι
3215 3738 3343 3779 cum

1831 3836 1848 3910 i7
1882 3837 2120 3903 Obedite,
2145 3844 2250 3910 etc.
2293 3836 2378 3894 Ad
2396 3836 2563 3893 Hebr.
2592 3853 2723 3906 xui;
2754 3852 2974 3894 sensum
2997 3837 3178 3910 potius
3214 3853 3342 3909 pro-

1754 3907 1880 3963 tulit
1922 3924 2083 3978 quam
2123 3909 2308 3964 verba.

1827 3979 1855 4019 k
1882 3977 2023 4050 Nolo
2038 3979 2376 4050 sacriﬁcium.
2404 3977 2594 4034 Matth.
2621 3996 2675 4034 Ix
2703 3996 2717 4034 :
2746 3978 2941 4050 Discite
2959 3980 3087 4050 quid
3112 3989 3208 4047 est,
3235 3981 3338 4037 mi-

1755 4049 2099 4120 sericordiam
2146 4048 2285 4117 voio,
2326 4066 2431 4105 non
2475 4051 2817 4120 sacri/icium.
2866 4048 3135 4106 Exi—Osee
3182 4063 3340 4107 sexto

1756 4122 1953 4194 capite.
1993 4119 2100 4175 Sed
2140 4135 2325 4194 neque
2350 4121 2467 4194 hare
2495 4119 2659 4194 verba
2701 4124 2753 4176 in
2797 4130 2908 4177 tota
2937 4120 3220 4194 Scriptura
3253 4139 3338 4179 re—

1756 4192 1934 4261 perire
1962 4199 2046 4246 est
2087 4202 2248 4261 prout
2278 4190 2346 4244 ab
2378 4191 2482 4247 hoc
2510 4191 2673 4247 Patre
2703 4193 2959 4248 citantur.
3001 4190 3228 4247 Videtur
3259 4210 3341 4250 re-

1756 4262 1966 4333 spicere
2003 4262 2070 4316 ad
2116 4263 2261 4333 hunc
2306 4261 2483 4318 locum
2515 4263 2534 4317 l
2575 4262 2705 4333 Reg.
2733 4279 2837 4317 xv:
2872 4261 3064 4316 Melior
3100 4273 3176 4316 est
3218 4265 3338 4318 obe-

1756 4332 1952 4403 dientia
1995 4347 2153 4402 quam
2198 4332 2452 4398 victimae;
2502 4332 2596 4389 sed
2631 4332 2699 4388 ne
2743 4333 2958 4403 quidem
3010 4333 3123 4401 ipsa
3171 4335 3336 4390 verba

1755 4401 2013 4473 protulit,
2029 4403 2122 4455 sed
2151 4417 2389 4473 sensum.

1678 4503 1732 4563 Ι)
1758 4469 1773 4473 ’
1835 4469 1852 4510 1
1892 4469 2073 4554 Primo
2103 4472 2356 4535 omnium,
2401 4481 2507 4529 etc.
2557 4471 2737 4555 Εχβ.
2777 4471 3090 4538 Benedicto,
3116 4488 3236 4544 cap.
3269 4473 3327 4530 4.

1758 4542 1816 4597 1η
1841 4543 2078 4597 editione
2114 4540 2307 4596 Insula:
2334 4543 2552 4597 legitur.
2583 4560 2829 4597 primum.

1841 4542 2078 4597 editione
2114 4540 2307 4596 Insula:
2334 4543 2552 4611 legitur,
2582 4543 2829 4611 primum.

1831 4625 1871 4653 ω
1904 4612 2101 4667 Deinde
2115 4612 2197 4684 (ad
2222 4612 2468 4684 primum.
2504 4613 2562 4668 lu
2583 4612 2791 4683 Regula
2814 4627 2916 4669 ms.
2948 4612 3068 4669 cod.
3102 4613 3247 4671 Flor.
3275 4620 3345 4672 et

1760 4684 1815 4739 in
1843 4684 2078 4739 editione
2106 4682 2298 4757 Insulae
2323 4685 2479 4757 apud
2520 4682 2836 4757 Goldastum
2869 4684 3087 4757 legitur,
3129 4685 3336 4742 Deinde

1759 4771 1936 4827 opera,
1966 4770 2087 4823 qua:
2122 4753 2426 4827 verbaAhac
2459 4754 2890 4827 interpunctione
2926 4753 2957 4811 ᾖ
2984 4759 3335 4827 sequentibus

1760 4823 2137 4897 disiunguntur
2162 4823 2415 4897 {Deinde
2434 4823 2620 4897 opera:
2651 4826 2735 4879 Ad
2756 4828 2983 4897 primum
3010 4823 3221 4881 verbum
3250 4844 3334 4881 se-

1761 4894 1963 4967 nioris,
2009 4903 2113 4949 etc.
2170 4894 2300 4967 Quae
2329 4894 2543 4967 quidem
2576 4894 2805 4951 innuunt
2835 4905 2956 4967 post
2982 4897 3325 4967 dilectionem

1758 4965 1852 5049 Dei
1879 4973 1933 5020 et
1960 4966 2191 5049 pros-imi
2224 4966 2407 5049 sequi.
2433 4966 2572 5049 bona
2612 4982 2796 5049 opera,
2835 4965 3039 5049 nempe
3076 4966 3333 5022 obedien-

1760 5035 2134 5112 tiam,"et_alia
2167 5051 2287 5112 qua:
2314 5035 2367 5090 in
2392 5036 2491 5091 hac
2518 5035 2719 5112 Regula
2749 5035 3107 5112 explicantur.
3152 5107 3166 5112 _
3265 5106 3288 5112 _
3328 5070 3339 5112 ρ

1829 5114 1865 5179 ιι-
1903 5102 2147 5179 Verbum.
2187 5102 2245 5179 Id
2290 5116 2402 5172 est,
2448 5102 2992 5179 mandatumfjuxta
3038 5107 3207 5162 illud:
3256 5106 3326 5164 In

1755 5173 1909 5230 verbo
1937 5184 2028 5228 tuo
2058 5175 2247 5231 laxabo
2284 5187 2403 5232 rete.

1830 5252 1855 5281 ο
1896 5243 1965 5299 Et
2012 5247 2197 5320 spe_cie.
2251 5246 2328 5320 Ita
2375 5248 2519 5320 apud
2561 5247 2912 5316 Goldastum;
2979 5247 3034 5303 in
3078 5248 3331 5305 versione

1755 5316 2047 5381 communi,
2076 5316 2145 5371 Et
2171 5317 2373 5373 habitu.

1766 5428 1774 5437 .
1829 5396 1857 5460 1f
1896 5384 2153 5460 Qbediens
2178 5389 2337 5460 patri.
2376 5388 2454 5443 Ita
2480 5390 2535 5444 in
2565 5388 2768 5460 Regula
2788 5404 2891 5444 ms.
2926 5390 3044 5446 cod.
3067 5389 3324 5456 Flor.,in

1755 5458 1876 5513 cod.
1907 5455 2310 5530 Vindocinensi,
2347 5468 2402 5514 et
2435 5462 2573 5530 apud
2609 5455 2955 5527 Gbldastum;
2987 5476 3094 5517 non
3127 5455 3323 5517 estta-

1755 5543 1878 5601 men
1904 5532 1960 5585 τὸ
1996 5527 2148 5583 Patri
2190 5530 2329 5599 apud
2358 5527 2671 5601 Apo'stolum
2699 5572 2714 5597 ,
2759 5531 2854 5586 sed
2894 5532 3096 5588 addidit
3125 5530 3183 5587 S.
3214 5531 3322 5588 Co-

1752 5599 2038 5672 lumbanus
2065 5599 2657 5672 explicationisgratia.
2683 5669 2695 5672 Α
3004 5600 3013 5607 ’

1825 5680 1850 5720 ιι
1888 5668 2265 5744 Cumjervore.
2288 5687 2407 5744 cum
2436 5668 2640 5744 latitia.
2674 5669 2925 5744 Sumpsit
2953 5688 3019 5728 ex
3046 5671 3105 5729 S.
3144 5674 3318 5737 Bene-

1753 5740 1934 5816 dicto._
1970 5740 2166 5816 Hilaris
2189 5741 2409 5816 Δ(τιξεειξξ
2434 5741 2595 5816 debet
2638 5743 2758 5816 eSse
2796 5740 3121 5816 obedientia,
3152 5755 3317 5816 quam

1753 5811 1873 5868 ideo
1896 5814 1899 5815 ⁷
1922 5812 1997 5867 ita
2042 5811 2230 5869 deﬁnit
2260 5811 2331 5869 ὃ.
2377 5810 2710 5885 Antiochus,
2737 5813 3023 5874 homil.'59
3047 5834 3073 5872 ε’
3098 5810 3315 5875 Time
