3952 6314
192 337 266 397 821

1096 333 1486 394 CONCORDIA
1523 332 1982 392 REGULARUM.
2010 363 2090 385 -.--
2119 335 2270 393 CAP.
2311 335 2444 416 Vill;

195 455 302 529 quod
315 453 536 524 agebant
565 450 944 523 imperfectum
975 451 1365 522 relinquentes,
1391 452 1569 507 vicino
1591 451 1719 506 obe-
1743 451 1800 514 Α
1821 468 1984 523 quam
2011 453 2325 508 monachos.
2360 451 2419 507 In
2444 453 2548 508 hoc
2575 466 2721 506 enim
2751 450 2837 504 via
2867 451 2977 504 lata
3002 466 3032 503 a
3064 450 3261 506 talibus
3283 467 3402 510 cre-

193 548 362 605 dientia:
381 542 774 616 pedejubentis
793 560 986 602 vocem
1011 545 1169 602 factis
1192 555 1490 615 sequuntur
1509 564 1522 598 :
1545 553 1600 599 et
1627 558 1719 600 ve-

193 639 270 695 luti
287 653 377 693 uno
399 645 672 692 momento
705 637 963 708 praedicta
994 637 1242 707 magistri
1257 636 1452 707 jussio,
1478 635 1720 706 perfecta

191 729 396 801 discipuli
430 744 596 799 opera
628 730 684 784 in
719 729 1008 786 velocitate
1042 730 1256 784 timoris
1297 729 1393 784 Dei
1434 729 1606 784 amba:
1634 739 1722 783 res

188 821 500 879 communiter
526 822 685 877 citius
717 821 1075 890 explicantur.
1103 819 1210 875 Sed
1245 821 1361 874 haec
1389 832 1684 889 paucorum
1705 855 1722 884 ,

184 912 611 984 perfectorumque
624 911 795 966 forma
813 912 864 965 in
872 911 1149 967 lirmorum
1164 920 1220 966 et
1232 912 1504 981 pigrorum
1517 910 1726 964 animos

184 1005 236 1062 in
261 1005 609 1075 desperatione
648 1019 743 1060 sua
771 1004 903 1066 satis
932 1019 1042 1058 non
1072 1005 1264 1058 reddat
1308 1003 1600 1067 attonitos;
1631 1000 1728 1057 sed

182 1105 362 1154 moneat
385 1109 410 1136 ι
438 1095 746 1150 imitandos.
776 1093 911 1148 Nam
940 1094 1346 1148 considerantes
1375 1094 1430 1148 in
1464 1093 1625 1147 nobis
1649 1092 1732 1147 di‘

181 1203 310 1244 versa
335 1203 450 1244 esse
494 1203 622 1242 vasa
647 1187 676 1226 h
701 1185 919 1251 ﬂevilia,
963 1203 1086 1241 cum
1134 1187 1363 1241 multum
1395 1187 1450 1241 in
1496 1187 1730 1242 diversis

178 1278 372 1350 pigritiae
398 1276 625 1332 contulit
648 1277 804 1330 tarda
830 1284 1024 1331 natura
1058 1277 1208 1346 (nam
1238 1278 1600 1345 quorumdam
1636 1292 1732 1332 au-

179 1367 303 1422 ditus
332 1374 625 1422 noscuntur
658 1366 823 1420 surdo
873 1373 1100 1435 stupore
1129 1377 1149 1404 ο
1179 1366 1440 1430 eviscere,
1473 1381 1731 1438 quorum-

179 1459 283 1513 dam
312 1467 465 1512 etiam
496 1457 704 1511 animos
743 1456 954 1513 fusione
986 1457 1164 1513 subita
1194 1459 1248 1513 in
1273 1457 1301 1499 ἀ
1336 1459 1553 1514 silvosis
1582 1461 1732 1530 cogio

177 1547 438 1603 tationibus
481 1546 754 1628 cernimus
793 1547 1108 1619 aberrare),
1150 1549 1274 1604 ideo
1315 1550 1597 1605 remissius
1644 1550 1730 1604 di-

174 1638 484 1696 strictionem
515 1637 838 1693 obedientize
869 1639 924 1694 in
963 1640 1276 1695 doctoribus
1317 1642 1642 1707 relaxamus,
1673 1651 1735 1697 ut

173 1729 452 1784 combinata
475 1729 836 1798 praeceptione
863 1730 1160 1800 discipulis,
1184 1740 1240 1788 et
1258 1729 1555 1799 jussionem
1580 1749 1735 1790 suam

1819 546 1967 601 ditur
1997 547 2286 608 ambulari,
2319 561 2443 600 eum
2473 545 2530 599 in
2573 544 2794 599 nomine
2837 543 3091 598 monachi
3126 545 3401 600 communi

1819 651 1971 691 more
2017 637 2290 701 viventes,
2324 634 2494 708 [cum]
2542 651 2573 690 a
2603 636 2759 690 laicis
2789 635 2902 690 solo
2947 643 3186 689 tonsurae
3214 633 3404 690 habitu

1823 727 2058 797 separati
2079 767 2094 788 ,
2135 727 2476 783 obedientias
2525 741 2651 782 suas
2679 728 2851 797 magis
2883 727 3168 782 desideriis
3197 725 3407 782 submi-

1823 816 2062 872 nistrant
2085 832 2251 886 quam
2287 817 2418 871 Deo.
2447 817 2516 870 Et
2543 831 2641 871 suo
2664 817 2866 887 judicio
2894 823 3086 887 putant
3111 815 3215 870 sibi
3241 815 3408 872 licere

1824 925 1947 979 quae
1987 909 2130 964 mala
2159 917 2324 964 sunt:
2358 916 2413 962 et
2442 908 2702 978 quidquid
2747 908 3036 973 noluerint,
3073 908 3177 963 hoc
3214 913 3408 977 putant

1827 1017 1936 1056 non
1979 1001 2165 1057 licere.
2206 1001 2274 1055 Et
2301 1009 2583 1070 acceptum
2610 1001 2888 1066 ducentes,
2924 1003 2940 1042 ί
2972 1011 3032 1055 ut
3060 1000 3408 1073 cogitationi-

1827 1094 1930 1149 bus
1973 1094 2089 1149 suis
2135 1094 2351 1163 corpori
2399 1107 2586 1149 eorum
2638 1093 2812 1163 magis
2854 1093 3202 1162 provideatur
3243 1107 3408 1162 quam

1830 1185 2044 1248 animae,
2083 1184 2136 1238 id
2165 1193 2282 1250 est,
2322 1184 2520 1251 victus,
2561 1183 2964 1248 vestimentum,
2986 1193 3042 1239 et
3069 1185 3402 1250 ealciarium,

1831 1277 2004 1344 magis
2041 1273 2145 1327 sibi
2183 1274 2376 1329 melius
2406 1274 2508 1344 ipsi
2554 1287 2713 1343 posse
2741 1275 2981 1344 cogitare
3023 1290 3186 1344 quam
3222 1274 3408 1328 alium.

1832 1363 1970 1418 Nam
2000 1365 2066 1418 de
2097 1363 2296 1419 futuris
2322 1364 2628 1420 ratiociniis
2655 1364 2852 1419 animae
2879 1354 3214 1436 negligendo'
3243 1364 3317 1418 ita
3354 1378 3414 1418 se

1835 1456 2067 1513 reddunt
2093 1470 2336 1520 securos,
2363 1465 2426 1510 ut
2450 1456 2568 1532 sine
2592 1454 2857 1524 majorum
2880 1455 3292 1526 probationibus
3314 1454 3414 1510 sub

1832 1549 2056 1620 proprio
2083 1549 2313 1604 arbitrio
2340 1548 2636 1604 militantes
2661 1548 2889 1603 credant
2909 1564 2969 1603 se
2999 1563 3212 1603 omnem
3244 1547 3416 1618 legem

1833 1647 1892 1694 et
1912 1639 2177 1709 justitiam
2211 1639 2307 1694 Dei
2345 1639 2583 1709 perfecte
2609 1639 2666 1694 in
2695 1639 2887 1694 cellula
2924 1639 3160 1710 operari.
3193 1637 3330 1693 Nam
3366 1638 3415 1694 si

1837 1731 1976 1786 forte
1995 1731 2488 1801 supervenientium
2513 1731 2873 1801 quorumdam
2900 1731 3166 1802 majorum
3187 1729 3228 1802 [i
3267 1728 3417 1802 cum]

170 1820 463 1890 magistrum
505 1834 613 1874 non
641 1820 824 1890 pigeat
859 1832 1105 1890 repetere
1149 1824 1444 1880 secundum
1483 1826 1724 1880 testimo-
1759 1825 1809 1888 Β
1834 1822 2273 1879 emendatiouum
2298 1822 2547 1892 quaedam
2571 1823 2652 1878 eis
2695 1823 2899 1878 monita
2938 1822 3334 1887 ministrentur,
3363 1827 3420 1876 et

169 1911 302 1965 nium
326 1912 556 1977 Domini,
585 1912 679 1982 qui
707 1929 930 1979 vocans,
958 1915 1250 1982 Abraham,
1281 1916 1547 1972 Abraham
1577 1916 1728 1988 (Gen.

165 2002 310 2073 nu).
334 2001 460 2069 Quae
483 2017 614 2075 ergo
643 2004 895 2074 repetitio
921 2005 1235 2077 manifestat
1261 2008 1419 2064 nobis
1447 2009 1733 2065 Dominum

163 2093 446 2148 ostendisse
474 2108 580 2148 non
614 2109 774 2164 posse
808 2093 1054 2152 sufﬁcere
1082 2113 1246 2153 unam
1284 2114 1473 2155 vocem
1501 2101 1729 2157 auditui.

159 2180 287 2236 Nam
312 2181 364 2237 in
391 2183 520 2252 ipsis
551 2183 1069 2253 interrogationibus
1098 2189 1326 2258 repetita
1355 2190 1603 2260 magistri
1628 2206 1735 2247 vox

160 2275 502 2343 reprmbetur.
527 2275 816 2345 Discipulis
835 2279 1071 2333 secunda
1094 2280 1216 2335 ideo
1249 2281 1602 2354 interrogatio
1613 2297 1732 2338 non

155 2365 600 2433 respondentibus
640 2365 790 2436 juste
832 2367 1173 2441 indulgetur,
1221 2381 1280 2426 ut
1328 2373 1503 2442 prima
1556 2374 1734 2429 adhuc

151 2453 398 2522 discipuli
437 2456 784 2513 taciturnitas
819 2474 927 2513 non
959 2462 1153 2528 reatui,
1181 2464 1275 2519 sed
1307 2474 1596 2520 reservata:
1621 2481 1736 2520 ma-

149 2543 320 2614 gistro
351 2547 671 2600 reverentia:
707 2546 754 2618 [ε
781 2549 1050 2624 custodia]
1088 2552 1392 2624 deputetur.
1421 2553 1480 2610 In
1510 2571 1617 2626 qua
1645 2573 1732 2613 re-

148 2635 392 2689 verentia
437 2635 585 2691 utilis
640 2636 935 2708 discipulus
981 2642 1138 2698 tarde
1184 2646 1423 2700 creditur
1479 2646 1733 2720 frangere

147 2724 593 2793 taciturnitatem,
625 2744 790 2799 quam
818 2731 1081 2798 continet,
1112 2742 1172 2790 ut
1200 2751 1309 2792 non
1333 2737 1402 2792 ad
1429 2738 1733 2811 interroga-

144 2815 349 2872 tionem
378 2827 525 2872 tuam
553 2835 676 2874 mox
719 2838 963 2894 praeceps
990 2824 1174 2898 lingua
1201 2829 1316 2884 suis
1359 2837 1412 2885 te
1454 2831 1732 2901 responsis

140 2917 374 2979 occupet
401 2910 571 2980 prius.
603 2911 661 2966 In
697 2915 1153 2986 praeeeptionibus
1179 2934 1310 2975 vero
1334 2920 1456 2976 ideo
1483 2921 1733 2992 magistri

133 2997 313 3069 jussio
352 3001 636 3070 repetitur,
675 3012 736 3060 ut
782 3009 1029 3076 quamvis
1073 3011 1213 3065 tardi
1259 3019 1355 3066 aut
1398 3013 1734 3085 negligentes

136 3089 251 3144 sint
275 3091 576 3161 auditores,
597 3111 722 3151 eum
750 3101 988 3156 secundo
1020 3103 1102 3158 eis
1123 3104 1268 3160 dicta
1295 3086 1548 3176 primitus
1574 3122 1730 3178 repe-

1837 1913 2048 1970 inutilis
2094 1914 2176 1968 eis
2223 1915 2448 1970 docetur
2493 1915 2618 1970 talis
2655 1915 2895 1971 solitaria
2943 1914 3224 1983 dispositio
3267 1912 3422 1968 habi-

1838 2006 2011 2070 tendi,
2047 2020 2172 2060 mox
2201 2006 2282 2060 eis
2310 2006 2561 2075 displicet
2585 2022 2706 2062 cum
2752 2007 2868 2076 ipsa
2906 2006 3143 2092 doctoris
3185 2019 3421 2075 persona

1837 2095 2153 2159 consilium;
2197 2102 2252 2149 et
2290 2095 2477 2150 statim
2506 2110 2617 2150 non
2643 2095 2698 2149 in
2734 2094 3120 2150 consentiendo
3158 2094 3206 2148 ei
3235 2093 3322 2150 vel
3365 2095 3422 2149 in

1837 2187 2113 2254 sequendo
2143 2201 2266 2240 eum
2321 2187 2754 2242 emendationem
2804 2185 3156 2255 promittunt,
3189 2185 3287 2240 sed
3331 2200 3420 2240 re-

1836 2277 2105 2347 spondent
2149 2289 2210 2332 se
2260 2278 2454 2332 debere
2494 2278 2680 2332 vivere
2729 2276 3064 2346 simpliciter,
3115 2276 3423 2332 nescientes

1835 2366 1966 2422 illud
1991 2368 2136 2437 quod
2177 2367 2314 2423 dixit
2340 2367 2613 2438 Propheta
2639 2387 2652 2422 :
2681 2365 2930 2436 Corrupti
2975 2377 3116 2430 sunt,
3145 2374 3194 2422 et
3223 2367 3424 2422 abomi-

1834 2458 2033 2513 nobiles
2070 2458 2196 2527 facti
2221 2468 2341 2512 sunt
2377 2460 2432 2512 in
2462 2457 2812 2513 voluntatibus
2837 2459 2947 2512 suis
2979 2456 3154 2528 (Psat.
3183 2457 3326 2530 xui).
3357 2459 3425 2513 Et

1834 2549 1968 2605 illud
2001 2550 2367 2604 testimonium
2407 2549 2713 2604 Salomonis
2745 2550 2981 2604 dicitur:
3012 2548 3147 2604 Sunt
3179 2552 3277 2604 υεω
3301 2566 3420 2620 qua:

1833 2638 2073 2693 uidentur
2096 2640 2392 2694 liontinibus
2420 2648 2597 2705 rectm,
2623 2655 2850 2710 quarum
2875 2640 2997 2708 ﬁnis
3022 2657 3184 2710 usque
3210 2641 3279 2694 ad
3307 2657 3427 2711 pro-

1834 2728 2058 2799 fundum
2093 2730 2290 2799 inferni
2333 2730 2581 2801 demergit
2628 2730 2808 2802 (Prov.
2839 2730 2936 2802 ιν).
2982 2731 3108 2786 Ideo
3149 2733 3294 2787 enim
3334 2733 3426 2788 via

1833 2823 1945 2878 lata
1972 2840 2004 2878 a
2034 2823 2233 2878 talibus
2263 2822 2573 2877 ambulatur
2599 2841 2611 2878 :
2643 2823 2770 2894 quia
2799 2839 3122 2894 quocunque
3165 2841 3259 2881 eos
3285 2826 3426 2883 desi-

1836 2914 2108 2970 deriorum
2138 2913 2354 2968 duxerit
2379 2928 2498 2983 pes,
2541 2928 2667 2968 mox
2711 2929 2938 2969 assensu
2985 2925 3326 2986 sequuntur;
3371 2924 3427 2972 et

1835 3004 2098 3075 quidquid
2129 3003 2505 3074 concupierint
2554 3004 3010 3074 concupiscentiae
3038 3021 3246 3071 eorum,
3284 3005 3462 3063 illico‘

1834 3106 1894 3155 et
1916 3113 2092 3154 novos
2121 3098 2225 3152 sibi
2252 3097 2485 3152 licentia:
2514 3097 2698 3163 calles,
2731 3098 2814 3153 vel
2839 3097 2996 3154 liberi
3020 3100 3138 3154 sine
3167 3099 3429 3172 magistro

133 3188 356 3268 tuntur,
389 3181 584 3256 [usque
612 3187 749 3243 adeo
783 3191 1003 3260 dignum
1049 3195 1160 3268 est]
1192 3194 1310 3264 jam
1352 3198 1728 3256 obedientibus
1755 3182 1803 3249 C
1834 3191 2046 3246 arbitrii
2075 3189 2339 3244 facientes
2362 3190 2506 3244 viam
2552 3189 2678 3245 vita:
2703 3205 2816 3245 suae
2844 3189 3046 3247 illicitis
3093 3190 3428 3260 voluptatum

128 3267 303 3325 factis
337 3288 492 3328 mora
519 3285 821 3359 rumpatur.
856 3279 915 3335 Si
944 3297 1075 3339 vero
1105 3285 1267 3340 tertio
1299 3285 1464 3358 (quod
1507 3288 1649 3343 absit
1674 3296 1735 3344 ut

129 3361 473 3436 contingat),
501 3365 676 3422 reatui
701 3369 1006 3439 deputetur.
1029 3373 1167 3429 Nam
1192 3384 1248 3430 et
1273 3375 1404 3433 illud
1430 3377 1498 3432 de
1524 3378 1734 3434 duabus

124 3451 243 3507 viis
273 3469 519 3526 congrue
545 3457 634 3513 hic
665 3470 720 3512 et
749 3464 1133 3526 convenienter
1166 3463 1185 3506 ί
1221 3468 1516 3524 taxandum
1544 3478 1648 3537 est,
1680 3470 1735 3527 id

124 3553 243 3610 est,
287 3548 315 3586 8
348 3547 532 3615 latam,
561 3565 680 3622 quae
713 3552 863 3608 ducit
890 3557 958 3610 ad
987 3565 1256 3613 mortem:
1298 3560 1353 3614 in
1394 3562 1590 3629 quibus
1630 3561 1734 3616 viis

121 3636 495 3694 diversorum
527 3640 805 3698 hominum
835 3645 1154 3706 obedientize
1179 3652 1518 3722 gradiuntur,
1544 3653 1603 3709 id
1628 3661 1731 3720 est,

116 3741 236 3799 per
276 3726 452 3785 latam
485 3731 628 3788 viam
657 3736 1019 3807 saecularium,
1046 3749 1103 3797 et
1129 3743 1524 3799 sarabaitarum
1553 3753 1608 3800 et
1641 3761 1736 3817 gy-

116 3834 478 3891 rovagorum
521 3827 936 3896 monachorum,
980 3833 1073 3902 qui
1104 3842 1200 3888 aut
1228 3835 1448 3906 singuli,
1476 3837 1607 3902 bini,
1641 3845 1739 3892 aut

114 3911 284 3964 terni
335 3911 623 3982 aequaliter
657 3917 916 3983 viventes,
949 3931 1003 3975 et
1033 3922 1334 3979 voluntarie
1371 3925 1734 3996 ambulantes,

114 4007 183 4054 et
213 4015 330 4070 pro
375 4001 587 4059 alterno
617 4005 844 4076 imperio
886 4011 1150 4083 quidquid
1193 4016 1388 4085 cuique
1435 4018 1733 4087 placuerit,

117 4091 242 4146 sibi
275 4093 495 4150 vicibus
525 4096 755 4152 invicem
791 4099 1141 4170 imperantes,
1171 4121 1291 4174 qua:
1320 4107 1612 4175 uoluerint,
1640 4125 1735 4179 pe-

115 4183 429 4243 culiariter
458 4189 513 4242 in
556 4203 616 4246 se
657 4190 1027 4262 defendentes,
1055 4210 1176 4251 cum
1204 4199 1261 4253 in
1305 4201 1527 4269 proprio
1562 4217 1734 4259 unus-

111 4276 382 4346 quisque
405 4279 631 4336 eonsillo
653 4297 762 4338 non
789 4282 904 4339 vult
932 4301 990 4341 se
1026 4288 1189 4356 vinci,
1220 4289 1475 4346 scandala
1511 4291 1614 4349 sibi
1647 4299 1734 4348 ta-

112 4366 209 4423 les
259 4386 551 4441 nunquam
596 4375 803 4432 faciunt
829 4393 949 4433 esse
984 4379 1262 4449 absentia;
1294 4399 1422 4440 mox
1463 4392 1588 4455 post
1619 4393 1736 4440 stu-

109 4459 359 4518 diosam
388 4463 538 4520 litem
569 4467 711 4524 male
743 4474 1052 4544 congregati
1091 4488 1156 4530 ac
1199 4489 1259 4530 se
1303 4477 1534 4533 invicem
1565 4492 1724 4552 sepa-

1839 3282 2248 3339 diversitatibus
2295 3281 2588 3348 delectant,
2632 3290 2688 3337 et
2734 3297 3053 3353 quacunque
3092 3283 3256 3338 etiam
3287 3283 3430 3339 dele-

1837 3373 2102 3428 etationes
2124 3373 2398 3428 voluerint
2437 3374 2689 3446 progredi
2721 3373 2968 3440 licentes,
2996 3383 3052 3429 et
3078 3375 3291 3444 patulos
3321 3375 3428 3432 sibi

1836 3465 2084 3534 praebent
2116 3478 2357 3535 gressus,
2404 3464 2538 3519 illud
2567 3479 2784 3536 semper
2826 3467 2970 3521 scire
3003 3465 3267 3532 nolentes,
3298 3466 3427 3535 quia

1836 3555 2043 3612 homini
2092 3563 2316 3621 creato,
2360 3553 2507 3611 Mors
2545 3556 2709 3627 juxta
2753 3558 3028 3612 introitum
3067 3555 3429 3612 delectationis

1835 3648 2006 3719 posita
2027 3649 2094 3702 sit
2128 3647 2297 3720 (Eccl.
2326 3648 2506 3716 xvm).
2533 3649 2602 3704 Et
2628 3651 2775 3721 quod
2803 3651 2884 3708 eis
2907 3651 3112 3707 dictum
3141 3659 3224 3707 est
3249 3669 3262 3706 :
3295 3649 3428 3706 Post

1837 3742 2284 3812 concupiscentias
2329 3750 2450 3798 tuas
2477 3759 2582 3798 non
2609 3760 2718 3810 eas,
2743 3755 2792 3799 et
2821 3745 2850 3786 ι
2875 3762 2909 3800 ιι
2934 3743 3288 3800 voluntatibus
3321 3745 3428 3800 tuis

1837 3838 2070 3886 avertere
2117 3829 2330 3907 (Ibid.),
2365 3833 2530 3889 surdo
2566 3835 2756 3890 auditu
2785 3844 3191 3905 pertranseunt.
3221 3837 3262 3892 E
3293 3851 3426 3893 con-

1838 3921 2011 3976 trario
2049 3923 2248 3992 quibus
2286 3923 2356 3979 ad
2404 3925 2572 3980 vitam
2617 3934 2878 3982 aeternam
2917 3928 3228 3984 ambulandi
3275 3944 3430 3985 amor

1837 4011 2122 4081 incumbit,
2154 4016 2276 4072 ideo
2299 4027 2584 4089 angustam
2612 4020 2756 4075 viam
2781 4021 3073 4092 arripiunt,
3101 4030 3161 4077 ut
3186 4039 3295 4080 non
3329 4039 3428 4080 suo

1837 4105 2064 4162 arbitrio
2096 4108 2358 4176 viventes,
2389 4110 2476 4166 vel
2505 4112 2788 4168 desideriis
2816 4114 2949 4180 suis,
2978 4121 3032 4170 et
3061 4115 3429 4171 voluntatibus

1837 4196 2170 4264 obedientes,
2186 4201 2281 4255 sed
2306 4201 2644 4259 ambulantes
2668 4202 2842 4260 alieno
2867 4204 3074 4275 judicio
3094 4215 3148 4262 et
3178 4208 3423 4278 imperio,

1835 4303 1945 4344 non
1971 4289 2143 4344 solum
2173 4290 2228 4346 in
2269 4292 2594 4363 supradictis
2628 4295 2911 4352 desideriis
2941 4298 3055 4353 suis
3090 4306 3145 4353 et
3182 4298 3428 4353 volunta-

1838 4379 1984 4436 tibus
2024 4390 2394 4451 coarctautur,
2419 4392 2476 4440 et
2517 4384 2696 4442 facere
2724 4386 2914 4441 nolunt
2942 4402 3066 4441 cum
3097 4387 3307 4455 possint
3334 4403 3426 4442 ar-

1832 4469 2088 4537 bitrium;
2119 4473 2216 4527 sed
2243 4473 2407 4528 etiam
2437 4475 2614 4531 alieno
2637 4490 2697 4531 se
2735 4476 2961 4546 imperio
2991 4474 3249 4542 subdunt,
3282 4484 3338 4530 et
3372 4477 3427 4532 in

110 4562 355 4621 rantes,
386 4565 443 4611 et
470 4558 610 4614 sicut
635 4577 764 4632 grex
797 4541 912 4620 sine
949 4541 1167 4636 pastore
1201 4571 1466 4628 oberrans
1510 4541 1736 4644 ρεινάί.
1759 4541 1816 4602 Ῑ)
1841 4560 2109 4617 ccenubiis
2139 4561 2398 4633 degentes
2425 4565 2672 4620 abbatem
2697 4541 3064 4637 sibi-praeesse
3095 4567 3426 4624 desiderant.

106 4658 302 4700 versa
331 4647 610 4718 dispersus
630 4655 746 4709 sine
767 4655 928 4711 dubio
955 4657 1066 4728 lupi
1090 4658 1338 4718 faucibus
1361 4679 1692 4722 occursurus
1717 4684 1731 4722 :

100 4738 497 4805 providentes
521 4743 626 4797 sibi
654 4759 760 4799 non
791 4745 918 4812 Deo,
945 4749 1040 4803 sed
1069 4754 1288 4820 proprio
1315 4756 1540 4811 arbitrio
1567 4771 1740 4814 novas

101 4829 348 4885 iterato
381 4833 569 4900 cellas,
610 4844 666 4890 et
693 4836 721 4875 ιι
751 4837 818 4892 de
855 4855 913 4893 se
950 4840 1065 4894 solo
1093 4841 1196 4897 sibi
1243 4844 1342 4900 soli
1387 4847 1599 4906 abbatis
1631 4867 1734 4908 no—

98 4921 289 4975 mina
337 4922 700 4994 imponentes,
743 4933 1070 4987 monasteria
1117 4935 1300 4993 videas
1341 4953 1463 4996 esse
1494 4941 1739 5011 pluriora

196 5068 232 5138 ξ
283 5057 838 5138 LmiIa_ndos_._Supple
863 5080 876 5119 :
906 5081 1026 5122 esse
1055 5068 1343 5138 perfectos.

191 5126 342 5209 13HF
345 5129 545 5209 levili_a._
583 5126 913 5191 Voca-bulum
957 5126 1268 5208 barbarum,
1299 5142 1355 5198 id
1383 5151 1468 5200 est
1513 5143 1733 5204 debilia.

91 5198 383 5270 Gallice,
416 5201 616 5270 faibles.

193 5280 226 5308 ο
262 5269 544 5356 E‘viscere.
562 5275 1077 5356 [rege_:-Evire_scere,
1105 5281 1156 5336 id
1171 5292 1275 5356 est
1286 5283 1563 5356 languere,
1587 5290 1735 5346 vires

84 5344 457 5423 rerrlittere.
474 5344 680 5423 Nonius
702 5347 1004 5423 Marcellus,
1029 5344 1147 5423 cap.
1163 5353 1224 5410 2:
1251 5344 1736 5418 Ευὶνὲεεαείνπιῖὸ

79 5414 162 5500 it)
188 5410 595 5500 gPlfoutetheo,
616 5419 710 5473 lib.
738 5435 807 5500 sv
833 5440 844 5474 :
884 5410 1111 5500 «‘At'qué
1144 5410 1734 5500 exsanguibusﬂdolore

78 5488 424 5564 evi‘regcat
452 5488 626 5564 colos;
656 5508 674 5543 ι
708 5491 818 5556 ubi,
843 5491 982 5564 colos
1011 5488 1109 5564 pro
1140 5495 1302 5552 color.

182 5554 224 5594 ὁ
279 5553 530 5632 ξὶιυοεὶβ.
556 5553 622 5616 id
640 5572 743 5626 est,
773 5553 1216 5632 redundantibus.

185 5637 224 5666 ο
273 5624 546 5684 Custodia
573 5624 852 5689 redundat.

185 5697 220 5738 τ
281 5695 726 5775 ﬁrmandude
755 5713 870 5771 est,
904 5705 1288 5763 deﬁniendum.
1337 5709 1540 5769 Glossm
1588 5727 1737 5775 vete-

72 5783 212 5829 res
243 5787 262 5828 :
306 5768 602 5841 Tmarus,
638 5768 883 5850 ὀρίζομσιὲ,
913 5779 969 5835 id
1008 5787 1112 5851 est,
1143 5768 1457 5842 deﬁnimus.
1479 5768 1730 5848 Festus:

1842 4653 1911 4711 Et
1941 4654 2060 4712 sine
2090 4654 2254 4712 dubio
2298 4656 2355 4712 bi
2391 4656 2523 4714 tales
2550 4657 2697 4714 illam
2728 4659 2942 4715 Domini
2986 4659 3273 4716 imitantur
3306 4677 3430 4718 sen-

1841 4750 2102 4818 tentiam,
2136 4765 2256 4821 qua:
2305 4752 2439 4807 dicit
2481 4771 2494 4806 :
2549 4753 2674 4809 Non
2720 4756 2836 4810 veni
2882 4756 3056 4826 facere
3107 4755 3426 4812 voluntatem

1842 4857 2044 4907 meam,
2075 4841 2164 4895 sed
2197 4841 2310 4913 ejus
2363 4843 2453 4916 qui
2492 4860 2573 4900 me
2618 4846 2762 4901 misit
2820 4847 3004 4920 (Joan.
3033 4847 3140 4920 Vl).
3187 4849 3255 4904 Et
3295 4864 3426 4919 pro-

1841 4930 2025 5001 prium
2059 4947 2166 4987 non
2205 4929 2468 4991 facientes
2501 4936 2812 5006 arbitrium,
2842 4941 3172 5012 abnegantes
3205 4950 3428 5010 propter

1850 5099 1872 5136 ι
1893 5081 2064 5162 [augt
2091 5085 2315 5141 verbum
2344 5089 2564 5162 ponitur
2584 5105 2690 5162 pro
2714 5091 2800 5147 his
2828 5108 2948 5162 quae
2968 5092 3247 5157 ﬁniuntur,
3269 5102 3374 5149 etc.
3401 5113 3420 5148 ι

1923 5151 2171 5234 B‘Latam
2199 5173 2314 5226 quw
2342 5151 2486 5234 ducit
2522 5151 2861 5234 att-mortem:
2882 5163 3052 5234 Lege,
3084 5171 3143 5218 ut
3187 5151 3244 5218 in
3289 5163 3422 5220 Cod.

1846 5220 2009 5282 Corb.
2039 5243 2051 5277 :
2081 5217 2269 5280 Lata'm
2295 5245 2411 5298 qua:
2441 5230 2587 5286 ducit
2620 5232 2690 5286 ad
2735 5217 3116 5299 interitun‘i,'et
3145 5217 3424 5307 angustam

1847 5311 1967 5352 aute
1991 5295 2137 5349 ducit
2162 5298 2230 5350 ad
2260 5300 2416 5352 viam.

1847 5311 1967 5368 qua:
1991 5311 2137 5349 aucu
2162 5311 2229 5350 aa
2260 5315 2416 5353 viam.

1985 5364 2066 5420 De
2079 5383 2144 5451 se
2163 5367 2301 5451 solo.
2328 5370 2489 5451 bege,
2517 5372 2662 5442 ἄεισε
2683 5373 2839 5451 _a_o_lis,
2875 5372 2931 5427 id
2967 5381 3073 5451 est,
3097 5373 3166 5451 de
3194 5388 3291 5431 sua
3320 5376 3428 5448 pri-

1843 5443 1990 5563 ἴξιωο
2003 5446 2270 5560 ροιῗειθῑθ
2300 5441 2431 5508 sibi,
2464 5441 2596 5498 cum
2618 5444 2760 5499 soliti
2796 5444 2941 5511 sint,
2982 5441 3196 5505 abbatis
3222 5441 3424 5504 nomen

1905 5523 1955 5563 ιο
1995 5524 2097 5562 nen
2124 5523 2202 5563 es.

1842 5521 2202 5587 imponentes.

1916 5590 1940 5660 ξ
2005 5576 2069 5661 Ut
2133 5582 2532 5652 cogitationibus
2599 5585 2728 5639 suis.
2790 5585 2966 5659 Lege.
3023 5588 3425 5661 cogitationibus

1843 5665 1956 5705 suis
2005 5660 2080 5704 ut.
3093 5660 3096 5661 ⁷

1919 5718 1932 5769 i
1962 5692 2106 5776 ,Cum
2135 5723 2574 5778 emendationum.
2602 5727 2670 5780 Τὸ
2692 5742 2809 5782 cum
2837 5729 3122 5786 redundat.

1917 5793 1944 5831 κ
1975 5791 2043 5849 1η
2071 5793 2423 5853 voluntatibus
2451 5796 2579 5855 suis.
2604 5795 2686 5857 Ita
2709 5797 2766 5858 in
2791 5799 3049 5874 psalterio
3075 5800 3343 5859 Romano.

1811 5927 1834 5960 ἰ
