3952 6314
649 296 756 353 823

1707 291 1765 343 S.
1805 287 2162 344 BENEDICTI
2201 285 2494 343 ABBATIS
2532 283 2945 344 ANIANENSIS
3653 315 3713 376 ω

650 411 924 468 Christum
963 409 1285 504 semetipsos
1327 412 1629 504 sequuntur
1672 405 1886 504 Deum,_
1911 419 2233 476 quocunque
2260 405 2312 464 Α
2329 403 2468 504 dicit
2500 423 2520 504 Δε
2559 403 2828 504 Obauditu
2875 404 3002 504 oris,
3045 405 3281 462 obaudivit
3317 413 3421 469 mihi
3457 417 3584 490 (Psal.
3616 435 3715 504 xm).

649 503 860 558 abbatis
886 502 1179 573 praeceptio
1206 500 1441 554 duxerit.
1469 499 1536 552 Et
1565 513 1672 552 non
1703 498 1768 552 de
1810 497 1982 552 solum
2023 505 2229 566 tempo-

649 592 853 647 ralibus
899 591 1246 655 necessariis,
1291 590 1344 644 id
1381 598 1483 653 est,
1511 589 1674 650 victu,
1706 589 1926 653 vestitu,
1951 588 2224 653 calciario,

648 699 754 738 non
779 689 1043 753 coguntur
1067 680 1168 735 sibi
1194 682 1294 735 sub
1317 679 1530 734 abbatis
1559 679 1919 734 sollicitudine
1947 679 2185 749 cogitare
2211 696 2224 731 :

647 776 742 832 sed
783 775 931 830 etde
971 772 1167 828 futuris
1214 788 1323 827 suae
1366 773 1668 827 ratiociniis
1717 771 1910 826 animae
1955 771 2126 826 solam
2173 771 2227 825 in

647 868 897 923 omnibus
945 869 1263 938 przeceptori
1327 868 1695 923 obedientiam
1752 867 2114 921 ministrando
2162 866 2229 921 de

647 959 860 1014 caeteris
895 958 1221 1014 utilitatibus
1257 959 1392 1025 suis,
1427 968 1535 1013 tam
1575 959 1818 1028 corporis
1843 973 2004 1027 quam
2033 958 2228 1012 anima:

647 1052 944 1106 redduntur
972 1053 1166 1106 securi.
1197 1051 1331 1118 Quia
1365 1051 1478 1106 sive
1505 1050 1666 1114 bene,
1699 1051 1812 1104 sive
1831 1049 1992 1114 male,
2021 1048 2227 1118 pastori

647 1142 910 1197 incumbit
939 1143 1082 1212 quod
1110 1143 1163 1196 in
1191 1144 1384 1197 ovibus
1431 1149 1759 1197 exercetur:
1789 1149 1845 1196 et
1875 1140 2024 1194 illum
2056 1138 2226 1209 tangit

645 1237 698 1290 in
731 1235 1084 1291 discussionis
1107 1235 1312 1303 iudicio
1356 1234 1622 1289 rationem
1669 1234 1895 1288 reddere
1924 1232 2018 1302 qui
2059 1231 2228 1300 impe-

642 1337 746 1391 rat,
777 1315 881 1380 non
909 1328 997 1396 qui
1035 1327 1298 1397 imperata
1325 1325 1559 1396 perficit,
1585 1326 1700 1380 sive
1722 1324 1888 1388 bona,
1915 1323 2028 1377 sive
2059 1320 2220 1374 mala.

643 1417 764 1471 ideo
793 1417 937 1471 enim
973 1417 1061 1470 via
1089 1424 1318 1487 angusta
1347 1431 1378 1469 a
1407 1415 1608 1488 talibus
1649 1413 1893 1467 creditur
1933 1409 2220 1475 ambulari,

589 1542 591 1545 ι
640 1509 763 1577 quia
795 1509 1012 1578 propria
1042 1508 1098 1562 in
1125 1507 1204 1562 eis
1253 1505 1520 1562 desideria
1551 1505 1777 1559 minime
1806 1503 2174 1572 adimplentur
2202 1519 2216 1556 :

638 1608 695 1655 et
739 1616 848 1654 non
879 1600 1024 1668 quod
1051 1598 1241 1653 volunt
1267 1596 1590 1668 perﬁciunt,
1622 1594 1781 1649 alieni
1807 1593 1996 1665 judicii
2034 1592 2222 1662 iugum

641 1693 942 1755 trahentes,
971 1705 1077 1759 quo
1107 1689 1186 1742 ire
1217 1687 1669 1742 delectationibus
1694 1686 1806 1740 suis
1842 1683 2112 1739 voluerint
2138 1697 2224 1736 re-

2329 497 2468 568 Επιεο
2497 499 2612 568 ipsa
2651 499 2959 555 obedientia
2986 516 3102 555 cum
3146 504 3273 559 bono
3311 509 3460 565 animo
3493 529 3516 567 a
3545 497 3718 588 discipulis

2327 589 2632 681 praebeatur
2667 607 2680 642 :
2735 588 3121 654 Quiahilarem
3164 593 3369 650 datorem
3397 600 3528 670 diligit
3558 604 3650 660 Deus
3674 611 3718 681 (ll

2328 680 2562 755 Cor.rx).
2594 683 2726 736 Nam
2756 683 2800 737 si
2823 699 2946 738 cum
2977 684 3112 739 malo
3140 687 3304 741 animo
3323 689 3560 761 discipulus
3576 698 3719 766 obediat,
3808 713 3809 718 ‘

2328 786 2434 826 non
2473 772 2646 828 solum
2674 773 2832 827 nobis
2859 788 2973 837 ore,
3003 774 3093 828 sed
3127 783 3180 829 et
3205 776 3304 830 Deo
3331 781 3468 835 corde
3494 783 3722 855 impmperat,

2328 863 2473 934 quod
2503 862 2642 917 malo
2688 864 2871 918 animo
2903 863 3049 919 facit.
3096 864 3159 918 Et
3184 869 3402 934 quamvis
3442 870 3622 939 impleat,
3641 880 3721 944 quod

2327 956 2506 1011 fuerat
2554 957 2911 1026 imperatum,
2947 966 3123 1012 tamen
3167 969 3415 1030 acceptum
3451 964 3540 1032 iam
3573 982 3644 1021 non
3669 971 3725 1024 erit

2327 1048 2457 1113 Deo,
2484 1049 2574 1117 qui
2601 1063 2698 1102 cor
2724 1050 2841 1118 ejus
2873 1050 3092 1119 respicit
3119 1055 3477 1108 murmurantis.
3502 1055 3552 1110 Et
3580 1063 3723 1126 quamvis

2327 1139 2491 1196 faciat
2530 1141 2673 1210 quod
2714 1140 2952 1209 iubetur,
2989 1151 3182 1209 tamen,
3219 1159 3331 1198 cum
3367 1145 3486 1200 malo
3519 1147 3613 1203 illud
3636 1150 3726 1205 iaciat

2326 1236 2524 1298 animo,
2553 1235 2753 1288 nullam
2784 1234 2851 1289 de
2880 1235 2995 1305 ipso
3023 1235 3161 1291 facto
3185 1238 3456 1293 mercedem
3477 1238 3661 1294 Dominus
3676 1244 3726 1294 in»
3808 1275 3809 1312 ξ

2327 1327 2559 1397 putabit,
2591 1343 2715 1382 cum
2759 1336 3010 1383 scrutans
3055 1343 3174 1382 mox
3215 1329 3345 1383 Deus
3385 1330 3520 1384 corda
3546 1330 3726 1398 eiustristt
3808 1315 3809 1354 ί

2325 1420 2574 1476 facientis
2597 1430 2781 1476 votum
2810 1421 2863 1474 in
2891 1435 2956 1475 eo
2983 1421 3258 1476 invenerit.

2416 1510 2598 1583 §Vlll.
2629 1542 2701 1552 —
2729 1513 2809 1566 Ex
2845 1511 3064 1566 Recuu
3087 1527 3262 1566 ssuc'n
3287 1511 3464 1567 Bitsn."
3497 1512 3600 1583 (cap.
3621 1512 3686 1580 71).

2397 1605 2663 1676 Interrog.
2691 1603 2719 1644 ἀ
2749 1603 2807 1659 Si
2835 1612 3015 1659 autem
3044 1604 3291 1658 obediens
3317 1605 3426 1672 quis
3447 1606 3726 1658 murmuret?-
3808 1613 3809 1676 ἦ

2397 1647 2663 1676 .........,:,.
2751 1647 2807 1659 ν.
2835 1647 3015 1659 ..........
3047 1647 3291 1658 “ww..-
3318 1647 3425 1672 νη,

2328 1699 2484 1769 Resp.
2508 1698 2768 1768 Apostolo
2795 1698 3011 1753 dicente
3039 1717 3050 1750 :
3095 1697 3277 1750 Omnia
3319 1695 3454 1765 facite
3488 1698 3573 1748 sine
3595 1712 3724 1747 manti-

636 1783 947 1852 Pellunlm‘;
975 1788 1030 1836 ει
1057 1795 1086 1833 a
1132 1780 1392 1850 magistro
1437 1778 1518 1832 eis
1547 1777 1676 1846 (luid
1714 1791 1876 1846 ³861⁸⁸
1912 1782 2007 1829 am
2046 1773 2226 1828 facere
2253 1773 2300 1832 B
2331 1789 2532 1843 ratione
2556 1798 2601 1842 et
2635 1787 3052 1842 hwsitationibus
3081 1784 3242 1857 (Phil.
3273 1787 3330 1855 ι).
3371 1784 3552 1839 Alienus
3582 1783 3728 1837 sitata-

636 1873 907 1927 voluerint
955 1871 1270 1940 denegatur.
1302 1881 1326 1908 ιι
1353 1869 1698 1922 Amaricatur
1749 1865 1990 1936 quotidie
2034 1864 2225 1918 volun-

637 1963 735 2016 tati
763 1977 950 2015 eorum
981 1961 1034 2013 in
1062 1957 1395 2014 monasterio
1422 1972 1522 2026 pro
1567 1956 1814 2020 Domino,
1847 1963 1903 2009 et
1935 1955 2002 2009 ad
2027 1954 2224 2024 proba-

636 2056 837 2109 tionem
869 2030 1094 2124 theque
1124 2050 1361 2120 iniuncta
1388 2049 1606 2112 fuerint,
1638 2049 1908 2103 sustinent
1933 2047 1961 2086 δ
1995 2047 2137 2101 velut
2167 2047 2221 2100 in

634 2146 895 2217 martyrio
936 2145 1224 2216 patienter,
1273 2143 1391 2198 sine
1435 2141 1598 2196 dubio
1642 2141 1773 2195 illud
1819 2139 2048 2194 Domino
2097 2153 2220 2194 cum

633 2237 899 2308 Pmpheta
939 2236 1135 2292 dicturi
1171 2253 1183 2288 :
1228 2233 1453 2306 Propter
1499 2242 1548 2286 te
1588 2236 1777 2287 morte'
1802 2232 2062 2302 aﬂicimur
2109 2239 2220 2284 tota

630 2332 733 2392 die.
763 2330 1010 2384 mstimati
1057 2345 1238 2383 sumus
1267 2336 1326 2381 ut
1369 2344 1483 2381 oves
1526 2327 1800 2380 occisionis
1836 2323 2006 2396 (Psal.
2038 2325 2216 2396 XLIII).

630 2423 696 2476 Et
726 2423 858 2476 item
888 2421 1085 2476 dicturi
1126 2429 1314 2489 postea
1342 2420 1395 2473 in
1420 2419 1627 2487 iudicio
1661 2418 1890 2473 Domino
1918 2437 1930 2470 :
1972 2415 2220 2472 Probasti

631 2531 743 2578 nos,
789 2513 951 2578 Deus,
997 2514 1116 2582 igne
1181 2529 1274 2566 nos
1320 2512 1667 2576 examinasti,
1713 2511 1846 2564 sicut
1887 2509 2221 2562 examinatur

627 2616 933 2675 argentum;
961 2605 1220 2659 induxisti
1251 2621 1344 2658 nos
1391 2605 1448 2657 in
1478 2602 1755 2674 laqueum;
1797 2602 2018 2672 posuisti
2047 2600 2219 2654 tribu-

628 2695 846 2750 lationes
894 2698 948 2750 in
995 2695 1150 2750 dorso
1199 2706 1397 2758 nostro,
1444 2695 1735 2764 imposuisti
1777 2693 2011 2746 homines
2064 2707 2220 2761 super

627 2787 802 2856 capita
828 2798 1024 2840 nostra.
1053 2787 1186 2842 Cum
1215 2785 1345 2856 ergo
1375 2786 1556 2841 dicent
1583 2802 1596 2837 :
1632 2782 1938 2854 Imposuisti
1980 2781 2218 2836 homines

625 2893 784 2947 super
827 2879 998 2947 capita
1029 2889 1231 2943 nostra,
1260 2885 1562 2933 noscuntur
1602 2876 1805 2930 habere
1843 2891 2004 2944 super
2038 2890 2097 2929 se
2124 2875 2219 2930 de-

603 2967 756 3021 ‘bere
782 2966 1035 3033 Maiorem
1059 2969 1411 3023 constitutum
1436 2969 1554 3023 vice
1576 2968 1691 3021 Dei.
1724 2967 1788 3020 Et
1816 2968 2214 3036 subsequentes

628 3057 997 3110 testimonium
1046 3060 1432 3112 convenienter
1476 3059 1605 3112 item
1655 3057 1882 3111 Domino
1933 3059 2115 3111 dicent
2159 3058 2214 3111 in

626 3147 719 3202 illo
746 3147 860 3218 iam
906 3148 1140 3204 saeculo:
1173 3149 1531 3202 Transivimus
1571 3165 1663 3218 per
1701 3148 1871 3218 ignem
1910 3158 1956 3201 et
1991 3164 2206 3218 aquam,
2240 3132 2284 3194 (ί

623 3250 672 3295 et
706 3241 962 3295 induxisti
993 3257 1087 3294 nos
1112 3241 1167 3294 in
1194 3240 1542 3311 refrigerium.
1573 3241 1686 3295 Hoc
1713 3248 1818 3305 est,
1856 3242 2208 3294 transivimus

623 3347 719 3401 per
749 3342 770 3369 ο
803 3331 1223 3399 amaricationes
1252 3331 1587 3401 voluptatum
1634 3338 1972 3394 nostrarum,
2013 3337 2068 3383 et
2093 3344 2209 3384 ser-

623 3425 753 3479 vitio
779 3425 1099 3480 obedientia:
1123 3426 1467 3495 pervenimus
1495 3425 1563 3479 ad
1591 3433 1696 3478 tuae
1721 3424 2059 3494 refrigerium
2095 3425 2221 3493 pie-‘

622 3519 770 3573 tatis.
805 3517 910 3573 Sed
939 3519 1054 3574 haec
1083 3520 1198 3589 ipsa
1225 3517 1530 3574 obedientia
1558 3525 1685 3572 tunc
1712 3517 2060 3587 acceptabilis
2102 3517 2210 3572 erit

620 3609 752 3675 Deo,
785 3617 842 3664 et
870 3610 1041 3666 dulcis
1070 3612 1398 3676 hominibus,
1428 3611 1475 3666 si
1503 3610 1644 3681 quod
1675 3609 1917 3678 iubetur,
1949 3624 2056 3663 non
2102 3617 2211 3664 tre-

620 3702 762 3770 pide,
808 3719 917 3757 non
951 3704 1147 3774 tepide,
1177 3720 1284 3759 non
1315 3705 1488 3768 tarde,
1516 3704 1601 3758 vel
1627 3719 1751 3758 cum
1779 3703 2208 3759 murmuratione

619 3794 856 3850 nolentis
899 3795 1180 3850 efﬁciatur.
1211 3796 1351 3862 Quia
1392 3795 1717 3859 obedientia,
1746 3809 1866 3864 qua:
1909 3794 2208 3863 maioribus

618 3888 910 3954 praebetur,
940 3889 1049 3943 Deo
1086 3889 1265 3943 datur.
1311 3888 1463 3942 Sicut
1503 3887 1633 3942 dicit
1678 3887 1939 3941 Dominus
1973 3885 2207 3940 doctori-

623 3975 722 4031 bus
759 3992 772 4029 :
807 3976 909 4040 Qui
955 3995 1041 4032 vos
1087 3979 1270 4045 audit,
1306 3995 1388 4033 me
1416 3978 1564 4033 audit
1612 3977 1826 4050 (Matth.
1855 3977 1934 4048 ι).
1972 3977 2040 4031 Ει
2078 3978 2207 4032 alibi

693 4140 717 4200 τι
754 4129 1089 4184 Amaricatur
1123 4130 1376 4186 voluntati
1406 4148 1604 4186 eorum.
1629 4131 1687 4187 Id
1709 4140 1815 4200 est,
1845 4133 2208 4188 mortiﬁcatur

624 4199 873 4254 voluntas
901 4217 1109 4256 eorum.

692 4268 906 4344 b__Vetut
942 4272 997 4325 in
1026 4272 1299 4344 martyrio.
1325 4273 1640 4329 Obedientia
1663 4283 1746 4329 est
1769 4275 2038 4344 quoddam
2068 4290 2208 4329 mar-

619 4342 746 4415 tyrii
795 4357 982 4415 genus.
1031 4341 1108 4415 ita
1149 4341 1270 4398 eam
1305 4344 1538 4415 appellat
1580 4341 1803 4400 sanctus
1842 4345 2205 4402 Columbanus

617 4413 794 4482 capite
828 4413 1013 4469 citato.
1044 4413 1194 4470 Unde
1237 4413 1455 4471 sanctus
1492 4416 1792 4470 Antiochus
1820 4417 1965 4472 hom.
1999 4417 2104 4472 39:
2136 4420 2204 4473 Τὸ

615 4481 712 4561 γάρ
742 4484 944 4561 inuidia:
971 4490 1028 4541 τὸ
1057 4484 1182 4561 idco»
1201 4490 1402 4561 βέλημω
1428 4489 1821 4561 ᾳὶγματεκχυσέα
1848 4490 1976 4552 ἐστὶ,
2014 4492 2097 4543 καὶ
2131 4491 2202 4550 εἰς

2326 4495 2536 4549 'ratrum
2587 4481 2723 4561 opus
2774 4490 3127 4560 abiiceretur.
3165 4488 3224 4544 S.
3275 4481 3601 4561 Columbanus

618 4556 798 4634 auctas
837 4556 1090 4628 λογίζεται
1131 4556 1391 4634 saepsisse.
1433 4556 1496 4612 Id
1537 4556 2025 4634 c_st,”vo_lun_tatem
2074 4574 2200 4634 pro-

617 4626 791 4698 prium
823 4626 1088 4691 resecare,
1112 4636 1197 4698 est
1217 4626 1377 4682 veluti
1395 4629 1672 4698 sanguinis
1693 4629 1776 4683 sui
1797 4628 2005 4693 eﬂ'usio,
2034 4626 2090 4682 et
2109 4629 2203 4683 h0-

617 4696 749 4748 mini
779 4705 1057 4764 reputatur
1081 4697 1146 4749 ad
1174 4699 1466 4753 victimam.

689 4777 710 4804 ε
742 4767 1177 4820 Amaricationes.
1213 4767 1268 4822 ld
1296 4780 1400 4833 est,
1447 4771 1916 4828 mortificationes.

693 4836 718 4875 ἀ
753 4835 814 4890 Si
841 4847 1019 4890 autem
1041 4838 1282 4892 obedienc
1310 4841 1425 4910 quis
1447 4853 1756 4895 murmurat.
1788 4841 2032 4897 [labetur
2059 4839 2202 4911 apud

2329 1888 2476 1933 trum
2506 1879 2712 1933 unitate
2755 1879 2846 1948 qui
2873 1884 3194 1941 murmurat,
3225 1886 3278 1931 et
3315 1887 3336 1914 θ
3365 1891 3480 1945 opus
3503 1873 3587 1942 eius
3610 1874 3727 1941 abjicit-

2329 1980 2437 2026 tur.
2489 1969 2830 2026 Manifestum
2859 1979 2944 2025 est
2992 1970 3095 2024 iste
3113 1968 3283 2038 qualis
3304 1976 3394 2030 est,
3421 1968 3522 2036 quia
3546 1965 3728 2018 inﬁdelitate

2326 2070 2576 2132 aegrotat,
2609 2071 2664 2117 et
2691 2072 2897 2116 certam
2929 2061 3125 2116 futura:
3148 2061 3258 2130 spei
3299 2059 3514 2114 ﬁduciam
3537 2073 3610 2111 non
3623 2057 3710 2126 gerit
3808 2061 3809 2080 *

2398 2153 2696 2226 ξυμ-Ἐς
2729 2154 2950 2209 Recens
2984 2153 3001 2190 ί
3039 2167 3225 2207 suc-r1
3255 2151 3520 2205 Faucruosn
3543 2144 3693 2217 (capi).

2395 2246 2665 2316 Quidquid
2693 2245 2924 2300 fecerint
2950 2244 3225 2309 monachi,
3252 2243 3439 2312 absque
3457 2236 3724 2294 munnurntionc
3808 2227 3809 2270 ἕ

2323 2341 2526 2396 faciant
2558 2359 2570 2394 :
2602 2358 2689 2406 ne,
2722 2341 2864 2410 quod
2909 2341 3076 2405 absit,
3115 2335 3480 2392 murmurando
3512 2347 3556 2387 ea
3579 2327 3726 2385 sententia

2321 2446 2568 2507 pereant,
2600 2452 2706 2505 qua
2737 2436 3021 2504 perierunt
3044 2434 3102 2488 hi
3149 2432 3240 2502 qui
3270 2432 3321 2485 in
3351 2429 3534 2484 deserto
3553 2433 3721 2479 murmura-

2322 2537 2536 2582 verunt.
2576 2528 2654 2582 llli
2684 2530 2967 2597 perierunt
2994 2541 3196 2581 manna
3233 2510 3721 2582 manducando,etisliin

2322 2619 2655 2674 monasterio
2688 2628 3126 2674 murmuratores
3169 2615 3462 2683 Scripturas
3486 2603 3669 2663 recitando.
3682 2598 3726 2652 illi

2322 2723 2519 2762 manna
2547 2709 2926 2763 manducando
2968 2707 3176 2762 mortui
3208 2714 3351 2767 sunt,
3379 2710 3427 2756 et
3465 2700 3536 2754 isti
3555 2695 3730 2762 Scripr

2321 2798 2564 2869 legendo,
2598 2809 2653 2854 et
2678 2799 2951 2854 audiendo
2980 2797 3219 2869 spiritali
3247 2795 3381 2849 fame
3400 2790 3586 2862 quotidie
3601 2783 3732 2838 moriun-

2321 2897 2428 2942 tur.
2455 2888 2533 2941 llli
2557 2889 2947 2942 murmurando
2973 2897 3182 2942 terram
3205 2881 3540 2956 promissionis
3560 2891 3629 2931 non
3646 2873 3734 2962 inla-

2319 2986 2533 3041 verunt,
2567 2987 2622 3033 et
2654 2978 2740 3032 isti
2772 2977 3170 3032 murmurando
3203 2973 3426 3046 paradisi
3462 2961 3735 3038 repromissionis

2319 3081 2519 3128 terram
2542 3088 2646 3127 non
2671 3073 3074 3142 ingrediuntur.
3107 3069 3326 3126 Grande
3354 3064 3522 3122 malum
3543 3060 3587 3114 de
3606 3051 3736 3120 λείψω

2316 3161 2488 3225 exire,
2516 3152 2669 3216 mare
2701 3162 3114 3227 transvadasse,
3147 3169 3446 3232 tympanum
3471 3165 3558 3206 cum
3581 3145 3737 3232 Moyse)“

2315 3253 2487 3308 Maria
2516 3243 2798 3308 Pharaone
2830 3253 3121 3308 submerso
3153 3251 3408 3313 tenuisse,
3438 3256 3578 3300 manna
3597 3229 3738 3330 nandu-

2315 3361 2486 3409 casse,
2512 3355 2568 3400 et
2594 3355 2794 3400 terram
2825 3345 3274 3416 repromissionis
3310 3358 3412 3397 non
3443 3323 3737 3428 intrasset)”-

2314 3457 2391 3506 ιι,
2420 3457 2528 3503 XIV,
2562 3457 2677 3505 xvr,
2704 3440 2818 3509 xx).
2853 3439 3054 3494 Malum
3089 3440 3244 3511 peius
3284 3438 3348 3492 de
3373 3423 3738 3515 Egyptnistiussa-

2314 3533 2418 3588 culi
2446 3534 2616 3598 exire,
2645 3549 2796 3588 mare
2829 3533 3091 3604 baptismi
3136 3513 3743 3600 cumpmnitentieamanw'

2315 3624 2440 3678 dine
2462 3624 2700 3692 quotidie
2727 3638 2956 3695 pergere
2983 3632 3308 3695 tympanum
3335 3619 3485 3692 [Leg.,
3504 3607 3651 3683 pulsare
3668 3606 3740 3695 im:

2312 3688 2558 3788 panum],
2591 3716 2642 3772 id
2671 3688 2774 3783 est,
2805 3688 3032 3771 carnem
3067 3688 3197 3770 cum
3229 3688 3438 3770 Christo
3473 3688 3742 3788 crucifigemfi

2313 3825 2533 3873 manna,
2583 3809 2724 3879 quod
2766 3816 2852 3862 est
2903 3807 3156 3862 caelestis
3214 3804 3407 3878 gratia,
3439 3790 3686 3852 manducare.
3715 3777 3741 3823 εί

2313 3901 2556 3958 caelestis
2606 3899 2848 3971 regionis
2875 3907 3085 3953 terram
3119 3914 3228 3952 non
3259 3897 3468 3950 intrare.

2312 4147 2569 4229 s‘annctum
2623 4137 2884 4229 Basiliam
2935 4136 3233 4229 interm}.
3269 4096 3743 4229 RSgLB‘TnCI-‘vhgox

2313 4189 2589 4275 Elissaei,
2623 4189 2881 4278 eam
2933 4189 3240 4278 eiciatur
3285 4189 3531 4257 abvlvone
3553 4189 3676 4244 Cano

2310 4299 2430 4352 par.
2465 4297 2560 4352 xm
2601 4277 2848 4352 Decreti,
2869 4293 2990 4352 cap.
3028 4277 3124 4333 55.

2387 4366 2410 4393 ε
2447 4351 2612 4431 0pus_
2646 4350 2761 4420 ejus
2785 4349 3107 4431 abjiciatur.

2311 4417 2680 4485 consuetudo,
2740 4428 2799 4473 ut
2852 4417 3289 4474 iuobedientium
3343 4421 3396 4485 et
3445 4417 3624 4485 morm“

3157 4349 3328 4403 Vetus
3369 4340 3462 4396 fuit
3501 4323 3744 4394 monachum

3157 4419 3286 4450 ut...“
3343 4421 3392 4450 nl
3445 4393 3743 4450 murmurth

3639 4475 3700 4527 cap.
3732 4448 3743 4498 ί

2811 4536 2893 4615 uis
2924 4575 3057 4614 vero
3079 4536 3515 4614 niui-muraverit,
3540 4553 3581 4597 et
3605 4540 3676 4616 ipse

2315 4565 2533 4636 Regulae
2569 4582 2581 4617 :
2622 4581 2639 4612 ‹
2686 4562 2741 4614 Si
2771 4563 2893 4632 quis
2924 4575 3057 4614 vero
3079 4562 3515 4614 murmuraverit,
3540 4562 3581 4597 Cl
3605 4562 3674 4606 ψθι
3692 4562 3747 4616 δέ,

2315 4652 2467 4664 mmm
2502 4651 2566 4664 ,ηρ
2597 4643 2723 4664 mnu.
2766 4633 3021 4664 nixatuanc
3108 4627 3428 4664 innltndinne
3464 4602 3748 4664 nutantiusbi'

2305 4625 2469 4706 quan
2502 4651 2570 4688 ex
2597 4643 2723 4687 voto
2748 4625 3045 4706 obediens,
3107 4627 3428 4685 inobediens
3464 4625 3603 4692 putau

2305 4701 2511 4762 idcirco
2539 4721 2675 4774 opus
2711 4701 2829 4774 eius
2862 4701 3178 4774 abjiciatur.
3214 4719 3234 4752 ι

2379 4777 2400 4816 ί
2436 4773 2721 4830 Fructuosi
2756 4773 3004 4828 alterius.

1262 5017 1267 5021 ’
1986 5039 2328 5119 CAPUT
2409 5039 2548 5116 Ix.

1896 5152 1986 5209 DE
2025 5148 2612 5207 TACITURNITATE.

851 5327 878 5401 θ
908 5329 947 5384 l.
973 5358 1045 5371 —
1069 5330 1147 5386 Ex
1175 5330 1392 5386 Renum
1419 5344 1605 5385 sucu
1638 5329 1952 5385 BENEDICTI.

680 5417 966 5475 Faciamus
986 5422 1128 5491 quod
1175 5423 1252 5476 ait
1294 5421 1561 5490 Propheta
1591 5439 1603 5475 :
1635 5433 1659 5461 ιι
1695 5421 1844 5488 Dixi,
1888 5420 2195 5476 Custodiam
2218 5415 2226 5492 ί

687 5593 713 5621 ι
741 5579 883 5642 Dixi,
911 5579 1216 5635 Custodiam
1246 5583 1355 5636 vias
1385 5599 1546 5635 meas.
1597 5579 1766 5648 Huius
1801 5578 1992 5649 psalmi
2018 5579 2190 5633 versi-

611 5652 789 5707 culum
831 5655 1081 5720 proponit
1131 5653 1288 5707 Pater
1324 5653 1641 5707 Benedictus
1686 5667 1784 5720 pro
1823 5650 2022 5704 silentii
2054 5650 2189 5718 lege.

610 5724 806 5776 Beatus
838 5723 1033 5774 Pambo
1083 5723 1137 5775 in
1179 5724 1372 5776 litteris
1424 5724 1619 5792 hospes
1667 5732 1722 5776 et
1769 5721 2086 5792 peregrinus
2127 5721 2194 5792 ad

611 5799 901 5854 quemdam
919 5792 1169 5856 accessit,
1198 5800 1256 5845 ut
1281 5791 1545 5862 psalmum
1565 5791 1818 5860 disceret,
1853 5800 1908 5848 et
1934 5808 2058 5846 cum
2086 5791 2196 5862 pri—

2301 5330 2414 5384 uias
2439 5345 2600 5392 meas,
2631 5336 2687 5380 ut
2717 5343 2823 5381 non
2853 5324 3164 5396 delinquant
3193 5324 3251 5377 in
3273 5321 3451 5391 lingua
3471 5328 3586 5369 mea.
3605 5294 3764 5396 Pam”:

2302 5437 2417 5474 meo
2461 5419 2776 5482 custodiam,
2821 5427 2868 5472 et
2914 5415 3178 5480 obmutui,
3213 5423 3264 5468 et
3317 5408 3597 5466 humiliatus
3631 5400 3722 5446 ειηι

2299 5594 2444 5660 mum
2477 5593 2691 5632 versum
2721 5575 2914 5648 psalmi
2947 5575 3012 5664 ὅβ
3044 5541 3773 5664 audivis'setjgfiitcﬂogg

2301 5651 2410 5702 vias
2435 5665 2595 5710 mens,
2624 5620 2756 5711 etc:
2801 5647 3099 5701 secundum
3131 5642 3329 5698 audi're
3364 5636 3524 5693 noluit
3551 5647 3562 5685 :
3597 5620 3665 5678 Sed
3686 5620 3771 5694 δῗίῩ

2305 5720 2430 5744 n...”
2475 5719 2604 5744 ιιι-ξι
2641 5737 2651 5744 .
2689 5718 2834 5744 ιγ....,.
2862 5717 2949 5744 λιι.
2980 5723 3059 5744 mg
3101 5724 3188 5744 nol
3246 5713 3289 5744 ος
3327 5709 3479 5744 πιηΑη
3515 5711 3617 5744 ριιηι
3653 5683 3771 5744 rell“

2302 5700 2433 5807 deus
2473 5700 2652 5807 dixit”;
2689 5700 2848 5773 Unus
2862 5717 2950 5807 hic
2980 5723 3063 5770 sat
3100 5724 3210 5807 est,
3237 5709 3620 5807 ξξξιξοίξῆὶθξξξξξ
3643 5700 3773 5807 ﬁgo}:

2300 5797 2355 5844 et
2385 5804 2549 5860 opere
2591 5789 2799 5846 discere
2825 5797 3075 5862 potuero.
3131 5773 3386 5855 cumque
3429 5777 3512 5834 ille
3547 5773 3621 5842 qui
3643 5773 3689 5814 Ve
