3952 6314
172 329 276 389 829

1138 327 1527 390 CONCORDIA
1563 321 2020 385 REGULARUM.
2058 352 2129 366 —
2164 322 2316 381 CAP.
2355 320 2448 378 IX.

3326 318 3437 378 830

163 442 316 517 juxta
346 456 373 487 ι
401 444 621 501 missam
668 453 726 500 et
763 459 1031 501 mensam.
1074 444 1182 500 Sed
1206 443 1459 499 omnibus
1498 441 1634 497 nihil
1663 440 1743 495 lo-
1769 443 1824 503 Α
1848 445 2066 508 tamque
2091 435 2248 492 bonis
2275 433 2505 505 eloquiis
2532 431 2686 490 freno
2726 431 3123 490 taciturnitatis
3160 432 3435 488 constrin-

171 537 436 609 quendum
476 545 592 602 est,
622 536 730 591 nisi
772 537 917 608 quod
953 536 1253 591 necessitas
1308 534 1636 606 peposcerit.
1688 530 1747 585 Si

172 633 292 703 quis
316 643 507 688 contra
545 631 687 688 hanc
727 630 1067 701 disciplinam
1097 645 1220 684 cum
1250 629 1487 684 clamore
1513 635 1567 681 et
1598 640 1751 680 acer-

168 725 318 782 biore
364 739 614 780 sermone
653 725 1027 795 responderit,
1070 723 1099 763 δ
1138 730 1377 786 notetur,
1424 733 1597 789 usque
1646 726 1752 788 quo

168 816 489 886 corrigatur.
531 815 590 871 Si
622 822 804 871 autem
852 816 955 870 hoc
1001 816 1133 871 vitio
1163 812 1343 869 curari
1395 827 1502 867 non
1531 811 1750 881 poterit,

169 918 199 947 ο
226 906 472 975 ejiciatur
497 905 566 961 ab
587 907 796 961 unitate
822 905 1073 961 fratrum.

339 999 367 1072 ε
398 997 529 1069 Vill.
560 1029 631 1039 —
659 999 735 1053 Ex
766 997 986 1054 Renum
1026 996 1300 1053 MAGISTRI
1332 995 1470 1068 (cap.
1512 993 1589 1067 8).

242 1088 267 1129 1
305 1087 432 1143 Rrec
453 1103 484 1142 a
518 1085 777 1143 fratribus
800 1089 1010 1143 cautius
1033 1088 1233 1143 debent
1258 1084 1539 1148 custodiri,
1562 1083 1619 1146 id
1644 1088 1753 1149 est,

167 1179 455 1251 cogitatio,
487 1177 759 1249 eloquium
789 1187 844 1234 et
871 1187 1121 1250 aspectus
1160 1175 1482 1250 [cogitatio].
1526 1175 1596 1231 Ut
1625 1189 1752 1231 mox

171 1270 531 1341 captivaverit
555 1279 792 1325 mentem
846 1269 987 1325 mala
1017 1271 1296 1341 cogitatio,
1329 1268 1539 1339 signata
1568 1267 1755 1321 statim

170 1378 209 1418 ι
236 1361 493 1420 fratribus
551 1377 648 1419 sua
695 1361 894 1429 fronte,
928 1363 1014 1418 vel
1052 1363 1227 1433 ipsum
1266 1373 1476 1434 pectus,
1528 1377 1653 1416 mox
1684 1358 1755 1416 ad

170 1464 431 1527 precepta
484 1453 688 1511 Christi
744 1448 901 1511 suam
950 1460 1269 1510 convertant
1305 1451 1621 1509 memoriam
1656 1458 1756 1507 :et

173 1547 321 1602 dicat
350 1546 451 1603 sibi
480 1544 650 1602 frater
685 1562 807 1603 cum
836 1545 1103 1619 Prophe’ta
1134 1566 1146 1602 :
1182 1545 1386 1601 Memor
1412 1545 1494 1616 fui
1517 1545 1614 1600 Dei
1642 1586 1657 1613 ,
1706 1555 1754 1600 et

177 1647 205 1679 ⁸
230 1638 523 1693 consolatus
559 1654 676 1693 sum
706 1635 877 1712 (Psal.
908 1640 1097 1712 vau).
1134 1638 1203 1693 Et
1244 1638 1373 1695 item
1406 1637 1553 1692 dicat
1580 1656 1594 1691 :
1629 1635 1674 1689 Α
1707 1644 1756 1691 te

172 1730 368 1802 eripior
391 1748 425 1785 a
454 1732 759 1798 teutatione,
791 1741 839 1786 et
865 1732 921 1787 in
961 1731 1070 1789 Deo
1096 1748 1209 1785 meo
1251 1728 1614 1801 transgredior
1638 1744 1756 1782 mu-

1853 535 2055 599 guntur
2101 523 2375 595 discipuli,
2418 533 2474 580 et
2502 524 2735 581 licentiai
2764 539 2955 581 eorum
2991 523 3169 580 aditus
3196 538 3438 594 praesen-

1850 618 1922 673 tis
1959 617 2201 685 magistri
2231 616 2475 671 custodia
2527 617 2889 671 observantur
2916 632 2932 683 ;
2961 630 3084 671 cum
3112 614 3440 671 necessaria

1850 707 2075 763 utilitati
2103 722 2293 763 eorum
2349 707 2544 777 aliqua:
2588 708 3041 780 interrogationes
3094 706 3437 774 advenerint,

1853 799 2030 853 adhuc
2063 798 2247 854 clauso
2270 815 2365 855 ore
2393 810 2449 855 et
2474 800 2686 873 signato
2741 801 2921 857 tacita:
2948 799 3232 872 gravitatis
3259 798 3437 871 sigillo
3510 788 3518 794 ’

1853 898 2059 945 stantes
2115 899 2241 946 ante
2283 890 2547 962 majorem
2578 891 2836 948 inclinato
2872 892 3195 948 humilitatis
3253 891 3434 963 capite
3482 917 3491 924 κ

1854 981 2099 1037 clausum
2158 983 2213 1037 in
2268 984 2572 1040 silentioos
2610 982 2623 1035 i
2665 985 2818 1041 clave
2869 985 3261 1043 benedictionis
3306 1000 3436 1057 ape—

1854 1073 2020 1128 riant.
2058 1074 2212 1141 Quod
2241 1076 2288 1132 si
2317 1077 2484 1133 semel
2511 1078 2537 1117 ι
2562 1074 2718 1132 dicta:
2747 1074 3108 1134 benedictioni
3154 1077 3223 1134 ad
3256 1089 3442 1150 postu-

1855 1166 2077 1221 landum
2118 1167 2391 1238 eloquium
2444 1169 2620 1224 adhuc
2658 1184 2766 1223 non
2817 1168 3142 1241 respondeat
3194 1167 3442 1239 magistri

1854 1259 2165 1332 permissio,
2197 1261 2395 1317 iterata
2418 1261 2791 1318 humiliatione
2826 1261 3044 1333 capitis,
3071 1268 3127 1316 et
3153 1258 3173 1298 ι
3208 1260 3437 1316 benedi-

1856 1354 2034 1410 ctione
2061 1353 2173 1409 sola
2213 1353 2410 1409 iterum
2452 1352 2716 1424 repetita,
2748 1350 2926 1408 denuo
2970 1352 3038 1407 ah
3069 1350 3264 1407 abbate
3284 1364 3441 1421 repe-

1859 1452 2003 1501 tatur
2022 1446 2262 1502 licentia.
2293 1444 2447 1513 Quod
2470 1445 2517 1502 si
2546 1462 2648 1502 nec
2675 1446 2756 1503 sic
2785 1446 2853 1500 ab
2880 1460 2947 1500 eo
2974 1440 3295 1516 responsum
3323 1442 3442 1498 fue-

1856 1540 1951 1604 rit,
1984 1546 2213 1595 curvato
2241 1539 2371 1594 item
2400 1538 2456 1592 in
2507 1537 2816 1593 humilitate
2869 1536 3159 1608 discipulo,
3182 1536 3298 1606 jam
3331 1536 3445 1607 ipse

1857 1628 2027 1685 frater
2060 1645 2120 1685 se
2156 1638 2285 1684 tunc
2332 1628 2550 1685 demum
2600 1636 2892 1693 removeat,
2931 1643 3001 1683 ne
3053 1636 3147 1684 aut
3172 1637 3211 1660 "
3243 1628 3446 1684 nimius

1857 1721 1907 1776 ei
1944 1730 2222 1794 appareat,
2251 1730 2346 1777 aut
2374 1732 2403 1760 ιι
2441 1722 2756 1792 improbus;
2788 1729 2845 1778 et
2878 1736 2978 1777 suo
3021 1721 3173 1792 operi
3233 1718 3446 1777 deditus

181 1838 296 1877 rum
334 1819 506 1896 (Psal.
551 1823 709 1894 xvu).
747 1820 768 1862 ἲ
809 1821 866 1878 Si
915 1838 1046 1878 vero
1097 1822 1310 1893 eloquio
1366 1820 1626 1877 iracundo
1661 1826 1758 1874 aut
1782 1807 1830 1869 Β
1857 1810 2034 1866 adhuc
2059 1827 2347 1883 personam
2375 1820 2525 1883 gerat
2560 1811 2792 1868 tacentis
2823 1817 2877 1867 ut
2904 1812 2959 1867 in
2986 1811 3105 1882 ipsa
3132 1809 3442 1866 humilitate

174 1926 345 1989 pravo
371 1922 465 1969 aut
492 1928 633 1969 vano
669 1912 995 1984 negligentia
1022 1928 1085 1969 os
1108 1912 1423 1979 armaverit,
1453 1926 1579 1966 mox
1606 1910 1760 1966 clau—

177 2018 243 2062 so
269 2020 384 2071 ore,
412 2006 468 2061 et
495 2006 709 2076 signato
738 2005 918 2061 crucis
944 2005 1124 2078 sigillo
1154 2005 1207 2059 in
1240 2004 1403 2060 corde
1433 2002 1547 2069 sibi~
1576 2002 1764 2073 loqua-

178 2103 271 2152 tur
287 2096 471 2153 dicens
482 2112 607 2152 cum
622 2095 921 2166 Propheta:
949 2095 1100 2161 Dixi,
1124 2093 1430 2150 Custodiam
1462 2094 1571 2148 vias
1598 2110 1760 2159 meas,

176 2195 239 2241 ut
282 2202 386 2241 non
430 2185 733 2257 delinquam
776 2187 833 2240 in
876 2186 1060 2257 lingua
1111 2200 1269 2250 mea;
1304 2186 1329 2225 ε
1358 2185 1511 2255 posui
1534 2183 1617 2237 ori
1647 2200 1762 2238 meo

180 2275 497 2342 custodiam,
547 2275 786 2330 obmutui
841 2283 889 2330 et
917 2276 948 2315 h
993 2275 1305 2329 humiliatus
1341 2290 1458 2328 sunt
1506 2274 1684 2338 nimis,
1714 2282 1762 2327 et

184 2362 311 2419 silui
338 2378 371 2418 α
409 2365 556 2419 bonis
594 2363 768 2436 (Psal.
797 2364 1051 2439 xxxvui).
1086 2362 1188 2419 Hic
1206 2361 1445 2420 ostendit
1467 2358 1760 2432 Propheta,

180 2453 228 2511 Si
263 2469 292 2507 a
315 2453 473 2509 bonis
499 2454 729 2526 eloquiis
767 2464 988 2526 propter
1038 2454 1462 2509 taciturnitatem
1492 2453 1651 2509 debet
1682 2453 1763 2508 iii-

182 2544 394 2601 terdum
433 2545 621 2609 taceri,
651 2553 852 2615 quanto
879 2546 1052 2615 magis
1086 2561 1115 2599 a
1149 2545 1307 2601 malis
1331 2544 1512 2602 verbis
1536 2552 1764 2615 propter

182 2637 387 2710 peccati
442 2650 660 2708 penam
715 2639 873 2693 debet
921 2638 1144 2694 cessari.
1204 2638 1366 2712 Ergo,
1422 2638 1670 2708 quamvis
1697 2636 1765 2692 de

183 2728 337 2785 bonis
387 2737 442 2784 et
469 2729 697 2795 sanctis,
723 2736 779 2784 et
837 2728 1254 2784 aedificationum
1309 2726 1556 2798 eloquiis,
1590 2724 1765 2798 perfe-

184 2819 289 2876 ctis
311 2817 586 2890 discipulis
610 2828 832 2890 propter
857 2819 1246 2874 taciturnitatis
1290 2818 1609 2890 gravitatem
1640 2832 1764 2871 rara

186 2907 441 2980 loquendi
470 2910 803 2966 concedatur
823 2910 1063 2967 licentia.
1097 2909 1303 2966 Tamen
1332 2910 1401 2965 ab
1427 2910 1550 2965 aliis
1580 2909 1764 2968 verbis

185 3018 295 3059 non
334 3003 656 3075 interrogati
688 3003 885 3061 fratres
912 3002 1098 3059 tandiu
1126 3003 1179 3058 in
1236 3002 1610 3059 taciturnitate
1639 3000 1765 3058 sile-

186 3102 363 3160 scant,
394 3095 633 3166 quandiu
665 3095 815 3149 taciti
843 3094 993 3151 frena
1043 3095 1157 3151 oris
1202 3111 1391 3150 eorum
1446 3094 1658 3150 abbatis
1684 3094 1766 3161 in-

1862 1901 2253 1959 tacituruitatis
2310 1903 2545 1958 aestimet
2598 1903 2950 1975 semetipsum
2996 1903 3118 1959 ideo
3167 1902 3447 1974 indignum

1854 1990 2157 2063 judicatum
2189 1994 2257 2049 ad
2285 1994 2612 2065 loquendum
2671 1995 2880 2050 abbatis
2905 1995 3129 2065 judicio,
3165 2002 3261 2051 aut
3306 1992 3450 2052 forte

1865 2088 1932 2142 ad
1991 2086 2365 2158 probationem
2423 2087 2760 2143 invenienda:
2797 2087 3121 2143 humilitatis
3165 2094 3319 2160 putet
3344 2086 3449 2143 sibi

1864 2176 2162 2249 discipulus
2214 2178 2605 2235 taciturnitatis
2655 2177 2780 2233 ideo
2832 2176 3000 2234 fuisse
3045 2194 3155 2234 non
3202 2184 3448 2249 apertam

1864 2267 2194 2324 clausuram.
2226 2268 2352 2324 ideo
2410 2269 2555 2324 enim
2603 2268 2778 2340 ipsam
2806 2269 2977 2325 solam
3018 2270 3451 2327 benedictionem

1867 2360 2045 2415 denuo
2074 2359 2311 2416 diximus
2335 2369 2609 2430 repetere,
2636 2370 2717 2426 ut,
2778 2377 2903 2418 cum
2955 2362 3070 2420 sola
3117 2370 3224 2429 est,
3250 2373 3307 2419 et
3333 2363 3454 2420 sine

1864 2450 1973 2505 alio
2003 2449 2238 2520 eloquio,
2289 2459 2471 2507 tamen
2501 2460 2780 2507 reservata
2809 2454 2902 2508 diu
2954 2455 3299 2509 taciturnitas
3321 2469 3454 2511 con-

1864 2552 2155 2608 servetur;
2185 2549 2309 2598 cum
2338 2542 2516 2599 denuo
2568 2545 2850 2613 repetitur,
2899 2552 2954 2599 et
2977 2553 3099 2613 post
3122 2545 3296 2616 ipsam
3322 2558 3453 2601 mox.

1866 2648 1896 2688 a
1922 2631 2137 2688 nolente
2166 2633 2482 2699 disceditur,
2513 2635 2692 2690 adhuc
2716 2635 2925 2690 servari
2973 2637 3200 2705 probata
3227 2636 3449 2692 humili-

1866 2722 1952 2776 tas
1976 2722 2260 2777 sentiatur.
2294 2716 2430 2778 Nam
2467 2722 2590 2779 ideo
2626 2724 2878 2793 repetitio
2931 2723 3178 2795 discipuli
3230 2723 3452 2781 reoﬂ'er-

1865 2816 1956 2865 tur
1986 2810 2272 2879 magistro,
2302 2818 2363 2866 ut
2390 2826 2500 2866 non
2532 2811 2706 2868 solum
2729 2822 2953 2883 propter
2987 2814 3287 2885 spiritalem
3320 2830 3452 2886 pro-

1868 2898 2148 2955 bationem
2179 2902 2248 2955 ad
2278 2900 2655 2958 inveniendam
2695 2903 3057 2959 humilitatem
3084 2904 3331 2975 discipuli
3360 2906 3455 2961 diu

1865 2991 2043 3062 possit
2071 2999 2253 3046 tacere
2305 2990 2585 3063 magister,
2644 2994 2741 3049 sed
2770 3011 2839 3051 ue
2871 3004 2927 3050 et
2975 2998 3328 3067 corporaliter
3354 3013 3454 3069 per

1870 3082 2162 3154 cogitatum
2194 3080 2377 3137 animo
2430 3090 2729 3154 occupatus
2786 3086 2968 3143 vultus
3004 3088 3120 3158 ejus
3145 3090 3266 3144 aliis
3291 3105 3456 3145 occu-

186 3185 555 3258 terrogatione
604 3186 872 3242 laxentur.
939 3186 1173 3258 ideoque
1218 3187 1560 3243 taciturnitas
1609 3187 1764 3242 debet

1870 3171 2179 3242 pationibus
2236 3172 2627 3244 obstupescens
2681 3190 2873 3232 vocem
2900 3179 3176 3249 precantis
3205 3178 3457 3251 discipuli

189 3294 519 3354 magnOpere
542 3298 573 3337 a
603 3281 866 3339 fratribus
916 3282 1176 3351 custodiri
1205 3301 1220 3337 :
1251 3278 1391 3349 Quia
1440 3278 1495 3337 in
1531 3279 1767 3336 multilo-

188 3374 316 3448 quio
372 3388 477 3430 non
524 3374 803 3446 eﬁugietur
837 3386 1104 3445 peccatum
1168 3372 1352 3447 (Prov.
1386 3375 1465 3447 x).
1504 3376 1573 3429 Et
1600 3376 1764 3430 ideo:

191 3465 344 3521 Mors
371 3474 419 3519 et
442 3466 546 3520 rita
565 3467 620 3520 in
647 3467 887 3521 manibus
909 3467 1103 3538 lingua
1142 3464 1325 3538 (Prov.
1361 3467 1495 3537 xiv).
1536 3466 1670 3520 Nam
1692 3466 1770 3521 lo-

192 3556 370 3626 quiet
397 3555 589 3612 dooere
613 3558 933 3629 magistrum
981 3558 1257 3623 condecet,
1291 3563 1348 3612 et
1391 3556 1582 3612 audire
1609 3556 1772 3612 disci-

190 3649 328 3722 pulo
356 3652 627 3708 convenit.

545 3743 693 3816 sui.
718 3770 794 3787 -ι
818 3741 953 3799 In!
1002 3756 1139 3800 uuae
1167 3756 1339 3800 cam
1359 3741 1451 3799 ix.

190 3833 312 3901 Quo
339 3835 522 3893 ordine
564 3834 1024 3978 tacenteslfratres
1069 3837 1286 3962 aliqua:
1335 3836 1770 3907 interrogationes

819 3923 973 3963 ucmn
1032 3925 1063 3961 α
1134 3918 1228 3963 att.

819 3918 993 3963 uetant
1032 3918 1228 3963 abbati.

264 3994 556 4068 Responsio
597 3998 691 4057 Dei
746 4015 842 4070 per
894 3999 1224 4069 ntagistrum.
1265 4000 1283 4041 ί
1320 3998 1459 4055 Cum
1507 3999 1577 4055 de
1615 3998 1772 4055 malis

190 4122 361 4181 quam
384 4119 561 4166 mater
586 4110 1111 4182 sapientissimarum
1142 4110 1572 4182 _c0gitationum.
1615 4108 1773 4168 Beni-

269 4194 335 4234 us
381 4183 525 4236 enim
576 4180 664 4237 ille
711 4180 946 4251 Spiritus
982 4182 1070 4235 vix
1106 4180 1251 4236 aliud
1274 4190 1381 4236 tam
1411 4188 1694 4237 aversatur
1717 4190 1775 4238 et

217 4251 356 4317 “agit,
387 4260 449 4305 ut
487 4252 884 4322 multiloquium
908 4268 922 4315 ;
974 4266 1096 4307 eum
1134 4251 1180 4305 is
1208 4266 1267 4306 se
1295 4252 1362 4307 ab
1391 4252 1538 4306 omni
1567 4261 1776 4321 pertur-

183 4321 416 4392 batione
441 4330 498 4376 et
525 4322 879 4378 ludiﬁcatoria
910 4322 1292 4392 imaginatione
1314 4322 1654 4392 submoveat.

267 4403 295 4432 ι
336 4391 574 4447 Missam.
609 4392 766 4448 Missa
802 4392 904 4447 hoc
942 4390 1062 4449 loco
1083 4401 1168 4445 est
1217 4407 1409 4447 cursus
1446 4390 1628 4461 operis
1651 4390 1773 4459 Dei,

1872 3265 2051 3320 surdis
2071 3265 2295 3320 auribus
2319 3268 2722 3338 praetermittat.
2740 3268 2814 3340 Et
2838 3284 2907 3326 ne
2931 3270 3105 3339 ipsum
3126 3270 3454 3340 magistrum

1868 3366 1970 3426 per
1994 3355 2216 3410 nimiam
2252 3362 2307 3411 et
2322 3336 2706 3428 importunam
2730 3336 2743 3349 ί
2765 3336 3126 3415 humilitatem
3164 3336 3340 3414 inira:
3368 3374 3457 3417 co-

1872 3456 1963 3520 gat
1989 3450 2180 3505 vitium
2208 3449 2506 3518 declinare,
2539 3460 2594 3507 et
2622 3455 2929 3522 importuna
2961 3454 3239 3510 humilitas
3265 3455 3321 3508 in
3351 3456 3453 3510 im-

1869 3538 2184 3610 pedimento
2245 3540 2483 3595 scandali
2541 3542 2845 3610 deputetur,
2900 3542 3021 3598 ideo
3069 3541 3304 3598 diximus
3331 3552 3456 3615 post

1872 3630 2166 3686 secundam
2192 3640 2498 3704 suggestam
2530 3633 2962 3691 benedictionem
3013 3633 3220 3691 nolenti
3259 3636 3456 3706 majori

1878 3722 2091 3778 tertiam
2121 3738 2227 3778 non
2287 3732 2536 3792 repetere
2561 3723 2793 3790 debere;
2854 3725 2949 3781 sed
2976 3738 3100 3780 mox
3129 3724 3456 3796 discipulum

1872 3815 2070 3871 exinde
2104 3815 2303 3871 debere
2330 3816 2651 3882 discedere;
2682 3823 2741 3871 et
2773 3829 2896 3872 eum
2938 3817 3053 3887 ipsa
3084 3817 3456 3874 taciturnitate

1871 3922 2007 3977 opus
2037 3908 2238 3964 laboris
2270 3909 2412 3978 quod
2466 3907 2720 3973 faciebat,
2777 3909 2973 3965 debere
3007 3909 3290 3981 perlicere.
3322 3907 3450 3966 Haec

1872 3998 2222 4069 interrogatio
2247 3998 2660 4066 benedictionis,
2717 4010 2838 4071 quae
2862 3998 2955 4058 vix
2987 4000 3103 4059 sola
3131 4001 3198 4057 de
3228 4000 3456 4057 tacitur-

1947 4114 1968 4152 ί
2009 4113 2078 4186 Si
2093 4130 2210 4169 vero
2229 4114 2434 4186 eloquio
2460 4114 2740 4181 iracundo,
2792 4122 2899 4169 etc.
2931 4114 2990 4168 in
3020 4111 3356 4186 Regulams.
3389 4111 3451 4186 Si

1871 4201 1994 4267 vero
2032 4182 2295 4268 eloquium
2323 4182 2648 4241 iracundum
2703 4193 2797 4241 aut
2857 4201 3076 4255 munt
3114 4182 3450 4254 negligentia

1874 4271 1955 4309 οη
1982 4268 2283 4311 armaverit.

1950 4327 1975 4364 ⁸
2016 4323 2180 4379 Posui
2210 4327 2291 4380 ori
2312 4343 2427 4380 meo
2485 4326 2798 4381 custodiant.
2863 4322 3081 4378 Omittit
3123 4322 3264 4376 ista:
3320 4321 3453 4376 Cum

1874 4396 2175 4464 consisteret
2219 4406 2459 4464 peccator
2512 4396 2791 4450 adversum
2838 4409 2940 4447 me.
2992 4391 3455 4464 Quemadmodum

184 4476 294 4534 seu
321 4462 487 4534 ofﬁcii
532 4462 718 4518 divini.
767 4463 845 4517 ita
891 4465 1056 4534 etiam
1097 4463 1239 4533 capit
1267 4462 1673 4534 Cassianuslih.
1710 4480 1770 4519 ut
1797 4526 1847 4534 _
1877 4463 1936 4534 S.
1969 4462 2289 4521 Benedictus
2316 4481 2476 4534 supra
2506 4482 2521 4529 ;
2569 4473 2905 4534 quatamen
2959 4463 3231 4534 habentur
3257 4462 3311 4515 in
3336 4472 3459 4516 ver—

186 4532 275 4587 De
307 4532 461 4605 diur.
496 4542 664 4605 orat.,
698 4549 816 4603 cap.
849 4534 919 4588 5:
954 4553 973 4585 ι
1014 4526 1180 4605 Missa
1212 4534 1473 4588 canonica
1500 4532 1771 4589 celebrata
1797 4526 1853 4588 D
1878 4530 2031 4591 sione
2068 4536 2363 4602 communi,
2383 4526 2660 4605 'psalter'io
2696 4533 2965 4598 Romano,
3006 4539 3157 4587 textu
3186 4530 3378 4588 Graec
3398 4537 3456 4589 et

398 4603 466 4658 ad
494 4603 668 4676 lucem
692 4613 814 4676 post
851 4606 967 4660 htec
995 4604 1203 4676 vigilias
1229 4605 1545 4676 extendunt.
1585 4625 1604 4656 ›

265 4674 299 4714 b
341 4673 673 4746 Notatur.“
694 4673 802 4742 est,
850 4673 1297 4746 reprehendatur,
1326 4674 1670 4746 corripiatur,
1699 4674 1782 4729 vi-

564 4743 961 4871 rgtggagiim
1009 4746 1121 4801 inec
1176 4743 1480 4815 significat.
1525 4743 1781 4802 Horatius

450 4949 525 4978 ιε..
554 4915 605 4968 Si
624 4918 781 4978 sciret
806 4915 1009 4978 regibus
1028 4916 1116 4977 uti,

449 4974 717 5027 Fastidiret
738 4974 968 5039 oius,'qui
993 4991 1071 5026 me
1090 4974 1300 5028 notat....

177 5069 246 5116 et
283 5058 385 5115 lib.
418 5075 438 5114 ι
464 5075 655 5127 serm.,
681 5066 785 5119 sat.
807 5060 865 5117 5.

328 5148 520 5199 Stultus
539 5157 591 5200 et
606 5151 853 5214 improbus
876 5150 954 5199 hic
974 5162 1107 5199 amor
1140 5156 1233 5210 est,
1275 5150 1555 5213 dignusque
1580 5153 1756 5204 notari.

413 5237 487 5292 ita
526 5246 655 5292 nota
701 5244 786 5292 est
830 5236 1174 5306 vituperatio.
1216 5235 1420 5292 Glossaa
1471 5234 1781 5306 Philoxeni,

179 5307 557 5380 natmjiyog.
584 5311 784 5373 σπίλος,
808 5308 861 5362 id
888 5317 992 5373 est,
1025 5307 1378 5380 vituperatio,
1404 5308 1636 5363 macula.

272 5388 300 5420 ο
346 5376 613 5448 Ejiciatur
654 5382 721 5434 ab
766 5380 965 5433 unitate
1024 5376 1272 5448 fratrum.
1325 5376 1383 5433 id
1410 5386 1514 5445 est,
1555 5394 1778 5435 excom-

174 5449 531 5507 municetur.

243 5519 300 5560 ἰι
341 5518 473 5575 Παῖς
504 5537 538 5575 a
584 5518 855 5590 fratribus.
884 5514 1012 5573 Haec
1035 5524 1161 5573 stmt
1189 5517 1243 5574 in
1270 5519 1476 5590 Regula
1525 5539 1629 5577 ms.
1665 5520 1776 5579 Ma-

180 5590 364 5660 gistri
407 5591 529 5645 cod.
572 5590 764 5663 Corb.‘
786 5591 973 5663 eo_de_tn
1005 5604 1124 5663 cap.
1158 5592 1257 5663 sub
1305 5591 1486 5648 finem.
1521 5593 1775 5663 Quadam

184 5659 501 5731 nutriuntur
523 5675 591 5716 ex
618 5659 796 5731 regula
834 5659 907 5731 S.
924 5659 1218 5716 Benedicti.

281 5730 660 5812 {Consulatus
688 5730 844 5812 sum.
889 5730 970 5812 _lta
991 5732 1075 5812 _in
1108 5733 1228 5788 cod.
1261 5733 1419 5812 Vind.
1460 5735 1516 5789 in
1549 5734 1771 5810 Vulgata

518 5810 575 5860 et
602 5803 656 5858 in
685 5801 947 5875 psalterio
989 5801 1276 5872 Romano:
1308 5803 1607 5865 Delectatus
1634 5799 1769 5869 sitm.

1954 4677 1983 4718 ὶι
2023 4663 2347 4730 Humiliatus
2370 4691 2487 4731 sum
2513 4674 2691 4731 nimis.
2743 4673 2825 4730 ita
2862 4674 2917 4730 in
2966 4663 3048 4729 Re

1882 4746 1940 4805 τὸ
1978 4747 2155 4812 nimis,
2184 4754 2269 4803 est
2293 4746 2598 4801 addititium
2633 4764 2645 4799 :
2686 4759 2811 4802 cum
2833 4758 2941 4801 non
2965 4746 3231 4800 habeatur
3250 4745 3304 4799 in
3329 4755 3459 4798 vero

1884 4818 2038 4875 sione
2065 4817 2363 4882 communi,
2403 4817 2661 4887 psalterio
2700 4818 2966 4882 Romae,
2993 4824 3141 4871 textu
3189 4813 3379 4887 Graeco
3402 4824 3463 4869 et

1884 4888 2174 4954 Hebraico,
2227 4883 2420 4958 neque
2447 4889 2593 4959 apud
2615 4887 2675 4943 8.
2729 4887 3101 4952 Benedictum,
3154 4884 3296 4939 unde
3338 4883 3457 4939 hac

1885 4967 2467 5111 ⁶¹¹ῗ¹¹ἒῗηῗῗῗᾶῗὲικαιεςη
2502 5040 2619 5111 ρίου
2656 5028 2939 5111 Habentur
3072 5024 3303 5111 tacula.
3328 5036 3457 5111 τηρεε

1880 5115 2003 5170 cap.
2027 5098 2082 5181 ἢ,
2115 5100 2519 5183 nihilque-aliud
2545 5108 2674 5183 sunt
2699 5096 3178 5183 mia-tn‘.expiioatio
3193 5102 3253 5150 et
3275 5096 3459 5165 praxis

1883 5168 2180 5292 superioris
2203 5170 2397 5251 capitis
2621 5168 2943 5249 Benedicti._

2012 5238 2177 5318 place
2205 5239 2593 5318 benedictionis.
2649 5240 2709 5295 id
2746 5236 3125 5318 est,_dmet_t_do
3150 5250 3164 5290 :
3194 5234 3455 5318 benedici

1884 5310 2204 5381 quodiolim
2251 5310 2524 5369 faciebant
2576 5310 2829 5368 monachi
2874 5307 3151 5364 licentiam
3199 5305 3457 5377 loquendi

1880 5380 2233 5453 postulantes.

1953 5451 1999 5535 ξ.
2018 5451 2187 5507 Dirue
2231 5451 2594 5509 benedictioni.
2631 5451 2693 5508 ω
2741 5458 2849 5518 est,
2878 5463 3003 5506 cum
3034 5448 3270 5505 dixerim
3300 5461 3315 5501 ε
3353 5444 3459 5502 Bg.

1879 5523 2382 5677 :efigenedictione
2402 5594 2517 5651 sola
2544 5592 2782 5663 repetita.
2817 5590 2877 5648 id
2902 5598 3008 5658 est,
3037 5589 3154 5647 solo
3181 5590 3416 5660 repetito

1874 5663 2247 5818 Hermian.
2282 5737 2480 5818 ld.est,
2509 5735 2874 5818 importunus,
2897 5741 3245 5818 tintinant):
3261 5744 3452 5805 stipiti

1945 5821 1974 5850 ιι
2010 5807 2307 5882 Improbus.
2346 5807 2407 5867 id
2441 5813 2545 5881 est,
2571 5803 2885 5883 iam
2906 5803 3112 5881 ωἰιιο
3140 5803 3309 5866 ilhc

1884 4605 2173 4671 Hebraico,

3048 4671 3170 4745 gula
3212 4686 3315 4729 ius.
3347 4668 3459 4731 Sed
