3952 6314
156 333 252 393 8“

157 476 2118 503 Μ

1093 327 1480 386 CONCORDIA
1516 323 1971 385 REGULARUM.
2009 353 2080 364 —
2111 321 2262 379 CAP.
2296 323 2410 379 XIII

3290 326 3395 386 842

1491 581 1825 660 CAPUT
1897 581 2077 657 XII.

1166 739 1256 796 DE
1291 737 1611 796 SECUNDO
1648 734 1888 793 GRADU
1928 733 2397 792 IIUMILITATIS.

359 929 388 1002 ᾗ
422 928 466 983 ι.
491 957 563 969 -
587 925 666 981 Ex
703 923 923 978 Rasum
962 935 1149 975 ssnon
1184 918 1497 975 BENEDIC'I‘I.

226 1020 494 1079 Secundus
541 1015 861 1072 humilitatis
907 1013 1105 1083 gradus
1157 1019 1271 1077 est,
1306 1010 1350 1065 si
1377 1023 1403 1051 α
1444 1010 1716 1081 propriam

146 1116 271 1187 quis
294 1128 392 1169 non
420 1125 609 1165 amans
627 1108 985 1169 voluntatem,
1018 1102 1287 1158 desideria
1313 1117 1409 1157 sua
1450 1117 1555 1156 non
1579 1100 1724 1155 dele-

147 1216 322 1262 ctetur
345 1203 584 1273 implere,
613 1200 706 1255 sed
746 1213 933 1253 vocem
978 1196 1122 1249 illam
1147 1194 1359 1249 Domini
1393 1192 1552 1247 factis
1601 1191 1723 1245 imi-

147 1304 294 1352 tetur
333 1292 601 1349 dicentis:
641 1288 766 1343 Non
810 1287 924 1341 veni
958 1285 1130 1355 facere
1165 1284 1482 1339 uoluntatem
1529 1298 1717 1348 meam,

148 1391 180 1431 δ
218 1389 300 1444 sed
319 1389 429 1459 ejus
453 1385 542 1457 qui
565 1400 644 1438 me
663 1382 803 1436 misit
827 1379 1006 1451 (Joan.
1041 1378 1138 1449 γι).
1168 1378 1299 1432 Item
1330 1375 1461 1431 dicit
1484 1375 1724 1468 Scripta;
1748 1428 1757 1433 _

150 1482 216 1535 ra
252 1484 273 1534 :'
309 1491 331 1519 ε
376 1477 621 1548 Voluptas
661 1473 815 1529 habet
858 1487 1062 1543 poenam
1131 1480 1178 1525 et
1211 1468 1238 1509 (ι
1262 1470 1539 1524 necessitas
1578 1469 1723 1523 oarit

150 1587 387 1628 coronam
398 1610 412 1624 .

224 1792 250 1834 Ii
276 1792 543 1861 Propriam
565 1792 703 1860 quis,
726 1797 831 1844 etc.
857 1788 919 1842 Β.
947 1788 1114 1861 Isaias
1152 1786 1318 1861 abbas
1356 1800 1591 1861 sermon.
1616 1786 1717 1861 26:

151 1862 203 1917 H
212 1856 428 1917 umilitas
441 1873 513 1917 est
526 1856 815 1915 obedientia
831 1869 877 1912 et
893 1859 1118 1929 praprite
1133 1857 1408 1929 voluntatis
1428 1856 1718 1929 abnegatio.

222 1934 251 1974 1³
281 1932 378 1988 Sed
421 1934 532 2003 ejus
575 1932 662 2003 qui
713 1947 793 1983 me
840 1927 1000 2003 misit.
1048 1928 1105 1982 ln
1156 1928 1402 2003 versione
1450 1927 1722 2003 communi

146 2004 404 2073 repetitur
443 1998 503 2059 ῖτο
550 1998 881 2073 vbluntqtem,
908 1999 1039 2053 etin
1081 2006 1231 2054 textu
1261 1998 1468 2063 Graeco,
1514 1999 1718 2067 θελημα,

149 2068 329 2137 ἱόόει,
352 2073 701 2127 voluntatem.
732 2068 887 2123 Joan.
912 2085 984 2123 Vl.

226 2154 248 2182 ε
284 2142 552 2211 Voluptas,
586 2151 694 2196 etc.
726 2140 802 2194 Ita
826 2138 978 2211 (apud
1021 2137 1078 2193 S.
1104 2139 1464 2211 Dunstarnum,
1508 2139 1753 2194 Smaray

189 2214 328 2277 dum,
361 2209 716 2273 Rulliardum,
740 2219 796 2265 et
821 2209 1194 2272 Trithemium,
1227 2218 1282 2263 et
1307 2210 1359 2263 in
1388 2210 1585 2279 Regula
1613 2225 1715 2279 ms.

1738 922 1795 983 Α

2020 915 2048 988 §
2082 915 2220 971 II.—
2249 913 2330 969 Ex
2365 913 2585 971 Rasum
2621 913 2867 971 Cassam
2907 916 3044 990 (cap.
3084 920 3197 993 45).

1902 1007 2227 1062 eHumilitas
2244 1021 2372 1061 vero
2384 1006 2468 1062 his
2486 1006 2507 1061 ἵ
2525 1007 2736 1063 indiciis
2758 1012 3156 1081 comprobatur.
3192 1013 3397 1084 Primo,

1826 1100 1873 1156 si
1902 1098 2254 1153 mortiﬁcatas
2287 1097 2341 1151 in
2383 1111 2442 1151 se
2484 1096 2686 1152 haheat
2712 1114 2901 1171 omnes
2932 1102 3255 1159 voluntates.
3300 1106 3397 1162 Se-

1825 1192 2020 1257 cundo,
2060 1192 2105 1247 si
2149 1208 2256 1246 non
2290 1190 2461 1246 solum
2486 1204 2706 1246 suorum
2747 1201 2984 1259 actuum,
3027 1212 3213 1251 verum
3236 1200 3399 1255 etiam

1818 1285 2210 1355 cogitationum
2256 1284 2393 1337 nihil
2437 1283 2695 1341 celaverit
2718 1300 2816 1340 suo
2845 1288 3066 1343 seniori.
3118 1289 3321 1358 Tertio,
3352 1293 3400 1347 si

1824 1375 1959 1430 nihil
1988 1390 2098 1429 suae
2118 1374 2450 1440 discretioni,
2480 1377 2575 1431 sed
2596 1377 2799 1447 judicio
2826 1376 2946 1447 ejus
2971 1378 3222 1434 universa
3253 1396 3400 1435 eom-

1824 1466 2024 1531 mittat,
2062 1481 2125 1520 ac
2154 1466 2355 1520 monita
2379 1465 2497 1533 ejus
2525 1467 2714 1539 sitiens
2751 1484 2816 1523 ac
2842 1468 3072 1523 libenter
3108 1471 3393 1527 auscultet.
3440 1522 3441 1525 η

1825 1548 2048 1627 Quarto,
2095 1561 2141 1615 si
2171 1560 2224 1614 in
2252 1561 2504 1616 omnibus
2544 1569 2721 1616 servet
2765 1564 3083 1621 obedientia:
3107 1579 3398 1623 consuetu-

1826 1652 2029 1717 dinem,
2056 1653 2436 1724 patientiaeque
2460 1655 2839 1709 constantiam.

1824 1801 2009 1854 supra,
2044 1784 2218 1854 capite
2263 1785 2330 1839 de
2371 1800 2567 1855 genere
2613 1785 2998 1841 monachorum
3031 1801 3046 1841 :
3083 1805 3103 1839 ι
3137 1787 3401 1855 Quoniam

1825 1858 2090 1929 scriptura
2132 1863 2362 1929 testatur
2393 1857 2536 1925 quod
2560 1871 2721 1929 omne
2744 1869 3023 1929 peccatum
3048 1860 3190 1929 quod
3214 1861 3404 1913 remis-

1825 1943 1918 1981 sus
1963 1925 2499 2000 iudisciplinatusque
2551 1925 2829 2000 admiserit
2872 1925 3084 2000 frater;
3124 1928 3192 1983 ad
3230 1929 3405 2000 negli-

1825 2008 2038 2067 gentem
2060 1997 2306 2068 protinus
2331 2006 2632 2068 revertatur
2650 1998 2935 2052 seniorem.
2972 2018 2990 2050 ι
3031 1998 3160 2066 Qum
3188 1997 3405 2068 quidem

1827 2066 1933 2121 non
1962 2076 2179 2121 exstant
2214 2066 2267 2119 in
2294 2080 2449 2120 sacra
2488 2066 2789 2135 Scriptura.
2814 2068 2891 2122 Ita
2922 2069 3084 2123 etiam
3112 2066 3403 2138 aliquando

1826 2147 2156 2209 usurpantur
2182 2137 2283 2190 ista
2309 2138 2508 2209 verba,
2550 2138 2798 2207 scriptum
2823 2149 2917 2202 est,
2950 2147 3011 2192 ut
3052 2137 3402 2209 infra’gradu

1828 2208 1887 2261 II
1929 2223 1944 2261 :
1981 2227 1998 2257 ‹
2036 2206 2188 2261 Sicut
2215 2208 2471 2277 scriptum
2501 2216 2605 2271 est,
2652 2206 2866 2277 Sapiens
2896 2210 3076 2263 verbis
3116 2206 3407 2263 innotescit

209 2283 410 2357 agistri,
460 2284 531 2357 ita
568 2290 634 2357 ut.
671 2281 758 2357 hic
786 2281 936 2357 locus
969 2281 1037 2357 ad
1073 2280 1337 2357 desideria
1371 2276 1550 2357 carnis
1579 2278 1718 2334 refe-
1746 2277 1794 2336 B
1822 2279 2030 2347 paucis.
2069 2297 2087 2329 ι
2112 2276 2249 2357 μωο
2276 2278 2418 2331 enim
2450 2276 2729 2357 sententia
2749 2293 2857 2333 non
2887 2287 2971 2333 est
2995 2279 3057 2357 in_
3074 2295 3231 2334 sacra
3255 2279 3402 2334 Scri-

136 2349 314 2431 gatur.
355 2354 408 2431 In
440 2352 695 2431 vulgatis"
710 2351 905 2431 legitur
956 2349 1215 2431 vq‘luntas:
1277 2349 1374 2402 Hic
1411 2349 1559 2431 locus
1585 2366 1712 2431 'non

133 2424 371 2478 habetur
392 2424 442 2476 in
477 2419 631 2475 sacra
664 2419 961 2489 Scriptura.
991 2419 1169 2484 Quare
1195 2420 1309 2474 haec
1334 2420 1495 2474 verba
1524 2440 1536 2473 :
1576 2419 1713 2473 Item

138 2491 418 2561 Scriptura
448 2492 595 2553 dicit,
625 2499 879 2561 non_snnt
911 2490 976 2545 de
1007 2505 1163 2561 sacra
1204 2489 1481 2561 Scriptum
1515 2490 1715 2543 intelli-

186 2559 333 2625 enda,
372 2561 467 2615 sed
502 2562 567 2615 de
591 2559 817 2626 alicujus
852 2560 1110 2627 sapientis
1141 2559 1365 2628 scripto,
1401 2569 1458 2614 ut
1500 2566 1718 2614 sumunt

186 2571 333 2625 enda,
372 2571 467 2615 sed
502 2571 567 2615 de
591 2571 817 2626 alicujus
852 2571 1110 2627 sapientis
1141 2571 1365 2628 scripto,
1401 2571 1458 2614 ut
1500 2571 1718 2614 sumunt

138 2571 208 2686 ἕ.
233 2630 572 2701 Fructuosus,
596 2647 694 2701 cap
722 2669 735 2682 .
768 2630 833 2683 10
867 2629 1083 2700 Reguhe
1115 2648 1127 2683 :
1173 2648 1192 2680 ‹
1218 2631 1424 2701 Quarto
1450 2640 1718 2686 retroacta

137 2709 449 2758 sanctorum
479 2700 699 2755 Patrum
734 2716 828 2769 per
849 2703 1146 2769 scripturas
1168 2700 1509 2757 sciscitantes
1548 2702 1719 2756 revol-

134 2779 313 2843 yant:
352 2781 410 2825 ut
451 2781 505 2827 et
542 2772 644 2841 ipsi
674 2771 802 2840 quid
833 2769 1011 2825 facere
1047 2770 1300 2835 debeant,
1343 2783 1659 2843 agnoscant.
1693 2791 1712 2825 ι

138 2841 267 2898 Non
302 2843 516 2896 dubium
549 2851 633 2896 est
657 2842 786 2911 quin
813 2856 911 2911 per
932 2842 1249 2910 scripturas,
1283 2841 1593 2897 sanctorum
1623 2843 1720 2896 Pa—
1749 2892 1752 2896 .

138 2921 288 2983 trum
310 2913 758 2967 anachoretarum
782 2921 836 2966 et
860 2913 1245 2983 monachorum
1263 2911 1411 2967 Vitas
1431 2913 1715 2983 intelligat.

138 2981 415 3051 Magister,
449 2997 566 3051 cap.
602 2983 664 3037 3|
702 2982 920 3052 Regula:
947 2998 1095 3037 sum:
1134 3000 1152 3032 ι
1191 2982 1521 3038 Monstrante
1563 2981 1717 3038 nobis

140 3053 216 3108 de
241 3062 422 3109 sancto
461 3053 666 3109 Heleno
690 3058 981 3123 scriptura,
1006 3068 1128 3108 cum
1154 3053 1304 3108 dicit.
1346 3074 1365 3107 ι
1394 3052 1717 3119 δηνειιετὶυε
1748 3102 1751 3105 .

148 3195 2687 3226 mm

1816 2346 2005 2419 plura,
2035 2348 2127 2401 sed
2150 2348 2201 2401 in
2232 2348 2515 2419 sententiis
2541 2346 2699 2419 Sixti.

1887 2418 1914 2457 ἀ
1955 2418 2269 2472 Necessitas.
2296 2417 2593 2488 Angustiae,
2622 2418 2797 2487 inquit
2823 2418 3151 2486 Ruthardus,
3189 2420 3275 2474 vel
3305 2434 3399 2474 nc-

1818 2488 2046 2570 cessitas
2079 2488 2363 2570 oliediendi
2394 2496 2448 2541 et
2479 2488 2812 2570 relinquendi
2837 2489 3404 2570 proprias‘voluptates

1820 2569 1875 2614 et
1898 2559 2184 2623 desideria,
2213 2566 2271 2611 ut
2291 2573 2576 2627 pareamus
2599 2558 2690 2612 Dei
2716 2558 2982 2613 mandatis
3002 2575 3017 2624 ;
3035 2558 3162 2613 felix
3183 2558 3400 2629 quidem

1822 2630 2136 2693 necessitas,
2169 2644 2288 2697 qua:
2324 2629 2391 2682 ad
2419 2628 2637 2683 meliora
2666 2629 2958 2697 compellit.

1900 2712 1923 2739 θ
1956 2698 2244 2752 llumilitas
2284 2715 2419 2752 vero.
2439 2698 2566 2755 Haec
2602 2698 2870 2754 habentur
2908 2700 3051 2769 apud
3078 2699 3399 2756 Cassianum

1823 2770 1943 2826 loco
1966 2772 2149 2825 citato.

1903 2841 1922 2880 ί
1959 2840 2197 2895 Iudiciis.
2215 2838 2360 2905 Quos
2396 2841 2592 2910 gradus
2641 2840 2698 2896 S.
2728 2840 3070 2907 Benedictus,
3109 2840 3402 2898 Cassianus

1822 2910 2021 2966 indicia
2077 2910 2329 2980 appellat,
2372 2920 2428 2964 et
2465 2910 2523 2965 S.
2554 2910 2787 2966 Thomas
2818 2911 2952 2966 locis
2995 2912 3174 2967 citatis
3224 2912 3396 2982 signa,

1823 2992 2092 3052 quatenus
2142 2982 2226 3035 his
2265 2989 2529 3052 tanquam
2591 2982 2737 3039 notis
2782 2982 3142 3039 exterioribus
3202 2983 3401 3038 mentis

1824 3050 2074 3123 proditur
2111 3050 2408 3107 humilitas.

2686 3197 3394 3230 h——-——‘

1458 3307 1795 3401 CAPUT
1869 3306 2100 3399 XIII.
2210 3420 2221 3426 ~

1191 3458 1281 3514 DE
1320 3457 1574 3515 TERTIO
1612 3456 1849 3515 CRADU
1888 3458 2357 3518 HUMILITATIS.

1652 3576 1879 3590 —

357 3631 385 3705 §
418 3631 460 3687 I.
493 3661 566 3672 —
603 3631 684 3701 Ex
721 3630 945 3687 Rssuu
980 3644 1167 3686 sucu
1199 3628 1511 3686 BENEDICTI.

209 3725 431 3783 Tertius
477 3724 799 3780 humilitatis
838 3723 1035 3795 gradus
1076 3731 1180 3789 est,
1225 3732 1286 3777 ut
1324 3724 1444 3793 quis
1478 3739 1579 3795 pro
1626 3725 1725 3781 Dei

123 3824 327 3876 amore
352 3830 379 3858 ι
409 3816 554 3873 omni
584 3816 888 3871 obedientia
927 3830 985 3869 se
1021 3814 1219 3869 subdat
1244 3813 1458 3883 majori,
1503 3815 1723 3873 imitans

125 3909 453 3974 Dominum,
483 3908 549 3962 de
575 3922 682 3977 quo
710 3907 841 3962 dicit
891 3906 1181 3977 Apostolus
1209 3924 1222 3961 :
1252 3903 1453 3962 Factus
1481 3898 1722 3965 obediens

120 4016 303 4072 usque
326 4000 394 4053 ad
426 4009 640 4053 mortem
673 3995 839 4069 (Phil.
872 3997 957 4070 ιι).

230 4090 261 4162 §
299 4090 361 4144 ll.
392 4120 462 4130 —
488 4089 570 4144 Ex
607 4088 826 4145 Rscuu
862 4105 1050 4145 ssnon
1086 4091 1287 4146 Bssu."
1334 4091 1471 4163 (cap.
1514 4092 1627 4164 45).

205 4182 473 4253 Interrog.
506 4182 535 4222 ιι
564 4181 746 4253 Usque
765 4182 832 4236 ad
854 4196 1013 4251 quem
1045 4183 1262 4237 modum
1290 4195 1309 4222 α
1343 4186 1547 4240 servire
1562 4202 1724 4255 ppor-

123 4282 212 4330 tet
267 4288 393 4328 eum
432 4273 522 4342 qui
565 4273 809 4342 placendi
849 4274 957 4327 Deo
993 4274 1216 4344 implere
1239 4273 1499 4346 Regulam
1535 4279 1724 4346 cupit?

118 4396 201 4407 --
239 4362 403 4434 Resp.
432 4362 720 4433 Apostolus
754 4364 988 4417 ostendit
1034 4380 1345 4435 proponens
1394 4367 1548 4421 nobis
1591 4368 1722 4422 obe~

120 4454 402 4512 dientiam
446 4453 679 4519 Domini,
726 4453 815 4525 qui
862 4454 1031 4523 factus
1077 4465 1189 4521 est,
1230 4456 1435 4525 inquit,
1482 4457 1723 4513 obediens

117 4565 303 4619 usque
326 4548 395 4602 ad
423 4556 666 4613 mortem,
694 4557 913 4601 mortem
948 4557 1123 4602 autem
1148 4550 1317 4603 crucis
1347 4548 1514 4621 (Phil.
1545 4551 1626 4621 ιι).
1658 4551 1722 4606 Et
1754 4584 1759 4593 ι

113 4638 147 4678 ἀ
187 4637 489 4707 ριίιξᾱὶχὶιε
526 4635 641 4691 Hoc
679 4637 860 4692 sentite
889 4638 943 4691 in
978 4637 1116 4692 vobis
1143 4639 1281 4709 quod
1324 4648 1373 4693 et
1418 4641 1473 4695 in
1515 4638 1722 4696 Christo

112 4727 154 4781 J
163 4744 291 4783 esu.

200 4872 230 4900 ει
262 4856 431 4934 Omni
463 4858 773 4934 obedientia.
818 4859 878 4915 Id
922 4867 1023 4934 est,
1062 4859 1223 4934 faciat
1254 4863 1547 4934 monachus
1578 4880 1726 4934 qum-

110 4946 356 5005 cunque
386 4931 435 4984 ei
462 4931 644 5005 senior
672 4932 1006 5005 prmeeperitl
1033 4931 1144 5005 sive
1170 4931 1258 4985 illa
1284 4932 1498 5005 Regulae
1518 4931 1724 5005 legibus

107 5001 452 5087 gonsc‘ripta
484 5002 611 5065 sint,
646 5001 759 5087 sive
795 5017 928 5087 non...
969 5000 1034 5053 Et
1078 5001 1193 5087 haec
1240 5000 1392 5056 mens
1544 5000 1722 5085 Patris
1746 5029 1798 5087 D

106 5071 441 5136 Benedicti,
468 5087 590 5141 cum
631 5071 833 5124 nullum
864 5070 1024 5123 alium
1060 5071 1212 5125 nobis
1236 5074 1484 5141 proponit
1512 5075 1658 5129 imita
1684 5098 1723 5129 :-

107 5143 459 5210 dum.quam
488 5140 783 5205 Christum,
809 5142 904 5209 qui
932 5140 983 5194 in
1010 5140 1258 5210 omnibus
1291 5141 1435 5196 Patri
1463 5145 1719 5201 obediens

106 5212 231 5266 fuit
261 5213 438 5266 etiam
469 5227 640 5280 usque
676 5214 740 5265 ad
782 5221 1029 5272 mortem,
1051 5209 1206 5282 juxta
1248 5214 1588 5282 antiquorum
1619 5216 1721 5271 Pa-

106 5293 280 5336 trum
313 5299 497 5345 usum,
532 5282 624 5351 qui
661 5283 1020 5335 omnimodam
1058 5281 1414 5337 obedientiam
1443 5299 1546 5338 non
1580 5285 1720 5340 limi-

2115 3634 2144 3707 ᾗ
2180 3635 2264 3690 llI.
2295 3666 2368 3676 —
2390 3635 2526 3691 Item
2561 3637 2796 3707 eiusdem
2832 3639 2970 3714 (cap.
3010 3642 3122 3714 80).

1894 3724 2159 3797 Interrog.
2220 3739 2244 3767 ο
2284 3727 2419 3783 Cum
2473 3729 2618 3799 quali
2672 3730 2865 3787 affectu
2920 3734 3143 3791 obedire
3190 3746 3409 3809 oportet

1823 3815 1876 3871 ei
1915 3816 2006 3885 qui
2048 3832 2148 3872 nos
2188 3819 2256 3873 ad
2298 3834 2434 3888 opus
2480 3822 2720 3877 mandati
2761 3822 3117 3887 cohortatur?
3148 3853 3216 3867 --
3248 3826 3402 3901 Resp.

1823 3907 1902 3962 Eo
1929 3907 2120 3964 aﬂ‘ectu
2151 3926 2257 3980 quo
2285 3914 2533 3968 esuriens
2562 3915 2817 3983 parvulus
2845 3918 3043 3973 nutrici
3069 3920 3408 3992 obtemperat

1823 4002 1889 4056 ad
1945 4002 2110 4056 ubera
2156 4003 2450 4058 invitanti;
2493 4006 2578 4061 vel
2624 4022 2731 4076 quo
2784 4007 2977 4065 affectu
3025 4012 3200 4067 omnis
3242 4014 3406 4070 homo

1824 4093 2047 4172 suscipit
2091 4095 2160 4149 ab
2206 4094 2384 4164 aliquo
2415 4111 2478 4150 ea
2503 4111 2624 4166 quae
2659 4098 2728 4152 ad
2772 4098 2939 4154 vitam
2969 4102 3258 4170 pertinent,
3293 4104 3404 4159 imo

1824 4193 1879 4239 et
1901 4186 1947 4240 si
1970 4185 2097 4254 quid
2123 4187 2353 4256 amplius
2378 4205 2390 4241 τ
2424 4204 2522 4257 pro
2551 4204 2616 4245 eo
2642 4191 2785 4259 quod
2810 4192 2980 4248 multo
3007 4202 3092 4249 est
3114 4196 3406 4265 pretiosior

1824 4273 2003 4329 futura
2028 4276 2139 4330 vita
2168 4293 2329 4348 quam
2350 4294 2608 4349 praesens,
2646 4280 2666 4319 τ
2697 4282 2836 4337 sicut
2864 4292 2919 4337 et
2943 4285 3200 4339 Dominus
3226 4286 3362 4340 dixit
3387 4306 3401 4343 :

1827 4366 1968 4432 Quia
2017 4370 2269 4423 mandata
2322 4387 2439 4425 mea
2492 4374 2597 4426 vita
2638 4384 2833 4428 (eterna
2880 4384 3000 4429 sunt
3050 4375 3231 4447 (Joan.
3279 4381 3403 4451 xu).

1828 4454 1980 4512 Sicut
2006 4474 2136 4529 ergo
2177 4460 2284 4512 vita
2334 4476 2571 4529 praesens
2620 4471 2834 4517 constat
2878 4464 2931 4518 in
2974 4464 3095 4519 cibo
3123 4466 3298 4536 panis,
3330 4468 3406 4523 ita

1825 4558 2029 4605 aeterna
2058 4551 2171 4605 vita
2216 4552 2270 4605 in
2313 4568 2477 4623 opere
2520 4555 2781 4622 mandati,
2822 4556 2961 4612 sicut
2988 4557 3103 4628 ipse
3147 4560 3406 4619 Dominus

1825 4644 2023 4698 iterum
2064 4643 2231 4698 dicit:
2266 4644 2416 4700 Meus
2443 4646 2587 4702 cibus
2631 4657 2707 4703 est
2756 4658 2815 4704 ut
2857 4651 3052 4721 faciam
3089 4653 3404 4712 voluntatem

1824 4736 1939 4806 ejus
1965 4738 2057 4808 qui
2088 4737 2229 4792 misit
2257 4754 2356 4805 me,
2387 4736 2567 4795 Patris
2600 4741 2780 4813 (Joan.
2810 4741 2907 4816 IV).

1896 4880 1919 4908 ο
1951 4866 2175 4950 Servire.
2219 4871 2282 4950 _ln
2310 4880 2468 4950 textu
2508 4873 2696 4932 Graeco
2729 4886 2812 4933 est
2853 4879 3159 4947 ὐπακόνοιν,
3204 4879 3259 4936 id
3298 4890 3402 4950 est,

1827 4939 2067 5004 obedire,
2100 4943 2298 4997 rectius
2328 4945 2394 4998 ad
2434 4960 2671 5001 sensum.
2706 4964 2710 4969 ’

1897 5008 1924 5048 d
1956 5008 2231 5066 Prwdixit.
2260 5013 2316 5068 Id
2346 5022 2447 5081 est,
2479 5023 2636 5072 antea
2666 5018 2821 5084 dixit,
2840 5017 2995 5087 juxta
3024 5025 3230 5075 textum
3255 5018 3406 5078 Grae-

1823 5096 2270 5228 cug’Cummquali
2311 5156 2520 5225 a/feclu.
2554 5124 2742 5212 Exstat
2772 5159 2912 5228 apud
2955 5127 3210 5216 Basilium
3235 5162 3407 5220 inter-

1823 5221 2223 5344 rogatédtitiﬁ.
2248 5221 2437 5308 br.,"et
2465 5231 2603 5308 apud
2633 5221 2907 5310 Rufinum,
2935 5246 3053 5299 cap.
3084 5230 3174 5285 46.

2001 5301 2107 5344 teut
2153 5306 2201 5347 et
2246 5296 2496 5350 Dominus
2533 5298 2687 5350 dixit.
2718 5316 2841 5350 auia
2870 5301 3119 5350 mandata
3159 5319 3174 5350 ι

2327 5301 2496 5368 minus
2533 5301 2687 5368 dixit,
2718 5301 2841 5368 quia
2870 5301 3119 5355 mandata
3159 5319 3293 5358 mea.
3339 5304 3400 5361 In

103 5360 311 5406 tatam
359 5370 389 5406 a
422 5354 534 5408 suis
574 5352 850 5420 discipulis
893 5352 1252 5420 requirebant,
1306 5362 1365 5407 ut
1403 5354 1585 5410 videre
1635 5364 1720 5412 est

100 5421 652 5492 apudﬁCassianum,
684 5420 740 5475 S.
774 5422 1025 5475 Basiliam
1052 5431 1106 5476 et
1129 5424 1281 5479 alios.

197 5493 233 5533 ι»
262 5489 447 5564 Usque
476 5493 545 5546 ad
564 5509 723 5616 (quem
751 5494 982 5546 modum.
1016 5493 1251 5548 Habetur
1290 5494 1431 5564 apud
1477 5494 1534 5549 S.
1565 5494 1716 5552 Basi-

205 5578 268 5616 m
300 5564 466 5616 inter.
496 5564 550 5616 11
620 5564 750 5616 Rm.
783 5565 956 5616 brev..
985 5573 1039 5616 et
1059 5566 1196 5616 anud
1220 5565 1491 5616 Ruﬁnum.
1512 5582 1629 5616 can.
1661 5567 1716 5616 ιι.

99 5563 466 5636 ιὶμωΑἰηῐβῖ.
487 5563 595 5636 Δ116
620 5564 750 5636 Reg.
783 5565 956 5636 brevg.,
985 5573 1039 5616 et
1059 5566 1196 5632 apud
1220 5563 1491 5630 Rufinum,
1512 5582 1629 5636 cap.
1661 5567 1718 5631 4,

100 5633 217 5688 ubi
250 5633 358 5708 “ita
378 5694 379 5697 η
398 5634 622 5706 legitur:
652 5631 825 5703 Usque
849 5633 917 5688 ad
940 5631 1105 5704 quem,
1133 5636 1343 5690 modum
1383 5631 1723 5708 oportet-pro-

98 5704 287 5777 gredi
327 5704 471 5760 eum.

1823 5368 1969 5447 textu
2000 5358 2541 5447 Cras-co‘S.--Basilii.:
2572 5366 2626 5421 Ἠ
2772 5371 3231 5447 ἐντολῇ-τοῦ-Θιοῦ,

1821 5431 1861 5512 ξ
1894 5431 2213 5512 repagula
2254 5437 2447 5512 «iam;
2493 5431 2738 5512 ἐςτιν-’ἰὰ
2783 5448 2883 5503 est,
2913 5431 3230 5497 Μθηάαιιιηί
3254 5431 3400 5500 enim

1822 5500 1936 5562 Dei,
1961 5500 2143 5571 inquit
2182 5506 2457 5570 Dominus,
2491 5508 2599 5561 vita
2629 5517 2828 5563 aeterna
2851 5500 2952 5564 est.
2984 5511 3042 5566 In
3070 5513 3399 5571 Evangelio:

1821 5583 1873 5652 ἰξ
1894 5575 2190 5653 γὰροὲντοὶῄ
2215 5581 2366 5632 αὐτοῦ
2389 5577 2701 5653 ζωῄυοξῖονμός
2720 5582 2853 5653 εᾳῖισ
2879 5581 2931 5635 id
2962 5588 3066 5653 est,
3090 5575 3399 5641 Mandatum

1823 5646 1938 5721 eius
1959 5646 2077 5721 vita
2104 5654 2300 5721 aeterna
2317 5656 2430 5721 est.
2466 5646 2564 5702 Ubi
2588 5648 2723 5721 ejus,
2755 5650 2809 5704 id
2839 5659 2922 5706 est
2946 5652 3153 5721 Patris;
3186 5669 3308 5710 nam
3337 5672 3402 5714 eo

1825 5711 1927 5768 loci
1953 5713 2201 5771 Christus
2228 5716 2294 5772 de
2317 5716 2478 5773 Patre
2514 5711 2761 5792 suo'agit.

550 5881 823 5947 Ρλτιιοι..
878 5882 1040 5947 CIII.

2925 5895 3006 5959 2'1
