3952 6314
172 408 263 469 845

1078 398 1466 461 CONCOBDIA
1506 393 1963 454 REGULARUM.
2003 423 2074 437 —
2110 390 2263 449 CAP.
2303 390 2419 447 XV.

3292 384 3399 445 διδ

165 517 629 577 sicutexaminatur
649 522 953 588 argentum;
977 512 1234 569 induxisti
1250 529 1339 565 nos
1363 512 1413 564 in
1437 511 1713 582 laqueum;
1743 509 1795 569 Α
1820 516 2038 577 prepter
2067 504 2374 559 mandatum
2405 504 2646 559 Domini?
2678 502 2860 559 Primo
2881 550 2893 573 ,ο
2907 502 3125 574 quidem
3154 506 3216 557 ut
3266 492 3399 557 con-'-

164 611 366 685 posuisti
394 608 757 663 tribulatione:
788 609 840 662 in
864 608 1020 661 dorso
1045 616 1221 660 nostra
1255 603 1425 677 (Psal.
1454 603 1600 673 va).
1636 600 1725 667 Et,

168 712 224 758 ut
244 701 483 758 ostendat
512 711 537 741 ι
566 696 867 755 sub’Priore
896 699 1091 752 debere
1124 713 1221 752 nos
1246 711 1386 760 esse,
1440 692 1727 762 subsequi-

169 795 484 851 turdicens:
516 792 821 863 Imposuisti
866 791 1099 845 homines
1138 806 1294 860 super
1340 788 1513 858 capita
1549 795 1729 840 nostra

100 879 107 885 ’
168 887 365 957 (llud).
395 882 500 941 Sed
533 892 587 940 et
620 894 944 954 przeceptum
976 881 1187 936 Domini
1222 882 1275 935 in
1307 880 1550 935 adversis
1574 884 1629 931 et
1675 876 1728 930 in

169 979 364 1047 injuriis
390 992 487 1048 per
524 975 840 1045 patientiam
873 976 901 1014 δ
933 971 1309 1043 adimpleutes,
1340 971 1431 1042 qui
1488 964 1729 1039 percussi

169 1073 222 1127 iu
249 1071 455 1126 maxilla
515 1069 758 1140 praebent
806 1074 861 1122 et
907 1067 1105 1129 aliam,
1160 1062 1425 1118 auferenti
1494 1062 1731 1115 tunicam

167 1162 433 1219 dimittunt
476 1168 529 1215 et
557 1159 802 1230 pallium,
832 1154 1131 1228 angarianti
1165 1152 1417 1208 milliario
1446 1149 1649 1204 vadunt
1676 1154 1734 1204 et

170 1257 271 1311 duo
291 1255 498 1328 (Matth.
532 1270 584 1319 v,
614 1251 739 1306 Luc.
764 1251 859 1324 γι),
888 1258 943 1304 et
966 1264 1087 1303 cum
1114 1247 1278 1302 Paulo
1298 1244 1541 1315 apostolo
1569 1241 1733 1295 falsos

168 1346 355 1401 ﬁatres
412 1344 703 1409 sustinent,
758 1350 814 1398 et
865 1340 1245 1395 maledicentes
1291 1348 1350 1393 se
1404 1334 1736 1391 benedicunt

174 1434 257 1509 (Il
277 1434 394 1491 Cor.
418 1434 521 1506 xx).

277 1524 385 1600 §Il.
412 1558 481 1568 —
512 1526 593 1580 Ex
627 1524 849 1579 Rasum
874 1536 1059 1578 sucu
1088 1521 1319 1577 MACARII
1347 1518 1485 1593 (cap.
1512 1516 1625 1590 85).

243 1626 263 1661 ο
286 1599 485 1675 νίθίιδδιιε
512 1617 761 1686 iniuriam
794 1627 975 1671 taceas
1006 1633 1019 1669 :
1050 1613 1077 1653 ει
1106 1614 1363 1682 injuriam
1398 1612 1578 1666 facere
1625 1620 1735 1664 non

168 1724 341 1775 nosse,
368 1708 567 1766 factam
604 1724 761 1781 posse
788 1708 1043 1762 tolerare.
1066 1703 1178 1760 Nec
1204 1712 1256 1759 te
1281 1704 1460 1759 inania
1476 1702 1739 1758 seducant

170 1804 380 1862 consilia
420 1821 435 1857 :
464 1802 558 1858 sed
608 1800 779 1871 magis
804 1811 857 1854 te
888 1814 1103 1868 semper
1124 1797 1178 1851 in
1206 1795 1423 1851 Christo
1451 1793 1736 1850 conﬁrma.

168 1895 284 1952 Non
304 1896 397 1950 tibi
433 1895 667 1949 :estimes
696 1889 831 1947 ullos
856 1889 1239 1961 proximiores,
1277 1902 1440 1958 quam
1455 1886 1547 1957 qui
1562 1873 1815 1940 tecmitB

169 1994 293 2043 sunt
325 1992 348 2025 ⁸
382 1986 436 2040 in
457 1984 592 2040 cella
618 1982 835 2037 fratres.

189 2079 199 2088 ’
272 2076 404 2151 9111.
433 2106 504 2116 -
530 2074 611 2129 Ex
642 2074 863 2127 Recens
895 2081 1082 2126 ssuc'rt
1112 2066 1313 2124 BASILII
1354 2063 1632 2139 (cap..80).

246 2167 267 2210 ί
292 2167 567 2236 Quomodo
596 2165 719 2237 quis
759 2165 784 2205 ⁸
813 2169 1094 2233 promptus
1118 2159 1211 2215 ﬁat
1242 2159 1405 2215 etiam
1428 2158 1493 2212 ad
1507 2154 1741 2227 pericula

248 2310 273 2341 α
303 2296 410 2367 sub
437 2297 631 2367 priore.
660 2292 865 2367 Regula
890 2306 992 2367 ms.
1041 2288 1278 2360 Magistri
1310 2306 1325 2343 :
1360 2286 1478 2367 _Sub
1519 2287 1738 2357 majore.

165 2358 450 2441 Priorhoe
478 2365 595 2441 loco
620 2372 705 2419 est
733 2358 927 2441 abbas,
960 2362 1024 2415 de
1045 2358 1151 2441 qua
1176 2375 1317 2441 voce
1358 2358 1518 2441 infra.

252 2436 671 2505 bAdimplentes.
727 2432 930 2501 Nempe
981 2426 1251 2501 patientes
1302 2426 1553 2483 monachi
1600 2444 1613 2479 :
1657 2431 1744 2481 est

165 2506 415 2564 eclvosis.

247 2521 492 2630 iam}...
531 2572 807 2643 injuriam.
834 2571 990 2643 illaec
1021 2584 1129 2625 non
1181 2576 1416 2643 exstant
1450 2568 1502 2643 in
1557 2567 1743 2643 regula

172 2646 389 2702 Macarii
420 2655 474 2699 et
520 2637 747 2698 aliorum
796 2642 1052 2697 abbatum
1102 2640 1305 2694 codicis
1360 2637 1740 2693 Floriaceusis.

168 2718 358 2772 Priora
394 2716 610 2785 quidem
648 2714 814 2767 verba
872 2710 1143 2785 habentur
1186 2710 1263 2785 in_
1293 2708 1522 2785 epistola
1568 2709 1745 2764 sancti

172 2779 481 2858 Hieronymi
507 2786 575 2839 ad
599 2786 879 2858 Rusticum
909 2784 974 2836 de
1004 2779 1178 2836 forma
1215 2779 1449 2858 vivendi.

304 2848 566 2929 Iniuriam
595 2857 767 2929 facere
790 2870 893 2907 non
924 2868 1094 2916 nosse,
1119 2860 1227 2929 etc.
1259 2850 1405 2921 Lege
1433 2866 1446 2902 :
1475 2848 1749 2921 Injuriam

136 2930 149 2937 “
172 2930 343 3001 facere
364 2921 645 3001 nonnosce
669 2940 686 2978 :
712 2926 909 3001 factum
938 2939 1089 2977 nosce
1117 2921 1358 3001 tolerare.

237 2998 361 3123 ¹ξΙη
381 2996 533 3053 cella.
566 2996 624 3051 ld
656 2988 758 3061 est,
797 2994 853 3048 in
880 2993 1233 3058 monasterio,
1252 2992 1321 3047 de
1358 3006 1465 3060 quo
1487 2988 1749 3047 vocabulo

260 3086 336 3123 ra.

171 3085 336 3127 lnll‘a.

252 3139 270 3178 ¹
301 3138 590 3205 Quomodo.
619 3136 877 3206 Reperire
905 3141 987 3206 est
1008 3132 1160 3206 apud
1195 3130 1252 3187 S.
1277 3130 1535 3206 Basilium
1550 3130 1746 3186 interr.

172 3211 280 3268 199
303 3201 432 3279 Reg.
462 3209 641 3279 brev.,
665 3201 725 3263 et
744 3206 886 3279 apud
913 3203 1186 3279 Ruﬁnum,
1217 3218 1340 3272 cap.
1369 3201 1460 3256 46.

250 3283 275 3321 8
304 3270 582 3350 Promptus
602 3270 703 3350 fiat
727 3270 1079 3350 adpericula.
1110 3272 1235 3350 l_l_:_L-c
1257 3270 1339 3350 est
1395 3270 1634 3350 perfecta
1663 3272 1751 3327 vi-

166 3360 243 3408 ta:
265 3342 524 3422 religiosa:
551 3342 878 3422 olledientia,
902 3360 1022 3415 qua:
1047 3342 1206 3422 nullis
1238 3343 1379 3422 v_alet
1398 3342 1753 3422 succumbere

246 3414 446 3476 riculis.
470 3419 633 3488 Cujus
645 3414 949 3487 exemplum
968 3426 1155 3488 narrat
1168 3414 1238 3488 S.‘
1249 3415 1552 3488 Dorotheus
1565 3416 1749 3488 Doctr.

246 3439 446 3476 rtcuus.
470 3439 633 3488 unus
645 3439 949 3487 exemplum
969 3439 1225 3469 narrata.
1249 3439 1552 3469 wrotucus
1568 3439 1749 3469 uucsr.

164 3439 238 3550 r5
263 3492 484 3558 Quidam
517 3492 811 3546 monachus
836 3504 902 3544 ex
926 3486 1170 3555 partibus
1216 3485 1498 3558 Ascalonis
1538 3485 1752 3541 abbatis

167 3563 265 3621 sui
289 3555 441 3632 jussu
466 3562 531 3615 ad
559 3560 810 3632 Seridum
836 3559 1085 3632 abbatem
1114 3555 1279 3632 venit,
1319 3555 1418 3610 sub
1449 3571 1751 3632 .vcsperam

165 3633 247 3690 ad
267 3624 452 3688 e'ellam
479 3630 654 3687 redire
670 3629 872 3701 jussus.
899 3624 1121 3682 interim
1145 3626 1336 3681 oborta
1379 3624 1750 3680 vehementis-

1778 3236 1823 3299 C

1828 598 2051 662 sideret,
2081 599 2209 667 quia
2234 604 2287 651 et
2320 597 2434 667 ipse
2461 596 2720 652 Dominus
2758 595 2997 651 obedivit
3014 592 3167 649 Patri
3226 607 3401 663 usque

1829 689 1895 744 ad
1915 697 2143 744 mortem
2173 705 2270 760 pro
2314 688 2470 743 nobis
2512 684 2677 761 (Phil.
2709 687 2794 761 Il).
2832 687 2899 743 Et
2941 693 3123 743 certus
3151 685 3241 752 sit,
3272 684 3402 756 quia

1829 783 2141 837 mandatum
2158 780 2490 835 Dominivita
2515 786 2715 834 aeterna
2737 786 2839 846 est,
2864 779 3004 834 sicut
3030 777 3293 849 scriptum
3319 783 3406 833 est

1831 874 2012 946 (Joan.
2043 889 2139 938 xu,
2170 869 2340 926 Marc.
2370 874 2506 944 vm).
2532 871 2682 928 Tunc
2704 873 2897 928 deinde
2915 871 3102 937 etiam,
3133 878 3195 926 ut
3216 870 3404 926 credat

1830 967 2059 1021 Domino
2094 964 2293 1020 dicenti
2329 984 2341 1019 :
2378 964 2518 1030 Quia
2562 967 2853 1035 quicunque
2900 962 3119 1018 voluerit
3173 961 3407 1017 animam

1831 1075 1983 1113 suam
2009 1057 2208 1112 salvam
2235 1057 2426 1127 facere,
2453 1057 2628 1127 perdet
2640 1073 2790 1122 eam;
2812 1056 2901 1128 qui
2927 1065 3100 1111 autem
3120 1054 3405 1128 perdiderit

1834 1151 2064 1204 animam
2088 1166 2238 1203 suam
2259 1158 2468 1220 propter
2488 1165 2569 1202 me
2596 1157 2645 1203 et
2674 1157 2884 1219 propter
2907 1145 3266 1216 Evangelium,
3293 1144 3404 1201 sal-

1833 1260 1950 1298 vam
1981 1243 2136 1313 faciet
2157 1258 2294 1296 eam.

1836 1334 1864 1407 §
1892 1334 1980 1389 IV.
2028 1365 2073 1373 --
2093 1333 2172 1387 Ex
2190 1332 2413 1388 Rasum
2436 1347 2623 1388 SANC'I‘I
2649 1331 2956 1387 Fnucruosn
2981 1344 3147 1386 EPISC.
3166 1328 3303 1403 (cap.
3321 1320 3399 1402 8).

1905 1428 1932 1467 ἰ
1958 1426 2132 1481 Simili
2161 1436 2378 1496 quoque
2396 1425 2581 1480 studio
2610 1430 2666 1479 et
2693 1422 2970 1493 patientiae
2996 1423 3172 1478 virtus
3199 1429 3285 1477 est
3309 1421 3409 1477 ob.

1837 1519 2119 1583 servanda,
2148 1526 2210 1571 ut
2243 1531 2517 1586 nunquam
2542 1530 2642 1571 nec
2669 1514 2795 1570 odio
2806 1513 3056 1578 violetur,
3072 1511 3410 1583 necinjuria,

1838 1626 1942 1666 nec
1964 1608 2307 1665 contumeliis
2336 1608 2621 1663 amittatur
2650 1624 2665 1661 :
2696 1606 2796 1662 sed
2826 1605 2881 1660 in
2910 1604 3303 1661 sustentatione
3357 1610 3416 1661 et

1840 1702 2128 1758 tolerantia
2186 1702 2488 1756 roboretur.
2522 1702 2539 1741 ί
2571 1698 2797 1755 Nuditas
2832 1698 3066 1768 denique
3126 1704 3182 1753 et
3234 1696 3415 1768 parci-

1842 1795 2022 1850 monia
2060 1794 2309 1850 ciborum
2335 1802 2390 1850 et
2438 1792 2759 1848 lectuiorum
2786 1792 2985 1849 duritia
3035 1792 3411 1863 amplectatur.-

2032 1887 2061 1957 §
2108 1885 2352 1942 ιιι-ει
2378 1884 2597 1941 [tecum
2635 1883 2883 1941 Cissus:
2922 1882 3059 1955 (cap.
3091 1882 3203 1956 42).

1917 1976 1976 2033 Si
2006 1992 2112 2032 non
2135 1978 2310 2032 solum
2340 1977 2595 2046 iniuriam
2640 1976 2837 2032 inierat
2885 1976 3183 2034 monachus
3235 1974 3369 2030 nulli
3401 1992 3417 2029 :

1846 2081 1947 2121 nec
1972 2066 2041 2120 ab
2070 2066 2176 2120 alio
2201 2066 2418 2135 quidem
2446 2065 2663 2120 sibimet
2707 2065 2999 2135 irrogatam
3031 2064 3208 2122 doleat
3260 2072 3425 2134 atque

1846 2158 2094 2212 tristetur
2132 2156 2269 2230 (Lib.
2294 2172 2345 2211 tv
2369 2156 2432 2211 de
2466 2156 2669 2222 Instit.,
2697 2173 2814 2228 cap.
2842 2155 2953 2229 39).

1847 2292 1982 2374 sima
2012 2290 2546 2374 tempestatelimbre
2572 2300 2634 2374 et_
2659 2291 2920 2374 grandine
2944 2290 3428 2374 prtecipitanterﬂe

1847 2362 1987 2416 caelo
2018 2362 2299 2416 ruentibus
2328 2361 2520 2416 fluvius
2570 2362 2703 2415 adeo
2729 2360 3003 2427 intumuit,
3050 2360 3125 2417 uti
3166 2360 3423 2417 torrentis

1846 2431 2190 2502 instargéxtra
2219 2431 2412 2502 vadum
2442 2436 2741 2487 exeurrens
2770 2433 2823 2486 in
2868 2447 3089 2502 campos
3140 2441 3424 2502 restagna-

1846 2508 1929 2555 ret
1956 2500 2177 2556 eﬁ‘usus.
2210 2501 2448 2555 Tandem
2483 2502 2563 2555 sol
2618 2502 2890 2567 occubuit,
2929 2500 3007 2557 et'
3029 2500 3325 2558 monachus
3366 2502 3427 2556 in

1847 2573 2235 2626 monasterium
2269 2572 2447 2626 redire
2484 2572 2670 2626 voluit.
2709 2573 2846 2626 Eum
2892 2574 3145 2642 precibus
3192 2580 3425 2629 conatus

1847 2651 1933 2713 est
1957 2642 2247 2713 prohibere
2282 2641 2507 2697 Seridus
2535 2644 2735 2706 abbas;
2766 2641 2904 2713 sed
2927 2643 3033 2713 illis
3080 2643 3423 2713 postpositis,

1846 2712 1899 2766 vi
1928 2711 2251 2768 obedientiae
2287 2713 2595 2782 compulsus
2625 2712 2865 2767 vestibus
2901 2713 2953 2767 in
3009 2711 3326 2769 fasciculum
3367 2712 3427 2767 li-

1849 2786 2013 2855 gatis,
2040 2786 2095 2837 et
2132 2783 2292 2853 capiti
2318 2784 2603 2853 impositis,
2655 2799 2814 2839 renes
2871 2784 3151 2855 maphorio
3198 2784 3433 2855 circum-

1851 2848 2060 2908 cinctus
2090 2867 2148 2907 se
2185 2848 2818 2925 fluvioiemprstatique,
2872 2848 2978 2909 seu"
3021 2855 3204 2923 potius
3231 2848 3430 2910 divinat

1848 2925 2204 2994 providentia:
2232 2924 2484 2995 credidit,
2510 2933 2565 2980 et
2618 2924 2939 2979 immensum
2993 2924 3123 2981 illud
3163 2940 3429 2995 aquarum

1850 2995 2240 3074 exundantium
2260 2994 2482 3074 pelagus
2502 3004 2706 3074 natatu,
2739 2995 3033 3074 auxiliante
3046 2994 3286 3074 Christo,
3314 3003 3429 3074 traf

1843 3063 1994 3187 (scit.
2013 3064 2137 3187 Hice
2151 3073 2235 3119 est
2257 3063 2341 3118 vis
2359 3063 2608 3135 perfecta:
2621 3066 2963 3133 obedientiaa,
2979 3068 3095 3122 hmo
3109 3066 3302 3133 virtus,
3320 3066 3437 3122 haec

1912 3151 2057 3187 tracu
2083 3151 2133 3187 a.

1852 3148 2133 3189 miracula.

1922 3206 1951 3246 ιι
1977 3205 2154 3279 Simili
2182 3206 2406 3279 quoque.
2433 3205 2674 3279 Habetur
2700 3207 2754 3262 in
2787 3207 2996 3279 Regula
3018 3223 3121 3264 ms.
3162 3206 3223 3279 S.
3268 3206 3439 3263 Fruc-

1853 3277 2001 3418 ;)u:)si
2024 3277 2263 3350 episcopi
2297 3277 2518 3334 Bracar.
2548 3278 2753 3334 codicis
2772 3277 3104 3346 CraSsensis,
3127 3277 3316 3334 eodem
3348 3292 3440 3333 ca-

1893 3365 1906 3401 l
1935 3364 1982 3403 e.

1893 3364 1982 3403 ιιθ.

1935 3421 1948 3459 ί
1987 3417 2238 3471 Nuditas.
2278 3416 2336 3471 Id
2359 3424 2463 3481 est,
2499 3426 2811 3488 paupertas,
2865 3434 2988 3488 quae
3013 3434 3043 3473 a
3079 3416 3277 3488 priscis
3329 3417 3437 3475 illis

1853 3487 2105 3542 Patribus
2125 3488 2425 3556 appellatur
2439 3487 2760 3560 axi-poetisa,
2789 3489 2844 3560 id
2872 3487 2977 3560 est,
2993 3487 3316 3560 caregttiaiet
3337 3504 3440 3560 uu-

1855 3560 1999 3613 ditas
2017 3560 2267 3682 Ennium
2323 3557 2547 3625 rerum,
2576 3558 2721 3630 apud
2774 3558 3094 3615 Cassianum
3144 3557 3279 3615 Coll.
3347 3559 3437 3627 18.

1860 3644 1983 3682 cao.
2092 3667 2105 3680 .

1860 3644 1983 3699 cap.
2017 3644 2105 3682 ιι.

168 3766 3430 3800 W

1548 3877 1887 3957 CAPUT
1959 3879 2134 3962 XV.

1191 4030 1284 4089 DE
1320 4029 1580 4100 QUINTO
1617 4030 1857 4088 GRADU
1894 4030 2363 4115 HUMILlTATlS.

236 4221 271 4295 θ
306 4219 348 4275 ι.
376 4248 449 4260 -
474 4216 556 4300 Ex
592 4228 799 4271 necum
841 4227 1029 4270 εΑΝοτι
1066 4211 1356 4277 Bassareu
1397 4211 1535 4282 (cap.
1574 4212 1681 4283 15).

235 4311 478 4379 Quintus
501 4304 821 4362 humilitatis
860 4303 1063 4374 gradus
1095 4309 1201 4368 est,
1237 4302 1286 4356 si
1330 4317 1520 4357 omnes
1554 4303 1758 4373 cogita-

150 4407 349 4462 tiones
382 4400 552 4455 malas
596 4396 747 4452 cordi
776 4411 875 4451 suo
907 4393 1278 4458 advenientes,
1311 4392 1396 4447 vel
1440 4392 1580 4447 mala
1629 4408 1658 4446 a
1698 4407 1757 4449 se

146 4499 438 4554 absconse
464 4490 750 4547 commissa
781 4504 877 4559 per
901 4487 1159 4543 humilem
1187 4500 1212 4527 ει
1246 4484 1642 4541 confessionem
1667 4487 1761 4541 ab-

147 4588 285 4646 bati
313 4600 422 4641 non
446 4584 703 4640 celaverit
724 4596 841 4642 suo,
871 4580 898 4620 δ
927 4580 1154 4634 hortans
1177 4594 1276 4633 nos
1307 4579 1373 4632 de
1403 4578 1506 4632 hac
1531 4593 1588 4631 re
1611 4576 1758 4632 Seri-
1784 4556 1834 4616 Ῐ)

141 4676 585 4750 pturadicens:
618 4671 804 4727 Revela
828 4670 1052 4724 Domino
1079 4671 1218 4725 uiam
1248 4681 1412 4734 tuam,
1441 4677 1487 4724 et
1529 4686 1680 4740 spera
1701 4670 1758 4723 in

140 4786 216 4824 eo
253 4764 440 4835 (Psal.
468 4764 650 4835 xxxvi)
675 4779 690 4827 ;
720 4770 771 4816 et
795 4761 920 4816 item
950 4760 1118 4816 dicit:
1152 4757 1483 4830 Conﬁtemini
1507 4759 1753 4824 Domino,

138 4860 424 4931 quoniam
473 4857 677 4911 bonus:
711 4854 956 4925 quoniam
1002 4853 1056 4907 in
1099 4855 1350 4906 sa'culum
1396 4853 1760 4908 misericordia

138 4952 285 5019 ejus
318 4947 494 5018 (Paul.
524 4946 633 5019 (ιν).
664 4945 731 4999 Et
761 4946 887 4999 item
926 4943 1230 5013 Propheta:
1283 4943 1543 4997 Delictum
1583 4959 1760 4997 meum

135 5044 441 5114 :ognitum
460 5042 550 5096 tibi
567 5040 685 5110 feci,
700 5049 748 5094 et
762 5051 782 5077 ε
801 5039 1088 5109 injustitias
1106 5054 1246 5093 meas
1267 5055 1369 5095 non
1385 5038 1584 5112 aperui.
1598 5039 1727 5097 Dixi
1738 5053 1759 5093 :

136 5133 546 5188 Pronuntiabo
585 5132 860 5186 aduersum
895 5146 975 5184 me
1003 5129 1291 5200 injustitias
1339 5149 1483 5188 meas
1511 5134 1761 5201 Domino,

132 5236 199 5281 et
229 5234 303 5278 tu
332 5224 581 5278 remisisti
625 5224 942 5293 impietatem
974 5219 1001 5260 δ
1026 5224 1225 5292 peccati
1256 5224 1358 5277 mei
1386 5223 1557 5294 (Psal.
1583 5226 1760 5298 xxxx).

237 5330 718 5408 -_Con[essianem.
766 5332 824 5387 In
857 5330 1059 5404 Regula
1089 5350 1190 5391 ms.
1222 5333 1502 5406 Magistri:
1543 5335 1764 5408 Lingua

128 5404 579 5474 :onfesgiouem.

227 5470 275 5514 δ’
317 5471 577 5528 Hortans.
617 5471 697 5528 ita
739 5472 794 5546 in
830 5470 1029 5546 Regula
1081 5474 1359 5546 Magistri:
1408 5486 1493 5532 est
1521 5478 1766 5532 nomina-

121 5548 320 5620 tivus
366 5545 668 5620 absolutus,
706 5543 903 5615 vulgo:
948 5542 1209 5601 Hortatu}
1253 5565 1345 5602 nos
1393 5548 1670 5620 Scriptura
1700 5549 1765 5604 de

118 5619 262 5673 hac
303 5632 387 5679 re,
412 5615 610 5670 dicens.

227 5698 255 5725 ο
296 5684 612 5759 Injustitias
641 5702 782 5759 meas
824 5701 932 5759 non
960 5689 1160 5759 operui.
1205 5688 1287 5743 Ita
1327 5688 1379 5743 in
1413 5688 1617 5759 Regula
1658 5705 1761 5746 ms.

120 5754 451 5830 lingistri,
482 5756 931 5830 quemadmodum
961 5754 1013 5830 in
1042 5759 1297 5830 psalterio
1322 5754 1585 5814 Romano.

223 5824 290 5907 si;
310 5824 533 5907 [feccati
560 5828 678 5907 mei.
726 5828 782 5882 lu
813 5824 1012 5907 Regula
1042 5824 1153 5907 ms.
1197 5830 1460 5907 Magistri,
1485 5839 1538 5907 et
1566 5830 1622 5907 in
1646 5828 1766 5887 aliis

124 5895 464 5955 codicibus
484 5898 689 5954 nostris
712 5912 813 5953 ms.
850 5904 1011 5967 atque
1036 5902 1202 5957 etiam
1238 5895 1453 5957 excusis
1494 5901 1763 5958 habetur:

1865 4214 1893 4285 ς
1924 4214 1986 4269 Il.
2007 4245 2080 4254 —
2106 4214 2183 4269 Ex
2215 4214 2430 4271 Rasum
2455 4232 2643 4273 ssnon
2664 4216 2869 4270 BASILII
2901 4226 3135 4267 EPISCOPI
3159 4210 3297 4284 (cap.
3322 4212 3438 4286 21).

1931 4303 2191 4375 Interrog.
2232 4317 2255 4345 θ
2287 4306 2387 4373 Qui
2418 4309 2532 4363 vult
2556 4307 2802 4363 conﬁteri
2833 4311 3057 4374 peccata
3098 4317 3217 4368 sua,
3250 4303 3297 4357 si
3326 4316 3447 4358 om¢
3543 4361 3552 4367 _

1862 4397 2020 4452 nibus
2048 4396 2207 4453 debet
2225 4400 2491 4465 conﬁteri,
2520 4410 2612 4454 aut
2636 4396 2985 4469 quibuslibet,
3014 4403 3108 4448 aut
3132 4393 3296 4449 certis
3325 4394 3448 4464 qui-

1860 4488 2070 4557 busque
2090 4488 2113 4542 ?
2135 4518 2208 4529 —
2233 4488 2388 4560 Resp.
2431 4490 2731 4545 Clementia
2757 4487 2853 4542 Dei
2880 4499 3009 4557 erga
3036 4498 3133 4541 eos
3174 4484 3267 4555 qui
3314 4485 3449 4543 deli-

1860 4589 2115 4651 querunt,
2170 4580 2456 4636 manifesta
2499 4591 2605 4647 est,
2654 4580 2949 4637 secundum
2992 4576 3140 4649 quod
3182 4577 3447 4650 scriptun

1863 4683 1985 4728 est:
2021 4671 2125 4739 Qui
2167 4691 2269 4729 non
2295 4674 2398 4728 vult
2431 4682 2648 4728 mortem
2674 4671 2986 4745 peccatoris,
3016 4668 3109 4726 sed
3145 4679 3203 4726 ut
3232 4682 3448 4726 concern

1862 4777 2007 4821 ται-ιιι·
2031 4777 2078 4821 et
2109 4768 2243 4821 vivat
2295 4767 2511 4839 (Ezeclt.
2544 4765 2723 4838 xvnt).
2762 4766 2901 4834 Quia
2946 4778 3078 4838 ergo
3106 4770 3165 4821 et
3210 4779 3445 4822 conver-

1861 4860 2031 4916 sionis
2061 4862 2249 4915 modus
2279 4868 2436 4930 aptus
2464 4874 2607 4925 esse,
2634 4867 2689 4915 et
2716 4856 3086 4921 convertentis
3113 4852 3241 4929 [est]
3267 4870 3299 4909 a
3322 4867 3450 4925 pee-

1864 4960 1986 5006 cato
2024 4952 2231 5006 fructus
2262 4952 2454 5023 dignus
2492 4951 2702 5008 ostendi
2748 4950 2909 5006 debet
2935 4964 3034 5019 per
3070 4945 3447 5019 paenitentiam

1862 5041 2157 5095 secundum
2194 5043 2337 5111 quod
2373 5043 2633 5112 scriptum
2660 5049 2780 5096 est:
2814 5038 2999 5093 Facite
3035 5037 3238 5108 fructus
3262 5035 3447 5107 dignos

1862 5131 2175 5200 paenitentiw
2198 5130 2347 5203 (Luc.
2375 5131 2490 5203 ut);
2541 5149 2610 5187 ne
2638 5131 2776 5185 forte
2797 5129 3092 5186 secundum
3122 5126 3271 5182 illam
3299 5141 3449 5185 com-

1865 5222 2217 5277 minationem
2268 5224 2525 5278 eveniant
2553 5223 2638 5279 his
2683 5221 2778 5293 qui
2826 5236 2934 5276 non
2990 5218 3276 5290 paeniteat,
3303 5220 3446 5290 quod

1864 5333 2052 5391 Cordi:
2271 5337 2492 5393 Rectius
2541 5338 2797 5408 quidem:
2849 5334 3003 5408 quia_
3028 5333 3104 5388 ita
3132 5328 3446 5408 _'legitur_in

1863 5408 2120 5477 psalterio
2149 5407 2415 5472 Romano,
2443 5402 2582 5478 quod
2609 5408 2851 5477 sequitur
2868 5402 2933 5478 'S_.
2967 5402 3310 5478 Benedictus.
3333 5402 3448 5461 Hoc

1864 5474 2260 5549 autemcaput
2311 5474 2630 5541 intelligitur
2678 5474 3120 5549 derrlevelatione
3175 5474 3444 5529 malarum

1865 5546 2248 5619 cogitationum
2276 5551 2415 5618 patri
2449 5547 2716 5619 spirituali
2743 5546 3057 5619 directionis
3084 5559 3247 5619 causa
3270 5560 3286 5599 :
3306 5558 3444 5619 nam

1866 5619 1921 5675 in
1937 5614 2293 5675 confessione
2316 5614 2694 5675 sacrainentali
2725 5633 2830 5672 non
2859 5616 3032 5674 solum
3050 5614 3261 5671 occulta
3280 5615 3444 5680 mala,

1866 5690 1959 5745 sed
1985 5699 2170 5745 aperta
2204 5688 2491 5745 revelanda
2520 5696 2663 5744 sunt.

1940 5772 1964 5799 ο
1998 5753 2099 5824 Qui
2124 5759 2231 5814 vult
2258 5760 2516 5829 conﬁteri,
2548 5767 2650 5829 etc.
2680 5757 2970 5828 Reperitur
2997 5755 3137 5829 apud
3164 5754 3221 5829 ξ.
3252 5753 3445 5829 Basil.,

1867 5829 1966 5885 int.
2006 5831 2111 5887 288
2165 5826 2384 5900 Regulae
2412 5831 2577 5900 brev.
2599 5827 2716 5884 Non
2754 5826 2934 5889 exstat
2980 5827 3122 5898 apud
3163 5826 3448 5894 Ruﬁnum,

1865 5902 2056 5957 saltem
2080 5902 2136 5956 in
2162 5898 2351 5957 nostro
2372 5898 2688 5972 exemplari.
