4048 6334
516 376 653 436 847.

1527 368 1585 424 S.
1626 366 1995 424 BENEDICTI
2031 366 2324 423 ABBATIS
2359 362 2772 421 ANIANENSIS

3687 366 3821 425 848‘

513 489 779 562 scriptum
811 494 896 544 est
922 501 938 542 :
965 484 1150 543 Omnis
1188 484 1346 540 arbor
1388 498 1505 554 qua:
1558 498 1661 536 non
1705 481 1831 548 facit
1861 482 2094 551 fructum
2121 481 2226 554 Ας
2258 480 2323 537 ν.
2350 511 2423 522 -
2450 481 2529 536 Ex
2556 482 2775 537 Recuu
2806 493 2995 555 squc'rt
3017 478 3219 537 lslnotu
3240 495 3478 539 EPISCOP!
3504 482 3650 555 (cap.
3684 483 3801 558 15).

513 586 707 642 bonum
760 581 1032 649 excidelur
1067 591 1114 635 et
1158 580 1213 633 in
1256 579 1428 649 ignem
1458 576 1694 630 mittetur
1723 573 1939 645 (Matth.
1972 574 2093 645 Ill):

510 675 880 734 necessarium
904 672 1120 727 videtur
1160 669 1267 733 his,
1304 667 1499 737 quibus
1542 663 1873 735 dispensatio
1900 671 2102 734 myste-

508 769 716 825 riorum
746 765 842 821 Dei
863 763 1151 820 commissa
1180 748 1287 824 est,
1335 754 1641 813 confitenda
1687 770 1808 811 esse
1852 763 2098 825 peccata.

512 861 605 919 Sic
646 860 791 917 enim
833 867 889 914 et
930 858 1008 921 hi,
1041 856 1131 926 qui
1168 853 1463 922 antiquitus
1505 850 1864 922 pwnitebant,
1903 859 1930 887 ει
1955 847 2104 901 inve—

509 953 738 1009 niuntur
760 948 899 1021 apud
923 956 1141 1004 sanctos
1160 943 1395 1001 confessi
1416 960 1535 998 esse
1558 951 1784 1013 peccata
1804 956 1924 1007 sua.
1956 937 2105 994 Scri-

422 1069 433 1075 ·
508 1054 664 1116 ptum
694 1051 779 1098 est
819 1042 962 1096 enim
1010 1040 1063 1094 in
1102 1037 1416 1109 Evangelio,
1443 1036 1569 1106 quia
1610 1033 1803 1089 Joanni
1850 1033 2105 1103 Baptistae

468 1170 473 1178 ι
510 1136 911 1207 conﬁtebantur
938 1140 1162 1203 peccata
1191 1145 1286 1184 sua
1313 1127 1530 1201 (Matth.
1564 1126 1674 1197 ιιι),
1701 1134 1756 1179 et
1785 1124 1861 1195 in,
1880 1123 2105 1178 Actibus

511 1229 897 1300 apostolorum,
961 1222 1219 1294 apostolis
1259 1260 1276 1288 ,
1334 1236 1365 1275 a
1425 1219 1622 1291 quibus
1685 1215 2106 1288 baptizabantur

512 1319 651 1391 (Act.
678 1316 813 1389 ιιι).
896 1372 901 1379 ,

792 1432 820 1505 §
844 1432 930 1489 lll.
965 1461 1038 1472 —
1064 1429 1199 1485 Item
1239 1426 1474 1499 ejusdem
1502 1424 1643 1499 (cap.
1671 1423 1819 1495 199).

552 1547 610 1588 αι’
639 1546 901 1616 Interrog.
935 1544 993 1599 Si
1014 1549 1250 1615 oportet,
1280 1555 1402 1595 cum
1432 1553 1587 1594 soror
1608 1537 1790 1607 aliqua
1819 1534 2107 1591 conﬁtetur

510 1628 872 1711 quodcunque
908 1636 1164 1691 delictum
1213 1646 1394 1696 suum,
1432 1630 1596 1684 etiam
1646 1638 1874 1682 matrem
1916 1639 2106 1681 mona-

508 1731 664 1787 sterii
695 1729 1013 1786 adesse?-—
1042 1724 1198 1795 Resp.
1230 1722 1526 1778 Honestius
1565 1720 1697 1774 mihi
1721 1720 1934 1773 videtur
1957 1732 2102 1783 esse,

507 1830 564 1879 et
589 1820 918 1892 religiosius,
942 1825 1003 1873 ut
1027 1832 1125 1888 per
1148 1814 1418 1870 seniorem
1447 1820 1675 1866 matrem
1724 1808 2026 1880 presbyter,
2056 1806 2103 1863 si

506 1914 639 1986 quid
687 1922 743 1969 et
794 1912 925 1969 illud
967 1911 1070 1966 sibi
1110 1910 1347 1974 videtur,
1384 1913 1608 1971 statuat,
1653 1912 1708 1959 et
1752 1903 1970 1959 modum
2019 1902 2104 1958 vel

506 2015 723 2075 tempus
755 1998 1090 2075 poenitentiae
1119 2002 1364 2071 imponat
1405 1999 1474 2054 ad
1500 1995 1938 2053 emendationem
1964 1994 2102 2066 ejus,

507 2112 629 2169 qua:
654 2098 855 2169 corrigi
885 2096 1160 2152 desiderat
1186 2108 1219 2148 a
1243 2084 1504 2163 peccato.

793 2210 821 2284 §
852 2210 941 2265 ιν.
974 2240 1045 2251 —-
1064 2207 1203 2264 Item
1232 2205 1469 2278 ejusdem
1499 2203 1637 2276 (cap.
1667 2200 1818 2274 200).

581 2340 604 2369 ο
635 2316 898 2398 Interrog.
948 2324 1006 2380 Si
1036 2330 1253 2394 oportet
1293 2328 1447 2391 gesta
1498 2317 1678 2388 turpia
1718 2315 1803 2371 vel
1846 2315 2106 2370 obscaena

507 2419 858 2476 confitentem
908 2411 1330 2469 inverecundius
1381 2406 1760 2479 pronuntiare,
1819 2411 1915 2458 aut
1958 2408 2107 2457 certe

492 2500 813 2584 quibusque
842 2516 937 2562 aut
974 2502 1347 2577 quibuslibet?
1376 2531 1448 2541 —
1474 2499 1631 2570 Resp.
1659 2496 1938 2553 Confessio
1980 2508 2108 2584 pec-

507 2583 755 2659 catorum
785 2599 926 2653 hanc
969 2595 1134 2650 habet
1175 2592 1465 2654 rationem,
1494 2604 1656 2658 quam
1702 2586 1865 2642 habet
1911 2583 2108 2638 vulnus

506 2691 729 2764 aliquod
753 2688 1017 2759 corporis,
1044 2685 1129 2741 vel
1166 2683 1369 2755 passio,
1414 2696 1536 2753 quae
1564 2680 1848 2736 medicina:
1882 2677 2109 2732 demon-

507 2784 730 2843 stranda
776 2788 882 2836 est.
931 2777 1084 2833 Sicut
1124 2792 1254 2848 ergo
1298 2789 1405 2830 non
1431 2772 1685 2828 omnibus
1712 2770 1835 2842 quis
1858 2768 1993 2850 vitia
2022 2767 2109 2823 vel

507 2877 735 2931 vulnera
758 2872 1005 2943 corporis
1027 2869 1110 2926 sui
1142 2867 1367 2933 revelat,
1400 2881 1506 2921 nec
1526 2862 1878 2935 quibuslibet,
1903 2861 2000 2917 sed
2023 2859 2109 2916 his

508 2966 885 3023 tantummodo
931 2964 1023 3033 qui
1075 2977 1301 3018 summa:
1334 2958 1548 3029 peritiae
1595 2955 1965 3011 testimonium
2010 2954 2111 3009 ha-

508 3060 638 3116 bent
666 3066 720 3113 et
747 3072 892 3112 curre
924 3064 978 3109 et
1006 3052 1228 3109 medelas
1253 3049 1614 3119 disciplinam,
1656 3048 1731 3101 ita
1754 3054 1810 3102 et
1838 3044 2110 3101 confessio

508 3159 853 3224 peccatorum
902 3146 1017 3201 fieri
1053 3145 1189 3215 apud
1234 3158 1329 3197 eos
1380 3139 1752 3195 tantummodo
1781 3137 1964 3202 debet,
2013 3134 2107 3206 qui

2272 571 2301 613 (ι
2333 573 2437 641 Qui
2478 580 2745 627 noctuma
2782 571 3030 628 illusione
3059 572 3338 650 polluitur,
3376 575 3665 645 publicare
3695 576 3806 635 hoc

2201 665 2350 721 Patri
2379 664 2697 720 monasterii
2727 680 2836 720 non
2886 672 3171 732 moretur;
3208 666 3492 736 culpaeque
3533 681 3651 723 sum
3692 683 3811 725 me-

2203 759 2322 814 ritis
2378 759 2483 813 hoc
2532 757 2756 824 tribuat,
2814 765 2871 813 et
2922 756 3134 813 occulte
3180 758 3563 830 paenitentiam
3621 767 3755 831 agat
3790 778 3807 817 :

2204 852 2403 918 sciens,
2443 861 2468 891 θ
2500 854 2627 922 quia
2675 840 2779 906 nisi
2815 851 3186 921 praecessisset
3230 851 3285 907 in
3315 866 3382 907 eo
3410 850 3590 908 fluxus
3637 853 3810 910 animi

2206 944 2384 1014 turpia
2425 943 2736 1016 cogitantis,
2785 959 2891 999 non
2943 951 3264 1014 sequeretur
3292 944 3347 1000 in
3385 960 3452 1000 eo
3479 944 3667 1000 ﬂuxus
3697 961 3813 1002 sor-

2205 1035 2343 1090 didae
2379 1043 2434 1090 et
2476 1034 2764 1089 immundae
2799 1033 3132 1105 pollutionis.
3181 1034 3355 1103 Quem
3393 1036 3541 1090 enim
3592 1051 3811 1109 pracve-

2204 1128 2350 1182 nerit
2373 1128 2629 1198 cogitatio
2655 1118 2863 1193 illicita,
2918 1127 3143 1183 tentatio
3188 1126 3339 1183 illum
3365 1128 3478 1183 cito
3505 1126 3691 1201 findat
3718 1128 3814 1184 im-

2204 1219 2424 1274 munda.
2464 1217 2486 1257 τ
2517 1218 2619 1286 Qui
2648 1227 2915 1276 nocturno
2940 1220 3161 1276 delusus
3206 1222 3591 1292 phantasmate
3620 1220 3811 1290 fuerit,

2207 1318 2447 1379 tempore
2468 1309 2630 1365 oﬁicii
2664 1311 2719 1364 in
2746 1311 2988 1366 sacrario
3013 1312 3199 1379 stabit,
3223 1327 3325 1368 nec
3361 1314 3591 1370 audebit
3617 1315 3813 1372 eadem

2204 1400 2292 1458 die
2317 1400 2385 1456 ad
2406 1402 2697 1473 ecclesiam
2721 1402 2970 1467 introire,
3001 1406 3027 1444 ε
3065 1412 3357 1475 antequam
3388 1405 3459 1459 sit
3479 1404 3630 1461 lotus
3657 1408 3814 1478 aquis

2203 1499 2260 1547 et
2293 1490 2567 1564 lacrymis.
2622 1491 2681 1546 In
2725 1491 2844 1564 lege
2887 1493 3086 1563 quippe
3130 1494 3223 1563 qui
3273 1495 3486 1552 somnio
3534 1488 3814 1554 nocturno

2203 1586 2548 1658 polluebatur
2584 1585 2768 1657 egredi
2804 1585 3094 1656 jubebatur
3119 1602 3150 1641 a
3190 1589 3409 1655 castris,
3441 1602 3542 1644 nec
3588 1590 3814 1661 regredi

2202 1679 2520 1749 priusquam
2546 1678 2615 1733 ad
2638 1692 2921 1748 vesperam
2963 1677 3238 1733 lavaretur
3284 1678 3465 1751 (Deut.
3494 1679 3701 1752 xum).
3750 1681 3812 1736 Et

2204 1769 2252 1826 si
2283 1769 2361 1825 illi
2397 1768 2453 1823 in
2493 1767 2700 1823 carnali
2740 1767 2940 1838 populo
2986 1768 3085 1834 ita,
3116 1768 3247 1839 quid
3277 1769 3583 1841 spiritualis
3609 1771 3815 1828 Christi

2130 1855 2180 1917 B
2207 1878 2398 1918 servus
2445 1861 2627 1918 facere
2681 1862 2883 1918 debet?
2925 1864 3018 1933 qui
3064 1863 3241 1933 magis
3287 1865 3814 1922 contaminatiouem

2206 1971 2360 2012 suam
2414 1955 2574 2011 debet
2626 1955 2919 2025 respicere,
2965 1962 3021 2010 et
3065 1955 3224 2028 longe
3273 1957 3342 2011 ab
3388 1956 3551 2013 altari
3601 1960 3815 2030 positus

2205 2055 2388 2104 mente
2439 2055 2493 2102 et
2528 2061 2777 2117 corpore
2819 2047 3259 2117 pertremiscere,
3315 2056 3479 2119 atque
3528 2050 3589 2104 in
3638 2048 3813 2122 ﬁgura

2206 2154 2361 2210 aqua;
2400 2126 2735 2210 poenitentia:
2782 2137 3052 2209 lacrymas
3089 2137 3391 2195 adbibere:
3439 2146 3501 2194 ut
3526 2156 3644 2196 non
3690 2142 3814 2197 solis

2207 2233 2389 2303 aquis,
2449 2231 2542 2287 sed
2594 2231 2759 2287 etiam
2809 2228 3027 2286 ﬂetibus
3077 2232 3295 2287 studeat
3345 2230 3494 2287 ablui
3544 2233 3813 2304 quidquid

2207 2322 2348 2378 forte
2385 2337 2486 2393 per
2530 2321 2799 2378 occultam
2851 2321 3063 2392 culpam
3097 2320 3376 2377 immunda
3415 2323 3814 2381 contaminatio

2207 2413 2418 2491 polluit.
2470 2413 2571 2480 Qui
2621 2413 2997 2469 fornicationis
3043 2415 3398 2471 tentamentis
3430 2422 3642 2480 aestuat,
3692 2422 3812 2472 oret
3870 2400 3873 2405 ’

2209 2506 2599 2571 indesinenter,
2643 2516 2806 2575 atque
2853 2504 3161 2561 abstineat:
3194 2520 3297 2561 nec
3325 2506 3609 2562 erubescat
3631 2508 3807 2563 conti-

2209 2600 2310 2655 teri
2362 2597 2604 2653 libidinis
2658 2608 2872 2665 aestum,
2920 2613 3029 2669 quo
3069 2597 3269 2663 uritur;
3318 2598 3447 2669 quia
3478 2597 3672 2653 vitium
3713 2599 3811 2654 de-

2208 2699 2412 2747 tectum
2437 2689 2546 2745 cito
2567 2698 2826 2756 curatur;
2857 2688 3038 2744 latens
3070 2703 3203 2744 vero
3223 2698 3428 2759 quanto
3454 2689 3693 2761 amplius
3719 2705 3815 2748 oc-

2210 2781 2475 2839 cultatum
2539 2780 2721 2846 fuerit,
2776 2787 2928 2835 tanto
2986 2780 3159 2851 magis
3213 2778 3538 2851 profundius
3593 2782 3811 2852 serpit:

2210 2876 2356 2948 quod
2380 2890 2441 2931 re
2468 2890 2598 2930 vera
2639 2874 2732 2945 qui
2758 2864 3040 2945 publicare
3067 2873 3311 2947 negligit,
3340 2889 3543 2935 curare
3582 2874 3815 2932 minime

2212 2966 2379 3037 cupit.

2264 3076 2410 3152 §Vl.
2448 3107 2520 3118 —
2565 3075 2647 3132 Ex
2684 3076 2906 3221 Reum:
2940 3092 3129 3220 sing;
3168 3076 3479 3135 Faucruost
3517 3096 3762 3139 EPISCOPI

2888 3165 3006 3220 cap.
3137 3187 3152 3203 .
3634 3164 3651 3179 ³

2888 3165 3006 3220 cap.
3040 3164 3152 3220 1's).
3634 3164 3651 3179 ³

509 3260 705 3301 curare
734 3244 850 3297 haec
892 3238 1186 3311 praevalent
1215 3244 1271 3292 et
1292 3236 1605 3299 emendare,
1653 3233 1794 3288 sicut
1836 3231 2100 3302 scriptum

2275 3240 2304 3280 ιι
2320 3237 2520 3295 Omnes
2540 3248 2695 3295 actus
2713 3239 2829 3296 sive
2848 3239 3194 3295 occasionum
3217 3240 3652 3298 necessitudines
3673 3257 3816 3300 sem-

510 3352 632 3399 cst:
674 3326 907 3410 Vos,qui
944 3336 1188 3407 fortiores
1224 3331 1366 3396 estis,
1394 3329 1728 3398 inﬁrmitates
1768 3325 2104 3395 inﬁrmorum

511 3444 715 3509 portate
744 3432 924 3503 (Rom.
957 3427 1072 3501 xv).
1113 3425 1229 3482 Hoc
1271 3431 1355 3479 est
1389 3421 1602 3477 auferte
1627 3427 1683 3474 et
1703 3424 1988 3489 exportate
2007 3430 2109 3488 per

512 3526 872 3584 curationem.
964 3548 967 3555 ι

546 3806 557 3811 ,
585 3764 613 3793 ι
644 3740 1159 3814 Inveniunturapud
1184 3747 1394 3795 sanctos
1431 3735 1655 3814 confessi
1682 3749 1814 3814 esse,
1842 3740 1949 3788 etc.
1976 3730 2112 3814 Qui-

514 3806 615 3879 b—us
646 3804 862 3889 nempe
896 3804 1641 3889 dispensatiomysteriorum
1671 3804 2114 3889 ‘Dei_comn_1issa

514 3874 653 3947 erat.
670 3874 815 3943 ίΝδιιῖ
854 3887 941 3942 his
970 3874 1099 3940 solis
1124 3874 1495 3939 confitendum
1524 3892 1647 3932 esse
1671 3876 1777 3930 hoc
1806 3875 1928 3930 loco
1954 3874 2116 3929 docet

517 3962 576 4017 S.
616 3959 864 4015 Basilius.

591 4032 620 4071 ιι
643 4032 903 4098 lnterrOg.
948 4027 1008 4081 li
1046 4023 1172 4098 Ruf.
1204 4038 1324 4092 cap.
1355 4021 1463 4077 95:
1514 4032 1634 4098 qua:
1664 4024 1845 4070 tamen
1890 4030 1998 4070 non
2029 4028 2117 4068 as-

520 4109 822 4171 sequuntur
849 4094 1054 4171 textum
1071 4094 1353 4171 graecum.
1454 4159 1489 4171 ἢ
1542 4158 1568 4171 η
1609 4096 1615 4103 '
1686 4122 1697 4131 .

594 4157 617 4211 ε
648 4172 909 4239 lnterrog.
940 4167 1046 4221 229
1071 4164 1203 4235 Reg.
1234 4163 1420 4239 brev.;
1452 4158 1631 4239 Rufin.
1656 4172 1777 4239 cap.
1810 4157 1900 4238 93.

536 4274 543 4283 -
593 4241 620 4282 (ι
654 4225 756 4308 Qui
812 4225 1414 4308 n6’cturna,'eic.__ll‘.ec'
1445 4230 1630 4286 videre
1677 4225 1763 4282 est
1808 4228 1864 4282 in
1910 4225 2117 4297 Regula

519 4304 721 4371 excusa
744 4311 803 4373 S.
835 4308 1045 4371 lsidori,
1073 4322 1193 4376 cap.
1229 4304 1313 4358 15.
1546 4371 1567 4376 _
1663 4371 1696 4376 λγ
1802 4344 1807 4345 ,

556 4422 561 4427 .
598 4396 621 4424 θ
653 4369 794 4449 Quia
842 4382 970 4450 nisi
991 4369 1359 4450 prlecessissct,
1387 4380 1492 4429 etc.
1529 4371 1604 4450 _In
1663 4369 1866 4450 Regula
1917 4384 2116 4450 excusa

520 4442 695 4526 ᾑίιιιιό
710 4454 867 4526 aliter
897 4471 910 4506 ;
942 4442 1081 4526 Quia
1111 4448 1212 4501 nisi
1241 4444 1559 4516 praecesserit
1584 4444 1639 4497 in
1663 4460 1742 4526 eo.
1764 4442 1921 4495 luxus
1950 4446 2116 4526 animi

522 4514 697 4595 iurpia
728 4514 1028 4595 cogitantis,
1069 4535 1172 4573 non
1197 4514 1533 4588 sequerentur
1560 4514 1791 4568 sordidae
1821 4523 1975 4583 atque
2010 4517 2114 4570 im-

522 4593 735 4651 mundae
762 4593 1095 4663 pollutiones.
1133 4660 1141 4663 _
1182 4658 1192 4663 _
1370 4646 1377 4655 ο
1415 4658 1425 4663 _
1789 4622 1797 4663 λ

600 4665 619 4705 τ
655 4653 777 4730 Qui.
800 4673 1056 4717 nocturno
1109 4658 1321 4713 delusus
1361 4653 1734 4730 phantasmate
1757 4653 1958 4730 fuerit,
2006 4665 2112 4730 etc.

522 4722 808 4791 Hrecwsunt
836 4730 1167 4791 duriuscula,
1193 4730 1291 4783 etsi
1321 4722 1449 4781 olim
1490 4743 1518 4780 a
1542 4722 1864 4795 quihusdam
1885 4794 1891 4795 γ
1914 4727 2116 4782 sanctis

523 4808 750 4862 tlsitata.
795 4801 931 4856 Cum
989 4801 1048 4853 Β.
1101 4799 1333 4853 Herluca
1382 4814 1478 4867 per
1525 4794 1773 4867 somnum
1806 4794 2115 4862 hujusmodi

521 4875 937 4945 infirmitatem”
984 4870 1086 4925 etsi
1128 4870 1340 4945 leviter,
1380 4866 1539 4945 passa
1574 4866 1790 4945 fuisset,
1838 4879 1939 4921 nec
1992 4884 2115 4945 prii-

564 4940 711 5002 terea
740 4946 808 4999 ah
844 4935 1087 5013 ingressu
1139 4938 1323 5008 templi
1356 4935 1724 5013 abstinuisset,
1755 4935 2022 5013 apparens

564 4961 711 5002 terea
740 4961 808 4999 an
844 4961 1087 5013 ingressu
1140 4961 1323 5008 templi
1356 4961 1724 4997 austutussam,
1755 4961 2022 5003 apparens
2053 4961 2111 4992 ο.

520 4961 1202 5091 Rh'icpertusAugustanus
1241 5008 1511 5091 quondam
1531 5007 1789 5091 antistes,
1815 5007 1860 5059 ei
1886 5007 2117 5091 injunxit

521 5077 664 5143 tres.
694 5077 1017 5142 Dominicm‘
1045 5077 1307 5137 orationis
1360 5077 1703 5132 recitationes
1756 5092 1856 5146 pro
1907 5077 2117 5133 foribus

526 5157 733 5227 templi,
779 5155 1110 5227 totidemque
1156 5148 1576 5227 genullexiones.
1627 5147 1685 5202 S.
1738 5147 1860 5227 Alto
1898 5148 2113 5203 cuidam

528 5218 926 5284 sanctimonia“
964 5218 1222 5278 nocturna
1253 5219 1548 5291 pollutione
1586 5218 1966 5291 contaminata:
2020 5234 2118 5287 per

526 5299 793 5352 visionem
820 5309 1086 5366 apparens
1114 5289 1408 5366 prohibuit,
1455 5305 1522 5344 ne
1552 5291 1740 5344 eadem
1766 5289 1853 5366 die
1892 5290 1946 5343 in
1980 5298 2116 5343 tem-

524 5368 675 5441 plum
706 5359 1078 5441 ingrederetur
1101 5359 1130 5417 .’
1163 5362 1307 5441 quod
1351 5375 1475 5441 cum
1525 5359 2117 5441 contempsissetapost

528 5429 924 5506 inertem'ignis
984 5429 1243 5503 urgatorii
1264 5432 1507 5486 cruciatu
1537 5430 1623 5484 eul
1664 5446 1750 5484 am
1775 5429 2031 5499 expiavit,
2057 5436 2116 5484 ut

528 5507 697 5559 refert
724 5506 923 5559 Paulus
940 5452 1344 5559 Eernriedcnsis
1372 5501 1425 5554 in
1462 5500 1580 5555 Vita
1712 5499 1976 5554 Herlucae.
2008 5500 2115 5555 Sed

528 5507 697 5564 refert
724 5499 923 5561 Paulus
940 5499 1344 5559 Bernriedcnsis
1372 5501 1425 5554 in
1462 5500 1580 5555 Vita
1610 5499 1669 5553 Β.
1712 5499 1976 5554 ΗΘι-Ιιιοω.
2008 5500 2115 5555 Sed

532 5581 649 5655 haec
666 5576 889 5632 minime
913 5576 967 5630 in
981 5570 1601 5655 exemplumtrahenda.
1624 5568 1761 5624 Nam
1782 5569 1912 5655 olim
1938 5568 2114 5655 sancti

531 5648 722 5703 Patres
747 5662 849 5702 nec
883 5644 1123 5702 ecclesiae
1145 5640 1398 5705 introitu,
1446 5654 1548 5696 nec
1574 5654 1742 5695 sacrae
1774 5640 2116 5696 eucharistia

533 5717 879 5789 perceptione
905 5716 1295 5789 prohibuerunt
1322 5726 1417 5766 eos
1444 5712 1537 5780 qui
1567 5711 1701 5765 citra
1731 5709 2115 5789 culpalilejus-

534 5779 679 5843 inodi
699 5779 981 5842 'illusiones
1005 5784 1299 5856 patiuntur,
1328 5790 1389 5856 ut
1414 5779 1629 5856 constat
1649 5796 1715 5835 ex
1740 5779 1896 5849 epist.
1924 5779 2117 5856 Diony-

516 5858 607 5939 eii
628 5851 1151 5921 Alexandrini,'can.
1185 5854 1241 5922 5,
1270 5853 1362 5923 qui
1390 5851 1466 5906 ait
1491 5866 1927 5921 unumquemque
1953 5851 2007 5907 in
2028 5853 2114 5908 his

2206 3346 2307 3403 per
2334 3346 2557 3386 necesse
2584 3338 2672 3387 est
2715 3339 2778 3385 ut
2831 3330 3129 3386 monachus
3152 3329 3303 3386 Patri
3334 3331 3351 3372 ί
3382 3340 3605 3396 reserat,
3648 3342 3709 3389 et
3746 3350 3820 3390 ex

2212 3421 2358 3481 illius
2384 3429 2680 3490 cognoscat
2705 3421 3035 3477 discretione
3051 3419 3138 3477 vel
3155 3419 3362 3492 judicio
3384 3420 3508 3492 quid
3534 3422 3814 3479 attendat.

2211 3514 2601 3586 Cogitationes,
2640 3513 3021 3580 revelationes,
3054 3512 3337 3568 illusiones
3363 3521 3421 3567 et
3446 3511 3820 3584 negligentiae

2210 3608 2462 3680 proprias
2490 3607 2695 3663 seniori
2724 3606 2903 3663 nullus
2928 3605 3170 3669 obcelet,
3198 3604 3529 3662 verecundia
3552 3605 3646 3661 vel
3669 3605 3819 3675 inju-

2215 3749 2414 3805 debere
2466 3760 2621 3802 suam
2670 3743 2955 3801 consulere
3011 3740 3442 3797 conscientiam:
3481 3757 3500 3790 ι
3554 3741 3620 3795 oi
3667 3738 3725 3797 δέ
3769 3740 3821 3794 ἐν

2216 3821 2540 3894 ἀπροᾳιρέτῳ
2563 3820 2825 3894 νυκτςρὶνῃ
2841 3816 2997 3894 ptiust
3018 3814 3293 3894 τεγᾷμενοι,
3322 3813 3408 3894 atati
3430 3807 3577 3866 οὗτοι
3605 3820 3682 3893 re}

2216 3882 2470 3947 συίιειδὸτι
2495 3882 3044 3949 έατακοχουθείῖτωσανξ
3078 3884 3131 3939 id
3160 3891 3262 3944 est,
3293 3882 3387 3952 qui
3412 3890 3601 3937 autem
3628 3882 3683 3937 iit
3712 3882 3819 3937 non

2216 3960 2524 4015 voluntario
2571 3966 2837 4012 nocturno
2873 3957 3018 4010 fluxu
3064 3953 3289 4017 fuerint,
3340 3953 3377 4007 ii
3423 3967 3649 4023 quoque
3687 3967 3818 4022 pro-

2216 4033 2392 4103 priam
2426 4028 2816 4084 conscientiam
2857 4033 3172 4103 sequantur,
3201 4031 3260 4079 et
3283 4023 3513 4103 seipsos,
3549 4038 3625 4103 an
3655 4025 3725 4079 de
3752 4039 3821 4103 eo

2221 4094 2550 4165 discernunt,
2583 4106 2649 4154 an
2693 4114 2821 4163 non,
2857 4094 3204 4152 considerent
3243 4094 3705 4165 quemadmodum
3759 4094 3817 4147 in

2218 4173 2373 4236 cibis,
2413 4173 2503 4241 qui
2535 4170 2814 4241 discernit,
2858 4167 3145 4241 inquit,‘si
3190 4165 3511 4241 comederit,
3552 4164 3820 4241 condem-

2220 4233 2380 4299 natus
2410 4233 2511 4297 ést.
2541 4241 2599 4294 ln
2628 4240 2714 4294 his
2751 4233 3149 4309 quoquebonae
3173 4236 3245 4291 sit
3270 4235 3636 4309 conscientiae,
3660 4245 3717 4288 et
3744 4233 3817 4309 li:-

2219 4315 2350 4370 bere
2380 4313 2632 4382 loquatur
2656 4304 2948 4382 secundum
2974 4306 3680 4382 propriam_cogitatiort_t:m,
3707 4304 3810 4373 qui

2220 4386 2286 4439 ad
2314 4374 2482 4438 Deum
2509 4381 2736 4436 accedit.
2770 4401 2788 4432 ι
2829 4374 3159 4434 Idem—docet
3204 4374 3523 4432 Theodorus
3557 4374 3817 4431 Balsama

2222 4456 2365 4533 hunc
2386 4468 2648 4533 cntionem
2671 4465 2964 4533 exponens.
2989 4448 3045 4503 ld
3067 4448 3229 4533 etiam
3255 4457 3407 4533 patet
3427 4462 3493 4501 ex
3514 4446 3820 4530 collatione

2222 4526 2291 4579 22
2316 4523 2579 4583 Cassiani,
2630 4517 2756 4590 cap:
2779 4520 2844 4585 5;
2877 4528 2932 4575 et
2956 4534 3020 4590 ex
3060 4520 3222 4590 epist.
3255 4517 3344 4590 Si
3367 4517 3616 4590 Gregorii

2222 4532 2291 4579 2‘2
2316 4532 2579 4583 Cassiani,
2630 4534 2750 4590 cap.
2779 4532 2844 4585 5;
2877 4532 2932 4575 et
2956 4534 3020 4574 ex
3060 4532 3222 4590 epist.
3255 4532 3316 4572 δ.
3367 4532 3616 4588 hregoru
3702 4532 3820 4587 apt

2140 4580 2194 4640 D
2219 4596 2358 4666 apud
2381 4594 2579 4649 Bedam
2606 4590 2702 4645 lib.
2728 4608 2743 4646 1
2773 4590 2914 4666 nisi.
2942 4586 3125 4666 Angl..
3150 4604 3270 4666 cap.
3293 4588 3551 4666 27._vide
3575 4533 3824 4666 Diuo.

2217 4658 2361 4721 niam
2392 4679 2510 4733 par.
2535 4679 2617 4727 ιιι,
2647 4677 2739 4731 qu.
2765 4660 2853 4724 l8,
2883 4670 2990 4733 art.
3023 4658 3089 4733 7_;
3112 4670 3179 4733 et
3200 4659 3354 4733 alios.
3388 4658 3673 4733 Ejusmodi
3700 4658 3823 4733 illu-

2216 4728 2459 4791 siouibus
2488 4728 2773 4788 medentur
2826 4730 3023 4794 oratio,
3051 4729 3259 4801 jejunia
3306 4738 3361 4785 et
3410 4728 3612 4801 similia
3660 4728 3822 4801 spiri-

2218 4746 2459 4791 siombus
2488 4746 2773 4788 medentur
2826 4746 3023 4794 oratio,
3051 4746 3259 4801 Jepunia
3306 4746 3361 4785 et
3410 4746 3612 4784 summa
3730 4746 3822 4783 m-

2218 4806 2384 4861 tualia
2413 4804 2648 4862 remedia
2676 4820 2688 4857 :
2716 4803 2911 4873 quibus
2933 4801 3096 4855 etiam
3124 4801 3389 4873 accedant
3409 4746 3822 4873 medicajﬁam

2219 4892 2402 4932 semen
2432 4877 2653 4929 lactuca:
2675 4869 2863 4928 sativa:
2891 4880 3137 4941 epotum,
3160 4889 3179 4921 ι
3232 4870 3484 4941 assiduas
3527 4869 3821 4941 libidinum

2219 4945 2633 5017 imaginationes
2662 4944 2717 5017 in
2746 4939 3298 5017 (somnocompescit,
3328 4948 3386 4994 et
3409 4939 3612 5017 Veneri
3642 4940 3821 5017 refra-

2218 5011 2396 5088 gatu'r,
2438 5038 2454 5067 ι
2491 5016 2669 5083 inquit
2693 5013 3061 5088 Dioscorides,
3109 5012 3202 5088 lib_.
3236 5028 3317 5088 u,_
3342 5024 3466 5080 cap.
3505 5011 3631 5088 ΗΞ).
3672 5011 3823 5088 Idem

2217 5082 2438 5157 praestat
2469 5082 2661 5157 semen
2692 5085 2927 5157 lactuca:
2958 5084 3243 5157 silvestris.
3285 5082 3700 5157 Succusetiam
3736 5082 3824 5157 la-

2216 5152 2388 5213 ctuca:
2433 5156 2698 5211 silvestris
2725 5156 2794 5210 ad
2832 5156 3022 5210 eadem
3068 5153 3231 5221 valet,
3279 5154 3375 5209 sed
3403 5153 3617 5208 viribus
3660 5152 3825 5209 inﬁr-

2216 5228 2390 5294 mior,
2413 5229 2493 5282 ait
2511 5226 2652 5280 idem
2674 5234 2864 5287 auctor
2889 5241 3010 5295 cap.
3043 5225 3309 5295 sequenti.

2292 5301 2317 5339 Β
2342 5292 2636 5368 Antequam
2666 5296 2803 5350 lotus
2830 5292 2983 5366 aquis
3012 5305 3083 5368 et
3102 5292 3371 5368 tacrymis.
3414 5292 3827 5368 Hupctporem

2218 5369 2392 5440 tangit
2422 5363 2806 5440 S.'Gregoriu_s
2836 5363 2975 5437 papa
2997 5366 3161 5440 epist.
3191 5363 3356 5440 citata
3382 5382 3397 5418 :
3431 5382 3453 5416 ι
3485 5363 3832 5440 Sed_lavan-

2217 5434 2423 5508 dus‘est
2441 5452 2601 5508 aqua,
2626 5434 2684 5491 ut
2706 5434 2892 5508 culpas
2908 5434 3263 5507 cogitationis
3284 5435 3543 5508 lacrymis
3563 5434 3822 5492 abluat.»

2218 5508 2383 5579 quue
2402 5507 2555 5576 juxta
2584 5508 2745 5562 ritum
2768 5507 3144 5579 Hebraeorum.

2289 5573 2317 5619 Β
2345 5573 2536 5634 Omnes
2565 5587 2734 5632 actus.
2761 5578 2886 5633 Haec
2913 5577 3156 5648 reperire
3171 5584 3256 5633 est
3274 5576 3331 5632 in
3343 5574 3557 5648 Regula
3580 5573 3644 5630 S.
3668 5575 3827 5633 Fut-

2218 5650 2389 5720 ctuosi
2415 5648 2653 5720 episcopi
2682 5645 3029 5720 Bracarensis
3053 5649 3177 5720 cod.
3201 5663 3304 5720 ms.
3329 5645 3537 5720 Crass,
3562 5648 3822 5720 cap._15.

2294 5721 2311 5761 ί
2339 5717 2574 5773 Resérat.
2606 5717 2721 5774 Hoc
2737 5718 3057 5774 vocabulum
3080 5718 3260 5774 addidi
3279 5732 3349 5772 ex
3370 5718 3491 5775 cod.
3514 5732 3617 5773 ms.
3646 5717 3825 5776 Vind.

2217 5790 2360 5861 quod
2384 5790 2550 5846 etiam
2578 5789 2632 5845 in
2659 5789 2779 5846 cod.
2808 5787 2992 5845 Crass.
3021 5804 3122 5845 ms.
3149 5789 3357 5845 deerat.

4023 0 4025 39 l
