3952 6314
194 326 288 385 819

1070 334 1073 335 ⁷
1164 320 1557 379 CONCORDIA
1596 314 2052 395 REGULARUM.
2092 345 2161 356 —-
2192 314 2345 368 CAP.
2388 311 2502 368 XV.

3321 303 3431 367 8'50

193 444 267 498 ria
291 438 537 519 faciente,
560 436 646 494 vel
666 438 1006 495 contumacia
1031 451 1377 510 perurgente.
1410 437 1517 493 Sed
1544 449 1756 506 semper
1782 429 1835 489 Λ
1859 433 2040 487 anima
2068 431 2381 487 sentiamus.
2427 428 2541 483 IIoc
2568 436 2679 494 est,
2710 427 2863 498 prius
2890 428 3149 483 debemus
3175 426 3241 484 de
3271 430 3435 488 corde

197 528 541 599 hujuscemodi
568 529 699 584 vitia
720 544 851 585 cum
875 530 1131 601 lacrymis
1158 537 1318 600 atque
1342 527 1752 598 cornpunctione

196 622 354 677 cordis
387 628 550 690 atque
579 616 1188 677 humilitateverissime
1214 621 1426 685 abbati,
1464 619 1753 690 praeposito

196 713 296 768 sive
319 709 555 782 praelatis
582 712 886 767 senioribus
912 713 1199 769 revelanda
1231 720 1354 768 sunt
1381 730 1392 766 :
1430 722 1484 765 et
1510 711 1755 766 consola-

195 802 343 867 tione,
373 802 641 866 oratione,
681 803 1036 873 castigatione
1053 845 1069 870 ,
1111 804 1224 860 sive
1251 803 1412 858 etiam
1438 815 1463 844 ει
1486 802 1755 858 exercita-

193 893 324 947 tione
342 892 516 947 idonei
542 893 723 962 operis
748 894 1081 963 castiganda.

349 982 375 1054 §
404 980 514 1036 VII.
542 1012 614 1023 —
646 972 732 1037 Ex.
766 983 983 1040 Rasum
1020 985 1266 1040 stsuu
1296 983 1435 1057 (cap.
1466 984 1578 1054 29).

259 1076 284 1116 ιι
304 1076 431 1131 Illud
461 1083 588 1132 ante
617 1077 798 1130 omnia
829 1093 859 1131 a
889 1078 1103 1133 seniore
1130 1094 1229 1132 suo
1259 1077 1419 1133 debet
1447 1077 1632 1147 junior
1660 1075 1757 1131 do-

192 1167 325 1232 ceri,
350 1166 638 1221 ut’nullam
661 1166 774 1235 jam
805 1169 1022 1238 penitus
1053 1169 1468 1239 cogitationem,
1509 1165 1756 1236 quamvis

190 1260 404 1330 turpiter
446 1268 760 1313 nascentem
784 1299 799 1321 ,
855 1259 992 1313 celet
1037 1258 1236 1313 seniori
1286 1272 1384 1312 suo
1429 1254 1755 1311 verecundia

191 1349 407 1405 faciente
448 1367 570 1421 quae
612 1349 855 1405 confusio
898 1349 1199 1420 periculosa
1249 1355 1335 1403 est
1380 1348 1594 1402 animae.
1650 1345 1757 1400 Sed

190 1458 305 1496 mox
326 1482 339 1507 ,
373 1447 432 1495 ut
458 1453 479 1481 ο
506 1451 702 1496 exorta:
741 1440 943 1496 fuerint
980 1442 1369 1512 cogitationes,
1407 1454 1505 1494 suo
1535 1453 1630 1493 eas
1658 1451 1758 1507 pu-

186 1530 341 1586 blicet
363 1532 585 1597 seniori,
614 1546 683 1587 ne
713 1547 812 1586 suo
840 1530 1043 1601 aliquid
1067 1531 1297 1601 judicio,
1320 1530 1404 1585 vel
1432 1528 1758 1585 discretione

187 1624 518 1677 committat:
555 1624 649 1678 sed
676 1623 804 1677 illud
834 1622 1022 1677 credat
1048 1621 1250 1676 malum
1278 1635 1398 1675 esse
1424 1620 1507 1673 vel
1534 1620 1755 1685 bonum,

185 1714 322 1783 quod
346 1708 575 1769 senioris
592 1712 796 1783 judicio
822 1712 988 1768 fuerit
1012 1712 1314 1768 deﬁnitum.
1348 1711 1465 1765 Non
1493 1713 1640 1767 enim
1664 1727 1788 1782 po-,

187 1805 308 1859 terit
352 1806 598 1861 diabolus
647 1806 1044 1861 circumvenire
1090 1806 1174 1861 vel
1226 1804 1462 1873 dejicere
1506 1804 1761 1874 juvenem

185 1898 535 1965 monachum,
578 1898 679 1952 nisi
719 1912 845 1953 eum
886 1912 1047 1967 quem
1080 1898 1275 1952 viderit
1314 1907 1408 1951 aut
1444 1913 1543 1968 per
1572 1913 1762 1968 super-

182 1984 343 2047 biam,
376 1996 470 2042 aut
495 2003 594 2059 per
615 1986 999 2042 verecundiam
1027 2002 1154 2041 suas
1181 1987 1534 2058 cogitationes
1562 1988 1761 2043 seniori

183 2077 375 2133 celare.
422 2077 555 2132 Nam
586 2079 867 2133 evidenter
895 2076 1216 2132 diabolicam
1251 2077 1632 2148 cogitationem
1662 2078 1761 2132 Pa-

183 2176 296 2223 tres
314 2183 431 2224 esse
451 2169 734 2235 dixerunt;
764 2183 926 2238 quam
941 2168 1128 2238 junior
1146 2169 1345 2224 seniori
1367 2168 1394 2207 ἀ
1416 2167 1763 2223 confunditur

181 2261 410 2329 aperire.

324 2353 350 2425 ᾗ
388 2354 519 2410 VIII.
554 2385 626 2397 —
660 2355 740 2410 Ex
777 2356 999 2411 Rscnu
1035 2355 1298 2411 MAGISTRI
1335 2353 1475 2426 (cap.
1506 2353 1616 2426 15).

259 2445 553 2513 °Fratres,
597 2460 726 2503 tunc
757 2450 891 2502 rami
931 2449 1144 2504 arboris
1180 2448 1366 2502 mundi
1405 2456 1564 2513 sunt,
1607 2449 1651 2501 si
1689 2446 1758 2500 li-

180 2551 344 2608 gnum
373 2536 488 2607 ejus
516 2552 547 2591 a
577 2539 756 2594 radice
784 2546 1063 2610 purgetur.
1112 2538 1221 2594 Nec
1248 2540 1391 2594 enim
1418 2540 1641 2610 dignum
1675 2548 1760 2595 est

177 2627 444 2682 mundatis
472 2627 605 2683 foris
635 2628 654 2668 ί
683 2630 874 2701 regiis,
917 2631 1062 2686 intus
1089 2631 1359 2701 inquinari
1391 2630 1466 2685 de
1486 2630 1755 2685 sontibus.

179 2714 291 2771 Sed
318 2717 573 2774 decenter
596 2718 848 2785 efﬁcitur,
888 2722 934 2776 si
963 2722 1029 2777 de
1058 2722 1201 2777 intus
1228 2721 1373 2777 foras
1398 2721 1568 2791 ejecta
1599 2721 1758 2777 sorde

166 2807 287 2878 jam
312 2816 422 2863 tum
447 2810 663 2866 demum
687 2819 741 2867 et
763 2811 907 2868 fores
929 2810 1078 2884 juste
1101 2802 1443 2869 mundentur.
1476 2813 1593 2868 Non
1613 2813 1759 2869 enim

172 2915 363 2956 secura
398 2913 624 2972 possunt
652 2920 775 2960 esse
817 2908 841 2946 ε
864 2905 1066 2961 fossata
1088 2948 1102 2972 ,
1142 2906 1235 2961 ubi
1274 2908 1419 2961 intus
1445 2915 1530 2961 est
1560 2906 1754 2962 hostis.

173 2991 350 3048 Simul
379 3003 432 3050 et
460 3008 616 3066 porta
648 2999 900 3054 clausura
933 3015 1028 3054 sua
1058 3001 1271 3071 captiva
1309 3009 1393 3055 est
1415 3041 1429 3066 ,
1481 3000 1568 3055 ubi
1618 2998 1759 3054 muri

172 3098 288 3138 non
338 3086 642 3157 repellunt,
695 3091 788 3145 sed
838 3090 1106 3146 inclusum
1162 3092 1400 3147 retinent
1454 3091 1753 3146 inimicum.

170 3172 313 3229 Nam
348 3186 403 3232 et
434 3180 630 3235 vulnus
667 3181 891 3239 ebullire
932 3184 1081 3238 novit
1126 3184 1389 3254 repletum
1431 3184 1754 3255 putredine,

170 3268 284 3324 nisi
313 3271 647 3340 exprimatur
674 3282 729 3329 et
757 3274 824 3330 de
851 3291 916 3331 eo
945 3274 1109 3333 fuerit
1138 3277 1317 3332 sanies
1346 3275 1521 3345 ejecta
1553 3278 1759 3332 extrin-

168 3379 354 3428 secus,
376 3371 433 3419 et
452 3366 479 3406 ιι
497 3366 565 3422 de
589 3367 736 3438 ipsas
758 3368 1071 3439 operatione
1092 3376 1372 3441 purgetur,
1401 3370 1561 3425 altius
1581 3379 1760 3440 potest

166 3469 331 3510 suam
364 3471 559 3513 cavare
595 3460 878 3515 malitiam.
932 3460 1049 3515 Hoc
1084 3476 1213 3532 ergo
1251 3470 1307 3515 et
1338 3476 1437 3516 nos
1468 3462 1534 3516 de
1569 3473 1758 3519 nostra

253 3603 280 3631 ει
306 3590 694 3667 Exercitatione
733 3597 909 3652 idonei
949 3598 1137 3667 operis.
1177 3596 1324 3666 Opus
1362 3598 1612 3653 manuale
1646 3614 1758 3654 non

164 3678 381 3737 parum
404 3665 612 3721 confert
639 3668 705 3723 ad
740 3665 1068 3723 tentationcs
1110 3667 1419 3737 abigendas.
1471 3669 1624 3724 Unde
1654 3670 1762 3724 Re-

164 3732 300 3803 gula
330 3732 547 3791 Macarii
583 3746 637 3792 et
668 3739 897 3794 aliorum
934 3732 1295 3795 abbatum'ait
1322 3756 1334 3790 :
1371 3757 1389 3788 ς
1421 3736 1573 3805 Quod
1601 3740 1645 3793 si
1678 3740 1762 3795 in—

164 3805 369 3887 ﬁrmus
394 3814 477 3860 est
504 3808 685 3887 animo
713 3809 1016 3881 bujusmodi
1046 3807 1232 3873 frater,
1265 3819 1478 3878 oportet
1505 3825 1628 3864 eum
1657 3809 1764 3866 fre-

162 3880 431 3947 quentius
454 3880 689 3947 operari.
722 3899 741 3932 ›

247 3944 279 3984 b
306 3944 453 4020 Illud
478 3944 600 4020 ante
627 3951 820 4005 omnia.
858 3948 984 4006 Haec
1010 3958 1222 4020 sumpta
1249 3957 1376 4005 sunt
1403 3964 1468 4004 ex
1499 3949 1761 4006 Cassiano

162 4015 273 4096 lib.
301 4032 357 4096 t_v
395 4018 807 4096 de__In_stitutis,_
846 4037 972 4096 capL
995 4022 1047 4096 ll.
1105 4015 1247 4096 Idem
1281 4022 1437 4096 do_c_et
1470 4020 1762 4079 Cassianus

159 4087 418 4161 ejusdgm
449 4088 717 4161 libriicap.
740 4094 829 4155 57,
858 4087 1069 4147 ρι’(ἒοιι.
1105 4091 1161 4155 2,
1189 4108 1307 4161 cap.
1337 4092 1422 4144 10.
1543 4108 1552 4117 ·

194 4156 539 4282 ἀζειΕπονιιε.
579 4156 692 4216 Hoc
718 4162 1037 4218 vocabulum
1066 4163 1236 4232 adjeci
1256 4156 1329 4216 ex
1356 4162 1494 4217 libro
1516 4161 1762 4218 Cassiani

242 4244 258 4280 ι
291 4242 345 4281 o.

155 4236 345 4283 edito.

156 4368 204 4424 s
239 4296 678 4424 d_C;>nfunditur.
731 4302 789 4359 Id
826 4311 941 4370 est,
983 4303 1286 4367 erubescit,
1332 4317 1474 4374 saepe
1514 4302 1567 4356 in
1607 4317 1762 4357 sacra

206 4384 338 4424 crio
368 4387 483 4424 ιιι-ει.

206 4380 483 4438 emptura.

248 4451 277 4517 ξ
324 4440 567 4517 ιζναςνεε.
621 4444 880 4517 Reperire
921 4454 1006 4501 est
1043 4445 1098 4501 in
1138 4442 1342 4515 Regula
1375 4458 1480 4498 ms.
1518 4442 1762 4514 Magistri

153 4509 298 4588 coci.
326 4510 520 4588 Cori)"
550 4509 740 4588 eodem
774 4518 972 4588 capite.

248 4578 272 4619 ἲ
318 4578 760 4658 Regiisuﬂegiaa
800 4578 928 4643 sunt
976 4586 1142 4652 fores,
1190 4587 1401 4658 januaz,
1435 4590 1628 4654 portze.
1685 4584 1762 4639 De

149 4666 286 4721 quo
312 4655 580 4711 vocabqu
608 4655 789 4712 infra.

243 4725 276 4762 8
312 4722 621 4782 Fossatum.
668 4728 955 4784 Fossatum
994 4735 1077 4784 est
1118 4727 1264 4782 fossa
1304 4727 1549 4781 ambiens
1578 4739 1762 4780 muros

58 4797 71 4803 ’
150 4792 354 4869 urbis,
390 4805 483 4869 aut
512 4798 627 4869 agri
654 4809 746 4852 aut
772 4801 962 4869 domus
982 4840 995 4863 ,
1035 4808 1127 4852 aut
1152 4797 1294 4852 arcis
1321 4796 1756 4869 propugnacula;

143 4862 407 4939 Gallice,
437 4862 593 4937 fossZ.
643 4869 848 4925 Glosste
872 4862 1060 4939 Cyrilli
1100 4862 1373 4939 {Tappo}.
1401 4862 1565 4939 fossa,
1590 4882 1758 4939 sepes,

144 4934 460 5012 fossatum.
506 4939 762 5012 Yegetjns
798 4934 999 5012 Iib.'tv
1033 4939 1096 4993 de
1122 4938 1200 4992 Re
1233 4934 1470 5012 Militari,
1489 4950 1617 5012 cap.
1648 4936 1756 5012 Io":

152 5024 177 5056 ι
215 5004 487 5079 Civitatis
513 5004 795 5077 fossatum,
833 5011 997 5064 etiam
1029 5008 1330 5079 apportatis
1358 5006 1662 5079 lapidibus.
1689 5004 1758 5059 li-

140 5076 299 5150 gnis
350 5086 448 5132 ant
493 5087 662 5147 terra,
714 5075 821 5136 non
873 5075 1762 5150 solum'complent.L»:Signilicat

139 5147 348 5200 etiam
378 5151 697 5228 exercitum.
730 5150 1128 5228 Moschopulus,
1163 5147 1279 5228 ῐιέρί
1302 5147 1530 5228 suam,
1554 5147 1763 5228 φφςςά-

135 5239 282 5282 τον,
320 5224 571 5290 στρατὸς,
611 5223 663 5277 id
687 5233 790 5289 est,
829 5216 1087 5278 fossatum
1107 5262 1121 5286 ,
1151 5216 1454 5290 exercitus.
1484 5216 1762 5290 et_S_uidas

136 5302 306 5341 mox
333 5286 604 5347 citandus.
656 5286 901 5348 Sumitur
928 5293 1091 5347 etiam
1130 5306 1235 5361 pro
1268 5289 1481 5361 castris.
1524 5286 1757 5361 Snidas:

130 5365 465 5431 φοσσάτον,
501 5363 527 5417 ὃ
552 5368 791 5439 ’στρατὸς
810 5406 824 5429 ,
854 5366 912 5421 τὸ
955 5356 1303 5439 σξρεετῦπιεδογ
1321 5402 1334 5423 ,
1364 5360 1419 5439 id
1446 5366 1553 5419 θεῖν
1579 5356 1761 5439 [ῼξεὲς

137 5428 329 5494 ium,
384 5428 691 5499 exercitus,
739 5428 936 5489 castra.
979 5428 1150 5486 Rufus
1186 5433 1237 5485 in
1277 5430 1483 5500 legibus
1521 5428 1766 5500 militari:

130 5502 276 5574 bus
311 5513 327 5552 :
370 5520 391 5551 ‹
422 5502 479 5555 Si
508 5496 715 5561 fossato
740 5507 914 5559 adhuc
940 5506 1152 5574 integro
1181 5500 1302 5572 fuga
1330 5496 1498 5574 βίξνίίε
1523 5496 1608 5550 vel
1630 5497 1764 5574 i‘clei

131 5569 354 5645 potius
388 5574 666 5641 acciderit,
699 5587 750 5629 et
774 5575 972 5630 milites
1001 5567 1264 5645 in'fugani
1294 5567 1421 5645 acti,
1452 5585 1551 5623 nec
1578 5567 1644 5621 ad
1673 5567 1767 5621 de-

129 5640 436 5716 fensores
472 5648 843 5711 cucurrerint,
873 5660 975 5700 nec
1006 5645 1074 5699 ad
1104 5640 1276 5716 ipsum
1312 5641 1568 5697 fossatum
1601 5653 1660 5693 se
1686 5654 1769 5692 re-

126 5714 455 5780 ceperint,
482 5724 590 5770 etc.
615 5738 632 5769 ι
780 5736 785 5739 ·
1124 5714 1133 5716 ⁷
1294 5754 1297 5755 ν

234 5781 279 5824 ιι
324 5782 413 5839 De
439 5787 580 5858 ipsas
623 5788 938 5855 operatione.
977 5786 1040 5844 In
1079 5784 1201 5843 cod.
1242 5782 1401 5839 Vind.
1434 5781 1665 5855 legitur:
1707 5781 1771 5837 de

1854 522 2284 594 projicere'quod
2311 522 2363 575 in
2384 536 2610 591 corpore
2633 519 2881 574 nolumus
2907 516 3173 587 bajulare,
3192 519 3436 577 dicentes

1853 616 2255 685 nobismetipsis
2279 634 2291 668 :
2325 614 2465 681 Quid
2495 622 2641 669 taces
2669 612 2869 678 anima,
2897 621 2953 667 et
2980 627 3086 665 non
3112 612 3353 682 erumpis
3380 613 3436 667 in

1855 722 2018 771 voce,
2058 716 2114 760 et
2147 706 2345 761 mentis
2376 714 2479 760 tuae
2509 706 2733 777 exponis
2765 704 3012 761 ardorem
3031 747 3046 772 ,
3084 713 3140 761 et
3169 706 3342 777 ejecto
3370 707 3437 762 de

1856 798 2001 852 intus
2030 798 2146 867 ipso
2175 799 2385 853 fervore
2411 797 2661 861 malitiae,
2691 805 2917 868 prmstes
2949 796 3185 868 fatigatae
3215 795 3440 867 refrige-

1855 889 1998 945 rium
2044 890 2323 960 passioni?
2378 890 2521 960 Ergo
2569 904 2691 943 cum
2735 887 2896 942 alicui
2944 886 3113 959 fratri
3142 887 3438 957 cogitatum

1854 980 2057 1037 malum
2101 981 2156 1035 in
2198 981 2360 1035 corde
2406 980 2704 1045 advenerit,
2738 980 2754 1019 ί
2784 986 2839 1034 et
2867 979 3099 1033 senserit
3145 993 3202 1033 se
3242 976 3439 1034 exinde

1855 1069 2148 1135 ﬂuctuari,
2199 1071 2381 1125 statim
2432 1071 2544 1126 suis
2591 1071 2697 1125 hoc
2732 1060 3047 1139 .przrpositis
3082 1067 3337 1133 fateatur,
3384 1074 3441 1122 et

1857 1178 1981 1217 mox
2012 1163 2257 1217 oratione
2286 1161 2425 1216 facta
2454 1162 2703 1216 nuntient
2731 1162 2834 1215 hoc
2862 1162 3033 1229 ipsum
3064 1161 3263 1215 abbati.
3302 1158 3439 1214 Nam

1856 1253 1960 1323 ipsi
2010 1252 2287 1323 praepositi
2336 1252 2441 1306 hoc
2489 1252 2662 1321 ipsum
2709 1250 2858 1314 ultro
2901 1266 3115 1320 semper
3140 1247 3372 1305 debenti
3408 1264 3441 1303 a

1858 1346 2125 1415 susceptis
2155 1345 2269 1399 suis
2297 1345 2624 1413 exquirere:
2663 1359 2730 1398 ne
2756 1332 2911 1398 forte
2956 1351 3052 1397 aut
3096 1341 3442 1411 simplicitate

1838 1437 2240 1506 quorumdam,
2271 1444 2365 1489 aut
2392 1443 2538 1490 certe
2565 1436 2680 1505 ipsa
2710 1432 3035 1489 verecundia
3066 1432 3330 1488 malorum
3361 1431 3442 1486 fa-

1858 1530 2036 1585 ciente
2055 1572 2069 1596 ,
2101 1546 2190 1585 res
2208 1546 2405 1601 pravas
2426 1544 2489 1584 ac
2509 1538 2695 1599 turpes
2714 1528 2934 1583 fratrem
2954 1529 3152 1599 pudeat
3170 1527 3436 1583 confiteri.

1861 1620 1967 1676 Sed
2003 1637 2125 1676 cum
2156 1622 2297 1675 ultro
2320 1622 2346 1660 k
2372 1637 2536 1677 ausus
2564 1622 2734 1692 magis
2765 1637 2796 1674 a
2824 1622 3084 1690 magistro
3110 1621 3437 1691 acceperint,

1855 1711 1969 1782 jam
2015 1713 2337 1768 tiducialiter
2384 1715 2500 1769 sine
2545 1698 2869 1769 verecundia
2919 1713 3442 1782 indicentlcogitata

1787 1786 1836 1846 Β
1861 1808 2089 1877 peccati.
2129 1806 2280 1873 Quod
2310 1815 2366 1861 et
2393 1808 2493 1877 ipsi
2522 1808 2811 1878 prtepositi,
2840 1817 2896 1862 et
2925 1808 2969 1863 si
3002 1808 3113 1878 ipsi
3132 1809 3234 1862 hoc
3257 1822 3442 1864 sense-

1860 1898 2009 1963 rint,
2060 1897 2302 1952 referant
2328 1906 2384 1952 et
2413 1898 2477 1952 de
2512 1914 2570 1953 se
2598 1899 2799 1956 abbati.
2851 1897 2985 1953 Nam
3018 1906 3073 1953 et
3101 1899 3215 1968 ipse
3248 1897 3439 1967 Major,

1860 2003 1984 2043 cum
2011 1987 2078 2040 de
2110 2002 2169 2041 se
2199 1986 2304 2041 hoc
2331 1987 2593 2053 senserit,
2633 1995 2780 2056 petat
2811 1988 2864 2041 in
2891 1988 3128 2042 oratorio
3158 2002 3189 2041 a
3219 2003 3442 2058 congre-

1859 2080 2074 2150 gatione
2102 2079 2353 2133 universa
2383 2095 2482 2149 pro
2511 2095 2570 2134 se
2594 2078 2791 2134 debere
2818 2081 2985 2135 orari.
3037 2081 3179 2151 Ergo
3213 2096 3337 2135 cum
3375 2082 3442 2136 de

1860 2168 2041 2238 aliquo
2071 2167 2239 2223 fratre
2278 2170 2582 2223 nuntiatum
2617 2168 2777 2223 fuerit
2814 2186 2843 2224 a
2882 2171 3187 2240 praeposrtis
3224 2171 3439 2237 abbati,

1860 2268 2121 2315 convocet
2156 2274 2277 2313 mox
2314 2260 2619 2314 universam
2658 2248 3133 2331 congregationem
3157 2303 3171 2327 ,
3212 2269 3265 2317 et
3299 2262 3442 2317 dicat

1858 2351 2111 2407 omnibus
2158 2351 2362 2406 abbas:
2403 2351 2616 2416 Venite,
2641 2353 2867 2419 fratres,
2894 2354 3301 2419 ,subveniamus
3344 2370 3445 2425 per

1859 2443 2204 2498 dilectionem
2249 2444 2479 2506 invicem
2520 2444 2674 2498 nobis
2703 2445 2840 2513 apud
2871 2444 3187 2511 Dominum,
3232 2446 3444 2511 dicente

1858 2534 2153 2605 Apostolo:
2196 2533 2445 2599 Fratres,
2492 2545 2541 2588 et
2580 2535 2624 2589 si
2665 2547 3059 2606 prwoccupatus
3089 2537 3248 2605 fuerit
3283 2535 3443 2605 1quis

1857 2626 1911 2679 in
1943 2625 2120 2696 aliqua
2151 2625 2363 2692 delicto,
2393 2642 2479 2680 ros
2523 2627 2612 2696 qui
2655 2626 2920 2696 spiritales
2959 2628 3106 2691 estis,
3135 2640 3172 2667 ιη
3199 2629 3445 2699 corripite

1858 2718 2117 2789 ejusmodi
2138 2719 2193 2773 in
2211 2718 2399 2789 spiritu
2417 2728 2443 2755 υ
2466 2719 2903 2786 mansuetudinis,
2929 2726 2953 2754 ο
2975 2718 3319 2773 consulamini
3346 2736 3443 2790 pu—

1858 2809 2183 2877 sillanimes,
2233 2809 2571 2863 considerans
2618 2810 2877 2879 teipsum,
2932 2827 2995 2865 ne
3035 2819 3083 2864 et
3130 2820 3186 2865 tu
3230 2812 3443 2887 tenteris

1862 2896 2121 2969 (Cal.vt).
2150 2898 2249 2952 Et:
2281 2908 2306 2947 Ρ
2327 2897 2403 2951 Tu
2425 2899 2513 2969 qui
2538 2907 2667 2963 stas,
2693 2900 2824 2963 vide,
2879 2917 2940 2955 ne
2965 2901 3125 2955 cadas
3144 2901 3197 2973 (I
3220 2902 3341 2957 Cor.
3361 2901 3441 2974 χ).

1859 2992 2003 3063 Ergo
2043 2993 2328 3047 unanimes
2375 3008 2473 3062 pro
2521 2993 2625 3048 hoc
2672 2992 2841 3048 fratre
2886 3002 3072 3048 nostro
3114 2980 3333 3050 oremus
3376 2994 3446 3051 ad

1862 3086 2184 3152 Dominum,
2228 3094 2287 3141 ut
2323 3086 2574 3156 dignetur
2605 3086 2658 3140 in
2696 3102 2762 3141 eo
2799 3102 2921 3141 eum
2961 3087 3238 3159 signaculo
3266 3088 3446 3143 crucis

1862 3194 1973 3234 sum
2002 3178 2086 3233 vel
2112 3178 2356 3248 jussione
2381 3188 2408 3227 (ι
2436 3178 2771 3247 poenitentia:
2806 3195 2918 3235 suae
2952 3179 3151 3235 diaboli
3183 3181 3441 3236 tentatio-

1860 3286 1958 3325 nes
1986 3285 2354 3339 compescere.
2400 3269 2534 3324 Cum
2566 3285 2695 3340 ergo
2726 3286 2825 3340 pro
2853 3286 2917 3325 eo
2946 3270 3015 3325 ab
3042 3268 3292 3325 omnibus
3321 3271 3442 3324 diu-

1859 3362 2068 3417 tissime
2088 3372 2302 3417 oratum
2331 3361 2518 3426 fuerit,
2546 3372 2567 3398 τ
2585 3377 2812 3432 surgens
2840 3364 3007 3417 abbas
3033 3376 3153 3416 cum
3166 3360 3442 3428 omnibus,

1863 3466 1885 3493 ι
1913 3462 1967 3509 et
1994 3454 2299 3523 complens,
2346 3468 2470 3507 mox
2503 3445 2747 3507 exientes
2788 3452 2983 3524 singuli
3024 3469 3159 3523 opus
3193 3452 3337 3522 quod
3364 3451 3447 3506 fa-

1859 3590 1975 3659 ipsa
2020 3591 2351 3660 operatione;
2388 3588 2550 3643 male.
2576 3588 2741 3660 Lege,
2784 3595 2844 3660 ut
2875 3588 2927 3642 in
2963 3587 3167 3660 Regula
3198 3604 3298 3644 ms.
3342 3588 3447 3643 Ma-

1861 3661 2016 3729 gistri
2044 3658 2060 3714 ἑ
2110 3659 2187 3712 De
2218 3662 2332 3728 ipsa
2361 3676 2572 3730 suppur.
2598 3659 2757 3712 tione.
2810 3658 3137 3728 Suppuratio
3176 3669 3261 3713 est
3294 3660 3446 3729 puris

1863 3728 1956 3784 Seu
1980 3731 2152 3785 saniei
2182 3728 2480 3800 expressio.
2524 3728 2836 3799 Suppurare
2864 3738 2948 3784 est
2978 3746 3077 3799 pus
3111 3745 3206 3785 seu
3235 3728 3446 3787 saniem

1862 3802 2185 3871 exprimere.

1941 3870 1958 3912 ὶ
2005 3871 2072 3926 Et
2112 3889 2166 3926 se
2205 3871 2425 3927 senserit
2460 3871 2648 3926 exinde
2685 3872 2953 3941 ﬂuctuari.
3017 3870 3154 3925 Nota
3178 3887 3273 3927 eas
3301 3872 3446 3929 solas

1863 3943 2219 4013 cogitationes
2245 3943 2416 3997 malas
2439 3983 2453 4007 ,
2507 3958 2626 4011 qua:
2661 3957 2767 4015 nos
2786 3951 3125 4015 premuntac
3155 3951 3347 4015 urgent
3376 3945 3446 3999 ad

1863 4028 2183 4070 consensum
2210 4015 2421 4084 peccati
2445 4029 2565 4068 esse
2592 4014 2772 4069 abbati
2805 4014 3158 4084 retegendas;
3183 4014 3289 4070 nOn
3312 4030 3446 4070 vero

1863 4100 1958 4139 eas
1980 4101 2100 4154 qua:
2125 4086 2287 4140 simul
2315 4101 2379 4139 ac
2411 4094 2551 4138 nata:
2575 4094 2719 4154 sunt,
2748 4085 2967 4138 abeunt.

1938 4154 1950 4204 i
1998 4153 2041 4209 Α
2089 4156 2340 4227 susceptis
2382 4154 2511 4210 suis.
2565 4153 2810 4226 Suscepti
2856 4163 2984 4211 sunt
3014 4156 3268 4212 monachi
3303 4157 3446 4225 apud

1863 4225 2180 4281 Cassianum
2207 4225 2430 4296 passim.

1936 4297 1964 4367 If
1999 4298 2171 4351 Ausus
2195 4299 2381 4367 magis.
2418 4299 2474 4361 Id
2495 4308 2597 4361 est,
2623 4299 2883 4366 majorem
2911 4297 3214 4352 audaciam.

1943 4364 1962 4445 ξ
2006 4367 2241 4445 Quis._ln
2282 4364 2431 4423 textu
2458 4369 2664 4445 Graeco,
2693 4364 2985 4445 ἅνθρωπος,
3029 4368 3083 4421 id
3119 4374 3221 4429 est,
3254 4366 3441 4431 homo,

1865 4445 1925 4492 ut
1950 4437 2003 4491 in
2034 4439 2284 4492 versione
2308 4440 2602 4493 communi.

1787 4505 1841 4566 D
1937 4520 1977 4547 ω
2004 4505 2284 4576 Corripite.
2322 4507 2379 4561 In
2404 4510 2653 4563 versione
2682 4507 2979 4572 communi,
3010 4507 3269 4561 instruile.

1938 4589 1966 4616 ιι
2008 4575 2450 4631 Μαηέιιειηάὶηἱσ.
2495 4578 2553 4632 1η
2580 4579 2833 4633 versione
2857 4577 3159 4640 communi,
3189 4575 3441 4632 lenitatis.

1939 4656 1963 4685 ο
2000 4646 2360 4703 Consolamini
2410 4649 2795 4718 pusillanimes.
2872 4648 2997 4705 Haec
3035 4648 3202 4705 verba
3259 4647 3442 4703 addita

1865 4728 1992 4775 sunt
2016 4735 2047 4790 a
2072 4718 2346 4790 Magistro.

1939 4802 1965 4841 ρ
2006 4789 2082 4843 Tu
2104 4788 2193 4860 qui
2217 4801 2348 4854 stas,
2375 4798 2479 4845 etc.
2513 4790 2533 4844 I
2558 4789 2682 4846 Cor.
2714 4808 2748 4845 x
2778 4790 2833 4845 in
2857 4790 3109 4846 versione
3133 4788 3439 4845 communi:

1863 4861 1969 4987 gui
1994 4877 2048 4916 se
2074 4860 2333 4915 existimat
2361 4871 2522 4927 stare,
2568 4862 2737 4917 rideat
2783 4878 2846 4916 ne
2879 4862 3060 4925 cadat.
3089 4860 3162 4916 Ut
3203 4860 3257 4914 in
3288 4865 3445 4914 textu

1914 4946 2072 4987 raeco.

1914 4946 2072 4987 1⁸300.

1937 5013 1965 5053 (ι
2006 4999 2352 5073 Ρωηίιεηιὶίε.
2386 5001 2541 5073 Leg.,
2572 5004 2836 5073 potentia',
2870 5009 2931 5055 ut
2957 5000 3161 5073 Regula
3191 5015 3296 5055 ms.

1942 5082 1966 5111 ι’
2007 5071 2235 5141 Surgens
2262 5072 2441 5126 abbas.
2472 5070 2579 5127 Est
2608 5073 2975 5128 nominativus
3016 5070 3294 5127 absolutus
3322 5070 3443 5127 loco

1870 5142 2090 5213 ablativi
2117 5143 2251 5196 satis
2273 5141 2566 5213 familiaris
2595 5144 2695 5213 ipsi
2718 5144 2993 5213 Magistro.

1943 5225 1964 5252 ε
2007 5212 2074 5265 Et
2112 5211 2393 5282 complens.
2441 5212 2497 5268 Id
2524 5211 2636 5277 est,
2669 5211 2985 5277 collectam,
3018 5226 3111 5265 seu
3137 5214 3442 5269 orationem

1873 5283 2081 5346 dicens,
2109 5292 2167 5336 ut
2205 5283 2491 5352 loquimur,
2521 5300 2613 5339 seu
2637 5284 2980 5337 concludens.
3009 5282 3090 5337 Ita
3127 5283 3358 5340 habetur
3387 5285 3444 5339 in

1874 5355 2031 5423 epist.
2064 5353 2121 5408 S.
2155 5353 2441 5425 Epiphanii
2472 5355 2539 5407 ad
2570 5353 2726 5408 Joan.
2765 5352 3118 5425 Hierosolym.
3177 5372 3197 5406 ι
3217 5354 3445 5423 Quando

1870 5434 2048 5478 autem
2085 5424 2413 5496 complentus
2440 5425 2767 5496 orationeid
2783 5424 3081 5496 secundani
3122 5425 3284 5480 ritum
3328 5439 3447 5496 my-

1870 5492 2224 5549 SIeriorumJ
2274 5495 2391 5548 Lib.
2442 5510 2499 5547 Ill
2551 5495 2685 5548 Dial.
2737 5492 3108 5566 S.7Gregorii,
3164 5511 3283 5566 cap.
3331 5492 3439 5550 I7:

1875 5585 1893 5618 ε
1923 5566 2165 5635 Cumque
2193 5566 2282 5619 diu
2321 5573 2607 5629 orassent,
2659 5565 2927 5634 complere
2975 5565 3273 5621 orationem
3300 5566 3446 5634 Qua-

1871 5637 2232 5701 dragesimum
2269 5636 2653 5690 subdiaconum
2694 5651 2882 5691 servus
2919 5636 3012 5691 Dei
3050 5636 3218 5703 jubet.
3251 5658 3269 5690 ι
3335 5638 3446 5692 Ru-

1872 5709 2011 5777 perti
2064 5708 2154 5760 lib.
2200 5722 2215 5759 ι
2261 5708 2328 5760 de
2354 5706 2566 5779 Divinis
2590 5706 2811 5779 Olliciis,
2856 5722 2973 5779 cap.
3002 5708 3103 5763 I9:
3143 5727 3160 5758 ι
3190 5708 3444 5763 Collectae

1874 5776 1992 5849 quae
2021 5779 2275 5834 dicuntur
2299 5777 2369 5835 ad
2394 5776 2793 5851 complendum,
2820 5776 3093 5835 orationes
3116 5780 3354 5836 sedentis
3382 5779 3441 5839 in
