3952 6314
166 277 263 334 855

1104 264 1490 324 CONCORDIA
1526 264 1983 323 REGULARUM.
2024 294 2094 305 —
2131 264 2285 321 CAP.
2326 262 2438 320 XV.

3200 265 3408 324 ‘854

166 393 326 463 xxxx).
381 401 408 430 ι
460 387 731 455 Quantum
771 381 914 439 valet
939 398 1076 453 pura
1099 389 1153 437 et
1178 397 1285 436 non
1325 380 1479 436 tarda
1510 381 1723 437 confes—
1747 380 1797 442 A
1827 385 1935 433 tem
1972 379 2277 450 deliquerit,
2325 387 2448 450 post
2467 378 2761 434 secundam
2789 393 2885 448 per
2904 377 3293 435 confessionem
3321 395 3412 435 cu-

120 520 125 523 »
168 485 277 548 sio,
328 489 389 536 ut
440 481 520 535 sic
580 493 770 535 secura
819 492 938 532 eam
988 477 1348 545 subsequatur
1400 475 1725 545 impetratio.

170 579 195 619 ιι
214 573 490 631 Confessus
520 588 600 638 se,
623 580 681 626 ut
726 569 1027 625 facinorum
1053 569 1248 623 molem
1281 568 1505 638 pelleret
1543 569 1607 622 de
1648 583 1726 621 se.

171 668 259 737 Qui
292 666 551 737 ingemuit
577 664 905 728 confitendo,
951 674 974 702 ο
1002 662 1320 735 glorificavit
1358 661 1731 717 remissionem

170 758 495 829 recipiendo;
528 755 759 813 dolendo
798 756 1055 825 patefecit
1077 754 1305 819 crimen,
1335 754 1513 809 dando
1552 752 1733 807 redin-

162 849 385 921 .tegravit
409 863 581 919 spem.
639 846 756 901 Non
803 846 945 900 enim
974 846 1251 915 praecessit
1301 846 1415 915 Spei
1459 844 1732 908 fiduciam,

170 941 283 1011 quia
307 939 705 994 memineratse
727 937 854 991 olim
881 951 979 1005 per
1003 935 1265 1005 Spiritum
1302 943 1547 989 sanctum
1578 951 1606 987 a
1629 934 1735 989 Do-

170 1032 309 1093 mino
325 1029 656 1085 illuminatus
678 1028 910 1086 dixisse:
942 1027 1080 1094 Quia
1109 1027 1249 1096 apud
1284 1036 1333 1080 te
1360 1036 1434 1080 est
1484 1025 1734 1096 propitia-

174 1123 256 1187 tio,
282 1130 330 1177 et
355 1130 566 1192 propter
590 1120 751 1191 legem
777 1128 920 1173 tuam
948 1119 1175 1173 sustinui
1206 1127 1273 1184 te,
1313 1116 1537 1171 Domine
1558 1115 1730 1187 (Psal.

174 1211 363 1284 eam).
418 1211 487 1266 Et
514 1211 756 1266 iterum:
798 1209 923 1282 quia
978 1210 1118 1280 apud
1143 1209 1425 1263 Dominum
1471 1208 1497 1247 δ
1526 1209 1734 1262 miseri-

176 1304 342 1360 cordia
382 1312 478 1367 est,
520 1311 571 1356 et
608 1303 835 1373 copiose
863 1300 1004 1372 apud
1040 1318 1157 1355 eum
1207 1300 1488 1372 redemptio
1522 1299 1732 1372 (Ibid.).

176 1392 312 1464 Apud
327 1394 486 1463 quem
515 1392 947 1449 misericordiam
978 1407 1274 1463 perennem
1308 1392 1570 1463 agnoscit,
1596 1390 1735 1461 apud

177 1500 286 1541 eum
309 1486 583 1555 copiosam
610 1493 666 1541 et
684 1486 1130 1555 redemptionem.
1174 1484 1489 1552 Quaeramus
1510 1500 1638 1556 ergo
1664 1484 1738 1540 ibi

174 1575 606 1641 misericordiam,
632 1576 722 1631 ubi
748 1576 1168 1647 redemptionem
1202 1591 1424 1631 manere
1448 1574 1561 1644 jam
1589 1576 1739 1630 novi-

174 1684 287 1723 mus
315 1669 611 1739 copiosam.
656 1668 877 1723 Crescat
901 1669 1054 1722 dolor
1076 1677 1197 1737 post
1225 1652 1455 1732 ruinam,
1490 1678 1549 1723 ut
1570 1666 1739 1737 culpae

1834 472 2061 525 randum
2110 480 2195 526 est
2239 472 2468 540 expiari.
2529 469 2801 542 Quidquid
2855 485 2985 526 vero
3029 470 3222 525 diurno
3262 478 3410 534 actu,

1831 565 1917 619 vel
1953 566 2093 629 visu,
2122 565 2328 630 auditu,
2358 565 2593 635 cogitatu
2623 564 2942 635 tepescendo
2984 562 3230 632 deliquit,
3256 577 3413 616 nonae

1831 659 1979 712 horae
1993 656 2206 728 expleto
2229 672 2408 720 cursu,
2429 665 2777 728 utpurgetur,
2794 656 3126 723 censendum
3149 661 3252 709 est.
3285 650 3416 706 Post

1832 766 1962 805 vero
1991 750 2248 820 quidquid
2272 750 2339 805 ab
2360 750 2493 823 hora
2509 766 2647 805 nona
2674 766 2828 805 mens
2848 747 3071 805 macula:
3090 743 3379 801 attraxerit
3398 759 3413 804 ;

1837 847 1862 885 ε
1888 854 2012 898 ante
2029 843 2349 914 completam
2373 844 2732 899 confitendum
2749 852 2849 898 est.
2881 842 3016 897 Illud
3045 850 3225 897 tamen
3247 835 3417 893 abbas

1834 939 2050 994 studere
2072 938 2251 1004 debet,
2296 947 2353 992 ut
2391 946 2512 1009 post
2533 937 2847 1013 secundam,
2889 936 2919 976 ιι
2965 935 3201 995 scholam
3240 933 3419 1003 ingre-

1834 1032 2009 1097 diens,
2040 1039 2258 1101 peracta
2288 1030 2551 1094 oratione,
2581 1028 2789 1093 nullum
2819 1025 2963 1082 foras
2997 1025 3175 1098 egredi
3191 1022 3420 1094 permit-

1837 1131 1935 1188 tat,
1988 1124 2089 1179 nisi
2118 1123 2265 1193 prius
2288 1122 2444 1176 detur
2472 1119 2744 1176 confessio
2771 1137 2785 1175 :
2813 1117 3061 1195 similiter
3090 1124 3143 1171 et
3172 1122 3295 1186 post
3324 1129 3421 1168 uo-

1836 1230 1958 1269 nam
1986 1222 2042 1267 et
2063 1222 2187 1268 ante
2210 1211 2617 1282 completorium
2639 1209 2943 1267 faciendum
2971 1216 3071 1263 est.

2091 1302 2118 1377 §
2154 1301 2218 1357 Χ.
2242 1334 2313 1342 -
2336 1303 2413 1356 Ex
2438 1301 2657 1358 Reouu
2693 1300 2902 1356 DONATI
2930 1298 3066 1372 (cap.
3090 1295 3206 1367 25).

1908 1397 2049 1451 inter
2079 1404 2302 1449 creteras
2330 1393 2547 1465 Regulae.
2576 1393 2947 1448 observantias
2970 1392 3074 1446 hoc
3100 1388 3272 1461 magis
3312 1395 3424 1441 tam

1833 1490 2077 1561 juniores
2097 1502 2259 1557 quam
2286 1486 2528 1541 seniores
2558 1500 2840 1540 monemus
2881 1483 3100 1546 fratres,
3129 1490 3190 1536 ut
3212 1478 3427 1535 assidue

1839 1589 1895 1635 et
1926 1579 2249 1635 indesidenti
2273 1578 2453 1633 studio
2476 1583 2586 1631 tam
2609 1578 2675 1632 de
2697 1577 2933 1645 cogitatu
2976 1591 3136 1645 quam
3165 1573 3232 1628 de
3260 1570 3429 1627 verbo

1844 1673 2040 1738 inutili,
2068 1672 2151 1726 vel
2175 1685 2360 1740 opere,
2388 1669 2472 1724 vel
2495 1669 2672 1739 aliqua
2710 1668 3071 1724 commotione
3098 1663 3263 1719 animi
3302 1678 3433 1718 con-

174 1760 468 1816 inveniatur
500 1761 784 1817 medicina.
855 1759 1220 1814 Conﬁteamur
1258 1760 1485 1814 invicem
1526 1759 1739 1823 delicta.
1772 1767 1817 1827 Β
1846 1764 2010 1821 fessio
2038 1764 2287 1819 omnibus
2317 1764 2530 1829 diebus,
2577 1762 2828 1819 omnibus
2877 1761 3028 1815 horis
3070 1757 3431 1827 omnibusque

174 1861 233 1906 ut
252 1860 429 1906 nostra
468 1852 624 1907 nobis
660 1850 1012 1921 Omnipotens
1053 1851 1288 1905 dimittat
1329 1861 1569 1921 peccata.
1651 1849 1743 1906 Sic

172 1958 267 1998 nos
292 1944 566 2015 Scriptura
597 1945 844 1999 hortatur
875 1961 889 1998 :
930 1942 1261 2012 Conﬁtemini
1291 1943 1603 1998 alterutrum
1627 1960 1743 2015 pec-

173 2045 287 2089 cata
310 2046 497 2101 vestra,
528 2046 576 2090 et
613 2046 759 2090 orate
809 2052 903 2107 pro
942 2036 1160 2089 invicem
1211 2034 1353 2106 (Jac.
1408 2030 1483 2106 v).
1534 2034 1745 2102 Quanta

172 2126 449 2182 clementis
472 2125 676 2181 Judicis
699 2128 873 2197 pietas
894 2143 1021 2198 erga
1050 2143 1148 2181 nos
1175 2125 1364 2182 diffusa
1392 2126 1743 2199 dignoscitur,

171 2228 236 2274 ut
259 2221 395 2289 quod
419 2218 628 2274 actibus
658 2220 980 2274 aerumnosis
1016 2219 1227 2274 facinus
1255 2227 1593 2274 contractum
1624 2217 1743 2285 fuit,

173 2320 354 2365 mutua
382 2325 540 2382 prece
568 2310 827 2365 solvatur.
881 2311 1048 2365 Detur
1077 2326 1205 2381 ergo
1258 2319 1458 2364 mutua:
1488 2311 1748 2367 orationis

172 2403 420 2458 solatium
450 2445 466 2469 ,
514 2412 572 2457 ut
611 2404 838 2459 invicem
886 2404 1092 2458 orando
1131 2402 1375 2472 capiatur
1416 2403 1743 2472 prmsidium.

170 2492 360 2563 Magna
384 2494 582 2547 etenim
611 2493 764 2563 c0pia
791 2491 1023 2547 fructum
1052 2493 1232 2556 habet,
1275 2494 1491 2562 quando
1510 2508 1577 2548 ex
1598 2507 1748 2547 reve-

167 2584 370 2641 latione
394 2584 709 2639 delictorum
738 2584 884 2639 salus
905 2584 1225 2654 acquiritur.
1280 2595 1304 2623 ο
1334 2582 1543 2650 Revela,
1574 2584 1751 2654 inquit

170 2682 476 2746 Psalmista,
495 2680 716 2734 Domino
738 2682 871 2735 riam
891 2691 1058 2745 tuam,
1080 2691 1126 2735 et
1151 2681 1258 2751 ipse
1272 2688 1321 2734 te
1339 2681 1558 2734 enutriet
1574 2676 1746 2752 (Psal.

170 2772 379 2845 xxxvi).
420 2772 477 2828 Si
504 2772 790 2827 revelando
819 2778 1039 2841 peccata
1079 2771 1314 2827 nutritur
1343 2770 1542 2838 anima,
1572 2769 1752 2841 quoti-

173 2868 333 2922 diano
362 2878 491 2932 ergo
521 2864 699 2918 studio
748 2878 844 2933 per
885 2860 1280 2917 confessionem
1326 2861 1655 2926 revelentur,
1692 2868 1754 2915 ut

172 2955 483 3029 quotidiana
511 2954 778 3010 medicina
812 2953 1036 3009 vulnera
1064 2961 1343 3009 sanentur.
1401 2950 1510 3008 Sed
1555 2949 1754 3021 quibus

170 3049 321 3106 horis
332 3048 749 3121 congruentibus
768 3047 1082 3119 quotidiana
1095 3046 1293 3103 delicta
1321 3053 1446 3101 sunt
1465 3042 1750 3111 abluenda,

1845 1858 2133 1916 momentis
2155 1872 2367 1927 semper
2393 1857 2643 1921 donetur,
2675 1865 2731 1911 et
2749 1854 2897 1909 Patri
2932 1850 3157 1925 spiritali
3190 1847 3322 1904 nihil
3342 1863 3435 1904 oc-

1845 1955 2097 2011 cultetur.
2128 1951 2264 2020 Quia
2298 1958 2558 2005 statutum
2592 1958 2675 2004 est
2710 1950 2815 2004 hoc
2853 1963 2885 2002 a
2934 1946 3135 2002 sanctis
3156 1942 3432 2006 Patribus,

1848 2056 1909 2102 ut
1938 2048 1957 2087 ί
1991 2046 2148 2100 detur
2176 2042 2443 2100 confessio
2471 2048 2595 2097 ante
2645 2054 2910 2107 mensam,
2953 2039 3066 2094 sive
3089 2046 3213 2091 ante
3242 2032 3436 2093 introi-

1851 2144 1961 2192 tum
1983 2136 2269 2211 lectorum,
2301 2133 2837 2205 autquandocunque
2862 2130 3028 2187 fuerit
3053 2129 3227 2197 facile.
3248 2127 3261 2178 i
3295 2126 3436 2194 Quia

1849 2230 2121 2287 confessio
2160 2228 2495 2301 paenitentiae
2533 2227 2601 2283 de
2632 2233 2808 2282 morte
2842 2225 3055 2282 liberat.
3091 2223 3117 2263 ἱ
3149 2222 3290 2293 Ergo
3335 2233 3438 2274 nec

1851 2321 1965 2391 ipsa
1992 2335 2157 2390 parva
2188 2317 2205 2357 ι
2240 2317 2580 2374 confessione
2621 2326 2748 2373 sunt
2768 2314 3086 2389 negligenda
3111 2326 3151 2353 ω
3176 2311 3436 2384 cogitata,

1850 2411 1975 2482 quia
2003 2410 2263 2482 scriptum
2280 2417 2365 2464 est
2390 2425 2406 2465 :
2432 2418 2461 2447 ιι
2490 2406 2595 2475 Qui
2620 2425 2785 2479 parva
2809 2406 3041 2479 negligit,
3063 2404 3321 2479 paulatim
3341 2403 3436 2458 de-

1849 2502 1965 2575 ﬂuit
1998 2500 2187 2574 (Eccli.
2212 2498 2347 2573 xxx).

2060 2589 2087 2663 §
2125 2590 2393 2645 XL—Ex
2426 2589 2648 2647 necum
2681 2604 2944 2646 cususnau
2971 2588 3109 2661 (cap.
3147 2586 3222 2662 8).

1922 2683 2107 2739 Abbas
2128 2683 2212 2738 vel
2231 2683 2575 2759 prmpositus,
2628 2665 2714 2738 vel
2744 2681 2975 2753 quilibet
3016 2681 3290 2737 seniorum
3328 2676 3440 2734 fra-

1852 2782 2019 2843 trum,
2043 2775 2128 2832 cui
2158 2775 2226 2831 ab
2253 2776 2445 2831 abbate
2468 2774 2816 2831 commissum
2854 2774 3036 2839 fuerit,
3060 2782 3120 2829 ut
3144 2772 3440 2830 confessio-

1852 2884 1953 2926 nes
1976 2870 2223 2939 recipiat,
2249 2869 2475 2924 crimina
2502 2866 2708 2937 majora
2730 2865 2819 2923 vel
2840 2867 3048 2921 minora
3079 2873 3106 2901 °
3134 2864 3440 2920 nullatenus

1855 2959 2183 3027 manifestet,
2225 2960 2328 3015 nisi
2351 2960 2450 3016 soli
2486 2958 2637 3030 justo
2668 2958 2863 3031 judici,
2891 2958 2984 3028 qui
3010 2956 3250 3013 omnium
3276 2954 3439 3012 confi-

1857 3055 2091 3110 tentium
2118 3052 2343 3117 crimina
2367 3052 2529 3107 lavat.
2585 3051 2680 3107 llle
2706 3052 2908 3107 etenim
2928 3050 3023 3122 qui
3046 3048 3324 3106 confessus
3356 3055 3442 3102 est

169 3140 331 3197 nobis
381 3138 724 3195 inserendum
748 3147 869 3195 est:
903 3136 924 3176 ί
958 3136 1031 3192 ut’
1045 3136 1173 3209 quid
1199 3146 1322 3208 post
1345 3134 1748 3207 completorium

1865 3161 1956 3204 sua
1977 3146 2200 3201 vulnera
2221 3143 2545 3212 verecunde;
2569 3158 2679 3200 non
2703 3142 2772 3199 ad
2794 3140 3141 3215 opprobrium
3168 3139 3438 3209 recipien-

170 3246 276 3307 per
310 3245 492 3303 opacae
522 3230 698 3286 noctis
724 3230 897 3302 spatia
926 3244 1081 3287 mens
1108 3228 1195 3285 vel
1217 3244 1343 3285 caro
1370 3244 1469 3301 per
1492 3226 1755 3301 fragilita—

164 3383 386 3514 ιόᾳρδίας
409 3406 532 3458 μου,
579 3384 636 3443 id
660 3391 765 3451 est,
802 3390 859 3442 et
900 3392 957 3440 tu
990 3384 1247 3441 remisisti
1269 3382 1604 3457 impietatem
1633 3397 1757 3440 eor-

214 3473 262 3510 IS
288 3472 412 3510 met.

214 3473 262 3510 IS
288 3472 412 3510 met.

250 3538 277 3565 ι
319 3523 587 3595 Quantum
613 3525 766 3582 ualet.
788 3524 888 3581 Est
910 3525 1289 3595 epiphonema.

249 3595 281 3634 ιι
321 3593 596 3666 Confessus
613 3613 689 3651 se.
744 3596 885 3662 Lege
918 3593 1187 3665 confessus
1225 3605 1302 3651 est
1325 3612 1400 3666 se.
1446 3594 1546 3651 Est
1574 3601 1757 3650 autem

167 3665 271 3729 hic
296 3665 768 3731 homnioteleuton,
801 3668 855 3721 id
883 3673 988 3730 est,
1010 3666 1267 3727 similiter
1286 3665 1560 3723 desinens.

250 3748 274 3807 ξε
321 3735 664 3807 gloriﬁcavit.
716 3735 915 3807 Supple
937 3736 1127 3807 Deugm.

242 3804 275 3846 σι
313 3804 680 3863 Misericordia
703 3804 810 3865 est.—
829 3804 843 3805 ί
858 3807 938 3865 Ita
963 3806 1020 3860 in
1042 3805 1305 3863 Psalterio
1321 3805 1585 3865 Romano.

250 3887 287 3947 eg
316 3875 508 3947 Revela
534 3874 781 3932 Domino.
829 3877 1006 3935 Locus
1042 3887 1328 3933 contextus
1373 3893 1441 3933 ex
1480 3876 1762 3947 particulis

160 3945 368 4021 psalmi
394 3956 566 4021 Livet
604 3964 711 4004 va.

252 4017 275 4056 ί
321 4013 389 4070 Ut
410 4019 537 4090 quid
557 4029 670 4090 post
698 4018 1109 4089 completorium,
1131 4026 1235 4075 etc.
1288 4019 1389 4074 Hic
1416 4017 1654 4073 notanda
1677 4025 1763 4074 est

160 4088 321 4169 trina
335 4088 577 4169 quoudie
588 4088 973 4169 monachorum
1001 4091 1288 4145 confessio.
1307 4092 1435 4169 Quae
1457 4091 1622 4169 etiam
1644 4096 1764 4169 erat

157 4158 227 4215 in
252 4174 356 4214 usu
394 4158 448 4213 in
485 4162 812 4216 monasterio
838 4163 894 4215 ὃ.
930 4161 1096 4222 Fame,
1121 4170 1180 4214 ut
1206 4170 1356 4215 notat
1379 4159 1617 4215 Jonasin
1645 4158 1762 4227 ejus

158 4228 302 4285 Vita
326 4246 341 4282 :
382 4247 403 4280 ι
432 4230 564 4286 Erat
587 4239 730 4287 enim
753 4231 1156 4286 consuetudinis
1184 4231 1494 4285 monasterii
1520 4231 1759 4299 Regulae,

151 4307 230 4354 ut
270 4308 358 4354 ter
393 4300 452 4356 in
492 4302 579 4357 die
627 4318 725 4372 per
769 4300 1163 4357 confessionem
1201 4316 1538 4371 unaquaeque
1576 4314 1763 4355 earum

152 4380 417 4443 mentem
445 4380 720 4443 purgaret.
759 4392 779 4425 ι

244 4440 461 4514 8_Aate'
487 4440 819 4514 completam,
866 4442 1143 4514 completa
1183 4448 1268 4499 est
1320 4440 1753 4514 completorium.

1855 3241 2004 3308 dum,
2031 3240 2126 3296 sed
2149 3238 2218 3294 ad
2246 3238 2476 3295 salutem
2516 3235 2989 3308 redintegrandam
3028 3231 3308 3290 confessus
3331 3237 3439 3294 est,

1934 3389 1953 3430 ί
2000 3386 2066 3441 Ut
2095 3388 2249 3442 detur
2273 3386 2552 3457 confessio.
2594 3386 2723 3441 Hice
2750 3393 2966 3457 sumpta
2996 3392 3122 3457 sunt
3154 3399 3240 3457 _ex
3264 3382 3441 3437 Poeni-

1855 3458 2065 3514 tentiali
2091 3458 2150 3513 S.
2182 3454 2500 3512 Columbani
2521 3458 2672 3513 circa
2699 3454 2912 3511 initium
2945 3474 2959 3509 :
2992 3473 3013 3507 ι
3045 3454 3118 3510 Ut
3138 3455 3293 3509 detur
3316 3467 3442 3506 con-

1857 3528 2025 3584 fessio
2051 3536 2179 3583 ante
2209 3543 2468 3590 mensam,
2500 3534 2625 3581 ante
2646 3527 2924 3581 introitum
2949 3523 3242 3590 lecttts,vel
3265 3538 3439 3593 quan-

1860 3600 2145 3668 docunque
2195 3597 2360 3652 fuerit
2404 3597 2562 3653 facile
2598 3598 2748 3653 dare.
2790 3616 2809 3649 ι
2864 3596 2967 3652 Ubi
3019 3595 3303 3668 legendum
3332 3602 3437 3668 est,

1857 3670 1967 3724 sive
2013 3664 2134 3722 ante
2186 3668 2481 3734 introitum,
2537 3674 2669 3735 etc.,
2733 3664 3188 3739 quemadmodum
3242 3664 3439 3737 legitur

1859 3739 1999 3811 apud
2018 3739 2313 3811 Donatum.
2376 3808 2387 3811 _
2473 3807 2514 3811 _
2566 3750 2571 3755 '

1935 3811 1948 3860 i
1998 3809 2137 3875 Quia
2163 3808 2441 3876 confessio.
2473 3807 2551 3863 Ex
2583 3807 2951 3863 Pmnitentiali
2997 3823 3101 3864 ms.
3131 3804 3189 3863 S.
3215 3804 3436 3861 Colum-

1858 3881 2008 3946 bani,
2042 3881 2131 3935 ubi
2164 3881 2243 3935 sic
2264 3881 2418 3951 juxta
2466 3880 2585 3934 eod.
2622 3880 2765 3934 Flor.
2826 3879 3022 3952 legitur
3052 3896 3065 3933 :
3102 3877 3361 3948 confessio
3385 3885 3434 3933 et

1858 3953 2179 4024 paenitentia,
2207 3961 2313 4007 etc.

1935 4023 1959 4062 ιι
2000 4015 2281 4093 Εν9ο⁷νιεε
2331 4024 2447 4094 ipsa
2500 4040 2684 4094 parva.
2722 4021 2804 4077 Ex
2830 4023 3019 4077 eodem
3068 4015 3437 4094 Ptenitentiali

1859 4090 2289 4163 consequenter:
2329 4090 2361 4144 «⁷
2391 4090 2535 4165 Ergo
2574 4109 2673 4150 nec
2697 4094 2813 4165 ipsa
2845 4108 3010 4164 parva
3036 4108 3066 4146 a
3093 4090 3437 4148 confessione

1861 4174 1986 4221 sunt
2013 4165 2329 4235 negligenda
2357 4174 2603 4234 peccata,
2643 4174 2769 4235 etc.,
2791 4184 2811 4217 ι

1938 4236 1957 4274 1
1995 4229 2549 4304 ConfessionefLege,
2582 4253 2614 4289 a
2645 4234 2987 4304 confessione,
3033 4241 3094 4288 ut
3121 4232 3351 4304 habetur
3382 4229 3440 4284 in

1861 4306 2029 4360 citato
2056 4302 2442 4370 Pmnitcntiali,
2472 4302 2531 4361 et
2559 4306 2612 4359 in
2638 4302 2823 4360 codice
2852 4302 3255 4359 Vindocinensi.

1934 4387 1976 4415 ιιι
2015 4373 2277 4446 Cogitata.
2335 4376 2393 4430 ln
2443 4374 2812 4431 Pmnitcntiali
2844 4375 3009 4430 citato
3048 4373 3298 4434 habetur,
3324 4386 3439 4441 pec-

1862 4456 2001 4501 cata.

150 4512 547 4585 Undepostea
584 4505 712 4569 dicit
734 4531 750 4585 γε
782 4505 1032 4585 Similiter
1065 4524 1113 4568 et
1140 4522 1255 4584 post
1290 4505 1505 4579 nonam,
1532 4510 1612 4568 vel
1636 4522 1757 4567 ante
1779 4505 1836 4567 Ι)
1931 4526 1960 4555 ιι
1987 4514 2091 4580 Qui
2112 4532 2295 4585 parva,
2320 4524 2424 4570 etc.
2448 4516 2613 4571 Eccli.
2636 4530 2761 4585 cap.
2778 4529 2893 4567 nx.
2910 4512 3054 4585 ltain
3073 4508 3438 4585 Pmnitentiali

60 4636 81 4643 ὑ
142 4583 578 4708 οὐξιρὲῗὲἔὶἔὲ
594 4584 1153 4724 ἱῖἵιίὲἓέῗιῗυὲιέὴοια
1175 4662 1260 4709 est
1283 4654 1538 4710 conclave
1558 4654 1614 4708 in
1654 4667 1763 4721 quo

139 4725 436 4795 monachj
475 4725 677 4794 aliquid
725 4735 911 4795 agunt,
945 4726 1125 4795 legunt
1157 4734 1209 4795 et
1264 4725 1559 4780 dormiunt.
1624 4724 1759 4779 Con-

137 4796 363 4852 cilium
391 4792 705 4851 Turouense
726 4792 788 4860 ιιζ
818 4812 939 4850 can.
970 4792 1034 4850 13
1066 4813 1079 4848 :
1114 4813 1133 4846 ε
1167 4794 1275 4849 Nec
1306 4795 1464 4849 liceat
1487 4795 1764 4850 monachis

136 4867 346 4922 cellas
373 4867 578 4922 habere
600 4882 934 4928 communes.
964 4867 1056 4922 sed
1081 4866 1266 4920 schola
1286 4866 1470 4921 labore
1491 4866 1765 4921 communi

130 4945 551 5002 construatur,
586 4938 674 4991 ubi
695 4953 883 4991 omnes
897 4938 1115 5007 jaceant
1141 4946 1235 4989 aut
1278 4937 1472 5007 abbate
1500 4945 1591 4990 aut
1620 4951 1759 5006 pra:-

126 5008 355 5080 posito
367 5007 725 5078 gubernante.
747 5028 767 5060 ›
792 5005 1287 5080 lteg'ula‘cujusdam
1298 5005 1501 5080 Patris,
1530 5005 1765 5080 cap.12:

130 5077 165 5137 ἓ
218 5077 263 5132 F
268 5077 419 5134 ocos
446 5082 638 5134 veroin
660 5079 839 5134 schola
856 5077 1199 5148 pmnitenlcs,
1225 5078 1269 5131 si
1290 5077 1512 5148 fuerint,
1536 5077 1647 5131 bini
1668 5093 1767 5147 per

128 5149 556 5205 hebdomadas
582 5150 803 5205 faciant.
838 5146 869 5203 ί
894 5150 952 5205 S.
983 5149 1251 5204 Caesarius
1272 5146 1621 5210 Arelatensis,
1644 5146 1763 5216 cap.

123 5221 177 5277 5
216 5219 496 5291 Regula):
531 5239 549 5272 ι
579 5221 652 5276 De
674 5222 787 5290 ipso
808 5229 985 5276 tamen
1008 5219 1193 5275 habitu
1224 5220 1499 5291 mutando.
1523 5218 1768 5291 vel‘lecto

122 5292 203 5348 in
255 5289 470 5347 schola
498 5289 744 5348 habendo
793 5294 864 5348 sit
907 5292 959 5347 in
992 5297 1257 5361 potestate
1304 5289 1518 5357 prioris.
1550 5309 1569 5341 ι
1609 5289 1676 5361 Et
1712 5289 1767 5342 in

118 5362 632 5432 recapitulatiouc
659 5380 778 5433 cap.
808 5364 874 5419 19
902 5380 917 5417 :
951 5380 970 5414 ‹
994 5358 1054 5416 et
1073 5361 1197 5431 quia
1224 5368 1441 5433 propter
1465 5358 1763 5433 custodiam

88 5431 504 5490 “monasterii
530 5434 710 5499 aliqua
728 5431 870 5489 ostia
887 5435 1001 5487 sive
1016 5434 1067 5486 in
1095 5432 1261 5486 veteri
1292 5431 1625 5499 haptisterio,
1649 5431 1763 5484 sive

104 5452 504 5490 'monaswrtt
530 5452 617 5488 aur
641 5452 710 5488 ua
733 5452 870 5489 OSIIil
887 5452 1001 5487 sive
1016 5452 1067 5486 ιη
1095 5452 1261 5486 γειστΐι
1292 5452 1625 5499 uapuswrlo,
1649 5452 1762 5484 SIVU

78 5552 81 5565 ς
117 5508 197 5563 in
262 5505 499 5571 schola,
554 5452 637 5560 vei
666 5506 895 5561 textrina
936 5512 1030 5558 aut
1085 5512 1232 5556 turre
1269 5501 1420 5572 juxta
1466 5502 1762 5569 pomarium

82 5612 83 5615 η
112 5577 346 5634 clausi
379 5584 552 5646 atque
579 5577 845 5631 damnavi.
878 5596 898 5628 ι
928 5574 1233 5646 Tetradius,
1274 5573 1467 5646 cap.__5
1505 5572 1759 5646 Regulae:

110 5667 147 5714 ε
190 5647 447 5703 (leuam
466 5643 796 5718 peculiarem
827 5654 920 5701 aut
947 5643 1294 5700 armariolum
1316 5643 1493 5698 nullus
1532 5645 1763 5709 habeat;

84 5720 193 5785 in
236 5736 374 5781 una
399 5719 590 5775 schola
626 5734 813 5776 omnes
832 5724 1104 5774 maneant.
1133 5734 1154 5769 ι

1870 4586 1928 4641 S.
1957 4584 2295 4641 Columbani.
2327 4587 2382 4640 ln
2412 4587 2665 4655 versione
2679 4584 2893 4655 vulgata
2927 4602 2938 4636 :

1866 4658 1986 4711 dira
2012 4658 2269 4728 paulatim
2296 4654 2519 4721 decidet,
2550 4658 2603 4711 in
2631 4651 2846 4728 futuro,
2864 4655 3024 4728 _ut_i_n
3052 4651 3201 4708 textu
3228 4651 3435 4728 Graico,

1865 4724 2133 4794 πεσεῖταιὶ
2156 4728 2207 4782 id
2237 4737 2337 4791 est,
2370 4728 2587 4783 decidet.
2620 4727 2824 4781 Tamen
2856 4726 2913 4781 S.
2954 4724 3313 4795 Hieronymus
3336 4724 3436 4777 ha-

1865 4798 1976 4864 bet,
2008 4800 2217 4862 decidit,
2250 4800 2301 4853 in
2334 4799 2602 4870 praesenti.
2628 4797 2697 4870 iln
2726 4813 2819 4852 eos
2844 4797 2933 4868 qui
2965 4797 3188 4870 minima
3217 4801 3438 4870 peccata

1867 4862 2139 4941 negligunt
2155 4870 2233 4941 sic
2256 4862 2528 4924 invehitur
2547 4869 2603 4922 S.
2622 4862 2981 4941 Hieronymus
3008 4867 3061 4921 in
3083 4862 3239 4935 epist}
3260 4863 3324 4917 ad
3337 4862 3436 4941 _Ce-

1867 4935 2087 4994 laritiam
2109 4958 2121 4993 :
2156 4958 2173 4989 ι
2197 4940 2376 5007 Neque
2396 4955 2525 4993 vero
2540 4955 2728 4994 eorum
2755 4947 2807 4993 te
2825 4935 3052 4993 seducat
3070 4951 3244 5007 error,
3262 4935 3353 5003 qui
3367 4948 3436 5007 ex

1870 5010 2097 5064 arbitrio
2124 5026 2221 5064 suo
2242 5002 2447 5080 eligunt
2473 5026 2591 5080 quae
2615 5009 2953 5080 potissimum
2966 5007 3057 5062 Dei
3078 5002 3330 5080 mandata
3360 5002 3438 5057 fa.

1870 5081 2040 5144 ciant,
2071 5096 2297 5150 quaeque
2319 5075 2644 5150 quasi-vilia
2677 5097 2739 5135 ac
2769 5095 2934 5151 parva
2967 5075 3306 5151 despiciant_:
3330 5089 3439 5151 nec

1870 5145 2136 5212 metuunt,
2162 5145 2229 5205 ne
2259 5145 2551 5206 secundum
2599 5145 2836 5206 divinam
2864 5145 3187 5204 sententiam
3212 5145 3439 5201 minima

1870 5223 2264 5292 contemnendo
2294 5222 2547 5292 paulatim
2591 5222 2854 5292 decidant.
2894 5238 2913 5270 ι
2949 5218 3026 5292 Ex
3058 5233 3115 5272 re
3137 5217 3299 5275 etiam
3319 5230 3441 5292 par:

1868 5306 1936 5345 va
1963 5291 2202 5361 neglecta
2229 5286 2514 5361 aliquando
2530 5307 2723 5362 magna
2737 5290 3152 5362 malaoriuntur
3177 5304 3191 5351 ;
3219 5296 3275 5362 et
3294 5286 3437 5359 quod

1866 5359 2095 5432 parvum
2121 5371 2262 5423 erat,
2316 5359 2567 5433 magnum
2596 5359 2672 5415 fit.
2708 5360 2859 5433 Unde
2886 5360 3013 5433 illud
3047 5359 3439 5433 cuju_sdam_sa-

1869 5430 2069 5503 pientis
2127 5435 2267 5503 apud
2322 5430 2636 5504 Dionysium
2697 5430 3123 5504 Alexandrinum
3166 5430 3221 5484 in
3273 5430 3433 5501 epist.

1869 5502 1990 5558 ean.
2022 5522 2033 5556 :
2053 5508 2133 5587 οὐ.
2147 5502 2323 5589 μικρὸν
2346 5508 2393 5557 ἐν
2533 5506 2591 5559 τὸ
2620 5505 2759 5579 παρὰ
2780 5505 2980 5579 μικρὸν,
3012 5502 3065 5557 id
3085 5509 3190 5567 est,
3213 5517 3316 5557 non
3342 5518 3438 5571 pa-

1866 5587 1985 5629 rum
2013 5578 2170 5647 estin
2193 5576 2293 5631 vita
2318 5576 2458 5647 quod
2491 5588 2676 5647 parum
2694 5576 2778 5647 est

1941 5654 1967 5681 ο
1994 5643 2339 5702 Δάίιαιεηω’
2368 5646 2681 5715 manifestet.
2742 5643 2885 5699 Idem
2929 5643 3176 5715 praecipit
3220 5652 3437 5701 88110an

1867 5719 2205 5787 Benedictus,
2236 5731 2355 5788 cap.
2377 5715 2449 5772 46
2474 5714 2709 5786 Regulae.

2979 4582 3082 4650 Qui
3110 4583 3302 4653 spernit
3327 4598 3441 4636 mo-
3526 4632 3531 4639 .
