3952 6314
148 401 237 458 869

1024 385 1417 447 CONCORDIA
1456 377 1917 440 REGULARUM.
1956 410 2030 421 —
2060 379 2213 435 CAP.
2254 378 2419 435 XX“.

3280 375 3387 437 870

146 518 251 570 bens
270 515 317 566 in
337 526 426 565 ore
445 524 538 563 suo
562 508 952 577 redargutlones
975 503 1144 577 (Psal.
1174 502 1405 571 xxxvii).
1467 499 1544 552 Tu
1572 514 1703 566 quo—
1730 500 1783 558 Α
1809 503 1919 549 tate
1950 502 2003 547 et
2038 494 2355 563 compendio
2390 494 2767 547 mandatorum
2796 492 3049 547 universa
3075 495 3393 551 memoriter

147 622 235 676 quo
264 604 404 658 velut
436 601 650 664 surdus,
692 608 747 653 et
790 606 999 662 mutus,
1043 606 1097 650 et
1145 611 1319 650 etecus
1367 595 1601 656 incedas,
1648 603 1706 647 ut

144 713 166 737 υ
197 699 384 765 absque
413 693 555 748 illius
580 691 1066 761 contemplatione,
1093 690 1182 758 qui
1208 688 1301 742 tibi
1318 685 1475 739 fuerit
1493 688 1558 740 ad
1583 685 1706 740 imi-

144 789 351 844 tandum
396 784 596 855 merito
629 782 977 853 perfectionis
1016 782 1241 845 electus,
1274 780 1522 834 universa
1568 784 1711 851 qum-

138 893 342 948 runque
394 877 597 931 videris
638 875 814 929 minus
854 874 1225 929 mdilicatioms
1269 874 1518 927 habentia
1564 873 1707 926 velut

138 985 303 1027 caecus
342 984 448 1024 non
496 967 706 1030 videas;
757 980 824 1019 ue
876 964 1144 1018 animatus
1192 979 1402 1029 eorum,
1458 964 1550 1033 qui
1594 964 1709 1019 lucc

136 1070 315 1133 agunt,
344 1058 669 1113 auctoritate
695 1056 780 1110 vel
815 1054 988 1110 forma
1013 1055 1079 1110 ad
1107 1054 1156 1109 id
1183 1056 1325 1125 quod
1357 1054 1597 1109 deterius
1623 1062 1709 1109 est

135 1164 193 1209 et
216 1152 348 1224 quod
370 1160 493 1206 ante
520 1150 901 1211 damnaveras,
932 1147 1255 1202 traducaris.
1303 1144 1360 1200 Si
1397 1146 1711 1201 inobedien—

136 1256 263 1311 tem,
297 1246 340 1300 si
377 1253 777 1307 contumacem,
827 1240 872 1295 si
917 1239 1286 1295 detrahentem
1330 1238 1579 1301 audieris,
1622 1237 1706 1291 vel

133 1353 285 1393 secus
316 1349 479 1405 quam
519 1333 772 1387 traditam
810 1334 912 1394 est,
947 1330 1147 1400 aliquid
1175 1329 1568 1391 admittentem,
1599 1342 1707 1381 non

132 1427 440 1491 oﬂ‘endaris,
478 1434 581 1480 nec
619 1423 686 1478 ad
720 1420 1037 1476 imitandum
1078 1435 1201 1475 eum
1240 1420 1334 1473 tali
1373 1418 1708 1473 sitbvertaris

130 1506 372 1589 eiemplo
399 1535 411 1572 :
438 1515 531 1572 sed
561 1523 619 1570 ut
652 1512 866 1577 surdus,
896 1511 985 1581 qui
1014 1511 1129 1565 hrec
1152 1509 1368 1581 penitus
1396 1525 1496 1564 nec
1524 1509 1708 1564 audie-

132 1611 229 1676 ris,
259 1609 508 1664 universa
545 1605 899 1661 transmittas.
952 1601 1010 1656 Si
1045 1601 1141 1655 tibi
1182 1599 1265 1654 vel
1300 1599 1553 1668 cuiquam
1584 1610 1710 1653 eun-

127 1699 266 1753 vicia
298 1695 606 1767 irrogantur
634 1694 858 1763 injuriae,
899 1696 1016 1746 esto
1052 1689 1343 1743 immobilis
1379 1689 1445 1743 ad
1482 1703 1707 1759 respon-

126 1788 333 1846 sionem
351 1788 590 1853 talionis,
612 1796 671 1840 ut
694 1794 876 1840 mutus
899 1782 1141 1838 ausculta
1163 1797 1377 1851 semper
1396 1782 1540 1836 hunc
1561 1778 1711 1835 Psal-

120 1879 299 1937 mistae
322 1878 648 1937 versiculum
675 1878 729 1931 in
756 1885 848 1931 tuo
875 1876 1037 1931 corde
1065 1874 1361 1927 decantans
1386 1892 1397 1925 :
1420 1872 1547 1925 Dixi
1570 1889 1587 1925 :
1610 1869 1715 1925 Cu-
1742 1882 1789 1942 Β

116 1973 352 2026 stadium
384 1974 492 2027 vias
523 1986 688 2035 meas,
718 1977 774 2021 ut
805 1982 909 2021 non
946 1964 1244 2035 delinquant
1270 1964 1324 2017 in
1353 1964 1711 2033 lingua'mea;

111 2062 276 2131 posui
303 2063 383 2115 ori
403 2070 515 2115 meo
540 2060 848 2121 custodiam,
876 2057 1001 2111 dum
1029 2056 1329 2110 consisteret
1349 2063 1592 2125 peccator
1612 2055 1711 2108 ad-

113 2167 330 2205 versum
363 2168 440 2205 me
462 2166 479 2203 :
501 2149 735 2204 obmutui
760 2156 808 2201 et
852 2147 1159 2201 humiliatus
1179 2162 1313 2210 sum,
1337 2154 1387 2200 et
1406 2146 1531 2200 silui
1558 2163 1591 2198 a
1618 2144 1711 2199 bo-

102 2243 202 2295 nis
237 2240 411 2312 (Psal.
447 2240 695 2310 xxxvut).
735 2238 934 2293 Verum
964 2244 1020 2291 et
1047 2245 1303 2307 quartum
1330 2238 1433 2290 hoc
1461 2250 1573 2306 prae
1597 2248 1714 2289 om-

98 2334 285 2388 nibus
316 2333 501 2389 excole
530 2334 588 2397 δ,
619 2333 759 2402 quod
781 2331 895 2385 htec
918 2366 933 2397 ,
966 2344 1086 2400 qua:
1112 2344 1275 2399 supra
1305 2329 1571 2394 diximus,
1605 2329 1712 2385 tria

99 2432 323 2480 ornent
352 2424 401 2480 te
428 2432 587 2494 atque
622 2424 1018 2479 commendent.
1064 2423 1122 2479 Id
1164 2433 1268 2489 est,
1310 2431 1370 2477 ut
1403 2423 1626 2478 stultum
1660 2433 1712 2480 te

100 2516 420 2571 secundum
455 2502 697 2585 Apostoli
729 2513 775 2585 [ο
808 2514 1157 2586 praeceptum]
1186 2516 1507 2569 sententiam
1544 2514 1711 2571 facias

98 2610 170 2665 in
204 2609 313 2665 hoc
339 2608 538 2662 mundo
558 2648 572 2670 ,
600 2615 657 2661 ut
686 2608 759 2660 sis
789 2606 1006 2676 sapiens
1031 2606 1082 2679 (ι
1111 2604 1232 2659 Cor.
1263 2606 1344 2675 ιιι)
1364 2647 1378 2671 ,
1406 2605 1541 2661 nihil
1569 2607 1711 2661 scili-

96 2710 203 2758 cet
233 2701 563 2764 discernens,
600 2700 730 2753 nihil
754 2699 1055 2770 dijudicaus
1089 2715 1154 2753 ex
1189 2699 1273 2754 his
1302 2716 1422 2769 quae
1459 2700 1555 2754 tibi
1594 2697 1710 2755 fue-

98 2795 231 2850 rint
257 2794 539 2864 imperata,
563 2794 657 2847 sed
680 2808 800 2847 cum
823 2793 970 2847 omni
1002 2793 1345 2861 simplicitate
1369 2802 1425 2847 et
1457 2794 1560 2848 fide
1582 2794 1713 2847 obe-

95 2886 384 2943 dientiam
421 2898 637 2954 semper
677 2883 954 2945 exhibeas,
996 2882 1124 2936 illud
1172 2884 1544 2940 tantummodo
1587 2899 1712 2938 san—

94 2962 289 3037 ctum.
340 2975 468 3029 illud
509 2974 663 3039 utile,
708 2974 837 3027 illud
879 2975 1095 3044 sapiens
1129 2973 1398 3044 judicans,
1449 2974 1712 3045 quidquid

1808 590 2116 660 complecti.
2176 588 2312 641 Audi
2371 603 2501 657 ergo
2551 588 2739 657 paucis
2789 587 3033 641 ordinem
3084 601 3181 656 per
3228 603 3390 656 quem

1796 659 2100 737 ascendere
2122 680 2188 733 ad
2211 677 2595 749 perfectionem
2624 693 2888 732 summam
2933 677 3048 732 sine
3071 675 3179 731 ullo
3207 672 3389 732 labore

1808 787 1873 827 ac
1911 769 2230 825 difﬁcultate
2259 768 2458 823 valeas.
2497 768 2827 837 Principium
2866 776 3065 822 nostra}
3106 767 3296 822 salutis
3331 782 3396 822 ac

1808 863 2089 934 sapientia":
2114 862 2407 916 secundum
2431 860 2742 930 Scripturas
2764 859 2924 913 timor
2942 859 3158 914 Domini
3180 868 3280 914 est.
3320 860 3395 915 De

1810 958 2004 1011 timore
2052 954 2264 1008 Domini
2313 953 2555 1006 nascitur
2598 949 3280 1021 compunctio'salutaris,
3329 952 3396 1006 de

1809 1044 2222 1113 compunctione
2262 1043 2444 1096 cordis
2492 1042 2735 1111 procedit
2781 1041 3149 1107 renuntiatio,
3192 1040 3246 1095 id
3290 1050 3424 1105 est,.

1807 1136 2024 1192 nuditas
2051 1142 2105 1188 et
2131 1141 2471 1202 contemptus
2494 1133 2736 1188 omnium
2767 1120 3103 1197 facultatum,
3144 1132 3209 1186 de
3241 1134 3400 1187 nudi-

1807 1236 1917 1282 tate
1958 1225 2237 1281 humilitas
2269 1231 2587 1294 procreatur
2612 1264 2628 1289 ,
2671 1224 2738 1279 de
2771 1224 3075 1277 humilitate
3113 1233 3401 1293 generatur

1809 1316 2158 1373 mortificatio
2191 1315 2546 1385 voluptatum,
2591 1314 2657 1369 de
2698 1312 3117 1368 lnorﬁﬂcatione
3150 1313 3397 1383 volupta-

1808 1416 1921 1462 tum
1956 1406 2327 1476 exstirpantar
2367 1412 2531 1474 atque
2570 1404 2915 1458 marcescunt
2947 1404 3201 1458 universa
3234 1403 3364 1457 vitia
3387 1444 3401 1467 ,

1808 1498 1876 1553 de
1911 1496 2228 1566 expulsione
2264 1496 2520 1550 vitiorum
2544 1495 2775 1549 virtutes
2804 1494 2830 1533 ιι
2860 1490 3212 1560 fructificant,
3240 1504 3404 1564 atque

1811 1600 2175 1655 succrescunt,
2212 1590 2279 1644 de
2300 1588 2653 1659 pullulatione
2680 1588 2938 1642 virtutum
2976 1589 3186 1656 paritas
3225 1587 3401 1642 cordis

1811 1681 2131 1750 acquiritur,
2162 1694 2260 1750 per
2284 1679 2573 1748 puritatem
2614 1677 2795 1733 cordis
2826 1674 3137 1748 apostolicae
3162 1677 3394 1734 charita-

1814 1773 1883 1827 tis
1908 1772 2171 1842 perfectio
2196 1771 2521 1841 possidetur.

1905 1887 1933 1959 ξ
1970 1887 2035 1942 V.
2057 1885 2224 1941 —Ex
2263 1883 2483 1941 iiscum
2519 1890 2709 1942 SANCTI
2746 1885 2951 1942 Basmx
2994 1885 3132 1959 (cap.
3164 1885 3306 1960 N7).

1885 1976 2145 2047 Interrog.
2182 1978 2199 2017 ί
2224 1974 2419 2030 Anima
2448 1983 2570 2045 post
2594 1975 2760 2031 multa
2788 1986 3010 2047 peccata
3035 1986 3090 2033 et
3115 1986 3239 2048 post
3263 1975 3406 2032 mul-

1817 2077 1901 2124 tas
1930 2083 2041 2124 sua:
2067 2068 2194 2122 vitae
2218 2067 2469 2122 miserias
2495 2080 2619 2121 cum
2647 2067 2794 2136 quali
2839 2069 3036 2123 timore
3070 2076 3125 2123 et
3151 2068 3402 2140 qualibus

1813 2160 2070 2231 lacrymis
2107 2159 2273 2213 debet
2301 2159 2557 2213 recedere
2598 2170 2629 2212 a
2664 2159 2918 2227 peccatis,
2951 2165 3005 2211 et
3031 2157 3177 2230 quali
3218 2174 3315 2229 spe
3349 2166 3406 2215 et

1813 2251 2009 2306 affectu
2038 2250 2298 2305 accedere
2325 2248 2394 2304 ad
2430 2249 2718 2305 Dominum
2746 2248 2934 2303 debet?
2953 2280 3023 2288 —
3047 2247 3195 2319 Resp.
3219 2248 3405 2305 Primo

1813 2343 2029 2412 quidem
2084 2341 2263 2396 odisse
2320 2341 2482 2396 debet
2546 2340 2696 2394 illam
2741 2355 2896 2394 suam
2948 2341 3188 2410 priorem
3232 2340 3406 2396 vitam

1817 2430 1829 2481 i
1864 2431 2155 2486 notabilem
2185 2439 2240 2485 et
2279 2431 2452 2500 ipsam
2483 2430 2801 2485 memoriam
2841 2430 2956 2499 ejus
2986 2432 3408 2499 perhorrescere

1812 2531 1971 2592 atque
1994 2521 2259 2576 execrarl.
2295 2521 2570 2591 Scriptum
2598 2528 2682 2575 est
2705 2520 2849 2575 enim
2880 2536 2893 2575 :
2919 2519 3255 2594 Iniquizatem
3283 2520 3404 2574 odio

1811 2611 1992 2677 habui,
2030 2620 2077 2665 et
2106 2612 2440 2666 abominatus
2468 2630 2608 2677 sum,
2638 2611 2802 2683 legem
2838 2604 3015 2665 autem
3056 2604 3203 2666 tuam
3241 2608 3407 2668 dilexi

1813 2704 1988 2772 (Psal.
2014 2704 2227 2771 cxvnn).
2258 2705 2285 2744 ιιι
2309 2704 2513 2759 Deinde
2547 2712 2607 2757 ut
2634 2703 2891 2775 majorem
2927 2703 3177 2758 timorem
3209 2703 3411 2759 habeat

1814 2795 2094 2865 magistro,
2127 2802 2311 2849 utatur
2348 2794 2487 2863 ignis
2514 2793 2703 2849 aeterni
2739 2800 2883 2847 metu
2916 2801 2970 2846 et
3000 2806 3176 2862 pernm
3203 2808 3369 2863 perpe
3397 2826 3402 2834 -

1813 2893 1939 2938 tum.
1971 2883 2076 2937 Sed
2103 2894 2157 2939 et
2187 2884 2552 2955 lacrymarum
2581 2892 2790 2952 tempus
2819 2890 3075 2952 agnoscat
3098 2897 3195 2953 per
3223 2885 3403 2952 poeni-

1814 2974 2070 3040 tentiam,
2120 2975 2260 3030 sicut
2285 2976 2456 3029 David
2484 2974 2669 3030 docuit
2706 2974 2758 3028 in
2793 2982 2947 3029 sexto
2968 2971 3177 3043 psalmo
3203 2990 3404 3047 purga-

89 3068 215 3126 tibi
251 3067 336 3124 vel
367 3067 450 3121 lex
485 3066 605 3133 Dei,
643 3067 724 3121 vel
756 3065 805 3139 [ίι
841 3065 949 3139 lex]
982 3068 1212 3123 senioris
1248 3083 1473 3123 examen
1499 3070 1711 3125 indixe-

92 3162 207 3215 rit.
259 3154 377 3215 Tali
403 3160 604 3214 etenim
637 3159 979 3214 institutione
1006 3159 1260 3214 fundatus
1291 3160 1392 3214 sub
1423 3160 1710 3231 disciplina
1815 3157 1868 3211 in
1896 3157 2155 3228 sanguine
2176 3156 2374 3213 Christi
2399 3170 2498 3229 per
2521 3158 2819 3229 potentiam
2847 3156 3234 3213 misericordire
3262 3158 3402 3229 ejus,

89 3254 223 3308 hac
263 3251 463 3306 durare
502 3251 705 3321 poteris
738 3259 1036 3322 perpetuo:
1062 3258 1115 3304 et
1160 3250 1225 3306 de
1265 3252 1517 3307 ctenobio
1556 3251 1716 3309 nullis
1742 3251 1787 3315 C
1819 3259 1874 3306 et
1897 3267 1993 3322 per
2016 3252 2417 3306 multitudinem
2446 3252 2858 3307 miserationum
2888 3250 3006 3307 Dei.
3047 3252 3185 3319 Quia
3210 3253 3257 3307 si
3288 3253 3407 3323 fue-

84 3341 513 3398 teutatiOnibus
550 3342 791 3408 inimici,
830 3341 991 3398 nullis
1028 3340 1352 3399 factionibus
1390 3344 1711 3400 devolveris.
1816 3344 1920 3398 rint
1945 3354 2158 3412 peccata
2184 3354 2351 3420 vestra
2382 3341 2934 3407 1sicutPltamicium,
2962 3351 3020 3395 ut
3059 3343 3223 3396 nivem
3260 3341 3409 3396 deuia

93 3447 129 3475 ο
166 3435 325 3502 Ergo
354 3434 667 3507 patientiam
706 3443 854 3489 tuam
888 3449 996 3489 non
1034 3434 1202 3490 debes
1230 3435 1299 3489 de
1332 3434 1560 3490 aliorum
1589 3450 1715 3505 spe-
1816 3436 1947 3490 babo
1986 3451 2005 3490 :
2049 3436 2096 3489 si
2132 3445 2307 3489 autem
2358 3435 2557 3506 fuerim
2602 3435 2738 3489 sicut
2776 3433 3068 3500 coccinum,
3125 3443 3182 3488 ut
3223 3432 3404 3489 lanam

80 3540 250 3582 rare
288 3525 507 3603 virtute,
537 3526 588 3579 id
614 3532 732 3589 est,
762 3532 821 3578 ut
848 3532 976 3579 tunc
999 3540 1117 3579 eam
1146 3526 1517 3580 tantummodo
1548 3526 1718 3596 possl-
1816 3528 2099 3583 candidam
2149 3524 2367 3599 eﬂiciam
2416 3524 2572 3599 (Isai.
2615 3525 2677 3597 ι).
2731 3522 2801 3581 Ει
2849 3533 2974 3595 post
3020 3526 3135 3581 haec
3189 3533 3407 3595 recepta

82 3619 291 3679 deas,
328 3626 451 3671 cum
482 3629 510 3669 a
540 3616 752 3670 nemine
782 3615 947 3670 fueris
987 3616 1267 3670 irritatus:
1292 3615 1435 3686 quod
1464 3625 1521 3670 ut
1544 3618 1717 3686 possit
1815 3619 2014 3674 virtute
2054 3628 2110 3673 et
2146 3617 2404 3672 facultate
2445 3618 2691 3689 placendi
2723 3618 2835 3674 Deo
2874 3616 3009 3672 dicit
3043 3635 3055 3670 :
3093 3614 3407 3671 Convertisti

85 3725 229 3766 non
268 3708 510 3773 evenire,
548 3719 653 3764 tua:
685 3724 791 3763 non
830 3708 1074 3778 subjaeet
1099 3710 1374 3778 potestati,
1413 3711 1505 3764 sed
1534 3709 1715 3779 potius
1814 3708 2081 3779 planctum
2112 3725 2283 3762 meum
2314 3708 2368 3761 in
2397 3708 2647 3778 gaudium
2676 3706 2824 3774 mihi,
2860 3709 3160 3762 conscidisi
3193 3725 3405 3764 saccum

87 3800 183 3854 de
211 3799 530 3853 humilitate
554 3808 643 3853 tua
674 3800 755 3854 vel
784 3799 1192 3870 longanimitate
1219 3815 1337 3869 qua:
1369 3800 1422 3854 in
1457 3810 1548 3855 tuo
1577 3816 1711 3871 pcn-
1818 3816 1989 3857 meum
2022 3811 2068 3855 et
2094 3802 2417 3872 prwcinxisti
2444 3806 2523 3855 me
2549 3800 2756 3867 la’titia,
2787 3813 2843 3855 ut
2876 3799 3069 3872 psallat
3109 3801 3201 3856 tibi
3234 3801 3406 3873 gloria

87 3890 210 3943 det
260 3889 505 3943 arbitrio.
566 3889 587 3928 ἲ
628 3890 694 3944 Ει
741 3896 798 3944 tit
845 3891 957 3946 hare
990 3892 1193 3957 omnia,
1239 3908 1359 3961 qua:
1388 3891 1569 3949 latiori
1601 3912 1714 3950 ser—
1816 3913 1930 3949 mea
1975 3892 2149 3966 (Psal.
2196 3893 2371 3965 xxix).
2423 3895 2490 3948 Et
2543 3895 2614 3949 ita
2668 3895 2934 3950 accedens
2990 3894 3059 3948 ad
3116 3894 3405 3950 Dominum

97 3995 289 4035 mone
318 3979 521 4052 digesta
546 3990 689 4045 sunt,
720 3982 868 4036 cordi
901 3990 992 4034 tuo
1020 3981 1231 4037 facilius
1268 3984 1626 4049 inculcentur,
1658 3995 1715 4039 ct
1814 3989 2008 4059 psallat
2032 3999 2082 4043 et
2112 3989 2257 4044 dicat
2282 4006 2294 4041 :
2322 3987 2588 4042 Exaltabo
2624 3997 2694 4052 te,
2718 3986 2960 4052 Domine,
2998 3988 3247 4060 quoniam
3280 4000 3398 4044 sus-

102 4073 472 4129 tenacissime
503 4075 608 4129 tuis
629 4075 873 4129 sensibus
896 4073 1107 4128 valeant
1130 4075 1411 4139 inhmrere,
1441 4078 1712 4146 quoddam
1816 4078 1996 4146 cepisti
2049 4092 2159 4141 me,
2199 4086 2248 4130 et
2292 4088 2393 4130 non
2450 4074 2721 4130 delectasti
2785 4074 3024 4131 inimicos
3061 4094 3201 4132 meos
3239 4095 3397 4150 super

97 4176 181 4221 ex
218 4165 293 4218 iis
323 4165 348 4203 ε
374 4164 699 4220 breviarium
727 4164 999 4236 colligam,
1030 4180 1125 4234 per
1150 4167 1293 4237 quod
1321 4170 1495 4237 possis
1530 4170 1711 4224 hrevi-
1815 4187 1893 4225 me
1928 4166 2139 4241 (Ibid.).

189 4308 218 4336 ιι
264 4296 467 4366 Absque
491 4296 633 4350 illius
658 4294 1108 4365 contemplatione.
1148 4296 1200 4349 Il
1228 4294 1341 4361 est,
1371 4306 1568 4366 przeter
1588 4315 1713 4353 con-

90 4366 551 4437 templationem.
593 4368 985 4436 Contemplatio
1012 4367 1112 4421 hoc
1139 4367 1255 4421 luco
1288 4380 1370 4422 est
1403 4369 1712 4424 considera-

84 4442 217 4500 tio,
253 4448 315 4490 ut
346 4450 505 4506 supra
533 4457 546 4491 :
574 4454 675 4491 non
694 4438 809 4507 jam
838 4438 1493 4507 contemplationejudicii.

192 4510 221 4547 δ
276 4508 430 4572 Quod
466 4510 575 4562 ha'c
610 4525 725 4578 quae
761 4523 917 4578 supra
944 4508 998 4560 di
1014 4510 1173 4561 rimus
1206 4510 1306 4562 tria
1344 4520 1527 4562 ornent
1556 4518 1604 4562 te
1631 4519 1712 4563 at-

77 4594 218 4660 qqu
235 4580 614 4632 commendent.
663 4579 824 4644 Lege,
849 4579 987 4673 quod
1006 4580 1135 4644 lucc,
1152 4596 1267 4651 qua:
1282 4597 1439 4650 supra
1456 4580 1704 4648 diximus,
1732 4610 1787 4673 Β

79 4650 222 4707 iria
254 4660 401 4719 ornet
429 4661 580 4719 atque
609 4654 949 4702 commendet.

188 4730 215 4759 ο
264 4716 377 4771 Pra
394 4716 614 4788 ceptum.
659 4720 959 4784 Retlundat.

182 4788 217 4828 ⁸
274 4788 509 4844 Senioris
537 4790 638 4843 lex.
682 4792 741 4846 τὸ
765 4791 868 4852 lex,
897 4788 1178 4843 redundat.

187 4871 215 4901 ⁸
264 4859 409 4930 Ergo
445 4861 769 4930 patieniiam.
812 4862 941 4929 (Iap.
973 4859 1043 4913 42
1078 4859 1316 4930 ejusdem
1347 4859 1493 4915 libri.

190 4932 213 4971 ί
266 4929 337 4983 Et
366 4940 419 4982 ut
441 4929 552 4984 Ita'c
575 4933 768 4985 omnia.
817 4930 948 4999 Cap.
979 4931 1075 4983 ult.
1101 4929 1338 5000 ejusdem
1366 4932 1509 4985 libri.

182 5005 213 5043 ε
257 5000 612 5055 Breviarium.
659 5002 765 5056 Hoc
794 5001 913 5055 loco
939 5008 1021 5054 est
1047 5003 1299 5069 epitome.
1350 5001 1553 5057 Glossae
1576 5000 1708 5057 Phi—

63 5071 331 5148 ]Qxeqi.
366 5071 713 5148 linat-iuriam,
742 5076 975 5144 ἐπιτομὴ.
996 5072 1199 5127 Glossm
1223 5072 1441 5143 Cyrilli:
1476 5075 1710 5148 ἐπιτομὴ.

62 5147 137 5205 ll
149 5159 230 5197 oc
268 5142 604 5197 bretiarium.

170 5216 209 5254 Ιι
268 5209 644 5287 Fructi/icant.
694 5214 833 5287 Lege
872 5214 1144 5283 fruticant,
1192 5213 1385 5287 ld‘es’t,
1428 5213 1712 5287 pullulant,

57 5296 150 5345 υι
194 5281 795 5355 νοοψυιιιβθιμιεηιίεῐ
820 5281 1213 5341 demonstrant.
1257 5281 1511 5355 Sidonius
1540 5285 1631 5338 lib.
1676 5281 1710 5349 1,

54 5352 412 5430 epist.__2:
447 5372 464 5403 ι
492 5352 622 5430 Pilis
651 5357 816 5430 Δἰιιῖικιι
865 5357 1079 5411 narium
1127 5366 1281 5411 antra
1334 5354 1715 5414 fruticantibus

50 5422 445 5505 q'uotidiana
472 5426 720 5482 succisio.

1890 4318 1907 4344 ι
1952 4302 2141 4358 Anima
2170 4314 2285 4375 post
2310 4303 2475 4360 multa
2505 4314 2732 4375 peccata.
2762 4305 3005 4363 Habetur
3030 4304 3171 4375 apud
3211 4304 3269 4359 S.
3293 4305 3396 4375 Ba:

1812 4373 2259 4498 ﬁlipmhinterr.
2307 4376 2373 4431 10
2426 4373 2615 4447 [it-gul.
2672 4377 2823 4432 brev.
2875 4373 3228 4432 Desideratur
3254 4374 3398 4445 apud

1865 4462 1895 4498 u
1921 4461 2008 4498 mu
2076 4484 2089 4496 .
3048 4486 3051 4493 .

1865 4460 2089 4498 unnum.
3048 4486 3051 4493 .

1886 4514 1899 4565 i
1954 4511 2271 4569 Notabilem.
2304 4513 2359 4569 ld
2389 4524 2492 4580 est,
2527 4515 2873 4570 maculosam.

1886 4585 1912 4624 ιι
1957 4585 2151 4638 Deinde
2179 4594 2236 4638 ut
2261 4586 2536 4655 majorem.
2578 4585 2699 4655 Non,
2724 4585 2967 4641 redditur
2994 4599 3187 4643 sensus
3214 4593 3392 4643 textus

1812 4654 2020 4732 Gnaei,
2051 4656 2110 4732 in_
2136 4654 2349 4732 quoita
2376 4656 2642 4732 habetur:
2672 4654 2892 4732 Α”Βπιιτα
2921 4657 2976 4713 δέ
3000 4659 3163 4732 φόϐου
3197 4663 3286 4731 μὲν
3314 4657 3395 4715 δι-

1811 4726 2058 4803 Satriculae
2097 4726 2366 4803 λάμϐἀνιιγ
2550 4728 2760 4803 (institis
2811 4726 3026 4803 κρίσιωξ
3062 4726 3266 4803 αἰωνίου
3309 4732 3395 4784 και

1813 4800 2083 4870 κολάσεως.
2113 4798 2169 4870 id
2198 4808 2300 4863 est,
2335 4798 2526 4870 deinde
2550 4800 2795 4867 accipere
2829 4798 3041 4855 timoris
3074 4801 3392 4870 magistram

1812 4868 2285 4940 co;_umiuationeui
2314 4869 2506 4940 teterui
2538 4869 2726 4940 iudicii
2754 4871 3106 4940 etsupplieii.
3172 4868 3188 4870 “
3232 4912 3235 4917 .

1892 4937 1908 4976 ι
1953 4936 2102 5011 Sicut
2144 4938 2486 5011 Pliamict'um.
2528 4936 2784 5010 Sequitur
2826 4936 3173 5011 Septuaginta
3209 4940 3395 5011 inter-

1813 5019 1993 5087 metes
2017 5009 2166 5087 :_'Ea'w
2195 5004 2291 5066 ὦσι
2319 5009 2372 5065 αἱ
2397 5004 2641 5087 (impria-1
2652 5004 3179 5087 ﬁpév‘dsg-pomimiv,
3206 5009 3262 5064 id
3285 5017 3390 5087 est,

1819 5077 1877 5132 Si
1908 5078 2099 5146 fuerint
2128 5089 2341 5149 peccata
2370 5077 2536 5134 vestra
2565 5092 2617 5134 ut
2642 5077 2984 5135 Phoenicium.
3013 5080 3161 5135 Hanc
3183 5079 3392 5135 versio-

1820 5165 1940 5203 nem
1970 5148 2212 5217 agumcit
2234 5148 2303 5219 AS.
2326 5148 2563 5206 Isidorus
2589 5149 2921 5211 in,.Genesint
2942 5166 3065 5219 cap.
3098 5165 3206 5204 xxv
3230 5168 3246 5203 :
3273 5149 3391 5204 Etsi

1818 5219 2010 5287 fuerint
2052 5219 2183 5271 sicut
2218 5217 2559 5275 Phoenicium.
2606 5220 2942 5277 Phwnieium
2990 5217 3074 5274 est
3114 5235 3383 5290 purpura,

1818 5306 1909 5343 seu
1942 5306 2200 5358 pauiu-eus
2216 5291 2379 5359 color
2402 5307 2430 5345 a
2457 5290 2732 5347 Pbmuicia
2755 5292 2997 5359 regione,
3020 5291 3111 5345 ubi
3133 5292 3386 5347 inventus

1815 5370 1898 5413 est
1944 5356 1973 5412 Ξ]
2012 5374 2145 5414 cane
2178 5356 2450 5417 Herculis.
2504 5360 2639 5416 V’ide
2674 5356 2872 5417 Juliuin
2901 5360 3196 5429 Pollucem,
3230 5360 3329 5417 lib.
3368 5376 3388 5417 ι

1818 5431 2095 5486 Onomast.
2107 5470 2123 5497 ,
2158 5448 2278 5503 cap.
2306 5430 2361 5487 4.

1418 5702 2115 5739 ----ι-“-----

1815 3067 2013 3121 tionem
2042 3076 2389 3136 peccatorum
2420 3067 2534 3121 fieri
2563 3080 2724 3136 posse
2756 3066 3004 3121 ubertate
3036 3065 3405 3138 lacrymarum
3482 3094 3487 3107 ·
