3952 6314
104 385 200 453 8ῗὸ
1010 365 1403 439 ΟΟΝΟΟΒΒῘΔ
1435 372 1716 434 REGULA

1830 370 1903 430 Μ.
1941 403 2015 418 —-
2051 370 2205 432 CAP.
2247 366 2437 428 XXIII.
3258 363 3367 433 87L

105 503 196 560 bus
224 497 316 571 qui
360 493 624 570 psalterii,
667 491 756 550 vel
801 490 1100 550 lectionum
1151 490 1356 564 aliquid
1393 490 1660 561 indigent,
1688 489 1743 552 Α
1765 486 1949 544 citudo
1976 501 2077 543 nos
2102 501 2202 558 per
2230 485 2374 542 diem
2401 481 2739 542 custoditum
2762 492 3102 561 preparetur
3143 473 3352 545 inedita
3375 493 3381 501 '

110 580 424 652 meditatiorii
465 585 810 644 inserviatur.
850 586 898 641 Α
924 584 1136 642 Pascha
1177 593 1362 641 autem
1392 596 1568 654 usque
1601 580 1672 638 ad
1777 578 1926 636 tione
1951 587 2240 636 nocturna.

109 701 252 760 supra
303 684 483 740 dictas
523 681 643 738 Kal.
675 680 995 738 Novembris
1038 680 1119 736 sic
1163 686 1500 770 temperetur
1540 677 1676 732 hora

1862 691 1950 748 lll.
1981 693 2154 750 —Ex
2196 709 2368 770 _unno
2414 711 2477 752 ιιι
2523 693 2989 770 Ιιιβτιτιιτιοιιιιιι,
3047 696 3219 770 capite
3271 712 3378 770 quo

111 777 394 852 vigiliarum
443 773 675 847 agenda,
729 781 791 828 ut
833 771 1159 844 parvissimo
1214 768 1527 835 intervallo,
1569 780 1678 838 quo
1794 765 1797 766 ⁷
1849 781 2038 852 supra,
2064 765 2206 837 quod
2235 777 2352 852 post
2400 768 2692 852 matutinas
2719 767 2981 824 orationes
3011 767 3080 822 ad
3113 765 3378 824 'somn'um

111 846 286 932 fratres
313 871 383 927 ad
405 846 715 927 necessaria
746 877 954 924 naturae
981 874 1200 932 exeant,
1243 881 1374 921 mox
1400 859 1676 927 matutini,
1851 846 2040 891 "mm
2063 853 2168 892 "0"
2197 847 2453 908 θροηθαίο

111 969 194 1041 qui
220 965 507 1037 incipiente
527 963 651 1018 luce
674 961 869 1033 agendi
895 967 1053 1028 sunt,
1078 960 1501 1030 subsequantur.
1854 960 1879 991 ο
1913 949 2086 1022 Cujus
2110 949 2470 1009 solemnitatis
2502 955 2660 1022 ratio,
2688 969 2790 1010 cur
2830 963 3031 1010 statuta
3056 955 3148 1023 sit,
3184 953 3270 1009 vel
3298 953 3382 1010 in-

1782 1053 1947 1100 venta
1974 1044 2030 1099 in
2060 1044 2164 1101 hac
2207 1046 2488 1117 provincia
2517 1046 2761 1103 nonnulli
2792 1048 3127 1119 ignorantes,
3151 1047 3384 1118 expletis

1784 1138 2550 1212 matutinishymnis,rursum
2575 1150 2924 1198 revertuntur
2938 1143 3007 1198 ad
3035 1155 3307 1207 somnum,
3324 1142 3384 1197 in

178 1253 202 1282 ι
236 1239 402 1308 Quem
425 1237 668 1294 laborem
695 1244 892 1308 praeter
917 1235 1066 1291 illam
1097 1235 1388 1299 rationem,
1415 1247 1522 1304 qua
1569 1238 1685 1288 tota
1787 1227 1935 1286 illam
1974 1243 2192 1286 causam
2213 1231 2567 1288 nihilominus
2595 1231 2918 1300 incidentes,
2947 1233 3018 1288 ob
3053 1248 3216 1304 quam
3241 1247 3388 1290 com-

113 1331 361 1390 industria
382 1329 685 1386 adnitentes
730 1327 1059 1384 sacrificium
1101 1326 1213 1384 Deo
1239 1326 1306 1382 de
1339 1323 1522 1383 fructu
1571 1339 1688 1380 ma-
1786 1323 2114 1395 pescendam
2143 1338 2177 1378 a
2203 1324 2509 1381 senioribus
2535 1325 2851 1383 solemnitas
2881 1326 3131 1383 instituta
3161 1335 3265 1382 est.
3291 1325 3388 1382 llla

112 1440 267 1482 nuum
287 1437 508 1480 suarum
533 1419 731 1477 offerre
756 1435 816 1476 se
857 1419 1085 1477 credunt
1106 1427 1136 1485 ,'
1155 1417 1363 1475 duabus
1392 1432 1461 1473 ex
1506 1414 1689 1473 causis
1791 1429 2029 1486 namque
2063 1414 2198 1472 hora
2229 1431 2352 1472 eam
2382 1432 2762 1474 consummare
2789 1417 3070 1486 festinant,
3093 1434 3201 1490 qua
3223 1417 3393 1490 negli-

115 1534 230 1584 cum
249 1515 393 1575 omni
417 1513 798 1571 observatione
833 1512 1169 1569 custodiunt.
1201 1509 1358 1579 Quod
1407 1526 1509 1567 nos
1555 1523 1689 1580 quo-
1791 1508 2126 1580 gentioribus
2169 1509 2460 1581 minusque
2507 1509 2760 1566 sollicitis
2813 1527 3033 1568 rursum
3087 1508 3395 1566 dormiendi

113 1630 212 1686 que
237 1654 252 1682 ,
304 1613 352 1670 si
411 1610 733 1684 perfectioni
779 1611 1059 1667 studemus
1083 1650 1101 1676 ,
1169 1608 1360 1665 eadem
1412 1597 1690 1678 diligentia
1793 1603 2056 1659 reddatur
2109 1605 2343 1662 occasio.
2373 1604 2527 1674 Quod
2560 1604 2888 1662 omnimodis
2933 1605 3050 1661 fieri
3094 1621 3204 1661 non
3231 1619 3396 1676 opor-

115 1707 350 1764 convenit
377 1705 685 1763 observare.
725 1703 931 1770 Prima,
963 1717 1031 1759 ne
1071 1701 1213 1759 forte
1256 1699 1693 1773 purificationem
1796 1704 1894 1753 tet.
1926 1696 1996 1752 Et
2021 1697 2162 1753 sicut
2190 1697 2244 1753 in
2279 1699 2548 1769 superiori
2585 1697 2768 1756 libello
2813 1697 2915 1771 (De
2944 1697 3172 1752 Noctur.
3205 1695 3396 1764 0rat.,

115 1809 343 1858 nostram
365 1798 651 1856 nocturnis
674 1797 901 1869 psalmis
925 1805 982 1852 et
1007 1793 1348 1852 orationibus
1369 1794 1693 1865 acquisitam
1797 1805 1845 1844 c.
1872 1789 1960 1863 15)
1984 1789 2356 1847 describentes
2385 1789 2768 1863 Egyptiorum
2797 1790 3045 1864 synaxim
3074 1789 3287 1861 plenius
3309 1803 3379 1844 ex
3399 1818 3404 1833 ι

114 1890 317 1948 invidus
344 1891 596 1946 inimicus
629 1889 801 1947 livens
830 1888 1054 1960 puritati
1078 1895 1300 1955 nostrae,
1332 1887 1420 1943 cui
1460 1885 1696 1942 maxime
1723 1871 1772 1932 Β
1797 1885 2084 1956 posuimus
2113 1925 2129 1953 ,
2175 1899 2246 1941 ne
2270 1885 2704 1957 puriﬁcationem
2757 1894 3003 1942 nostram
3055 1881 3402 1940 confessione

114 1997 317 2053 semper
363 1981 652 2038 insidiatur
685 1989 741 2036 et
772 1978 1141 2036 indesinenter
1168 1977 1402 2034 infestus
1427 1986 1531 2046 est,
1565 1992 1700 2048 qua-
1791 1976 2053 2049 supplici,
2077 1984 2134 2032 et
2155 1977 2496 2034 antelucanis
2533 1977 2874 2034 orationibus
2903 1977 3230 2048 acquisitam
3255 2016 3272 2042 ,
3312 1975 3402 2031 vel

112 1077 300 1151 511-
322 1075 408 1151 Ex
431 1089 590 1130 ιιιιιιο
627 1089 667 1130 ιι
709 1071 1138 1151 Issrrrurtosmt
1181 1071 1321 1144 (cap.
1353 1069 1466 1151 M).
1501 1067 1682 1151 Quare

205 1157 311 1222 post
335 1147 552 1202 missam
583 1154 894 1200 nocturnam
923 1144 1154 1199 dormire
1179 1159 1285 1197 non
1316 1150 1575 1214 oporteat.

114 2073 237 2130 dam
267 2073 459 2130 somnii
497 2072 746 2130 illusione
765 2071 1118 2129 contaminet.
1149 2071 1253 2138 Qui
1280 2077 1404 2142 post
1434 2069 1584 2126 illam
1610 2085 1701 2127 sa-

115 2165 472 2224 tisfactionem
497 2180 660 2236 quam
693 2179 793 2236 pro
845 2163 1187 2235 negligentiis
1223 2178 1321 2218 seu
1350 2161 1703 2233 ignorationi-

111 2254 216 2312 bus
240 2256 551 2324 obtulimus,
578 2264 634 2312 et
653 2255 1010 2312 confessionis
1047 2263 1247 2311 nostra:
1270 2255 1488 2310 veniam
1516 2253 1703 2325 profu-

114 2349 198 2405 sis
215 2351 500 2421 gemitibus
527 2349 869 2421 imploratam
915 2347 1202 2404 sollicitius
1225 2362 1325 2404 nos
1347 2388 1364 2414 ,
1412 2346 1458 2402 si
1492 2354 1704 2418 tempus

117 2443 315 2514 quietis
339 2444 628 2510 invenerit,
661 2442 938 2498 maculare
974 2433 1227 2508 festinat;
1270 2449 1400 2496 tunc
1429 2439 1704 2512 praecipue

118 2533 372 2590 fiduciam
415 2542 657 2591 nostram
707 2531 938 2603 dejicere
983 2542 1147 2604 atque
1183 2547 1446 2590 enervare
1479 2539 1705 2590 conten-

118 2625 250 2682 dens
268 2665 283 2691 ,
328 2640 451 2682 cum
479 2624 776 2691 ferventius
809 2641 908 2682 nos
937 2625 1007 2682 ad
1035 2626 1206 2682 Deum
1248 2625 1474 2684 tendere
1502 2625 1706 2682 oratio-

119 2734 247 2775 num
271 2727 580 2775 nostrarum
621 2719 860 2790 puritate
902 2720 1218 2790 providerit.
1239 2720 1319 2776 Ita
1345 2729 1406 2776 ut
1456 2735 1708 2776 nonnun-

120 2825 281 2882 quam
316 2825 452 2880 quos
476 2825 575 2881 per
603 2817 775 2870 totum
807 2812 983 2868 noctis
1033 2811 1270 2882 spatium
1311 2812 1558 2868 sauciare
1596 2826 1707 2867 non

117 2895 324 2974 potuit,
367 2903 468 2958 sub
516 2901 665 2958 illius
710 2902 860 2960 hora:
897 2903 1218 2960 brevissimo
1259 2913 1506 2976 tempore
1539 2904 1712 2960 deho-

115 3004 333 3052 nestare
361 3003 609 3052 conetur.
661 2994 915 3052 Secunda
953 3011 1087 3053 vero
1119 2997 1283 3069 quod,
1320 2996 1539 3054 tametsi
1562 2995 1710 3072 nulla

118 3087 248 3142 talis
273 3088 506 3144 verenda
561 3087 763 3144 diaboli
809 3097 1054 3162 emergat
1098 3090 1309 3158 illusio,
1366 3091 1711 3147 intercedens

116 3179 284 3235 etiam
313 3195 480 3252 purus
509 3195 673 3250 sopor
693 3179 947 3245 inertiam
980 3183 1248 3238 monacho
1271 3182 1300 3223 b
1327 3198 1398 3237 ne
1421 3181 1711 3254 vigilatum

113 3271 406 3342 parturiat,
432 3285 760 3343 segnemque
809 3280 1083 3343 torporem
1139 3272 1379 3330 inferens
1424 3274 1593 3329 menti
1617 3288 1716 3344 per

116 3371 298 3418 totum
323 3364 428 3421 diei
456 3365 694 3434 spatium
718 3364 960 3436 vigorem
993 3366 1112 3437 ejus
1136 3367 1424 3434 obtundat,
1460 3367 1718 3440 illamque

112 3457 344 3514 hebetet
377 3458 767 3529 perspicaciam
795 3474 1021 3527 sensus,
1047 3467 1104 3516 et
1129 3461 1508 3534 pinguedinem
1539 3463 1721 3519 cordis

110 3549 430 3616 exhauriat,
461 3566 579 3622 quae
602 3568 703 3608 nos
734 3552 905 3622 possit
947 3568 1045 3623 per
1068 3561 1242 3610 totum
1284 3555 1429 3612 diem
1458 3557 1720 3612 adversus

106 3654 322 3698 omnes
342 3641 564 3699 insidias
580 3644 802 3700 inimici
829 3645 1128 3712 cautiores,
1142 3647 1582 3718 robustioresque
1608 3664 1724 3704 ser-

105 3747 280 3789 vare.
310 3731 670 3802 Quamobrem
719 3737 995 3792 canonicis
1042 3738 1240 3812 vigiliis
1277 3739 1502 3809 privatae
1543 3740 1612 3794 ab
1641 3741 1724 3797 eis

107 3824 526 3899 subjunguntur
551 3829 825 3896 excubiae,
850 3846 915 3887 ac
948 3830 1154 3900 majore
1204 3832 1310 3888 illis
1342 3833 1724 3891 observatione

107 3917 427 3975 succedunt
454 3938 468 3974 :
508 3928 570 3975 ut
595 3928 652 3976 et
674 3920 766 3977 illa
794 3921 1121 3994 purificatio,
1151 3939 1272 3996 quae
1316 3925 1538 3996 psalmis
1562 3936 1647 3982 est
1669 3935 1726 3984 et

105 4003 469 4068 orationibus
496 4013 762 4086 acquisita
791 4029 898 4070 non
927 4023 1136 4086 pereat,
1167 4024 1224 4073 et
1273 4015 1540 4074 intensior
1577 4017 1726 4074 solli-

103 4169 363 4243 Plautusg
383 4169 602 4227 Cereris
627 4168 1014 4243 Vigiliasgdixit
1065 4170 1155 4243 (In
1177 4171 1481 4239 Aulularia,
1508 4175 1564 4227 in
1587 4173 1723 4243 prol.

102 4250 173 4299 et
207 4251 318 4296 act.
349 4241 806 4316 5).λῐιανιινχξόοςς
835 4241 1011 4316 Graeci
1059 4241 1276 4316 vocant,
1308 4257 1416 4313 quo
1461 4241 1725 4316 vocabulo

102 4321 365 4395 ntulitur
387 4312 557 4395 etiam
579 4312 873 4395 Christiani
902 4329 1001 4384 pro
1027 4312 1506 4395 synaxihnolcturni
1544 4313 1726 4381 cilicii,

101 4391 187 4509 11:
207 4384 517 4509 Elalladius,
542 4399 660 4456 cap.
687 4384 754 4442 de
770 4382 1285 4456 Tabénnesiotis,gS.
1310 4383 1731 4458 Chrysostomus

103 4473 148 4509 Β
271 4473 330 4509 ll.

103 4463 182 4515 et
208 4455 330 4511 alii.

197 4539 226 4568 ι
274 4525 448 4600 Quem
475 4525 728 4600 laborem,
754 4536 860 4600 etc_.
890 4526 1017 4584 Haec
1045 4528 1316 4586 habentur
1339 4529 1480 4600 apud
1517 4527 1733 4584 Cassia-

95 4612 260 4658 num
287 4597 387 4653 lib.
416 4614 456 4653 ιι
482 4598 549 4652 de
568 4596 790 4654 Noctur.
819 4598 994 4667 Orat.,
1028 4615 1146 4667 cap.

95 4617 260 4658 num
289 4617 387 4653 un.
416 4617 456 4653 ιι
482 4617 549 4652 ue
569 4617 790 4654 lVOCllll'.
819 4617 994 4667 urat.,
1028 4617 1090 4656 ca
1133 4642 1146 4654 .
1194 4617 1261 4656 ra
1287 4643 1302 4668 ,
1351 4617 1512 4670 quem
1541 4617 1731 4655 aucror

93 4677 328 4731 noster
355 4668 588 4739 appellat
613 4669 1016 4739 lnstitutionum
1050 4617 1248 4727 ligrum
1285 4672 1582 4728 secundum
1612 4690 1626 4725 :
1654 4671 1731 4726 ita

91 4749 183 4798 ut
213 4738 463 4812 quatuor
488 4740 587 4812 hos
615 4738 1073 4812 Cassianilibros,
1101 4743 1194 4812 qui
1223 4743 1388 4798 totius
1427 4743 1552 4797 vitae
1580 4758 1732 4798 asce-

93 4810 255 4872 ticaé
309 4810 674 4866 (economiam
702 4810 1154 4881 complectuntur,
1186 4813 1406 4868 nomine
1435 4813 1732 4868 institutio-

89 4898 262 4944 num
299 4881 536 4952 appellet
555 4881 1008 4952 quemadmodum
1051 4881 1406 4938 Cassiodorus
1430 4885 1495 4939 de
1525 4884 1733 4940 Divinis

87 4952 519 5017 Lectionibus,
547 4967 666 5022 cap.
692 4952 781 5019 l9,
813 4967 949 5022 quos
984 4952 1210 5010 Photius
1264 4955 1364 5010 sub
1393 4955 1552 5010 unico
1596 4955 1734 5010 libro

86 5023 580 5107 comprehendit.
610 5021 920 5107 Gennadius
950 5031 1132 5107 tamen
1161 5025 1214 5079 in
1251 5024 1504 5107 Catalogo
1532 5025 1736 5107 librum

87 5093 405 5170 quantum
433 5093 835 5150 lnstitutionum
882 5109 915 5148 a
947 5093 1120 5150 tribus
1145 5093 1576 5168 praecedentibus
1626 5097 1739 5152 dis-

87 5168 141 5210 2—3
156 5168 311 5210 εισιιί

88 5173 140 5226 ι’
183 5184 246 5218 ια
299 5173 367 5220 ’1.

125 5184 376 5320 ἶιέῐῗὰε
405 5237 701 5320 vigilatum.
742 5235 1044 5320 Rarticula,
1073 5253 1156 5305 ne,
1190 5252 1223 5293 a
1250 5236 1512 5320 Cassiano
1538 5253 1742 5296 excuso

82 5312 316 5372 abest,
347 5307 474 5378 (ιιιώ
496 5317 678 5364 tamen
705 5307 920 5363 videtur
953 5307 1044 5364 hic
1072 5309 1400 5365 necessaria.

190 5392 220 5420 ο
275 5378 461 5452 Cujus
491 5378 835 5452 solemrrjtatis
858 5419 874 5446 ,
898 5386 1032 5452 _etc.
1064 5378 1191 5436 Haec
1238 5380 1422 5452 videre
1459 5389 1561 5452 rest
1604 5379 1746 5452 apud

83 5453 330 5517 (3355.,
357 5449 460 5506 lib.
488 5467 550 5507 ιιι
582 5449 859 5522 de_Di_urn.
887 5449 1063 5516 0rat.,
1086 5466 1206 5522 cap.
1231 5451 1285 5508 5.
1322 5450 1427 5507 Per
1457 5451 1600 5507 hanc
1636 5449 1746 5508 _soc

85 5527 148 5582 le
159 5522 492 5578 mnitatem
515 5520 1082 5594 intelligitur__s_ynaxis
1102 5520 1389 5589 matutina,
1417 5522 1485 5577 de
1507 5538 1612 5593 qua
1633 5523 1747 5594 agit

87 5596 289 5656 Cass.
327 5608 461 5664 cap.
500 5592 536 5647 4
570 5591 810 5662 ejusdem
835 5591 980 5660 libri,
1013 5608 1096 5664 ea,
1134 5594 1414 5661 nimirum,
1445 5591 1608 5664 quam
1649 5591 1747 5649 n'os

89 5663 419 5724 Primam’
447 5679 724 5730 vocamus,
753 5663 969 5734 inventa
1018 5663 1270 5734 primitus
1317 5663 1372 5720 in
1414 5665 1751 5720 monasterio

91 5735 640 5801 Bctlilehemitico,
682 5741 843 5806 aetate
867 5732 1134 5800 Cassiani,
1163 5743 1225 5790 ut
1248 5735 1362 5806 ipse
1390 5735 1565 5806 docet.
1611 5735 1749 5803 Quia

1800 2084 2086 2143 emergens
2106 2072 2354 2142 quaedam
2374 2072 2732 2127 redundantia
2751 2072 3039 2128 humerum
3069 2069 3404 2126 naturalium

1800 2163 2029 2236 polluat,
2046 2164 2130 2220 vel
2158 2163 2340 2220 illusio
2367 2172 2683 2236 corrumpat
2708 2163 2941 2230 inimici,
2959 2162 3042 2217 vel
3059 2169 3209 2218 certe
3233 2161 3408 2216 inter-

1803 2258 2004 2316 cedens
2030 2257 2195 2314 etiam
2219 2258 2342 2328 puri
2385 2265 2440 2314 et
2463 2257 2724 2328 simplicis
2759 2256 2935 2313 somni
2962 2255 3187 2312 refectio
3234 2254 3404 2310 inter-

1803 2359 2024 2422 rumpat
2047 2351 2273 2423 splritus
2294 2352 2472 2407 nostri
2499 2349 2791 2417 fervorem,
2825 2366 2888 2406 ac
2921 2349 3192 2421 tepefacto
3227 2348 3410 2404 somni

1803 2447 2027 2512 torpore
2068 2457 2169 2513 per
2218 2449 2390 2500 totum
2437 2441 2545 2498 diei
2600 2443 2835 2514 spatium
2897 2443 3101 2498 inertes
3151 2441 3410 2510 deinceps

1805 2531 2139 2606 ignavosque
2170 2534 2438 2591 traducat.
2473 2532 2628 2602 Quod
2658 2532 2902 2606 Egyptii
2923 2549 2993 2590 ne
3021 2534 3324 2598 incurrant,
3351 2539 3414 2588 et

1806 2624 2026 2696 quidem
2054 2641 2178 2682 cum
2213 2624 2423 2682 soleant
2455 2625 2622 2681 certis
2655 2624 2985 2695 temporibus
3008 2665 3024 2692 ,
3074 2624 3238 2679 etiam
3284 2627 3415 2677 ante

1807 2716 2075 2790 gallorum
2103 2725 2323 2773 cantum
2346 2730 2697 2789 consurgere,
2721 2715 2749 2756 ά
2775 2715 2940 2772 missa
2973 2715 3239 2771 canonica
3267 2711 3412 2768 cele-

1806 2809 1988 2878 brata,
2014 2825 2187 2882 usque
2211 2810 2280 2867 ad
2332 2810 2510 2868 lucem
2538 2810 2780 2882 posthaec
2821 2809 3032 2881 vigilias
3061 2807 3362 2864 extendunt
3386 2825 3403 2876 ;

1809 2910 1872 2960 ut
1895 2919 1990 2962 eos
2019 2903 2408 2976 superveniens
2428 2903 2520 2959 lux
2543 2904 2809 2960 matutina
2835 2903 2890 2959 in
2916 2903 3020 2959 hoc
3039 2901 3266 2975 |fervore
3297 2901 3412 2974 spi-

1812 2998 1952 3054 ritus
1984 2996 2226 3075 reperiat
2246 2997 2591 3062 constitutos,
2630 3011 2694 3052 ac
2720 3009 2819 3068 per
2851 3002 3025 3052 totum
3061 2993 3168 3052 diei
3196 3001 3412 3064 tempus

1813 3089 2174 3148 ferventiores
2223 3089 2674 3162 sollicitioresque
2714 3089 3022 3157 custodiat,
3077 3096 3416 3162 praeparatos

1819 3198 1913 3240 eos
1936 3183 2241 3256 suscipiens
2264 3184 2333 3240 ad
2359 3181 2669 3240 conflictum
2698 3191 2754 3240 et
2779 3183 3031 3240 diurnam
3080 3181 3421 3238 colluctatio-

1819 3292 1948 3333 nem
1975 3275 2198 3345 diaboli,
2225 3285 2616 3334 nocturnarum
2672 3276 3061 3333 exercitatione
3101 3273 3413 3347 vigiliarum

1820 3370 2143 3442 acspiritali
2168 3370 2522 3427 meditatione
2560 3369 2833 3427 firmatos.

1897 3463 1926 3536 ᾗ
1960 3462 2050 3519 ιν.
2076 3493 2148 3504 -
2175 3462 2258 3518 Ex
2295 3463 2518 3520 REGULA
2555 3478 2746 3520 SANC'I‘I
2785 3462 3032 3520 CASSIANI
3063 3461 3203 3534 (cap.
3234 3459 3345 3536 10).

1899 3565 1923 3594 ο
1945 3552 2058 3610 Nec
2096 3553 2320 3610 ulterius
2368 3555 2657 3625 quisquam
2687 3553 3286 3626 post-puriﬁcationem
3324 3567 3424 3611 no-

1823 3653 2141 3704 cturnarum
2165 3646 2475 3718 vigiliarum
2506 3648 2561 3704 in
2611 3648 2856 3718 requiem
2897 3647 3074 3704 somni
3101 3647 3300 3704 iterum
3329 3663 3419 3703 re-

1825 3739 2088 3806 solvatur,
2133 3739 2307 3795 donec
2331 3739 2746 3810 superveniente
2774 3740 2860 3796 die
2886 3749 3167 3817 nocturnae
3193 3741 3424 3797 medita-

1826 3832 1960 3888 tioni
1991 3833 2237 3903 operatio
2269 3833 2466 3888 diurna
2517 3833 2804 3902 succedat;
2839 3848 2909 3890 ne
2960 3834 3100 3890 forte
3127 3834 3424 3907 puritatem

1825 3931 2070 3980 nostram
2103 3925 2327 3996 psalmis
2378 3935 2432 3981 et
2470 3925 2809 3982 orationibus
2850 3926 3171 3997 acquisitam
3208 3926 3424 3982 invidus

1828 4015 2075 4074 diabolus
2097 4017 2332 4090 quadam
2373 4018 2550 4075 somni
2581 4017 2829 4075 illusione
2872 4018 3224 4074 contaminet.
3283 4016 3425 4086 Quia

1828 4192 2018 4234 somno
2040 4175 2410 4246 indulgebant,
2426 4190 2492 4231 eo
2517 4189 2715 4246 nempe
2741 4172 2916 4246 usque
2941 4176 3009 4230 ad
3038 4173 3278 4229 Tertiam
3302 4189 3426 4244 pro-

1829 4249 2024 4304 ducto:
2062 4245 2291 4318 quorum
2328 4255 2553 4302 veterno
2585 4245 2661 4318 uti
2693 4245 3093 4318 occurreretur,
3116 4261 3155 4318 ma
3185 4245 3422 4318 seniori-

1829 4319 1933 4374 bus
1955 4315 2362 4373 haec'Matutina
2389 4358 2405 4384 ,
2457 4334 2580 4384 quae
2607 4317 2741 4372 alias
2765 4317 2946 4370 Prima
2977 4315 3282 4384 appellatur
3310 4315 3425 4371 sole

1832 4334 1933 4374 nus
1958 4334 2074 4373 naec
2103 4334 2362 4372 matutina
2389 4358 2405 4384 ,
2498 4334 2580 4373 uae
2607 4334 2741 4372 anas
2765 4334 2946 4370 l’l'lma
2977 4334 3282 4384 appellatur
3310 4334 3415 4371 δοιε

1832 4389 2176 4466 illucescente
2203 4334 2526 4466 celebranda
2556 4388 2804 4443 instituta
2838 4393 2940 4466 est.
2974 4385 3063 4466 Exn
3079 4400 3186 4466 quo
3217 4393 3415 4466 notan-

1834 4461 1961 4516 du’m
1989 4467 2076 4514 est
2103 4467 2231 4513 ante
2255 4457 2501 4513 Cassiani
2544 4465 2760 4513 aetatem
2805 4455 3008 4509 nullum
3036 4454 3203 4511 fuisse
3231 4455 3428 4510 Primae

1835 4539 2038 4587 nostrae
2071 4544 2230 4584 usum
2262 4531 2314 4584 in
2343 4528 2610 4593 Ecclesia,
2626 4538 2688 4582 ut
2707 4527 2871 4582 etiam
2891 4525 3096 4581 clarum
3125 4535 3210 4582 est
3230 4541 3297 4580 ex
3318 4526 3427 4581 Pa-

1194 4602 1261 4656 15
1287 4643 1302 4668 ,
1351 4596 1512 4670 quem
1541 4609 1732 4682 auctor
1755 4607 1810 4668 Ι)
1837 4603 2011 4658 tribus
2037 4600 2176 4656 infra
2210 4599 2444 4681 citandis
2470 4599 2587 4680 ipso
2613 4598 2874 4679 Cassiano
2904 4596 3318 4720 antiquioribus,
3335 4599 3428 4668 qui

1195 4689 1247 4720 m
1285 4672 1581 4720 semmdnm
1612 4690 1626 4720 :
1654 4680 1731 4720 ita
1834 4672 2036 4720 nullam
2078 4669 2387 4720 huiusmodi
2436 4669 2632 4720 Primae
2663 4678 2996 4720 mentionem
3063 4679 3265 4720 acrum.
3319 4669 3428 4720 Nec

1834 4672 2037 4730 nullam
2077 4669 2387 4743 hujusmodi
2436 4668 2632 4724 Primae
2663 4668 2996 4743 mentionem
3021 4668 3265 4743 _faciunt.
3287 4669 3428 4743 “Nec

1833 4745 1962 4801 huic
1997 4737 2280 4799 sententiae
2309 4740 2812 4806 adversanturhaac
2837 4737 2895 4793 S.
2947 4737 3232 4794 Athanasii
3259 4737 3427 4795 verba

1837 4822 2073 4870 tractatu
2098 4813 2165 4868 de
2191 4810 2515 4884 Virginitate
2543 4825 2557 4863 :
2585 4807 2936 4884 '_A_mﬂ)wv_6
2958 4810 3345 4884 ﬂtocﬁltrrfrao
3358 4813 3427 4884 Δ1ξό

1836 4887 2036 5012 EtGMw.
2055 4887 2105 4941 ἐν
2125 4881 2425 5009 ταῑςέσρσί
2445 4903 2566 4964 acu,
2589 4881 2645 4936 id
2687 4891 2792 4947 est,
2816 4881 3002 4936 oriens
3039 4881 3126 4963 sol
3150 4883 3328 4936 videat
3351 4881 3426 4962 .Ιὶ-

1878 4972 1996 5012 rum
2023 4971 2080 5011 In
2109 4971 2254 5010 mani
2297 4969 2362 5008 us
2391 4963 2527 5012 tuis;
2585 4962 2708 5012 Dost
2760 4968 2881 5012 qua:
2915 4960 3161 5012 protinus
3200 4960 3426 5007 mentio-

1878 4972 1996 5012 rum
2023 4956 2080 5011 in
2109 4951 2362 5010 manib'u's
2391 4954 2527 5020 tuis;
2585 4962 2708 5024 post
2760 4953 3163 5024 quagprotinus
3200 4951 3428 5007 mentio-

1839 5043 1964 5084 nem
1989 5025 2122 5082 facit
2143 5025 2364 5088 Tertiae,
2380 5023 2562 5081 Sexta:
2584 5020 2639 5078 et
2658 5020 2844 5079 Nonae.
2869 5020 3004 5076 Nam
3033 5023 3120 5078 hic
3152 5023 3303 5078 locus
3322 5037 3431 5077 non

1840 5097 2160 5168 intelligitur
2188 5097 2257 5152 de
2285 5096 2460 5168 ollicio
2504 5096 2686 5168 divino
2709 5110 2805 5151 seu
2834 5093 2985 5150 horis
3009 5092 3306 5168 canonicis,
3335 5094 3431 5149 sed

1842 5164 2167 5224 delectione
2203 5175 2259 5221 et
2311 5166 2667 5223 meditatione
2697 5180 2978 5223 sacrarum
3023 5164 3431 5235 Scripturarum

1842 5240 2187 5309 maximeque
2223 5238 2467 5309 psalterii
2492 5280 2508 5305 ,
2553 5247 2614 5294 ut
2651 5236 2783 5293 illud
2815 5237 2982 5309 _virgo
3022 5235 3271 5309 ediscat:
3302 5251 3431 5291 nam

1843 5319 2001 5389 antea
2043 5307 2293 5389 diierat:
2316 5307 2458 5389 ΪΗτω
2491 5310 2643 5389 ἔργον
2675 5331 2772 5389 σον
2808 5307 3087 5389 διαπᾳνιςὸς
3112 5308 3318 5389 ,μιλὲςηΔ
3329 5316 3432 5364 τῶν

1845 5384 1988 5458 βςίων
2000 5390 2224 5458 γρᾳφῷν,
2240 5377 2762 5458 ψαλτήριονῗχεααὶ
2781 5381 2900 5440 τοὺς
2925 5377 3162 5458 ψαλμοῆς
3188 5380 3430 5458 μάνθσςνι,

1845 5453 1901 5510 id
1929 5451 2046 5519 est,
2065 5451 2138 5509 si't
2161 5451 2265 5509 hoc
2288 5451 2426 5522 opus
2455 5451 2608 5506 tuum
2637 5464 2851 5522 semper
2891 5451 3172 5522 meditatio
3211 5456 3432 5522 sancta-

1848 5539 1971 5580 rum
2007 5519 2439 5595 Scripturarum,
2468 5522 2663 5595 habeto
2713 5519 3030 5595 psalterium
3055 5563 3081 5595 ,_
3110 5530 3183 5595 _et
3241 5519 3436 5595 discito

1847 5589 2211 5679 psalmos_;'et
2237 5589 2494 5679 continuo
2519 5592 2651 5679 dicit
2676 5612 2690 5648 :
2715 5589 2909 5679 oriens
2933 5591 3012 5679 scf
3031 5592 3204 5648 uideat
3243 5589 3436 5670 librum

1848 5663 1906 5722 in
1931 5667 2172 5722 manibus
2195 5669 2323 5731 tuis,
2347 5681 2560 5736 nempe,
2584 5675 2645 5721 ut
2682 5664 2922 5736 psalmos
2951 5663 3148 5720 discas.
3264 5733 3275 5736 _
3335 5733 3348 5736 _
3409 5667 3411 5670 ‘

1919 5736 1950 5778 ἀ
1988 5737 2155 5793 Missa
2180 5739 2453 5794 canonica.
2474 5733 2651 5790 _Missa
2681 5733 2802 5807 hoc
2821 5735 2939 5791 loco
2962 5744 3047 5790 est
3088 5733 3309 5807 synaxis
3334 5733 3433 5790 ho-

93 5817 251 5888 post
288 5807 641 5861 matutinum
671 5804 820 5860 illum
849 5804 1282 5888 cursum,qu_em'
1301 5821 1400 5888 nes
1432 5805 1617 5862 laudes
1637 5823 1754 5888 ma:-
1851 5825 2035 5888 rarum
2065 5810 2474 5888 canonicarum,
2495 5807 2562 5862 de
2586 5821 2695 5888 qua
2712 5805 2881 5888 ipfra.

95 5875 366 5944 iutinas
388 5889 790 5949 nuncupamus,
819 5875 1038 5947 quidam
1058 5875 1478 5952 negligentiores
1501 5879 1752 5937 monachi

567 5967 843 6031 Panos.
877 5965 1042 6037 CIII.

1928 5893 1952 5924 ο
1981 5880 2092 5937 Nec
2128 5880 2366 5937 ulterius.
2396 5877 2516 5935 Lib.
2544 5893 2584 5933 tt
2604 5872 2683 5938 'de
2712 5877 2984 5934 Nocturna
3005 5877 3323 5952 Orat.,cap.
3343 5872 3434 5940 15.

2882 5970 2961 6035 23
