3952 6314
185 375 283 452 8η

1096 381 1488 450 CONCORDIA
1525 378 1991 444 REGULARUM.
2024 415 2099 430 --
2131 381 2282 442 CAP.
2323 381 2512 444 XXIII.

3330 383 3438 451 878

184 527 280 567 non
306 523 370 564 ex
404 499 614 576 integro
642 500 824 558 animo
859 486 1005 558 amei
1032 500 1200 556 Deum
1224 498 1392 556 frater
1417 498 1472 554 in
1501 499 1742 571 psalmis,
1773 504 1827 566 Α
1851 499 2028 556 decim
2064 501 2090 541 ⁸
2121 499 2488 571 apostolorum
2516 498 2714 556 cantici
2739 497 2980 558 inchoati
3015 510 3070 558 et
3102 500 3239 562 ﬁniti
3266 519 3280 570 ;
3311 519 3438 562 mox

183 601 380 676 quando
404 614 501 672 per
521 610 767 660 somnum
792 595 939 668 cupit
966 593 1218 650 satisﬁeri
1241 592 1411 648 carni.
1451 589 1583 648 Nam
1608 593 1749 649 sicut

183 711 204 736 ιι
229 696 341 751 luna
368 693 423 749 in
465 690 667 748 circulo
701 689 968 746 minorata
997 687 1234 757 deputati
1282 687 1427 742 nocti
1455 687 1632 744 minus
1661 686 1746 743 lu-

181 789 327 846 minis
376 783 608 858 complet
656 780 908 845 ollicium,
958 794 1081 836 cum
1129 779 1280 836 tarde
1325 780 1496 850 surgit
1523 778 1749 835 orientis

179 892 378 950 exortu,
396 879 550 940 tarde
565 894 728 934 cursu
755 891 854 932 suo
884 875 938 930 in
962 873 1105 932 diem
1134 872 1436 942 ingreditur
1461 889 1744 939 occasura,

177 981 250 1036 sic
293 986 348 1033 et
370 975 608 1032 brevitas
638 971 878 1034 noctiqu
927 976 1226 1040 temperata
1263 984 1387 1026 eum
1417 969 1504 1024 die
1530 974 1750 1040 propter

175 1071 508 1144 fragilitatem
549 1067 731 1124 carnis
765 1065 1014 1122 humana:
1057 1061 1200 1137 cegit
1227 1061 1407 1123 divina
1443 1060 1497 1114 in
1524 1059 1749 1132 psalmis

176 1163 500 1229 abbreviari,
551 1170 607 1217 et
652 1160 806 1234 jungi
853 1176 977 1216 cum
1020 1167 1177 1214 nocte
1205 1155 1311 1212 diei
1359 1153 1554 1209 olIicia.
1606 1151 1748 1223 Ergo

175 1258 350 1332 psalmi
393 1255 642 1316 nocturni
674 1253 868 1310 hiemis
893 1261 1135 1324 tempore
1157 1291 1174 1317 ,
1207 1250 1312 1306 hoc
1354 1256 1454 1313 est,
1487 1247 1555 1302 ab
1582 1243 1750 1317 aequi-

175 1352 341 1408 noctio
370 1349 587 1406 hiemali
611 1362 781 1418 usque
806 1347 874 1402 ad
896 1345 1278 1416 aequinoctium
1298 1340 1534 1408 vernale,
1566 1339 1620 1394 id
1641 1346 1746 1405 est,

173 1446 236 1501 ab
259 1452 445 1502 octavo
474 1441 593 1500 Kal.
640 1439 888 1496 Octobris
928 1453 1102 1509 usque
1128 1445 1322 1492 octavo
1352 1433 1472 1489 Kal.
1521 1431 1746 1504 Aprilis,

173 1537 260 1594 sed
281 1535 471 1594 melius
498 1547 668 1604 usque
691 1531 783 1588 ubi
812 1530 975 1590 fuerit
994 1530 1228 1595 Pascha,
1259 1528 1386 1599 quia
1413 1534 1604 1586 noctes
1633 1540 1747 1582 ma-

164 1627 304 1702 jores
327 1635 475 1694 sunt,
505 1626 533 1666 ι)
561 1625 667 1682 dici
701 1623 897 1682 debent
921 1623 1230 1694 antiphonae
1258 1627 1509 1676 currente
1535 1633 1750 1690 semper

165 1723 434 1795 psalterio,
464 1730 520 1777 et
538 1719 882 1791 rosponsoria
911 1717 1039 1783 tria,
1063 1724 1122 1771 ut
1143 1716 1274 1774 [iant
1299 1726 1319 1753 ο
1346 1712 1619 1770 sexdecim
1649 1712 1750 1766 im-

167 1817 452 1888 positiones
490 1814 544 1869 in
571 1811 883 1875 Nocturnis,
931 1824 1093 1880 quam
1122 1815 1317 1864 octavo
1364 1806 1748 1864 Matutinarum

1849 590 1928 645 eis
1972 590 2222 648 Matutini
2259 589 2651 663 subjungantur
2697 600 2918 664 propter
2967 592 3290 651 brevitatem
3332 613 3438 654 no-

1848 684 2040 740 ctium.
2070 683 2175 740 Sed
2199 685 2302 740 hoc
2326 700 2542 760 semper
2561 691 2671 744 tam
2694 684 2750 742 in
2765 684 3118 760 hiemequam
3142 688 3440 758 inmstate,

1849 786 1960 832 tam
1990 778 2046 834 in
2071 777 2158 833 die
2185 793 2348 849 quam
2395 779 2450 832 in
2477 787 2637 836 nocte
2664 794 2761 836 seu
2790 779 2843 842 in
2872 779 3069 852 vigiliis
3099 797 3222 840 cum
3249 784 3438 854 psalli-

1847 878 1968 937 tur,
2022 877 2277 928 caveatur
2300 912 2314 936 ,
2377 885 2447 926 ne
2485 870 2684 943 psalmi
2717 871 3008 942 aliquando
3035 875 3439 944 combinantur,

1849 963 1993 1034 quod
2036 977 2146 1022 non
2196 963 2344 1030 licet,
2393 962 2487 1018 sed
2535 963 2776 1037 singulos
2820 963 3018 1029 dobere
3061 965 3276 1032 definiri
3313 984 3440 1030 cum

1848 1054 2032 1112 Gloria
2075 1074 2088 1110 :
2138 1064 2330 1112 utnec
2360 1056 2638 1116 orationes
2685 1057 2825 1114 inter
2874 1057 3022 1129 ipsos
3064 1060 3282 1130 agenda!
3315 1076 3441 1132 pcr-

1849 1145 2067 1214 dantur,
2101 1161 2202 1202 nec
2231 1145 2443 1203 Glorias
2470 1161 2659 1210 eorum
2704 1145 2850 1204 laudi
2881 1148 2976 1214 Dei
3003 1148 3281 1216 videamur
3309 1152 3442 1208 sub-

1849 1240 2070 1304 ducere,
2116 1255 2239 1294 cum
2277 1240 2659 1310 compendiosa
2721 1240 3045 1313 negligentia
3093 1243 3338 1314 cogimur
3382 1245 3440 1302 iu

1848 1349 1908 1391 se
1939 1334 2179 1406 psalmos
2221 1335 2462 1400 inserere
2492 1335 2522 1378 ὶι
2559 1335 2841 1396 constituit
2889 1343 2946 1392 et
2992 1335 3175 1392 linem.
3207 1337 3362 1406 Quod
3389 1339 3438 1398 si

1847 1427 2028 1498 aliqua
2080 1427 2377 1484 necessitas
2419 1442 2610 1490 omnes
2647 1427 3280 1500 psallantes‘perurgeat,
3330 1444 3440 1486 non

1845 1521 2196 1588 combinent,
2265 1521 2359 1577 sed
2411 1529 2783 1588 eonternent;
2835 1531 3022 1588 tamen
3065 1538 3192 1580 eum
3237 1524 3440 1582 Glorii‘s

1845 1615 1961 1670 suis
1990 1614 2428 1684 subsequantur:
2482 1624 2538 1674 et
2580 1623 2638 1672 ut
2663 1615 2828 1674 citius
2854 1617 3181 1687 compleant,
3207 1627 3266 1675 et
3298 1621 3442 1690 psal—

1847 1724 2061 1764 morum
2095 1709 2337 1765 numeris
2383 1725 2491 1765 non
2529 1710 2846 1768 minaretur.
2879 1712 3027 1784 Ergo
3063 1714 3184 1770 ideo
3214 1724 3310 1772 aut
3334 1717 3444 1773 sin-

1847 1799 2003 1872 gulos
2032 1808 2126 1856 aut
2176 1809 2360 1858 ternos
2411 1801 2648 1858 diximus
2673 1803 2875 1860 debere
2927 1805 3080 1861 dici:
3130 1807 3257 1877 quia
3301 1809 3444 1866 sicut

165 1881 527 1979 impositiones
552 1904 801 1961 similiter
828 1903 1022 1974 viginti
1054 1909 1288 1972 quatuor
1313 1901 1521 1958 vicibus
1556 1914 1746 1956 secun-

1851 1891 2032 1948 unitas
2060 1891 2115 1946 in
2147 1891 2437 1959 Trinitate,
2487 1904 2546 1950 et
2571 1894 2812 1951 Trinitas
2847 1897 2905 1951 in
2937 1897 3146 1954 unitate
3191 1901 3443 1970 agnosci-

165 2002 287 2062 dum
333 1999 522 2072 viginti
573 2007 807 2070 quatuor
846 1996 1118 2052 seniorum
1169 1994 1525 2050 imitationem
1575 2007 1750 2064 genus

163 2101 344 2150 nostra
401 2092 455 2148 in
510 2098 667 2156 nocte
717 2088 830 2144 Deo
881 2086 1168 2148 ﬂectantur
1217 2084 1246 2126 ἀ
1296 2100 1420 2141 cum
1477 2083 1746 2146 laudibus.

162 2186 294 2241 Nam
325 2187 377 2240 in
414 2185 664 2263 noctibus
695 2181 990 2252 majoribus
1017 2182 1137 2235 ideo
1182 2177 1302 2252 plus
1347 2177 1500 2250 psalli
1530 2175 1747 2240 debent,

158 2286 223 2332 ut
251 2277 384 2332 sicut
413 2275 568 2332 nobis
594 2275 737 2329 Deus
766 2271 831 2328 ad
863 2273 1293 2344 rephusationem
1320 2269 1589 2341 prolixum
1621 2283 1746 2338 spa-

160 2368 301 2422 tium
327 2365 509 2436 junxit
534 2368 590 2423 in
632 2373 823 2431 nocte,
873 2372 930 2423 et
962 2379 1062 2421 nos
1085 2363 1135 2420 ei
1161 2377 1259 2433 per
1283 2363 1518 2433 agendas
1543 2361 1746 2432 gratias

149 2457 443 2530 jungamur
467 2459 522 2512 ln
554 2458 788 2513 laudem.
819 2456 1088 2526 Tempore
1109 2470 1240 2510 vero
1260 2455 1486 2521 aestatis,
1514 2456 1618 2510 hoc
1637 2461 1744 2520 est,

156 2557 192 2610 a
223 2551 424 2608 Pascha
452 2566 624 2624 usque
650 2559 841 2607 octavo
889 2547 1008 2604 Kal.
1060 2547 1310 2605 Octobris
1343 2559 1367 2587 ε
1399 2557 1522 2604 octo
1564 2548 1747 2604 dican-

155 2651 250 2700 tur
285 2642 612 2714 antiphonm,
654 2649 909 2698 currente
934 2681 949 2708 ,
988 2649 1051 2703 ut
1081 2655 1243 2711 supra
1271 2639 1510 2698 diximus
1535 2679 1548 2706 ,
1603 2655 1746 2698 sem.

154 2749 256 2807 per
276 2733 552 2805 psalterio,
602 2742 659 2789 et
694 2733 800 2788 tria
845 2732 1191 2804 respousoria
1222 2740 1376 2787 extra
1403 2731 1663 2787 lectiones
1692 2737 1748 2786 et

154 2839 395 2892 versum,
445 2835 501 2881 et
527 2825 549 2866 ί
593 2840 754 2898 rogos
783 2824 919 2880 Dei:
955 2834 1015 2880 ut
1041 2833 1152 2880 tam
1182 2823 1302 2880 istae
1327 2822 1610 2880 duodecim
1638 2821 1744 2877 lm-

155 2921 449 2994 positiones
497 2918 790 2978 Nocturna;
833 2935 995 2991 quam
1045 2917 1205 2976 simul
1250 2917 1569 2990 conjunctae,
1623 2923 1748 2972 octo

157 3014 542 3069 Matutinarum
577 3013 956 3085 impositiones
979 3012 1172 3084 viginti
1203 3011 1352 3067 vices
1378 3018 1542 3081 cogat
1565 3019 1749 3084 parva

153 3109 331 3165 noctis
361 3109 500 3164 ratio
520 3106 631 3164 Deo
662 3121 836 3180 genua
861 3107 1169 3164 incurvare.
1203 3103 1341 3174 Qula
1365 3117 1748 3171 somnus,cum

151 3199 337 3258 brevis
367 3206 473 3267 est,
521 3199 692 3256 dulcis
745 3197 957 3254 videtur
1005 3212 1125 3255 esse
1163 3195 1335 3264 carni,
1387 3212 1510 3252 cum
1547 3209 1746 3266 corpus

151 3291 392 3348 hominis
419 3289 631 3362 prolixo
653 3290 936 3359 fatigatum
979 3287 1165 3344 labore
1189 3287 1295 3344 diei
1337 3287 1534 3344 minori
1561 3286 1747 3357 requie

151 3384 306 3442 brevi
333 3383 562 3462 quiescit
590 3384 646 3439 in
675 3385 852 3439 nocte.
903 3381 1048 3454 Ergo
1071 3379 1278 3438 aestatis
1305 3387 1572 3452 tempore,
1602 3377 1747 3434 sicut

150 3491 318 3548 supra
344 3475 768 3548 designavimus,
819 3473 948 3546 quia
980 3473 1218 3529 minores
1243 3478 1370 3528 sunt
1406 3477 1619 3536 noctes,
1649 3486 1748 3528 no-

145 3584 281 3626 vem
317 3567 565 3624 dicantur
613 3567 948 3638 antiphonm,
1001 3573 1058 3622 et
1105 3565 1212 3622 tria
1263 3562 1630 3634 responsoria,
1685 3570 1750 3618 ut

149 3663 292 3720 ﬂant
320 3661 600 3719 duodecim
629 3661 1002 3734 impositiones
1046 3658 1342 3718 secundum
1367 3656 1591 3714 nomina
1618 3656 1750 3713 duo.

225 3849 255 3879 ει
286 3833 438 3892 Luna
464 3833 520 3893 in
541 3833 736 3894 circulo
771 3836 1054 3908 minorum.
1083 3831 1219 3893 Cum
1248 3851 1444 3908 nempe
1470 3836 1529 3894 in
1556 3845 1767 3900 astate

145 3903 414 3964 describit
460 3909 724 3965 minorem
785 3907 1049 3964 circulum
1104 3923 1266 3980 super
1311 3903 1556 3965 nostrum
1604 3910 1748 3968 hori-

143 3989 390 4036 sontem.

223 4049 258 4092 ι’
291 4051 406 4106 Dici
431 4050 613 4105 debent
643 4052 961 4122 antiphome.
997 4047 1098 4106 llic
1126 4050 1278 4108 deest
1303 4049 1548 4122 aliquid;
1597 4061 1657 4109 ut
1686 4053 1744 4111 in

139 4122 358 4194 Regula
400 4139 516 4194 gms.
563 4123 654 4178 ubi
681 4123 875 4194 lacuna
909 4130 993 4194 est
1028 4130 1150 4192 post
1177 4126 1234 4182 τὸ
1259 4124 1580 4194 ontipltonw,
1624 4139 1744 4194 qua:

138 4193 451 4266 supplenda
498 4193 800 4266 vocabulo,
855 4193 1138 4266 tredecim;
1181 4193 1306 4262 quia
1354 4193 1407 4246 in
1454 4193 1746 4252 Nocturnis

134 4263 350 4322 hiémis
376 4265 565 4322 statuit
591 4265 864 4320 sexdecim
906 4263 1282 4333 impositiones
1313 4273 1568 4335 currente
1602 4266 1745 4335 psal-

138 4337 324 4392 terio:
368 4345 419 4419 et
451 4335 723 4419 perfectus
762 4335 990 4419 erit‘hic
1019 4351 1277 4419 numerus
1299 4375 1314 4401 ,
1359 4334 1406 4389 si
1440 4334 1614 4392 tribus
1657 4353 1746 4394 re-

131 4408 449 4480 sponsoriis
484 4407 750 4463 addantur
777 4407 1035 4462 tredecim
1064 4407 1392 4477 antiphome.

221 4492 244 4518 ε
283 4475 558 4534 Sexdecim
586 4478 959 4548 impositiones.
1013 4478 1069 4532 In
1097 4476 1302 4549 Regula
1333 4492 1432 4534 ms.
1463 4487 1588 4547 post
1624 4479 1743 4536 haec

124 4550 650 4620 verbasequitur:
700 4549 1003 4604 Secundum
1048 4565 1322 4620 numerum
1369 4551 1740 4620 prophetarum

121 4632 304 4692 extra
331 4618 598 4692 lectiones,
635 4636 856 4684 versum,
893 4629 1117 4692 etrogus
1146 4619 1300 4691 [Leg.
1327 4618 1501 4692 rogos]
1533 4620 1650 4687 Dei,
1683 4631 1741 4676 ut

120 4704 258 4747 tam
286 4691 400 4746 ista:
428 4689 688 4762 sexdecim
732 4690 1103 4762 impositiones.
1150 4689 1282 4758 Quae
1328 4689 1415 4745 hic
1444 4689 1742 4762 supplenda

118 4770 282 4818 sunt
307 4763 376 4817 ad
403 4761 813 4832 castigationem
860 4760 1018 4832 hujus
1061 4762 1460 4832 corruptissimi
1482 4760 1591 4832 loci
1622 4782 1636 4818 :
1686 4773 1741 4819 et

111 4841 342 4906 postea
377 4831 636 4906 sequitur,
683 4833 738 4886 in
762 4831 1050 4906 nocturnis,
1085 4831 1262 4906 quani,
1301 4842 1406 4906 etc.
1457 4831 1524 4888 Et
1548 4850 1742 4891 sensus

111 4903 272 4970 East,
324 4914 386 4960 ut
435 4903 492 4960 in
546 4903 991 4978 nocturnissiut
1041 4904 1315 4978 sexdecim
1366 4904 1743 4978 impqsitiones

99 4979 301 5048 juxta
330 4991 614 5048 numerum
643 4972 916 5048 sexdecim
951 4975 1336 5048 prophetarum
1367 4972 1600 5048 quatuor
1629 4993 1746 5032 ma-

94 5045 329 5122 jorum
370 5045 750 5122 etduodecim_
778 5046 1088 5122 minorum:
1135 5045 1338 5122 quibus
1383 5046 1430 5101 si
1473 5048 1744 5103 addantur

98 5115 268 5177 ὗειο
305 5118 682 5188 impositiones
703 5115 1109 5189 Matutinarum,
1127 5117 1284 5189 juxta
1304 5132 1588 5189 numerum
1609 5135 1743 5189 qua-

99 5203 270 5248 tuor
296 5198 368 5262 et
384 5187 580 5262 viginti
609 5189 884 5262 seniorum
905 5187 960 5246 in
975 5187 1324 5262 Apocalypsi,
1360 5188 1494 5243 ﬁent
1513 5187 1751 5259 quatuor

92 5271 189 5319 et
248 5258 468 5334 viginti'
491 5260 948 5334 genuﬂexiones.‘
975 5258 1351 5334 lmpositiones
1390 5258 1588 5334 autem
1623 5271 1752 5318 sunt

90 5329 572 5398 modulationes,
617 5329 1110 5404 pronuntiationes,
1141 5330 1512 5386 recitationes.
1567 5331 1750 5404 Impo-

87 5419 278 5463 ncre
330 5402 634 5470 modulari,
663 5418 879 5469 cauere,
921 5402 1172 5467 recitare,
1200 5410 1261 5456 ut
1289 5404 1567 5474 imponere
1610 5402 1752 5474 psal-

83 5491 298 5535 mum
324 5516 340 5540 ,
379 5475 660 5546 imponere
708 5474 1037 5546 lectionem,
1085 5474 1404 5544 capitulum.
1455 5473 1754 5532 Cassianus

79 5547 285 5618 dixit
296 5545 562 5618 praebere
585 5547 854 5618 psalmum
880 5563 893 5600 :
925 5545 1020 5600 sed
1048 5545 1117 5600 de
1147 5546 1415 5618 hisinfra.

196 5616 230 5656 ἀ
270 5616 416 5674 Cum
439 5616 705 5674 laudibus.
735 5619 793 5673 id
827 5625 934 5684 est,
979 5632 1106 5672 cum
1134 5617 1370 5685 alleluia,
1399 5626 1460 5673 ut
1493 5617 1635 5673 infra
1669 5617 1747 5674 di-

73 5698 327 5749 cetur.

199 5773 230 5799 ο
261 5758 407 5832 Octo
431 5761 680 5818 dicantur
707 5763 1024 5832 antiphona'.
1073 5760 1149 5816 Ita
1177 5763 1230 5816 in
1261 5761 1461 5832 Regula
1487 5778 1589 5818 ms.
1621 5761 1744 5816 cod.

73 5833 342 5906 Go_rb.;
377 5831 503 5906 lege
524 5843 726 5906 tamen,
761 5831 961 5896 novem,
1016 5851 1121 5887 non
1173 5844 1308 5899 octo,
1350 5831 1412 5889 ut
1441 5836 1597 5906 paulo
1627 5840 1751 5903 post

71 5903 386 5963 habetur
411 5902 606 5969 {Quia
631 5904 856 5960 minores
891 5915 1011 5960 sunt
1047 5917 1218 5960 noctes
1241 5947 1254 5972 ,
1295 5902 1471 5962 uocent
1502 5902 1752 5961 dicantur

1769 4647 1822 4709 Β
1847 4623 1982 4709 gulae
2010 4620 2149 4709 nisi
2171 4633 2285 4706 post
2310 4625 2489 4709 ipsum
2509 4639 2664 4695 rogus
2708 4620 2843 4709 Dei;
2892 4637 3010 4709 cap.
3031 4620 3113 4709 r36
3137 4639 3150 4675 :

1849 1993 1977 2051 tur;
2007 1986 2082 2042 ita
2109 1987 2489 2057 aut'singulos,
2521 1995 2615 2042 aut
2645 2003 2745 2059 pro
2773 1991 3098 2056 necessitate
3125 2001 3312 2052 ternos
3331 2008 3446 2050 cre-

1847 2078 2040 2134 damus
2076 2087 2262 2136 tamen
2307 2095 2432 2135 cum
2459 2077 2662 2136 Gloriis
2707 2083 2820 2138 suis
2869 2084 2977 2139 dici
3027 2084 3248 2142 debere.
3303 2085 3444 2142 Nam

1849 2171 2150 2226 combinari
2182 2185 2248 2225 ex
2277 2179 2389 2238 toto
2420 2187 2527 2244 non
2574 2171 2738 2230 licet:
2789 2173 2916 2246 quia
2945 2191 3050 2230 non
3089 2178 3228 2249 plus,
3267 2193 3445 2248 neque

1848 2260 2028 2318 minus
2051 2261 2120 2316 ab
2147 2262 2353 2318 unitate
2373 2271 2427 2318 et
2454 2261 2700 2319 trinitate
2723 2261 2868 2336 quod
2892 2263 3142 2333 deiuerit,
3175 2263 3443 2324 Christia-

1847 2369 1979 2408 num
2032 2353 2206 2408 decet.
2259 2353 2327 2409 Et
2355 2362 2486 2409 tunc
2529 2351 2828 2425 perfectam
2871 2355 3032 2411 ﬁdem
3082 2355 3364 2424 habemus,
3395 2360 3446 2414 si

1847 2443 2170 2500 Trinitatem
2199 2444 2500 2514 perfectam
2525 2446 2808 2516 mqualiter
2827 2445 2884 2502 in
2911 2447 3142 2516 unitate,
3183 2457 3239 2505 et
3259 2451 3446 2507 unita-

1850 2544 1956 2592 tem
1982 2536 2036 2594 in
2073 2535 2342 2592 Trinitate
2367 2537 2653 2601 sentimus.
2690 2535 2826 2600 Nam
2853 2539 2901 2593 si
2937 2539 3118 2610 aliqua
3140 2541 3321 2614 gravis
3346 2559 3444 2600 ne-

1846 2628 2074 2684 cessitas
2105 2629 2296 2699 quavis
2327 2630 2462 2685 hora
2487 2629 2782 2700 psallentes
2823 2639 3136 2703 perurgeat,
3186 2633 3447 2691 dicendo-

1846 2735 1968 2776 rum
2012 2722 2258 2780 omnium
2293 2721 2627 2792 psalmorum
2675 2722 2888 2794 singula
2923 2724 3109 2793 capita
3164 2740 3287 2782 cum
3334 2743 3446 2784 una

1847 2811 2029 2868 Gloria
2056 2813 2402 2886 compleant;
2441 2821 2498 2869 et
2540 2813 2620 2869 sic
2648 2821 2849 2870 exeant
2878 2816 3140 2884 oratorio,
3169 2824 3229 2872 ut
3252 2819 3446 2890 quavis

1846 2907 2173 2964 necessitate
2221 2914 2405 2964 tamen
2458 2921 2597 2979 opus
2640 2905 2738 2963 Dei
2788 2923 2898 2964 non
2936 2909 3188 2966 videatur
3219 2920 3446 2984 praeter-

1847 2999 2012 3055 mitti.

1967 3091 2134 3168 μη,
2160 3121 2232 3136 -
2253 3091 2336 3162 Ex
2363 3091 2588 3160 Rasum
2609 3105 2800 3156 macri
2834 3093 3036 3160 Ismont
3069 3095 3205 3172 (cap.
3233 3099 3310 3174 8).

1927 3188 1945 3232 ί
1977 3185 2042 3244 In
2067 3185 2332 3259 psallendi
2358 3183 2536 3245 ollicio
2565 3187 2670 3245 ista
2706 3187 2962 3254 discretio
2984 3191 3109 3246 erit.
3133 3190 3272 3249 Dato
3294 3206 3444 3252 nant-

1773 3252 1820 3322 α
1849 3295 1956 3353 que
1981 3252 2242 3354 legitimis
2269 3283 2610 3354 temporibus
2641 3283 2794 3357 signo
2817 3283 2890 3340 ad
2917 3252 3193 3340 orationes
3227 3288 3446 3343 canoni-

1849 3392 1942 3434 cas
1975 3375 1990 3428 i
2030 3375 2364 3434 festinabant
2412 3377 2611 3435 fratres
2657 3393 2781 3436 cum
2809 3379 3214 3452 properatione,
3251 3394 3443 3438 omnes

1849 3461 1917 3528 ad
1944 3471 2170 3526 chorum
2219 3479 2509 3532 occurrant
2532 3512 2549 3539 ,
2600 3471 2842 3542 nullique
2873 3480 3002 3528 ante
3027 3471 3299 3542 expletum
3328 3470 3445 3528 olli-

1848 3565 1992 3622 cium
2042 3565 2228 3624 licebit
2256 3566 2466 3636 egredi,
2516 3575 2716 3636 praeter
2757 3577 2883 3622 eum
2928 3579 3090 3635 quem
3140 3563 3444 3622 necessitas

1847 3667 2055 3718 natura:
2071 3653 2409 3732 compulerit.
2431 3657 2563 3716 Reci
2571 3657 2809 3717 tantibus
2830 3666 3012 3724 autem
3027 3657 3306 3722 monachis
3316 3666 3447 3736 post

1847 3839 2184 3922 antiphonag._
2219 3838 2374 3922 Quod
2405 3848 2587 3922 autem
2761 3839 2924 3922 lectio
2949 3837 3263 3922 praevaleat,
3275 3847 3447 3922 patet

1847 3929 1915 3970 ex
1946 3911 2068 3985 cap.
2121 3912 2192 3968 δι
2218 3912 2460 3985 ejusdem
2505 3911 2747 3985 Regula,
2781 3912 2876 3985 ubi
2910 3911 3002 3985 hic
3037 3911 3192 3967 locus
3241 3911 3446 3985 clarius

1846 3983 2200 4056 distinguitur
2223 3983 2255 4039 :'
2275 4003 2296 4035 ι
2327 3984 2385 4040 In
2413 3983 2607 4040 estate
2626 3999 2760 4040 vero
2782 3998 2813 4038 ιι
2845 3983 3056 4056 Pascha
3082 3997 3258 4056 usque
3279 3983 3448 4056 tequi-

1845 4053 2088 4112 noctium
2121 4055 2352 4118 hiemale
2373 4097 2387 4119 ,
2451 4057 2596 4126 quod
2642 4064 2728 4112 est
2761 4063 2957 4112 octavo
3001 4053 3141 4126 Kala
3165 4053 3442 4126 Octobris,

1843 4136 1969 4198 post
1995 4141 2209 4182 versum
2239 4125 2533 4198 apertionis
2558 4136 2615 4184 et
2641 4126 3055 4198 responsorium
3095 4125 3308 4198 abbatis
3331 4125 3441 4182 dici

1845 4197 2046 4253 debent
2073 4197 2381 4269 antiphonaa
2407 4215 2500 4254 sex
2545 4200 2665 4255 sine
2691 4197 2925 4263 alleluia,
2963 4197 3169 4269 deinde
3204 4205 3318 4253 tres
3350 4213 3445 4252 an-

1845 4269 2082 4340 tiphonae
2108 4268 2231 4324 cum
2281 4270 2520 4337 alleluia,
2565 4280 2821 4325 currente
2857 4268 3118 4340 psalterio
3134 4275 3250 4340 ,__u_t
3276 4283 3443 4340 supra

1845 4337 2112 4410 diximus,
2143 4341 2339 4396 deinde
2364 4341 2510 4395 aliud
2535 4337 2938 4410 responsorlum
2967 4353 3092 4393 cum
3117 4337 3352 4403 alleluia,
3383 4347 3446 4392 ut

1846 4409 2289 4482 ﬁantiduodecimg
2313 4409 2701 4482 impositiones.
2738 4432 2758 4463 ι

1923 4481 1954 4553 ίί
1977 4481 2044 4534 Et
2073 4497 2223 4553 rogos
2266 4478 2599 4553 DeifRogus
2645 4498 2675 4535 n
2707 4480 2948 4553 rogando
2975 4485 3060 4533 est
3087 4478 3446 4553 precatio‘Li-

1847 4552 2027 4617 tantm,
2083 4549 2248 4624 Kyrie
2281 4549 2526 4609 eleison.‘
2551 4553 2696 4607 Idem
2732 4549 3011 4622 Magister,
3067 4565 3186 4620 cap.
3220 4549 3290 4605 55
3336 4550 3445 4606 Rc-

1847 4623 1982 4676 uulre
2010 4639 2143 4676 ms..
2172 4633 2285 4676 nou
2310 4625 2478 4676 imam
2509 4639 2664 4676 roous
2708 4622 2843 4676 Dei:
2892 4637 3010 4676 can.
3042 4620 3150 4675 36:
3202 4631 3315 4676 post
3346 4623 3444 4676 hoc

3237 4631 3315 4676 0“
3346 4631 3444 4676 hoc

1846 4693 1896 4749 et
1922 4709 2078 4764 rogus
2103 4693 2200 4748 Dei
2226 4713 2244 4759 ;
2275 4707 2393 4764 cap.
2420 4696 2489 4749 57
2513 4709 2528 4747 :
2562 4693 2718 4764 rogus
2743 4694 2861 4760 Dei,
2889 4703 2939 4747 et
2965 4708 3142 4747 vorsus
3163 4693 3444 4758 clusorite;

1848 4781 1968 4835 cap.
1997 4765 2068 4820 40
2093 4782 2108 4820 :
2135 4774 2183 4818 et
2211 4782 2386 4820 versus
2417 4774 2465 4819 et
2498 4781 2655 4835 rogus
2682 4765 2801 4820 Del.

1865 4861 1878 4886 -.
1923 4839 1947 4878 ε
1975 4835 2345 4909 Apostolorum
2389 4839 2580 4909 cantici
2613 4835 3041 4909 inclinatiaPost
3076 4835 3136 4909 εὖ
3181 4835 3446 4909 apostolo.

1849 4923 1986 4979 rum,
2015 4906 2208 4963 desunt
2237 4908 2495 4964 nonnulla
2535 4908 2616 4963 sic
2635 4907 2932 4979 supplenda
2969 4922 3038 4962 ex
3074 4906 3279 4979 Regula
3310 4921 3439 4960 ms.:

1851 4977 1955 5044 Qui
1982 4981 2244 5064 nocturni,
2272 4990 2327 5033 ut
2357 4996 2517 5052 supra
2545 4977 2786 5064 .diaflnitts
2808 5019 2824 5045 ,
2860 4981 2919 5064 iis
2946 4979 3060 5064 ipso
3092 4977 3291 5031 astatis
3313 4985 3444 5031 tem-

1846 5065 1972 5120 pore
1999 5068 2032 5103 a
2056 5049 2321 5120 pullorum
2351 5049 2510 5105 cantu
2539 5051 2770 5105 inchoati
2795 5058 2844 5104 et
2867 5049 3025 5120 ﬁniti.

1920 5121 1948 5162 ι
1978 5117 2262 5191 Constituit
2309 5131 2358 5175 et
2389 5122 2568 5191 ﬁnem.
2618 5121 2794 5176 Locus
2823 5119 3067 5185 mutilus,
3116 5117 3257 5189 lege,
3298 5125 3358 5191 ut
3386 5119 3442 5173 in

1847 5191 1970 5273 eod.
1994 5189 2190 5274 cori»:
2222 5190 2361 5274 Quia
2382 5189 2549 5274 omni
2574 5192 2798 5266 psalmo,
2830 5191 2915 5244 cui
2945 5191 3156 5244 initium
3185 5189 3441 5261 propheta

1847 5262 2118 5332 imposuit,
2146 5264 2416 5318 constituit
2437 5271 2487 5317 et
2512 5262 2692 5334 ﬁdem.

1859 5363 1883 5406 _-
1927 5334 1954 5406 ξ
1978 5331 2047 5406 In
2075 5331 2335 5406 psallendi
2358 5335 2545 5406 oﬁtcio,
2566 5341 2684 5406 etc.
2706 5332 3149 5406 ,Huzc‘habentut;
3167 5333 3224 5389 in
3249 5333 3440 5406 regula

1850 5403 1909 5480 S.
1935 5402 2124 5459 [sideri
2148 5419 2368 5480 excusa,
2389 5402 2520 5477 cap.
2547 5405 2600 5470 6,
2627 5405 2718 5460 ubi
2745 5405 2827 5460 sic
2849 5403 3048 5478 legitur
3074 5421 3088 5458 :
3119 5403 3185 5460 In
3213 5402 3442 5480 psallen-

1849 5475 1932 5530 dis
1959 5484 2135 5529 autem
2166 5478 2365 5532 officiis.
2467 5475 2483 5477 ⁷
2911 5475 2923 5478 ⁷
3197 5503 3202 5510 ο

1919 5557 1934 5597 ι
1980 5544 2350 5620 Festina'bunt.
2385 5548 2542 5617 Lege,
2573 5552 2633 5601 ut
2672 5547 2726 5620 in
2756 5545 2940 5620 regula
2976 5561 3198 5614 excusa,
3224 5547 3439 5620 festino,

1847 5619 1902 5675 in
1923 5633 2029 5688 qua
2054 5619 2326 5675 omittitur
2343 5623 2402 5678 τὸ
2428 5621 2640 5688 fratres.
2674 5617 2799 5673 limo
2819 5617 2980 5674 lectio
2999 5617 3351 5680 conﬁrmatur
3372 5633 3439 5673 ex

1991 5706 2042 5744 m
2089 5691 2148 5745 S.
2194 5689 2420 5754 lsidnro,
2467 5691 2562 5746 lib.
2595 5707 2633 5745 ιι
2671 5691 2738 5745 de
2763 5689 2971 5745 Olliciis
3015 5690 3434 5758 Ecclesiasticis,

1851 5775 1970 5832 cap.
2008 5761 2110 5818 15:
2147 5779 2165 5813 ‹
2189 5762 2526 5816 Conveniunt
2557 5769 2736 5816 autem
2760 5777 2949 5817 omnes
2993 5761 3306 5832 frequenter
3339 5776 3438 5832 no:

1853 5829 1942 5888 ctc
1972 5848 2036 5907 ac
2061 5834 2150 5888 die
2176 5834 2305 5907 dato
2331 5835 2507 5907 signo,
2539 5833 2748 5907 festina
2791 5848 2915 5888 cum
2955 5829 3337 5907 propinatione
3367 5829 3436 5898 ad

1853 5904 2157 5960 orationem
2184 5904 2508 5960 solemnium
2539 5905 2817 5961 horarum.
2843 5924 2864 5960 ι
