4048 6334
387 394 396 403 ’
494 370 619 470 s79

1515 401 1574 459 8.
1616 397 1982 458 BENEDICTI
2019 391 2313 451 ABBATIS
2348 390 2760 450 ANIANENSIS

3672 388 3785 447 880

494 510 1033 582 consummationem
1080 515 1413 590 singulorum
1453 513 1786 586 psalmorum
1830 507 2091 582 prostrati
2119 515 2171 574 Α
2195 503 2445 583 pictorio,
2495 499 2778 559 valedictis
2825 498 3057 555 invicem
3101 495 3363 556 fratribus
3388 539 3404 566 ,
3457 512 3588 555 cum
3634 501 3787 556 omni

510 628 699 669 omnes
715 613 901 677 humo,
924 609 1151 681 pariter,
1165 606 1522 677 celeriterque
1544 612 1828 676 surgentes
1850 600 2090 674 psalmos

509 712 798 777 sequentes
824 702 1083 772 incipient
1103 717 1118 754 :
1141 697 1438 767 eodemque
1451 695 1611 752 modo
1624 709 1723 764 per
1743 692 1951 765 singula
1978 687 2092 745 olli-

507 798 595 854 cia
623 796 838 853 facient.
874 791 1098 862 Quando
1125 789 1470 846 celebrantur
1510 787 1842 860 psalmorum
1876 783 2091 855 spirita-

504 887 586 943 lia
630 892 993 951 sacramenta,
1046 879 1283 952 refugiat
1309 877 1607 936 monachus
1649 876 1794 934 risus
1820 874 1907 932 vel
1939 873 2092 929 fabu-

510 978 637 1046 las;
673 976 771 1035 sed
796 976 902 1032 hoc
932 972 1225 1031 meditetur
1247 971 1439 1038 corde,
1492 968 1635 1041 quod
1681 966 1933 1040 psallitur
1974 980 2089 1021 ore.

512 1069 730 1136 Tertia,
765 1065 930 1124 Sexta
975 1072 1032 1121 et
1074 1062 1231 1120 Nona
1284 1069 1396 1119 tres
1446 1059 1641 1133 psalmi
1682 1057 1893 1115 dicendi
1946 1063 2093 1123 sunt,

512 1158 920 1233 responsorium
941 1171 1130 1224 unum,
1177 1166 1206 1198 ι
1249 1154 1515 1212 lectiones
1545 1168 1612 1210 ex
1654 1159 1884 1222 utroque
1928 1157 2098 1205 testa-

515 1258 700 1308 mento
725 1249 845 1306 duae
867 1263 883 1305 :
909 1246 1111 1306 dehinc
1146 1246 1176 1288 δ
1200 1244 1340 1313 laus,
1367 1244 1604 1317 hymnus
1629 1251 1791 1313 atque
1818 1241 2011 1297 oratio.
2036 1240 2098 1296 In

513 1343 853 1417 Vespertinis
911 1354 1042 1399 vero
1098 1338 1291 1396 oﬂiciis
1356 1335 1536 1410 primo
1590 1345 1614 1376 ο
1680 1331 2096 1400 Lucernarium,

513 1436 706 1494 deinde
729 1432 922 1508 psalmi
950 1441 1084 1499 tres,
1113 1428 1519 1501 responsorium
1538 1441 1731 1494 unum,
1757 1433 1814 1481 et
1832 1424 1860 1466 ἀ
1891 1424 2098 1492 laudes,

510 1527 748 1599 hymnus
769 1566 784 1593 ,
831 1524 1116 1595 oratioque
1180 1520 1408 1577 dicenda
1459 1527 1561 1576 est.
1634 1516 1765 1574 Post
1813 1529 2101 1586 vesperum

512 1627 695 1675 autem
725 1613 1064 1690 congregatis
1099 1612 1362 1669 fratribus
1401 1618 1617 1683 oportet
1646 1609 1731 1664 vel
1758 1609 1964 1680 aliquid
1988 1623 2103 1663 me-

513 1710 702 1778 ditari,
751 1707 839 1765 vel
872 1707 941 1764 de
974 1705 1298 1777 quibusdam
1331 1704 1527 1760 divina:
1559 1702 1810 1758 lectionis
1851 1700 2105 1772 quaestio-

511 1802 674 1858 nibus
715 1800 1015 1871 disputare,
1064 1793 1391 1854 conferendo
1438 1794 1526 1867 pie
1579 1802 1744 1866 atque
1788 1793 2100 1859 salubriter,

2190 596 2400 653 cautela
2425 603 2481 651 et
2500 593 2717 651 silentio
2738 590 3142 663 quiescendum,
3165 605 3449 663 usquequo
3473 591 3543 647 ad
3569 591 3789 664 vigilias

2189 697 2568 763 consurgatur.
2612 687 2671 743 ln
2699 685 3032 757 quotidianis
3073 700 3203 741 vero
3243 684 3551 756 vigiliarum
3595 683 3793 742 ciliciis

2188 783 2425 855 primum
2449 788 2561 836 tres
2586 779 2779 851 psalmi
2819 777 3070 834 canonici
3119 778 3384 834 recitandi
3413 785 3564 843 sunt,
3596 776 3794 833 deinde

2194 883 2309 931 tres
2341 885 2365 913 ο
2387 872 2567 929 missae
2597 871 2950 943 psalmorum,
2986 870 3007 910 ί
3043 878 3236 941 quarta
3268 885 3400 925 vero
3423 870 3792 936 canticorum,

2197 968 2223 1008 ε
2249 965 2438 1037 quinta
2472 964 2858 1020 matutinorum
2886 961 3207 1019 ciliciorum.
3256 962 3318 1017 ln
3341 961 3643 1017 Dominicis
3681 962 3801 1016 die.

2192 1058 2315 1126 bus,
2349 1058 2434 1114 vel
2460 1056 2847 1114 festivitatibus
2886 1064 3189 1128 martyrum
3218 1055 3584 1112 solemnitatis
3626 1070 3799 1110 causa

2194 1152 2418 1224 singulm
2449 1152 2880 1222 superaddantur
2931 1150 3133 1206 missae.
3164 1149 3192 1190 ιι
3244 1148 3446 1205 Verum
3481 1148 3539 1204 in
3591 1148 3803 1220 vigiliis

2195 1246 2458 1304 recitandi
2487 1245 2661 1303 aderit
2685 1260 2836 1310 usus,
2876 1243 2934 1299 in
2975 1241 3252 1299 Matutinis
3278 1241 3546 1313 psallendi
3595 1256 3805 1297 canen-

2197 1338 2357 1408 dique
2388 1336 2745 1404 consuetudo,
2798 1338 2815 1378 i
2869 1345 3101 1406 utroque
3145 1335 3307 1391 modo
3365 1349 3655 1390 servorum
3702 1334 3804 1390 Dei

2196 1438 2409 1486 mentes
2433 1427 2764 1485 diversitatis
2796 1427 3193 1484 oblectamento
3222 1436 3612 1495 exerceantur,
3647 1435 3706 1482 et
3734 1428 3805 1484 ad

2199 1522 2411 1579 laudem
2442 1522 2539 1578 Dei
2569 1522 2689 1578 sine
2730 1519 2946 1577 fastidio
2980 1520 3259 1576 ardentius
3286 1520 3616 1575 excitentur.
3666 1518 3805 1576 Post

2198 1615 2413 1688 vigilias
2442 1622 2624 1670 autem
2673 1612 2688 1664 i
2739 1629 2912 1684 usque
2958 1615 3027 1669 ad
3071 1613 3396 1669 Matutinum
3441 1611 3807 1669 reﬁciendum

2202 1719 2305 1766 est.
2349 1709 2479 1764 Post
2515 1707 2836 1763 Matutinum
2871 1715 3053 1762 autem
3094 1704 3429 1777 operandum
3454 1705 3666 1775 aliquid
3712 1713 3809 1760 aut

2203 1799 2507 1873 legendum.
2545 1799 2835 1855 Lectiones
2863 1806 3044 1853 autem
3086 1811 3155 1853 ex
3191 1797 3376 1853 Veteri
3413 1805 3472 1853 et
3500 1795 3660 1853 Novo
3702 1796 3811 1853 Tc-

514 1900 835 1963 tantumque
889 1888 1200 1946 meditando
1266 1885 1697 1957 ἀίδρυῐδηάοίῐυθ
1753 1885 2099 1953 commorari:
2129 1880 2178 1941 Β
2204 1902 2476 1952 stamento
2510 1902 2753 1965 tempom
2779 1891 2942 1950 cilicii
2968 1891 3301 1964 quotidianis
3347 1890 3538 1947 diebus
3566 1891 3812 1948 reciten-

513 1983 865 2057 quoadusque
900 1991 1113 2053 tempus
1156 1978 1500 2050 Completorii
1534 1977 1708 2050 possit
1754 1992 2097 2034 concurrere.

513 2076 657 2132 Ante
682 2089 930 2132 somnum
976 2080 1181 2139 autem,
1219 2070 1361 2128 sicut
1409 2084 1530 2127 mos
1571 2078 1676 2138 est,
1697 2077 1918 2142 peracto
1946 2067 2104 2125 Com-

589 2224 616 2254 ι
645 2208 915 2266 Lectiones
946 2224 1011 2264 ea:
1044 2207 1281 2278 utroque'
1302 2213 1632 2278 testamento.
1660 2206 1734 2278 _ln
1776 2204 1982 2278 Regula
2007 2218 2103 2278 ex:

516 2298 648 2352 cusa
689 2282 764 2338 ita
803 2280 999 2352 legitur
1024 2286 1082 2334 et
1106 2273 1498 2352 distinguitur;
1525 2274 1795 2352 Lectiones
1830 2273 1895 2331 ei:
1931 2273 2102 2331 Veteri

520 2349 775 2425 Novoque
811 2346 1161 2425 Ilistumento,
1184 2346 1305 2425 diu?
1327 2347 1516 2425 deinde
1540 2346 1770 2425 Laudes.

518 2494 540 2551 1
573 2415 813 2549 lboL'aus.
844 2420 904 2477 ln
932 2419 1066 2491 Reg.
1095 2434 1216 2477 exc.
1265 2416 1500 2484 Laudes,
1530 2418 1756 2485 rectius,
1797 2415 1853 2472 id
1878 2423 1981 2485 est,
2010 2415 2106 2472 Al-

544 2512 573 2551 e
595 2511 705 2551 una.
2036 2517 2045 2524 ·

544 2511 705 2551 811112.
2036 2517 2045 2524 ·

594 2578 617 2605 ε
650 2561 1047 2619 Lucernarium.
1081 2558 1221 2615 Nota
1245 2560 1333 2615 hic
1360 2558 1722 2616 lucernarium
1754 2556 2011 2629 distingui
2034 2554 2105 2613 ab

518 2636 694 2694 officio
720 2633 1066 2704 vesperiino._
1090 2630 1197 2686 Sed
1229 2631 1297 2685 de
1327 2630 1515 2704 hacre
1539 2630 1705 2685 infra.

592 2708 620 2748 ει
652 2700 882 2760 Laude}.
918 2701 1131 2758 Laudes
1157 2710 1284 2772 sunt
1318 2701 1567 2772 Alleluia,
1597 2709 1658 2755 ut
1683 2700 1903 2772 planum
1926 2707 2015 2772 est
2035 2713 2104 2753 ex

522 2779 583 2836 8.
610 2776 840 2840 Isidoro,
886 2772 983 2827 lib.
1011 2788 1029 2827 ι
1055 2772 1120 2827 de
1142 2770 1343 2827 Olliciis
1369 2771 1541 2837 Eccl.,
1571 2768 1701 2841 cap.’
1714 2772 1749 2826 5
1775 2786 1788 2823 :
1821 2768 2101 2841 «_Laudes,

521 2850 628 2906 hoc
670 2854 774 2913 est,
814 2838 1045 2900 Alleluia
1086 2856 1306 2908 canere,
1350 2838 1699 2914 antiquorum
1733 2848 1819 2897 est
1846 2838 2107 2896 Hebraeo-

523 2936 670 2977 rum.
696 2938 716 2973 1
1837 2934 1843 2943 ’

600 3003 624 3031 ο
658 2988 836 3043 Missa:
864 2996 967 3043 tres
1002 2983 1346 3058 psalmorum.
1382 2984 1559 3058 Missae
1579 2992 1718 3058 sunt
1743 2980 1985 3058 collectae
2010 2994 2107 3037 seu

523 3059 820 3121 orationes,
844 3073 965 3128 quae
985 3052 1115 3128 olim
1138 3055 1458 3128 dicebantur
1476 3052 2104 3128 ad__linem_psa_lmorum.

523 3131 603 3187 Ita
627 3121 905 3186 collectam
930 3127 1162 3200 appella}
1186 3125 1500 3200 Cassianus,
1528 3123 1623 3200 lib.
1656 3140 1696 3179 ιι
1720 3121 1788 3200 de
1812 3121 2108 3200 Nocturnis

526 3200 898 3265 Orationibus,
960 3192 1081 3270 cap.
1128 3196 1201 3251 7:
1256 3214 1275 3247 «
1308 3196 1411 3270 Qui
1463 3196 1692 3270 necdum
1755 3193 1894 3249 bene
1952 3192 2107 3270 finito

564 3273 733 3329 salmo
761 3271 817 3326 in
840 3264 1145 3326 orationem
1171 3266 1525 3337 procumbere
1565 3264 1889 3337 festinamus
1914 3264 1982 3319 ad
2010 3277 2092 3337 ce-

546 3345 833 3401 ebritatem
860 3341 1041 3397 missa:
1065 3334 1387 3409 quantocius
1411 3344 1784 3409 properantes.
1807 3354 1828 3389 ι
1854 3335 1935 3391 lta
1957 3334 2105 3390 enim

524 3415 815 3488 legendum
844 3420 902 3468 et
927 3408 1148 3479 antiqua
1196 3408 1356 3488 lectio
1396 3416 1481 3488 est
1526 3408 1827 3488 retinenda,
1868 3421 1969 3477 pro
1998 3420 2107 3487 qua

522 3477 774 3543 ndnnulli
803 3477 1235 3554 supposuerunt:
1264 3478 1582 3554 celeritatem
1608 3478 1805 3554 missa,
1844 3492 1945 3548 per
1970 3477 2106 3554 mis-

527 3572 649 3614 sam
687 3555 851 3611 finem
871 3547 1270 3622 "intelligentes.
1321 3549 1429 3622 Sed
1474 3548 1711 3605 absurda
1755 3547 1980 3622 prorsus
2022 3547 2107 3602 lo-

527 3626 729 3699 quendi
754 3623 1002 3699 formula.
1033 3618 1275 3699 Dicimus
1318 3621 1464 3699 guim
1494 3633 1790 3699 propernre
1819 3618 1888 3699 a_d
1917 3618 2105 3699 iinem,

526 3688 639 3755 non
666 3698 735 3753 ad
760 3695 1094 3753 celeritatem
1139 3690 1282 3746 linis.
1319 3690 1431 3746 Nec
1467 3688 1555 3745 est
1586 3688 1730 3759 quod
1773 3688 2110 3745 celeritatem

528 3770 959 3840 interpretentur
1003 3761 1450 3840 accelerationem
1493 3777 1507 3814 :
1552 3775 1676 3840 nam
1718 3774 1871 3840 aeque
1921 3760 2111 3840 absur-

533 3828 779 3896 dum-est
802 3837 983 3893 dicere
1024 3847 1318 3903 properare
1358 3831 1428 3886 ad
1470 3828 1919 3903 acceleratiOnem
1959 3828 2106 3903 linis.

532 3910 617 3965 Sit
644 3924 773 3978 ergo
815 3907 984 3962 missa
1024 3898 1404 3978 collectaseu
1449 3901 1669 3978 oratio,_
1695 3915 1816 3971 quae
1861 3898 2111 3978 profecto

533 3969 841 4036 celebratur
890 3989 1015 4031 cum
1065 3970 1382 4027 solemniter
1416 3987 1446 4026 a
1482 3969 1765 4041 sacerdote
1812 3969 2107 4041 profertur.

535 4048 830 4104 Sciendum
865 4054 949 4103 est
983 4041 1127 4098 enim
1154 4042 1282 4097 olim
1313 4058 1343 4096 a
1377 4043 1658 4097 monachis
1693 4040 1915 4112 Egipti
1935 4041 2112 4112 usita-

534 4129 652 4175 tum
694 4116 861 4173 fuisse
899 4117 967 4171 ad
1008 4114 1170 4168 linem
1211 4113 1467 4184 cujusque
1502 4112 1695 4184 psalmi
1726 4110 1790 4165 in‘
1806 4110 2113 4184 orationem

533 4189 912 4262 procumbere,
958 4201 1061 4255 qua
1108 4181 1345 4262 breviter
1381 4181 1638 4262 expedita
1656 4181 1912 4262 sacebdos
1950 4181 2112 4262 colle-

535 4250 682 4317 ctam
709 4250 936 4325 diceret,
975 4250 1097 4327 quae
1124 4254 1214 4327 hic
1240 4256 1401 4327 missa
1437 4250 1774 4327 appeliatur._
1793 4250 1921 4307 Haec
1948 4252 2112 4327 plana

535 4339 665 4389 sunt
690 4346 757 4386 ex
790 4322 1054 4386 Cassiano
1082 4326 1259 4396 capite
1298 4322 1487 4396 citato:
1504 4322 1539 4375 '«
1560 4322 1671 4378 Has
1704 4323 1870 4393 igitur
1908 4324 2109 4393 praedi-

534 4411 652 4459 ctas
690 4403 961 4457 orationes
1008 4399 1112 4453 hoc
1149 4395 1309 4451 modo
1351 4395 1613 4465 incipiunt
1659 4402 1822 4464 atque
1860 4409 2112 4450 consum-

534 4480 711 4537 mant,
738 4481 796 4527 ut
826 4471 978 4527 finito
1002 4467 1213 4539 psalmo
1241 4464 1564 4539 non_staiim
1600 4465 1658 4539 in
1681 4464 2111 4539 incurvationem

535 4533 770 4619 genuum
812 4533 1093 4619 corruant,
1136 4535 1585 4619 quemadmodum
1632 4533 1863 4619 {animus
1906 4536 1961 4619 in
2006 4535 2113 4618 hac

2133 3245 2181 3311 C

2203 1994 2314 2043 tur.
2349 1987 2376 2027 ιι
2410 1984 2633 2042 Sabbati
2685 2000 2816 2041 vero
2864 1969 3156 2056 dicatque
3207 1984 3489 2040 Dominico
3526 1998 3597 2038 ex
3653 1982 3811 2041 Novo

2203 2083 2417 2132 tantum
2469 2075 2821 2131 Testamento
2867 2074 3309 2147 pronuntientur.
3366 2072 3671 2131 Monachus
3708 2090 3809 2130 au-

2205 2209 2330 2265 dum
2377 2205 2714 2276 resurrectio,
2752 2203 2951 2276 legitur
2973 2246 2989 2271 ,
3029 2202 3219 2276 nullus
3267 2202 3480 2276 sedeat:
3525 2202 3809 2261 Perfectis

2202 2279 2407 2344 missis,
2453 2278 2615 2333 dicite
2668 2273 2962 2331 Matutinos
3010 2274 3348 2330 directaneo.
3388 2293 3407 2327 ι
3450 2273 3558 2330 Per
3606 2290 3802 2331 resur-

2202 2350 2501 2406 rectionem
2548 2347 2866 2416 intelligitur
2915 2345 3290 2416 Evangelium,
3328 2344 3477 2414 quod
3504 2345 3584 2399 ita
3615 2346 3806 2416 appel-

2203 2419 2371 2486 latur,
2400 2419 2545 2501 quod
2584 2418 2672 2501 die
2704 2415 3015 2501 .Dominica,
3044 2430 3192 2501 quae
3234 2415 3291 2470 in
3341 2415 3805 2501 memoriamme-

2203 2485 2565 2547 surrectionis
2590 2487 2793 2544 Christi
2821 2485 3148 2553 celebratur,
3176 2485 3450 2556 legeretur
3475 2486 3532 2540 in
3565 2485 3803 2541 Noctur-

2202 2561 2324 2627 nis;
2372 2560 2458 2615 vel
2493 2560 2621 2630 quia
2648 2567 2797 2630 certe
2822 2557 3122 2630 tantum-ini
3145 2556 3346 2630 vigiliis
3366 2558 3663 2630 nocturnis
3687 2557 3801 2613 diei

2204 2625 2831 2701 Dominicze'legebatur
2868 2625 3318 2701 Evangeliunide
3355 2625 3564 2701 Christi
3613 2642 3806 2701 resur-

2204 2702 2448 2759 rectione
2489 2701 2560 2756 ob
2596 2697 2842 2755 eamdem
2882 2699 3169 2769 rationem.
3203 2697 3332 2769 [est
3358 2698 3603 2769 psalmos
3632 2698 3806 2769 igitur

2206 2782 2265 2828 et
2291 2773 2549 2829 lectiones
2581 2770 2670 2826 die
2710 2769 2990 2824 Dominica
3029 2768 3186 2838 juxta
3226 2766 3548 2823 Tetradium
3599 2766 3807 2825 dicitur

2207 2860 2317 2899 una
2356 2844 2541 2909 missa,
2574 2856 2670 2896 seu
2712 2840 2961 2905 collecta,
2994 2855 3158 2911 quam
3185 2840 3386 2911 excipit
3410 2839 3803 2911 Evangelium,

2206 2924 2505 2985 sequuntur
2528 2921 2739 2985 cetera
2764 2911 2961 2985 missae,
2985 2909 3498 2985 tandemnblatutini.
3522 2909 3593 2965 ln'
3608 2912 3811 2985 diebus

2207 2981 2505 3040 Dominicis
2550 2991 2608 3038 et
2657 2981 2809 3038 festis
2852 2996 3115 3053 numerug
3154 2981 3451 3053 missarum
3492 2983 3810 3053 augebatur

2206 3055 2277 3111 ob
2304 3053 2721 3109 solemnitatem.
2752 3053 2832 3107 Ita
2862 3052 3055 3108 statuit
3080 3050 3140 3107 S.
3164 3041 3411 3108 Isidorus
3440 3051 3549 3108 hoc
3569 3041 3761 3121 capite
3788 3074 3804 3108 ;

2215 3124 2550 3182 «Dominicis
2590 3138 2724 3179 vero
2765 3123 2958 3178 diebus
2988 3131 3044 3178 et
3078 3122 3463 3193 festivitatibus
3494 3132 3809 3193 martyrum

2209 3194 2566 3253 solemnitatis
2626 3208 2789 3265 causa
2850 3193 3075 3265 singulae
3131 3192 3617 3265 superadjiciendze
3646 3192 3811 3251 sunt

2210 3268 2410 3323 missae.
2446 3285 2466 3319 ι
2519 3265 2588 3320 Et
2628 3263 2686 3318 8.
2722 3262 3055 3319 Fructuosus
3100 3262 3544 3332 archiepiscopus
3595 3264 3808 3320 Braca-

2206 3338 2402 3402 rensis,
2434 3351 2555 3407 cap.
2585 3334 2620 3389 2
2645 3349 2758 3390 suae
2794 3333 3015 3407 Regulae
3052 3349 3188 3407 ms.:
3221 3333 3623 3407 gVSabbatorum
3663 3350 3811 3391 vero

2205 3417 2261 3465 et
2291 3403 2693 3464 Dominicarum
2736 3403 2978 3461 noctium
3008 3403 3292 3461 curriculis
3333 3419 3456 3460 seno
3485 3403 3801 3460 missarum

2205 3476 2585 3550 superadjecto
2623 3475 2799 3550 cilicio
2837 3476 2982 3550 senis
3019 3476 3185 3531 etiam
3226 3477 3407 3532 missis
3435 3473 3633 3544 vigiliae
3659 3490 3810 3550 curn

2208 3546 2356 3606 senis
2406 3547 2767 3619 responsoriis
2823 3547 3172 3619 celebrantur
3194 3586 3245 3619 ,μ
3260 3556 3319 3619 ut
3372 3546 3809 3619 resurrectionis

2208 3615 2517 3676 Dominicai
2539 3617 2853 3674 solemnitas
2886 3615 3137 3685 ampliori
3162 3615 3461 3672 ciliciorum
3488 3616 3812 3685 psalmodia

2207 3692 2383 3763 inagis
2416 3691 2735 3763 honoretur.
2761 3707 2779 3739 ι
2807 3687 2960 3744 Unde
2983 3687 3269 3763 'i‘eiradius
3291 3687 3411 3763 ioco
3444 3688 3640 3763 citato,
3673 3690 3811 3763 vigi-

2207 3758 2326 3817 lias'
2339 3760 2635 3816 Dominicaa
2661 3774 2785 3815 cum
2809 3774 2907 3814 sex
2930 3758 3113 3814 missis
3141 3759 3387 3829 pratcipit
3414 3758 3805 3825 celebrandas,

2210 3831 2661 3914 quireliquorum
2685 3829 2896 3885 dierum
2916 3829 3200 3886 nocturnis
3224 3841 3333 3885 tres
3361 3837 3578 3885 tantum
3606 3830 3809 3885 missas

2213 3910 2548 4040 “Timet;
2583 3970 2939 4028 Canticorum.
2989 3970 3225 4027 Dicenda
3251 3970 3319 4027 ad
3348 3970 3515 4027 linem
3549 3970 3810 4029 Cantico-

2212 4059 2352 4100 rum.

2294 4117 2319 4155 Β
2359 4113 2560 4180 Quinta
2598 4112 3002 4169 Matutinarum.
3036 4111 3275 4168 Dicenda
3296 4112 3366 4169 ad
3387 4112 3558 4169 finem
3588 4113 3810 4170 Matuti-

2212 4199 2405 4242 norum
2416 4223 2429 4237 .

2282 4257 2312 4296 ιι
2349 4252 2540 4310 Verum
2579 4254 2637 4308 in
2673 4251 2863 4324 vigiliis
2900 4254 3168 4324 recitandi
3214 4270 3363 4311 usus.
3409 4256 3539 4311 Vult
3585 4256 3805 4324 vigilias

2213 4336 2508 4382 nocturnas
2547 4323 2761 4379 tantum
2802 4323 3044 4388 recitari,
3078 4324 3368 4383 Matutinos
3394 4342 3525 4381 vero
3550 4323 3691 4381 cani.
3732 4326 3801 4380 In

2213 4396 2420 4479 liegula
2462 4410 2661 4479 excusa
2704 4394 2940 4479 legitur;
2979 4396 3222 4479 alierum
3250 4397 3307 4479 in
3338 4397 3531 4479 vigiliis
3554 4396 3806 4479 recitan-

2215 4467 2513 4524 dis'aderit
2550 4480 2721 4537 usque
2746 4467 2801 4518 in
2831 4467 3112 4521 matutinis
3150 4467 3416 4537 psallendi
3457 4467 3812 4536 canendique

2215 4537 2566 4594 consuetudo.
2600 4556 2617 4588 ι
2638 4535 2786 4607 Ἡλιξς
2832 4544 3087 4607 corrupta
3129 4535 3281 4602 sunt,
3312 4554 3415 4594 nec
3441 4535 3812 4607 sequentibus

538 4604 757 4683 regione
786 4608 1050 4672 nonnulli,
1081 4604 1171 4683 qui
1204 4606 1431 4683 necdum
1457 4605 1595 4661 bene
1632 4604 1787 4683 linito
1804 4606 2023 4683 psalmo
2052 4607 2108 4660 in
2132 4610 2186 4670 D
2211 4609 2518 4673 cohaerent,
2565 4622 2686 4677 quae
2727 4604 3058 4662 diversitatis
3095 4604 3552 4664 oblectamentum
3596 4624 3809 4680 propo.

539 4676 842 4740 orationem
882 4676 1236 4750 procumbere
1276 4676 1594 4731 festinamus
1630 4676 1701 4750 ad
1737 4676 2108 4750 celebritatem

538 4754 719 4809 missas
744 4745 1064 4821 quantocius
1090 4754 1461 4821 properantes,
1486 4754 1591 4800 etc.
1618 4764 1637 4797 ι
1662 4746 1728 4821 iit
1762 4745 1923 4814 paulo
1948 4754 2105 4813 post:

545 4843 565 4877 «
596 4823 730 4880 Cttm
761 4813 960 4876 'autem
1006 4813 1108 4880 is,'
1128 4813 1222 4885 qui
1264 4816 1563 4870 orationem
1602 4813 1927 4885 collecturus
1965 4824 2050 4869 est
2079 4832 2110 4873 e

538 4903 688 4950 terra
732 4888 1054 4953 surrexerit,
1096 4884 1284 4941 omnes
1326 4885 1534 4955 pariter
1580 4884 1893 4955 eriguntur,
1943 4885 2017 4939 ita
2051 4894 2112 4941 ut

538 4964 719 5022 nullus
761 4977 861 5019 nec
903 4966 1193 5029 antequam
1232 4954 1520 5029 inclinetur
1570 4954 1685 5029 ille,
1728 4956 2108 5026 genuﬂectere,

538 5049 610 5092 ne
636 5050 760 5091 cum
787 5043 987 5090 eterra
1016 5025 1337 5092 surrexerit,
1384 5025 1643 5082 remorari
1685 5025 1977 5096 praesumat
2001 5047 2015 5082 :
2042 5042 2112 5084 ne

540 5120 653 5162 non
693 5113 803 5160 tam
845 5111 1062 5160 secutus
1102 5098 1270 5156 fuisse
1308 5096 1453 5153 illius
1487 5096 1910 5168 conclusionem,
1947 5113 2112 5168 quam

542 5175 847 5233 celebrasse
873 5173 1145 5230 credatur.
1167 5188 1187 5223 ι
1219 5169 1285 5225 Et
1315 5176 1465 5234 nota,
1501 5166 1783 5223 celebrasse
1811 5166 2109 5224 conclusio-

541 5263 685 5312 nem,
712 5263 818 5301 non
842 5243 1115 5300 eelerasse.
1147 5240 1215 5296 Et
1240 5255 1361 5311 cap.
1393 5238 1461 5294 10
1488 5258 1501 5293 :
1541 5258 1560 5291 «
1582 5239 1660 5296 Ac
1688 5239 1957 5312 praecipue
1987 5255 2112 5295 cum

543 5310 952 5373 consummatur
973 5312 1167 5377 oratio,
1196 5312 1253 5367 in
1276 5325 1383 5382 qua
1412 5324 1512 5365 nec
1535 5318 1751 5382 sputum
1777 5310 2064 5382 emittitur.
2086 5329 2107 5363 ι

541 5385 655 5444 Sed
674 5386 778 5442 fuit
801 5387 1048 5442 diversus
1078 5381 1383 5454 hujusmodi
1413 5381 1697 5454 missarum
1728 5397 1826 5437 seu
1847 5381 2116 5454 collecta-

540 5473 666 5514 rum
708 5456 1105 5513 recitandarum
1132 5450 1284 5510 usus.
1316 5451 1450 5507 Nam
1478 5450 1537 5506 S.
1567 5451 1804 5510 Isidorus
1845 5452 1949 5508 hoc
1994 5451 2115 5507 loco

542 5529 752 5599 statuit,
802 5536 863 5585 ut
909 5535 1031 5599 post
1062 5524 1665 5599 psalmosirecitentur.
1698 5521 1880 5599 _l_\_liie_r
1926 5522 2118 5599 'i‘etra-

543 5597 688 5671 dius,
841 5590 1038 5671 20'suze
1060 5590 1296 5671 Regulae,
1320 5595 1424 5671 hoc
1443 5596 1673 5671 modogu
1698 5592 1919 5671 Vigilias
1939 5590 2113 5665 [Leg.,

544 5669 619 5723 ad
632 5662 863 5741 vigilias]
880 5686 910 5741 a
924 5683 1108 5724 mense
1133 5662 1351 5741 Octobri
1370 5680 1537 5735 usque
1554 5663 1621 5741 ad
1635 5662 1846 5741 Pascha
1865 5662 2000 5741 duos
2020 5662 2117 5720 no-

543 5732 770 5793 cturn'os
799 5732 1024 5803 faciant,
1056 5745 1113 5794 et
1141 5747 1250 5793 tres
1278 5732 1473 5792 missas
1504 5753 1517 5789 :
1546 5735 1613 5788 ab
1642 5748 1747 5804 una
1776 5734 1940 5789 missa
1970 5732 2115 5804 legat

543 5806 779 5865 frater»
808 5809 897 5873 .Et
933 5802 1034 5863 art.
1080 5822 1231 5877 seq.:
1262 5806 1448 5863 «Omni
1492 5802 1778 5877 Dominica‘
1798 5819 1893 5877 sex
1922 5802 2115 5864 missas

544 5877 708 5937 facite
741 5897 758 5937 :
794 5878 971 5953 prima
1018 5874 1186 5933 missa
1236 5893 1447 5949 semper
1493 5874 1817 5934 resurrectio
1864 5875 2112 5948 legatur:

2211 4687 2364 4734 nunt.

2289 4751 2305 4826 ξ
2337 4746 2567 4829 iitroque
2589 4747 2763 4829 medii:
2793 4747 2955 4829 Lege,
2985 4757 3041 4801 ut
3064 4755 3285 4829 utruque
3309 4748 3485 4829 modo.

2285 4817 2299 4870 l
2353 4815 2525 4888 Usque
2576 4817 2645 4888 ad
2700 4815 3022 4874 Hatutinum
3086 4815 3424 4886 reﬁciendum
3471 4828 3573 4877 est.
3628 4819 3814 4874 Recta

2209 4888 2371 4961 lectio
2396 4887 2685 4961 iuitegula
2723 4903 2923 4944 excusa
2953 4889 3171 4961 legitur,
3208 4890 3647 4961 requiescendum
3682 4898 3811 4961 est;

2212 4959 2307 5015 sed
2344 4958 2666 5030 vocabulum
2696 4968 2960 5030 mutatum
2987 4958 3055 5030 ab
3081 4959 3152 5030 iis
3174 4958 3285 5028 qui
3306 4961 3631 5015 nesciebant
3674 4958 3817 5030 quid

2211 5031 2283 5087 sit
2310 5030 2538 5099 reﬁcere.
2572 5027 2706 5083 Nam
2736 5029 2962 5085 reficere
3002 5028 3105 5085 hoc
3142 5027 3262 5084 loco
3299 5040 3381 5085 est
3408 5046 3673 5101 pausare,
3696 5027 3819 5084 ’νε-

2211 5101 2514 5171 quiescere,
2541 5115 2635 5171 seu
2666 5101 2860 5165 mavis,
2880 5113 3085 5171 corpus
3110 5114 3300 5171 sornno
3326 5101 3570 5171 reticere,
3604 5101 3665 5155 id
3698 5108 3814 5165 est,

2212 5168 2538 5227 instaurare.
2563 5168 2856 5226 Cassianus
2876 5170 2967 5226 lib.
3011 5185 3072 5225 tu
3109 5169 3178 5224 de
3197 5169 3416 5226 Diurnis
3434 5170 3555 5234 Or.,
3578 5186 3714 5240 cap.
3743 5172 3815 5227 8:

2218 5260 2237 5294 «
2262 5241 2333 5297 Ut
2359 5249 2483 5312 post
2506 5242 2764 5297 excubias
2790 5243 2955 5296 totius
2984 5241 3160 5295 noctis
3188 5241 3394 5297 duabus
3432 5242 3607 5297 ferme
3648 5241 3824 5296 horis

2212 5313 2517 5394 reficientes
2544 5326 2773 5394 corpora
2808 5328 2928 5377 sua,
2958 5325 3298 5394 nequaquam
3338 5328 3441 5394 per
3470 5321 3653 5394 totum
3700 5312 3824 5394 diei

2214 5383 2449 5453 spatium
2486 5380 2662 5437 somni
2694 5390 2910 5452 torpore
2946 5380 3306 5437 marcescant.
3327 5380 3355 5436 i
3380 5382 3517 5438 Hinc
3544 5380 3824 5448 refectio,

2214 5452 2405 5509 eodem
2446 5454 2660 5523 capite:
2688 5472 2713 5523 «
2737 5452 2944 5523 Requie
2972 5453 3155 5508 brevis
3191 5452 3350 5522 hujus
3388 5453 3660 5523 temporis
3716 5469 3830 5523 pro

2215 5524 2383 5595 totius
2410 5522 2588 5595 nuctis
2612 5522 2905 5578 refectione
2928 5525 3188 5595 contenti.
3214 5544 3233 5577 ι
3261 5525 3328 5595 Et
3346 5538 3467 5595 cap.
3493 5522 3528 5578 ι
3550 5522 3831 5593 ejusdem

2214 5592 2337 5678 libri
2363 5611 2376 5678 ς
2417 5593 2710 5678 iReliquas
2746 5596 2907 5678 boras
2937 5593 3160 5678 (noctis)
3187 5592 3468 5677 refectioni
3501 5592 3831 5663 corporum

2216 5664 2501 5774 deputatas
2528 5681 2556 5718 a
2590 5664 2887 5733 majoribus
2908 5664 3110 5720 uestris
3139 5664 3466 5721 invenimus.
3488 5685 3509 5718 ι

2345 5733 2560 5774 .thhnfs'
2603 5752 2722 5774 swrn
2764 5737 2850 5774 Αἱο
2907 5744 2993 5774 nln
3060 5734 3192 5774 nunc
3248 5736 3321 5774 lib
3373 5753 3409 5774 ιι
3435 5737 3501 5774 (In

2343 5733 2560 5788 Sabbati
2603 5752 2722 5790 vero
2764 5737 2870 5802 die,
2907 5744 3014 5792 etc.
3060 5734 3212 5792 Cass.
3248 5736 3341 5791 lib.
3372 5737 3502 5792 nde
3526 5733 3833 5789 Nocturn.

2216 5801 2391 5867 Orat.,
2437 5820 2556 5867 cap.
2594 5805 2665 5860 2:
2698 5806 2801 5861 «in
2844 5801 2930 5862 die
2981 5822 3112 5862 vero
3158 5807 3365 5862 sabbati
3414 5815 3470 5862 et
3515 5805 3838 5861 Dominico

2218 5872 2524 5961 (lectiones)
2579 5877 2810 5936 recitent
2856 5879 2926 5937 de
2969 5877 3121 5939 Novo
3170 5876 3539 5947 Testamento,
3580 5874 3653 5934 id
3708 5883 3837 5946 est,
