3952 6314
129 394 221 457 905

1001 386 1393 449 CONCOBDIA
1431 386 1889 446 REGULARUM.
1929 419 2000 431 —
2037 387 2191 446 CAP.
2229 386 2414 445 XXIV.

3269 392 3377 452 906

125 513 282 564 stante
313 516 427 559 scie
466 514 493 543 ι
526 500 838 557 lucernaria
873 499 1197 555 inchoentur
1232 508 1453 571 propter
1487 500 1684 556 breves
1708 506 1763 567 Α
1786 501 1961 558 centis
1992 501 2172 557 adhuc
2198 501 2307 557 diei
2339 502 2513 572 spatio
2544 503 2702 560 fessae
2729 505 3126 575 repausationis
3149 522 3378 568 somnus

123 602 289 653 noctes
318 611 330 649 :
355 600 415 647 ut
438 591 649 664 prolixo
674 603 840 647 aestus
873 591 1059 647 labore
1084 590 1242 646 lassis
1279 590 1510 646 iratrum
1535 599 1591 647 et
1604 589 1688 660 je—

119 686 254 761 junio
274 687 529 744 membris
558 687 615 742 in
641 694 934 758 augmento
957 686 1203 741 brevium
1234 688 1475 742 noctium
1503 686 1570 742 de
1600 686 1686 740 lu-

186 834 211 866 ι
244 821 558 877 Lucernaria
587 822 917 877 inchoentur.
958 820 1037 875 lta
1068 820 1120 875 in
1159 821 1364 891 Regula
1410 838 1511 877 ms.
1545 820 1689 945 Lege

186 909 283 945 neu
322 892 668 945 :lnchoetur.
707 893 843 945 Ouia
882 894 987 945 hoc
1026 893 1379 945 vocabulum.
1417 894 1559 945 uuod
1596 891 1689 945 aii

121 902 283 950 tamen
322 892 668 947 :lnchoetur.
707 893 843 960 Quia
882 894 987 947 hoc
1026 893 1379 958 vocabulum,
1417 894 1559 961 quod
1596 891 1689 947 alii

119 973 377 1035 neutrum,
423 963 514 1019 hic
556 964 813 1035 Magister
854 964 1169 1035 femininum
1200 962 1371 1035 iacit.
1417 963 1548 1035 Cap.
1596 962 1685 1035 56,

120 1033 305 1091 Psalmi
350 1033 664 1088 lucernarqu
706 1035 761 1087 in
807 1035 973 1089 hieme
1020 1034 1125 1088 dici
1173 1034 1377 1088 debent.
1417 1034 1547 1103 Cap.
1596 1034 1684 1099 41,

119 1105 305 1160 Psalmi
331 1103 642 1176 lucernqrim
660 1120 790 1164 ,cum
819 1105 1117 1176 antiphonis
1144 1104 1300 1175 psalli
1326 1104 1531 1176 debent.
1580 1104 1688 1159 Lu-

118 1177 366 1240 cernaria,
396 1190 491 1230 seu
521 1174 906 1240 lucernarium,
934 1174 997 1228 ut
1022 1190 1087 1229 ex
1112 1174 1229 1243 cap.
1256 1175 1440 1229 citatis
1466 1182 1520 1229 et
1565 1190 1685 1245 cap.

115 1246 181 1301 46
222 1245 451 1317 Magistri
489 1254 572 1301 est
605 1247 827 1317 synaxis
863 1246 1201 1317 vespertina;
1247 1246 1376 1315 quia
1412 1246 1467 1299 in
1505 1260 1567 1300 ea
1609 1246 1691 1300 lu-

118 1333 278 1372 cerna:
302 1316 759 1382 accendebantur,
790 1324 848 1371 ut
875 1316 1015 1371 infra
1042 1317 1272 1371 dicetur.
1307 1317 1527 1371 Veteres
1559 1316 1690 1370 olim

116 1389 241 1444 hora
258 1388 559 1457 vespertina
586 1387 835 1443 lucernas
859 1387 1246 1442 accendebant.
1278 1385 1570 1442 Athenaeus
1595 1387 1688 1441 lib.

114 1460 209 1513 ult.
241 1478 255 1532 ζ
276 1458 408 1532 ’βπεὶ
434 1461 629 1532 ἑσπέρα
657 1460 1030 1532 κατελᾲμλϐανςν
1067 1462 1222 1530 ἡμᾶς,
1256 1458 1280 1512 ὁ
1309 1461 1399 1532 μέν
1427 1481 1506 1516 τις
1526 1460 1686 1531 ἔλεγε,

114 1539 227 1593 παῖ,
247 1528 493 1599 λύχνειον,
524 1528 576 1585 id
603 1538 704 1591 est,
740 1548 759 1579 1
792 1528 892 1585 Uni
913 1528 1147 1599 primum
1173 1544 1270 1583 nos
1294 1528 1514 1597 vespera
1545 1528 1694 1583 coin-

112 1599 403 1670 prehendit,
428 1600 644 1668 quidam
670 1600 826 1662 dixit,
858 1615 1012 1670 puer,
1038 1599 1338 1670 lucernam.
1371 1619 1389 1650 1
1419 1599 1532 1653 Hoc.
1561 1609 1695 1654 tem-

112 1685 207 1742 pus
224 1670 386 1725 Gneci
410 1679 606 1743 vocant
624 1673 848 1739 λυχνιῶν
862 1669 1235 1743 γὰῳάςηδυίἀίιδ
1262 1687 1276 1724 ε
1298 1678 1520 1743 Λυχνῶν
1539 1672 1691 1743 ἆῖίάς,

112 1739 193 1797 ias
218 1744 379 1816 καιρὸν
408 1740 513 1796 καθ’
544 1739 849 1816 audiamus-1
878 1739 999 1801 eos;
1020 1741 1268 1816 λυχνοῦς,
1294 1741 1345 1793 id
1383 1739 1489 1808 est,
1526 1760 1542 1791 1
1582 1741 1692 1794 Lu-

111 1811 381 1867 cernarum
413 1814 786 1876 accensiones,
817 1822 1047 1881 tempus,
1073 1827 1181 1881 quo
1217 1811 1469 1866 lucernas
1504 1827 1695 1867 accen-

112 1882 281 1953 dunt:
316 1904 334 1935 1
366 1893 420 1938 et
458 1899 564 1937 uno
595 1882 872 1942 vocabulo.
911 1881 1226 1953 λυχναψίαν.
1268 1881 1471 1953 Glossae
1506 1881 1693 1951 Cyrilli
1721 1883 1770 1943 B

108 1951 392 2078 λυχναΐὶία,
431 1955 767 2007 lucernarum
799 1951 1068 2014 accensio,
1097 1951 1297 2006 Latine
1318 1993 1331 2015 ,
1364 1952 1547 2005 Prima
1578 1954 1691 2023 fax.

110 2022 282 2078 Macro
322 2025 404 2078 ius
434 2024 507 2078 lib
550 2040 566 2076 1
605 2022 850 2078 Saturn..
882 2038 1002 2078 can.
1035 2023 1070 2077 1’1
1103 2037 1118 2076 :
1159 2041 1176 2073 1
1211 2022 1415 2076 Deinde
1446 2040 1691 2078 vesoera.

110 2022 404 2079 Macrobius
434 2024 507 2078 lib
550 2040 566 2076 1
605 2022 850 2089 Saturn.,
882 2038 1002 2093 cap.
1035 2023 1070 2077 1’1
1103 2037 1118 2093 ;
1159 2041 1176 2073 1
1211 2022 1415 2093 Deinde
1446 2022 1692 2093 vespera,

107 2102 212 2148 etc.
241 2094 319 2149 Ab
348 2096 451 2149 hoc
488 2101 731 2164 tempore
756 2094 930 2162 prima
949 2091 1049 2146 'fax
1073 2092 1304 2164 dicitur,
1332 2092 1527 2148 deinde
1545 2091 1696 2149 ‘con-

106 2164 293 2235 cubia.‘
327 2183 346 2216 1
387 2161 718 2220 Censorinus
753 2161 932 2219 tamen
970 2161 1187 2235 subiicit
1221 2165 1539 2233 crepusculo
1575 2166 1692 2235 pri-

101 2248 249 2358 {nam
274 2233 465 2291 facem.
500 2235 755 2290 Horatius
784 2234 857 2289 lib
884 2250 950 2301 11,
971 2234 1132 2305 epist.
1166 2234 1222 2298 2,
1256 2235 1494 2305 appellat
1515 2233 1690 2305 prima

127 2320 306 2358 um1ua
336 2322 349 2358 :
557 2357 561 2358 ν

127 2320 306 2360 um1ua
336 2322 349 2359 ε

414 2404 467 2447 et
490 2398 692 2447 totidem
724 2396 884 2459 plagis
905 2397 1235 2459 consumimus
1256 2397 1444 2459 hosmm

288 2457 447 2508 Lento
468 2460 711 2509 Samnites
727 2457 792 2507 'ad
814 2457 996 2507 lumina
1025 2462 1182 2520 prima
1203 2457 1385 2507 duello.

102 2538 201 2593 Est
231 2553 358 2620 ergo
388 2538 754 2594 lucernarium
784 2541 1095 2663 vespertina
1127 2540 1372 2611 synaxis,
1406 2540 1460 2595 in
1488 2557 1592 2612 qua
1620 2543 1694 2598 lu-

104 2624 279 2663 cerua:
304 2626 359 2663 1n
383 2609 611 2663 ecclesia
643 2611 879 2663 accende
917 2620 1096 2663 antur.
1127 2619 1183 2663 et
1212 2612 1502 2663 vesoertini
1533 2612 1694 2663 omnii

104 2624 279 2664 cerua:
304 2609 359 2663 in
383 2609 611 2664 ecclesia
643 2609 1096 2673 accendebantur,
1127 2609 1183 2664 et
1212 2609 1521 2679 vespertini
1533 2612 1694 2669 otﬁcii

103 2695 292 2735 cursus
320 2681 598 2750 agebatur.
623 2680 770 2736 Illius
792 2681 993 2736 mentio
1019 2680 1080 2735 iit
1100 2682 1151 2735 in
1180 2682 1410 2736 concilio
1432 2682 1695 2740 Toletano

104 2766 147 2815 1,
180 2765 297 2805 can.
329 2750 364 2806 9
401 2768 415 2804 :
454 2770 473 2802 1
508 2750 896 2806 Lucernarium
931 2767 1062 2807 vero
1088 2752 1193 2807 nisi
1225 2754 1281 2806 in
1316 2752 1545 2808 ecclesia
1585 2771 1694 2811 non

102 2818 331 2894 legatur.
374 2842 394 2875 1
427 2821 483 2876 ln
510 2821 731 2894 Regillis
761 2822 820 2894 _S.
849 2822 1137 2894 Augustini
1165 2832 1218 2877 et
1249 2821 1307 2877 S.
1338 2822 1528 2879 lsidori
1555 2825 1694 2881 infra

102 2892 364 2957 citandis,
395 2900 450 2948 et
492 2894 546 2948 in
586 2893 707 2947 Vita
752 2892 810 2948 8.
850 2892 1071 2949 Οεεὲεηὶί
1112 2895 1445 2949 Arelatensis
1492 2895 1587 2950 lib.
1621 2913 1637 2950 1
1677 2912 1692 2952 :

106 2980 128 3012 1
156 2961 490 3047 Frequenter
502 2964 978 3047 etiammatutjnis
1002 2966 1069 3047 ad
1091 2965 1454 3047 lucernarium
1477 2975 1698 3047 propter

103 3032 471 3108 advenientes,
502 3034 1159 3108 homiligerecitabantur.
1191 3056 1209 3087 1
1246 3034 1350 3089 Sed
1380 3032 1518 3108 lege,
1552 3032 1600 3091 et
1627 3039 1696 3092 ad

102 3103 477 3159 lucernarium.
521 3104 767 3161 Matutini
807 3107 949 3161 enim
993 3115 1047 3161 et
1088 3103 1461 3161 lucernarium
1499 3108 1693 3163 distin-

154 3184 355 3249 1untur.
380 3175 759 3249 Cassianolil).
776 3192 836 3230 111
860 3177 926 3249 de
949 3177 1158 3249 diurnis
1171 3175 1543 3249 Orationibus,
1571 3195 1692 3249 cap.

140 3286 152 3307 ,
173 3244 372 3301 dicitur
392 3245 677 3300 lucernalis
704 3246 855 3301 Itora.
882 3246 940 3301 S.
964 3247 1251 3303 Ambrosio
1273 3248 1368 3303 lib.
1397 3262 1457 3302 111
1484 3241 1550 3304 de
1579 3241 1699 3306 Vir-
1725 3241 1770 3304 C

137 3317 336 3382 inibus,
370 3316 518 3370 Hora
547 3318 766 3389 incensi.
799 3315 979 3389 Graeci
1002 3317 1189 3374 Patres
1215 3320 1458 3389 λυχνικὸν
1485 3322 1690 3377 dicunt.

88 3332 336 3442 finibus,
370 3332 518 3370 uora
547 3333 766 3371 incensi.
799 3332 970 3372 ωηερε
1002 3332 1189 3374 Patres
1216 3332 1458 3389 λυχνικόν
1485 3332 1690 3377 dicunt.

126 3396 180 3440 ta
203 3396 367 3464 sexta
390 3388 658 3464 synodus,
685 3404 805 3443 can.
836 3388 925 3464 illi
956 3388 1225 3464 Palladius
1253 3406 1373 3460 cap.
1398 3391 1463 3464 de
1496 3391 1697 3464 Tubert-

94 3458 341 3531 nesiotis,
370 3462 454 3512 καὶ
479 3461 527 3531 ἐν
550 3466 622 3530 τῷ
645 3458 873 3531 λυχνιᾺῷ
902 3459 1120 3525 δώδεκα,
1144 3461 1199 3514 id
1223 3458 1333 3531 est,
1357 3469 1411 3514 et
1440 3462 1494 3515 in
1523 3462 1698 3517 lucer-

89 3528 262 3600 riario
296 3528 603 3600 duodecim,
626 3528 720 3583 ubi
738 3528 815 3583 ab
848 3531 1143 3600 interprete
1172 3530 1312 3584 male
1346 3531 1611 3598 redditur,
1642 3542 1698 3587 et

86 3596 477 3670 inﬁmatutino.
519 3598 596 3654 Ita
629 3600 683 3670 in
716 3601 894 3670 prunis
922 3596 1206 3668 brevibus,
1237 3616 1358 3670 qua:
1401 3601 1458 3656 8.
1499 3596 1698 3658 Basilio

88 3668 452 3748 tribuuntur,
482 3679 584 3724 art.
627 3668 751 3748 59“:
794 3673 1118 3748 2_mxs'ro1_sic
1147 3668 1578 3748 ﬂpeésuxriyim;
1604 3680 1698 3730 τοῦ

86 3739 453 3812 ὶφχνικοῠηὶά
480 3749 583 3812 est,
601 3760 634 3812 71
674 3739 791 3796 Stet
818 3743 874 3812 in,
899 3742 1145 3796 oratione
1173 3739 1431 3812 usquead
1451 3743 1700 3799 lucerna-

87 3811 266 3864 rium.
316 3831 334 3862 1
378 3810 445 3865 Et
486 3810 540 3882 in
599 3811 814 3882 liturgia
864 3810 1444 3868 Przesanctiiicatorum
1487 3832 1500 3865 ε
1546 3816 1604 3870 ‘0
1644 3814 1698 3871 δὲ

86 3882 269 3954 ἱερεὺς
289 3884 421 3956 ᾏξγξι
445 3881 540 3941 τὰς
569 3881 743 3956 εὺχᾴέ
762 3890 856 3939 τοῦ
877 3884 1045 3956 luxu;
1063 3892 1143 3956 οῦ,
1167 3884 1228 3956 id
1256 3893 1401 3956 est,1
1433 3884 1699 3942 Sacerdos

81 3952 234 4022 vero
280 3952 414 4007 dicit
458 3952 989 4022 preces'luccrnarii'.
1032 3975 1052 4007 1
1084 3955 1129 4009 Α
1161 3952 1219 4008 8.
1256 3953 1459 4011 Basilio
1497 3957 1590 4011 lib.
1631 3958 1699 4012 de

86 4021 313 4098 _S_piritu
340 4021 567 4098 sancto,
599 4040 718 4098 cap.
759 4024 849 4090 29,
883 4037 937 4098 et
966 4023 1033 4098 AS.
1071 4024 1334 4097 Gregorio
1370 4026 1613 4098 Nysseno
1642 4028 1697 4083 in

80 4091 224 4169 _"ita
249 4092 309 4147 S.
330 4094 591 4169 _Macriua:
610 4091 807 4149 dit‘illll’
832 4094 1137 4169 ἐπιλύχνιοί
1149 4091 1483 4169 εὖχαριστῖα,
1518 4099 1573 4152 id
1591 4107 1696 4166 est,

105 4121 125 4145 ν
143 4121 224 4145 nu
250 4121 309 4147 ο.
338 4121 591 4149 macrinus
610 4121 806 4149 utL‘Itur
832 4121 1127 4169 επιΑυχνιος
1149 4121 1483 4169 ιυχαριστια,
1520 4121 1573 4152 ιιι
1591 4121 1696 4166 εει,

76 4163 397 4239 lucernalis
428 4166 725 4239 gratiarum
753 4167 923 4239 actio,
955 4177 1009 4239 et
1036 4183 1066 4220 a
1107 4166 1166 4220 8.
1198 4121 1499 4236 έρίῃιιθηίο
1526 4169 1579 4222 in
1611 4185 1698 4239 sy-

79 4234 257 4303 ncpsi
285 4234 520 4309 2mm:
538 4237 751 4309 ψαλμοὶ,
777 4236 830 4309 id
852 4246 954 4301 est,
981 4234 1280 4292 lucernales
1303 4234 1518 4307 psalmi.
1544 4234 1699 4304 Quod

77 4315 285 4359 autem
319 4307 609 4362 lucernalis
645 4307 866 4379 synaxis
892 4309 1079 4362 eadem
1109 4309 1179 4362 sit
1215 4325 1337 4362 cum
1366 4311 1693 4378 vespertina,

74 4384 255 4445 patet
306 4393 374 4431 ex
429 4392 636 4433 canone
678 4378 856 4432 citato
903 4386 1068 4433 sextae
1116 4381 1304 4448 synodi
1347 4398 1361 4431 :
1402 4381 1551 4438 Δῆλον
1590 4390 1697 4441 τοῖς

73 4455 309 4524 furni;
350 4450 870 4524 antachpra,_éars
912 4455 1048 4524 μετάγ
1087 4472 1177 4508 την
1224 4453 1271 4503 ἒν
1326 4458 1397 4521 τῷ
1450 4452 1698 4524 σᾳιῗϐέτῳ

76 4518 377 4594 ἑσπζρινήν
399 4525 501 4573 τῶν
519 4518 814 4594 ’ἱελοωμένςυν
842 4518 973 4594 πρὶς
1001 4523 1058 4576 τὸ
1084 4518 1447 4594 (Immunem-1
1480 4518 1694 4587 sie-1.301;,

73 4583 247 4670 κατ-ᾇ
268 4595 485 4663 κρατοῦν
513 4583 991 4670 3913;,‘ppaéswﬁw
1024 4592 1200 4670 γξξνιεν
1219 4583 1384 4670 μιχρὶ
1411 4601 1500 4651 τῆς
1529 4583 1696 4670 ἐμξῆξ
1722 4611 1776 4670 1)

71 4660 231 4737 gnara}
263 4660 358 4719 τὴν
383 4666 647 4737 μενριακὴι
690 4660 940 4737 ἕσπέροίς,
989 4663 1112 4737 καρί-
1143 4660 1375 4737 sapa}
1413 4660 1697 4737 reuixit?

71 4680 231 4713 κατα
263 4681 358 4719 την
405 4679 471 4715 liv
509 4679 647 4720 ιακηι
690 4682 940 4735 εσπερας,
989 4679 1081 4716 ttat)
1143 4686 1202 4723 ην
1247 4685 1375 4733 μετα
1413 4685 1503 4722 την
1542 4679 1697 4737 tanta?

69 4730 336 4797 λυχνινῶ
357 4679 584 4795 εἷσοὲον,
616 4739 746 4794 etc.,
775 4733 826 4785 id
856 4740 958 4797 est,
997 4751 1015 4782 1
1053 4731 1327 4787 Fiuelibus
1351 4732 1697 4788 manifestum

70 4788 340 4874 facimus
367 4803 512 4870 quod
626 4788 855 4874 sabbato
877 4788 999 4873 post
1028 4803 1327 4874 ingressum
1354 4805 1696 4859 sacerdotum

65 4872 476 4940 vespertinum
520 4871 585 4926 ad
622 4873 793 4927 altare
833 4871 987 4943 juxta
1035 4871 1308 4942 receptam
1348 4874 1697 4929 consuetudi-

66 4957 246 5014 nem,
280 4951 344 4995 ut
373 4959 533 5014 nemo
560 4958 732 5013 usque
763 4944 831 4998 ad
857 4952 1171 5012 sequentem
1196 4959 1479 5014 vesperam
1509 4945 1559 4998 in
1592 4945 1700 4999 Do-

62 5013 305 5086 minica
336 5013 695 5084 genuﬂectat,
724 5016 778 5086 in
815 5029 919 5084 qua
948 5022 1065 5082 post
1086 5013 1397 5086 ingressum
1438 5015 1494 5086 in,
1528 5014 1703 5069 lucer-

59 5084 260 5156 xaario
297 5083 491 5141 rursus
512 5083 1020 5156 igenuaﬂilec’tentes
1054 5085 1133 5139 sic
1160 5083 1443 5156 orationes
1471 5085 1701 5141 Domino

54 5153 405 5210 fundimus.
442 5176 462 5207 1
503 5153 561 5211 S'.
591 5155 789 5210 Basilio
830 5170 949 5226 cap.
1003 5156 1168 5209 citato
1202 5174 1215 5209 :
1244 5155 1407 5220 ἐδοξε
1451 5164 1563 5216 τοῖς
1600 5179 1701 5213 πα-

53 5227 290 5303 τρᾲσιν
322 5229 464 5303 ripas
500 5233 571 5300 μὴ
610 5232 781 5303 gigni)
809 5234 901 5287 τήν
937 5227 1701 5303 χάριν-εὐπερινοῧθωτὸς,δέ-

52 5296 289 5369 ieeur,
321 5296 519 5369 idest,
550 5315 576 5369 Α(
606 5296 817 5369 _Visumt
840 5296 1210 5369 est‘Pa'tribus
1244 5296 1444 5369 nostris
1469 5297 1700 5369 gratiam

48 5361 402 5438 Vespertini
432 5361 650 5422 luminis
680 5361 1092 5438 haudquaquam
1121 5367 1337 5421 silentio
1373 5361 1637 5436 accipere.
1675 5387 1695 5420 1

47 5436 352 5494 Concilio
378 5438 703 5499 Emeritensi
726 5436 857 5492 caui
873 5439 907 5493 2
935 5436 966 5492 ί
987 5457 1004 5489 1
1043 5437 1266 5508 Oportet
1296 5438 1460 5508 igitur
1483 5440 1624 5492 sicut
1645 5439 1702 5493 in

44 5510 211 5564 aliis
259 5509 515 5565 ecclesiis
549 5511 860 5578 vespertino
896 5519 1137 5580 tempore
1174 5519 1298 5578 post
1335 5508 1516 5563 lumen
1553 5508 1703 5580 obla-

40 5589 234 5652 tu"),
254 5580 419 5648 prius
439 5580 639 5652 dicitur
656 5579 1040 5650 vespertinum.
1073 5600 1092 5633 1
1116 5580 1172 5634 8.
1192 5580 1520 5652 Hieronymo
1538 5579 1697 5648 epist.

38 5652 143 5706 ad
178 5650 408 5706 Laetam
437 5667 451 5704 :
488 5668 507 5701 1
534 5649 830 5708 Assuescat
859 5653 1076 5708 lucerna
1101 5666 1326 5706 accensa
1362 5649 1591 5705 reddere
1617 5666 1703 5706 sa-

38 5721 381 5778 criﬁcium
401 5722 789 5792 vespertinum.
822 5742 842 5775 1
867 5722 945 5777 Ex
971 5724 1057 5778 his
1078 5721 1311 5778 infertur
1334 5721 1699 5777 lucernarium

36 5792 377 5850 celebrari
420 5794 635 5848 solitum
666 5794 802 5864 hora
839 5794 1158 5850 duodecima
1191 5812 1204 5848 :
1233 5792 1357 5864 quia
1392 5792 1725 5864 vespertina”

36 5864 334 5936 synaxis
359 5865 680 5920 cadentibus
714 5863 880 5920 radiis
909 5865 1039 5922 solis
1075 5863 1360 5939 agebatur,
1397 5872 1457 5919 ut
1488 5863 1733 5942 disertis
1768 5864 1779 5929 Ῐ

509 5957 788 6025 Ρλτιιοι..
832 5958 993 6019 Clll.

1789 593 2037 649 addatur.

1788 820 1972 875 verbis
1988 821 2188 893 asserit
2209 820 2462 893 Magister
2483 821 2586 877 hoc
2607 835 2727 893 cap.
2754 828 2807 875 et
2831 820 3153 893 compilator
3178 818 3381 893 regulae

1789 892 2122 946 monachica:
2139 907 2204 945 ex
2232 891 2476 948 Cassiani
2498 892 2753 962 operibus
2778 891 2915 946 infra
2946 891 2969 946 :'
2997 910 3016 943 1
3053 891 3380 948 Duodecimn

1790 977 1920 1016 vero
1942 969 2166 1033 prepter
2188 963 2623 1018 terminationem
2646 963 2775 1027 diei,
2800 964 2942 1017 sicut
2958 963 3132 1033 prima
3159 964 3383 1019 inchoa-

1791 1033 1938 1087 tione
1976 1042 2248 1088 cantatur.
2289 1053 2307 1085 1
2351 1034 2579 1100 Quidam
2618 1034 2892 1089 recentior
2927 1033 3205 1089 existimat
3242 1033 3384 1090 cele—

1788 1102 1937 1158 brari
1965 1104 2101 1159 hora
2124 1105 2427 1166 undecima,
2457 1104 2583 1174 quia
2611 1103 2905 1159 Cassianus
2932 1103 3025 1158 lib.
3051 1120 3112 1159 111
3144 1106 3208 1160 de
3237 1105 3382 1159 diur-

1790 1174 1877 1246 nis
1905 1174 2080 1246 Orat.,
2113 1191 2233 1246 cap.
2265 1176 2333 1241 5,
2362 1175 2495 1230 dicit
2522 1190 2536 1229 :
2574 1193 2592 1225 1
2633 1175 2715 1246 Ad
2744 1183 3048 1246 extremum
3075 1175 3382 1240 undecima,

1791 1245 1847 1299 in
1878 1261 1983 1315 qua
2014 1245 2303 1301 lucernalis
2330 1246 2464 1301 hora
2490 1245 2847 1317 significatur.
2887 1266 2905 1298 1
2939 1245 3139 1300 Verum
3168 1246 3385 1302 Cassia-

1792 1331 1895 1371 nus
1923 1331 2028 1372 non
2063 1316 2178 1371 vult
2216 1318 2320 1373 hoc
2354 1317 2473 1372 loco
2506 1317 2834 1372 luccrnalem
2875 1318 3062 1371 horam
3103 1318 3386 1371 undecima

1793 1387 2087 1452 celebrari;
2117 1388 2211 1443 sed
2247 1388 2373 1458 quia
2400 1387 2614 1442 confert
2638 1387 2801 1442 horas
2828 1389 3119 1442 canonicas
3154 1402 3277 1442 cum
3304 1387 3389 1441 his

1793 1458 1961 1529 boris,
1986 1459 2181 1529 quibus
2206 1458 2597 1528 paterfamilias
2621 1458 2769 1513 misit
2791 1458 3069 1528 operarios
3094 1458 3147 1511 in
3175 1458 3388 1512 vineam

1794 1544 1971 1594 suam,
2004 1530 2496 1598 lucernalem,quze
2525 1538 2654 1583 tunc
2680 1536 2799 1583 erat
2825 1530 3069 1583 ultimum
3102 1530 3391 1583 monacho-

1794 1615 1915 1654 rum
1957 1615 2218 1668 pensum,
2267 1601 2517 1655 attribuit
2553 1600 2880 1663 undecimm,
2922 1614 3042 1669 quae
3079 1607 3163 1655 est
3203 1599 3389 1654 ultima

1793 1671 2166 1738 operariorum
2210 1672 2364 1726 hora.
2404 1671 2516 1726 lmo
2555 1672 2673 1739 ipse
2712 1670 3006 1725 Cassianus
3050 1671 3241 1725 eodem
3304 1685 3393 1723 ea-

1793 1741 1905 1810 pile
1932 1742 2076 1796 hunc
2105 1741 2353 1796 ultimam
2377 1758 2573 1797 cursus
2604 1742 2768 1795 divini
2800 1742 2991 1796 horam
3021 1740 3256 1811 appellat
3294 1756 3391 1796 ve-

1796 1812 2115 1880 spertinam,
2152 1827 2315 1881 quam
2342 1811 2606 1867 celebrari
2637 1812 2850 1866 solitam
2872 1812 2999 1865 olim
3025 1812 3159 1865 hora
3187 1813 3392 1866 duode-

1798 1882 1939 1936 cima
1976 1882 2182 1951 liquido
2213 1893 2445 1938 constat.
2478 1882 2585 1937 Sed
2626 1884 2711 1937 bis
2737 1883 2951 1938 videtur
2988 1882 3266 1937 adversari
3314 1898 3395 1936 se-

1802 1953 1977 2007 cunda
2013 1952 2302 2021 explicatio
2345 1954 2539 2024 psalmi
2581 1970 2739 2017 crux,
2771 1969 2891 2022 quae
2918 1952 3076 2022 vulgo
3112 1952 3168 2006 S.
3204 1952 3397 2006 Hiero-

1798 2038 1961 2093 nymo
2004 2023 2260 2079 tribuitur
2300 2043 2312 2077 :
2347 2023 2387 2075 ’1
2442 2023 2687 2079 Monachi
2729 2024 2983 2088 dicimur,
3026 2034 3084 2077 et
3120 2024 3248 2078 licet
3287 2038 3395 2077 non

1798 2093 2002 2160 simus,
2032 2095 2221 2164 quales
2254 2110 2377 2151 esse
2415 2093 2705 2158 debemus,
2738 2102 2920 2149 tamen
2963 2095 3213 2149 dicimur.
3251 2094 3396 2148 Hora

1798 2166 1960 2219 tertia
1985 2179 2228 2232 oramus,
2254 2167 2390 2222 hora
2411 2174 2565 2220 sexta
2592 2180 2835 2231 oramus,
2859 2179 3001 2219 nona
3030 2164 3396 2219 lucernarium

1796 2234 2048 2291 facimus.
2097 2256 2118 2289 1
2157 2235 2262 2291 Sed
2296 2246 2428 2306 puto
2467 2236 2647 2292 locum
2678 2251 2800 2291 esse
2842 2242 3188 2304 corruptum,
3226 2243 3281 2289 et
3323 2235 3401 2289 le-

1794 2307 2033 2429 gendum
2058 2321 2178 2361 esse
2207 2322 2223 2360 :
2256 2326 2274 2357 1
2308 2308 2461 2362 Nona
2492 2322 2713 2361 oramus
2731 2346 2746 2372 ,
2774 2320 3001 2375 vespera
3029 2306 3397 2361 lucernarium

1819 2377 2046 2429 acimus.
2088 2396 2107 2428 1
2138 2375 2275 2429 Nam
2317 2386 2504 2429 postea
2535 2377 2821 2429 distinguit.
2848 2390 3047 2429 nonam
3076 2391 3106 2429 a
3146 2376 3397 2429 lucema-

1819 2375 2275 2449 acimuerNam
2317 2386 2504 2449 postea
2535 2377 2821 2449 distinguit.
2848 2390 3106 2449 nonamia
3146 2376 3398 2449 luc_en_1a7

1796 2447 1881 2500 rio
1916 2464 1929 2501 :
1976 2465 1994 2497 1
2035 2447 2225 2503 Videte
2266 2446 2464 2517 quibus
2500 2447 2655 2502 horis
2691 2446 2906 2517 semper
2932 2447 2985 2500 in
3015 2447 3274 2516 obsequio
3300 2446 3397 2501 Dei

1796 2517 2143 2572 suscitamur.
2191 2518 2384 2573 Videte
2422 2518 2553 2587 quid
2596 2517 2743 2571 dicat
2788 2517 2924 2587 hora
2977 2518 3171 2584 tertia,
3219 2524 3396 2581 sexta,

1796 2602 1958 2651 nona,
1991 2587 2307 2653 lucernarii,
2351 2586 2529 2643 media
2563 2595 2744 2651 nocte,
2774 2586 3066 2657 gallicinio,
3095 2602 3257 2658 mane
3289 2587 3400 2658 pri-

1796 2674 1908 2713 mo.
1944 2678 1963 2710 1
1999 2658 2272 2714 Praeterea
2294 2667 2511 2715 constat
2543 2674 2612 2714 ex
2637 2658 2893 2713 omnibus
2919 2657 3233 2713 auctoribus
3258 2657 3399 2712 cita~

1798 2730 1900 2793 tis,
1939 2736 1994 2784 et
2030 2730 2265 2784 citandis
2310 2746 2512 2785 nonam
2552 2729 2809 2797 distingui
2852 2744 2884 2781 a
2920 2727 3247 2784 lucernario.
3293 2729 3401 2785 Ve-

1798 2801 2164 2872 sper-erigitur
2212 2802 2267 2856 in
2316 2801 2602 2857 ecclesiam
2650 2799 3045 2872 conveniebant
3088 2801 3395 2870 episcopus,

1798 2871 1984 2926 clerici
2023 2870 2078 2925 et
2118 2873 2301 2928 caeteri
2344 2872 2563 2936 ﬁdeles,
2606 2870 2856 2926 monachi
2901 2871 2957 2924 in
2996 2885 3093 2925 sua
3133 2872 3392 2925 oratoria.

1798 2941 1954 2997 Tunc
1974 2942 2208 2998 lucerna:
2229 2942 2686 3007 accendebantur,
2700 2950 2762 2995 ut
2781 2948 3075 2997 constatex
3089 2940 3208 2996 loco
3229 2943 3399 2996 citato

1800 3011 1859 3068 S.
1888 3013 2108 3079 Basilii;
2147 3022 2204 3069 et
2257 3015 2360 3069 hoc.
2392 3014 2693 3077 dicebatur,
2736 3010 2911 3065 lumen
2944 3011 3165 3082 offerre,
3196 3012 3401 3082 utpla—

1798 3099 1926 3137 num
1966 3093 2050 3139 est
2099 3100 2165 3139 ex
2211 3084 2445 3142 concilio
2487 3083 2848 3145 Emeritensi,
2896 3080 3018 3136 can.
3061 3082 3096 3136 2
3146 3100 3160 3136 :
3210 3100 3230 3134 1
3269 3080 3402 3139 Post

1803 3153 1985 3208 lumen
2025 3155 2262 3226 oblatum
2300 3157 2454 3226 prius
2479 3156 2683 3210 dicitur
2708 3153 3097 3226 vespertinum,
3124 3169 3286 3223 quam
3311 3166 3425 3209 so-’

1793 3240 1924 3279 .nus.
1968 3245 1986 3277 1
2020 3225 2133 3282 Hac
2157 3222 2317 3282 enim'
2331 3229 2464 3283 hora
2494 3226 2675 3281 lumen
2708 3222 2819 3279 Deo
2841 3222 3191 3291 oil‘erebatur,
3212 3233 3271 3279 ut
3301 3240 3398 3279 no-

1802 3304 1917 3349 tum
1949 3305 2033 3352 est
2057 3314 2125 3352 ex
2151 3297 2449 3354 Prudentio
2481 3298 2536 3352 in
2564 3296 2975 3361 Cathemerino,
3010 3296 3212 3365 hymno
3241 3294 3275 3349 5
3304 3312 3319 3349 :

1985 3395 2027 3457 Ο
2056 3409 2140 3444 res
2161 3396 2325 3457 digna,
2350 3394 2508 3456 Deus,
2531 3408 2673 3454 quam
2700 3394 2797 3457 tibi
2812 3393 3017 3442 roscidae

1985 3456 2151 3519 Noctis
2177 3453 2417 3519 principio
2441 3453 2564 3517 grex
2594 3465 2703 3519 tuus
2726 3453 2902 3519 oil‘erat
2922 3490 2938 3514 ,

1982 3517 2201 3580 Lucem,
2227 3520 2520 3581 qua.tribuis
2554 3517 2619 3564 nil
2647 3517 2924 3577 pretiosius.

1799 3600 1905 3656 Ubi
1926 3600 2102 3654 noctis
2121 3599 2445 3670 principium
2475 3599 2581 3653 late
2601 3599 2837 3670 sumitur
2854 3612 2954 3667 pro
2980 3612 3229 3670 vespera.
3259 3601 3425 3656 Dum‘

1799 3667 2200 3725 accendebatur
2230 3667 2410 3724 lumen
2450 3671 2504 3723 in
2530 3668 2763 3725 ecclesia
2791 3667 3097 3734 Mozaraba,
3132 3669 3395 3738 ejusmodi

1797 3755 2010 3812 preces,
2039 3756 2160 3809 quae.
2186 3742 2239 3795 in
2263 3741 2381 3811 ejus
2408 3740 2677 3812 breviario
2707 3740 3000 3812 habentur,
3029 3741 3349 3798 dicebantur
3378 3760 3391 3797 :

1805 3810 1825 3862 1
1862 3812 1989 3867 Dies
2016 3812 2129 3866 sive
2156 3813 2228 3866 sit
2255 3810 2548 3875 festivalis,
2581 3810 2695 3865 sive
2723 3810 2931 3880 privata
2954 3850 2969 3878 ,
3004 3826 3218 3882 semper
3249 3814 3397 3870 hora!

1799 3882 2065 3952 incipiunt
2106 3897 2136 3936 a
2178 3882 2520 3954 vespertinis
2556 3882 2868 3954 antehdiem
2913 3896 2930 3935 :
2978 3884 3394 3954 etrprincipium

1798 3954 1859 4007 lit
1906 3951 2001 4022 per
2048 3951 2443 4007 invocationem
2493 3952 2619 4009 Jesu
2668 3951 2870 4007 Christi
2922 3953 3167 4010 oratione
3218 3951 3398 4011 Domi-

1798 4024 1919 4097 nica
1972 4027 2343 4097 pmiccdente,
2395 4025 2660 4097 submissa
2711 4039 2844 4097 voce
2892 4024 3119 4097 dice_ndo
3164 4041 3180 4079 ξ
3230 4024 3396 4097 Kyrie

1798 4092 2011 4160 eleison,
2045 4095 2248 4149 Christe
2275 4098 2499 4157 eteisou,
2536 4094 2699 4165 Kyrie
2727 4095 2919 4149 eleison
2939 4137 2953 4158 ,
2997 4092 3159 4149 Pater
3186 4092 3392 4165 noster;

1798 4174 1852 4219 et
1890 4166 1995 4219 alta
2039 4183 2170 4221 voce
2210 4185 2223 4219 :
2273 4166 2337 4220 In
2380 4168 2587 4221 nomine
2628 4165 2841 4233 Domini
2873 4167 3036 4220 nostri
3069 4166 3195 4221 Jesu
3236 4166 3392 4223 Chri-

1797 4237 1865 4288 sti
1905 4237 2079 4290 lunten
2117 4254 2233 4290 cum
2277 4254 2434 4306 pace,
2481 4239 2584 4291 hoc
2624 4245 2741 4301 est,
2776 4238 2953 4291 lumcn
2988 4236 3245 4291 oblatum.
3284 4239 3390 4293 Re-

1799 4310 2093 4377 spondemr
2130 4324 2159 4360 a
2192 4308 2671 4361 circumstantibus
2709 4325 2721 4361 :
2764 4308 2871 4359 Deo
2908 4307 3125 4377 gratias.
3163 4308 3227 4361 Et
3264 4323 3391 4377 pre-

1798 4384 1985 4446 snytcr
2035 4376 2163 4429 dicit
2215 4393 2229 4431 :
2281 4379 2537 4431 Dominus
2584 4380 2651 4431 sit
2705 4376 2917 4445 semper
2953 4376 3394 4432 1'obiscum.’Re-

1798 4448 2093 4527 sponde-tur
2119 4466 2130 4498 :
2165 4446 2235 4499 Et
2257 4464 2374 4527 cum
2404 4448 2605 4517 Spiritu
2630 4458 2741 4527 tuo.
2770 4447 2830 4500 Et
2860 4449 2996 4527 ordo
3018 4461 3387 4527 vesperarum,

1800 4516 1914 4570 sive
1935 4532 1962 4570 s
1985 4525 2005 4569 t
2034 4516 2251 4582 festum,
2282 4518 2395 4571 sive
2424 4516 2554 4580 non,
2578 4517 2825 4585 sequitur
2844 4532 2941 4585 per
2976 4518 3119 4571 hunc
3146 4518 3387 4573 modum.

1802 4587 1985 4661 Primo
2024 4587 2221 4661 dicitur
2257 4588 2675 4661 psalmusﬂquod
2712 4594 2794 4642 est
2840 4588 3239 4661 vespertinum,
3284 4604 3393 4661 quo

1807 4657 1959 4712 ﬁnito
1978 4656 2270 4729 presbyter
2298 4658 2463 4729 dicit:
2486 4657 2745 4729 Dominus
2774 4656 3054 4713 vobiscum.
3079 4656 3391 4729 Responde-

1806 4738 1894 4783 tur
1919 4746 1932 4783 :
1960 4728 2030 4781 Et
2055 4727 2173 4781 cum
2196 4727 2398 4799 Spiritu
2424 4738 2535 4799 tuo.
2568 4727 2762 4782 Statim
2792 4728 2994 4784 dicitur
3020 4727 3210 4796 sonus,
3246 4732 3290 4788 si
3321 4733 3393 4788 sit

1806 4799 2039 4865 festum;
2068 4814 2131 4854 eo
2152 4798 2296 4868 quoa
2325 4800 2440 4855 dies
2466 4798 2671 4853 ferialis
2697 4809 2849 4855 caret
2869 4815 3023 4867 sono,
3048 4801 3150 4856 nisi
3172 4802 3226 4857 in
3258 4812 3393 4858 tem-

1805 4886 1938 4941 pore
1972 4870 2407 4925 Resurrectiouis
2427 4911 2443 4935 ,
2478 4880 2701 4941 propter
2731 4870 3127 4927 solemnitatem
3157 4872 3388 4939 dicitur;

1808 4940 1925 4998 haec
1951 4942 2157 5010 regula.
2201 4940 2378 4996 Sonus
2407 4950 2528 4996 est:
2571 4940 2747 4997 Venite
2784 4944 3101 5010 exsultemus
3130 4942 3387 5008 Domino,

1800 5009 2088 5084 jubilemus
2119 5011 2494 5084 Deosalutari
2528 5024 2724 5067 nostro.
2776 5013 3007 5084 Versus,
3049 5009 3392 5084 _Pra'occupe-

1808 5081 1925 5137 inus
1952 5082 2140 5153 faciem
2164 5082 2257 5136 Dei
2283 5083 2335 5137 in
2356 5083 2703 5153 confessione,
2725 5093 2775 5138 et
2793 5085 2849 5136 in
2870 5081 3085 5152 psalmis
3099 5081 3390 5153 jubilentus

1808 5153 1938 5207 Deo.
1963 5174 1980 5205 1
2001 5153 2194 5207 Etha:c
2205 5153 2351 5208 clare
2371 5153 2664 5223 explicant,
2678 5154 2806 5224 quid
2818 5153 2890 5207 sit
2907 5154 2961 5207 in
2985 5152 3214 5207 concilio
3232 5154 3392 5211 Eme-

1809 5225 1990 5280 ritano
2021 5224 2199 5279 lumen
2226 5225 2487 5289 oblatum,
2518 5225 2903 5293 vespertinum,
2936 5230 2992 5277 et
3017 5238 3201 5279 sonus.
3235 5225 3390 5292 Quod

1809 5296 2024 5364 quidem
2051 5294 2226 5365 lumen
2254 5294 2516 5359 oblatum,
2540 5294 2653 5350 sive
2676 5293 2914 5365 precatio
2938 5293 3228 5365 lucernalis
3256 5296 3389 5352 dici-

1809 5374 1900 5419 tur
1936 5365 2099 5419 etiam
2149 5364 2534 5420 lucernarium.
2586 5364 2685 5421 lta’
2715 5365 2862 5421 enim
2905 5364 3254 5434 explicandus
3303 5376 3390 5423 est

1807 5436 1960 5507 locus
1989 5435 2205 5507 Regula:
2248 5436 2305 5492 8.
2347 5436 2558 5501 lsidori,
2600 5436 2802 5507 cap.76
2843 5452 2914 5507 :_1
2960 5434 3019 5490 In
3057 5438 3387 5507 vespertinis

1803 5506 1995 5578 ciliciis
2031 5503 2208 5576 Primo
2264 5508 2626 5563 lucernarium
2651 5503 2684 5572 ,“
2718 5503 2912 5561 deinde
2958 5503 3310 5578 psalmi'duo.
3357 5527 3380 5562 1

1805 5577 1908 5635 Ubi
1954 5578 2315 5633 lucernarium
2360 5594 2468 5633 non
2503 5578 2736 5633 sumitur
2777 5592 2879 5648 pro
2915 5577 3027 5633 tuta
3065 5579 3256 5648 synaxi
3289 5593 3386 5635 ve-

1802 5649 2063 5731 spertina.
2110 5649 2178 5704 Et
2205 5648 2582 5731 in_R_egu.la_2,
2627 5664 2748 5731 qua:
2775 5647 2945 5731 ‘vulgo
2979 5647 3043 5731 S._
3083 5647 3386 5720 Augustino

1802 5719 2076 5803 tribuitur,
2087 5719 2399 5803 _manifeste'
2409 5719 2755 5803 distinguitur
2775 5719 3137 5803 lucernarium
3160 5719 3385 5803 a_vesp_e-

1801 5792 1899 5858 ris,
1928 5808 2046 5863 cap.
2081 5794 2106 5847 1
2145 5811 2171 5863 εί
2199 5810 2218 5843 1
2258 5790 2372 5846 Hoc
2417 5792 2561 5863 idem
2581 5789 2646 5846 in
2686 5791 3004 5863 vesperiset
3031 5789 3383 5861 completoi-io

1801 5862 2068 5922 servetur.
2096 5862 2180 5919 Ad
2209 5862 2568 5919 lucernarium
2605 5872 2783 5919 autem
2803 5904 2819 5932 ,
2854 5862 3113 5935 psalmus,
3155 5877 3377 5932 respon-

2900 5952 2982 6014 29
