3952 6314
114 385 211 447 909
1017 373 1405 436 consonum
1440 350 1685 433 nectit;

1800 372 1897 432 JM.
1936 402 2008 417 —
2043 370 2197 430 CAP.
2237 368 2426 431 XXIV.
2852 410 2857 415 -
3233 374 3340 435 9l0

111 512 197 573 pro
222 494 541 553 inchoatione
567 504 594 534 ι
624 496 682 548 et
706 488 1090 547 terniinatione
1131 488 1235 544 diei
1269 496 1457 558 postea
1494 504 1525 542 a
1553 487 1660 543 Pa-
1688 490 1737 553 Α
1766 485 1950 551 orabo,
1974 484 2387 551 Domine,mane
2409 483 2656 538 exaudies
2677 496 2850 538 vocem
2871 498 3042 539 meam
3067 481 3242 559 (Psal.
3264 488 3342 561 v).

113 590 261 645 tribus
295 594 414 641 sunt
443 583 747 652 adjunctae;
804 581 1023 636 tertiam
1060 591 1246 636 autem
1275 588 1332 635 et
1366 588 1573 636 sextam
1603 585 1659 634 et
1763 576 2013 633 Secunda
2041 594 2259 648 quoque
2289 576 2429 631 inter
2452 577 2682 648 primam
2706 584 2758 633 et
2784 578 2999 633 tertiam
3028 581 3347 651 constituta,

112 695 285 737 nonani
311 678 470 733 etiam
496 675 565 730 ab
591 672 846 744 apostolis
879 672 1108 742 legimus
1133 670 1296 727 fuisse
1336 671 1655 727 celebratas.
1761 672 1917 743 quasi
1962 671 2180 742 quidam
2210 671 2366 726 limes
2395 672 2635 742 ponitur.
2689 670 2844 727 Unde
2892 680 2947 726 et
2988 686 3019 725 a
3062 673 3350 733 monachis

111 775 137 815 ι)
161 772 277 827 Nam
305 768 456 825 tertia
495 769 629 822 liora
666 782 828 835 super
863 763 1136 835 apostolos
1165 765 1219 819 in
1255 765 1560 819 orationum
1586 760 1663 818 of-
1761 777 1985 819 necesse
2013 771 2117 827 est,
2141 778 2211 817 ne
2238 762 2412 818 otiosa
2436 764 2685 817 ducatur.
2707 762 2832 819 Ideo
2861 764 3218 820 constitutum
3239 775 3348 838 est,

111 865 218 920 ﬁcio
236 861 546 918 constitutos
574 856 809 928 Spiritus
834 864 1056 922 sanctus
1082 856 1359 912 descendit
1393 855 1530 926 (Act.
1558 854 1659 928 u);
1759 864 1822 912 ut
1870 856 2014 911 trino
2057 856 2388 926 psalmorum
2425 856 2684 928 obsequio
2712 855 3110 928 frequentetur,
3143 875 3263 931 quae
3293 867 3353 918 et

110 963 245 1012 sexta
279 967 405 1009 vero
434 952 565 1005 hora
593 949 820 1020 legimus
846 947 1066 1003 Petrum
1088 988 1102 1012 ,
1133 947 1259 1002 dum
1288 948 1345 1002 in
1382 947 1663 1003 ctenaculo
1762 949 1953 1022 primae
2000 956 2340 1004 consummet
2370 947 2624 1015 cilicium,
2656 956 2711 1003 et
2746 948 3137 1021 subsequenter
3174 951 3352 1009 tertite

108 1054 289 1110 oraret,
325 1042 502 1099 subito
531 1042 582 1095 in
614 1056 839 1096 excessu
867 1040 1064 1095 mentis
1082 1055 1178 1094 vas
1204 1039 1356 1104 illud,
1381 1038 1522 1108 quod
1538 1054 1667 1110 qua-
1764 1039 1987 1110 incipiat
2039 1040 2299 1096 scandere
2324 1040 2574 1111 gradum.
2626 1039 2705 1095 Ita
2753 1055 2972 1111 quoque
3013 1041 3068 1097 in
3122 1042 3351 1114 reliquis

108 1148 220 1195 tuor
245 1136 404 1192 initiis
445 1133 599 1204 quasi
649 1133 876 1188 linteum
919 1134 986 1189 de
1014 1134 1153 1190 coelo
1191 1134 1542 1199 submissum,
1578 1135 1664 1189 vi-
1766 1131 2123 1187 constitutum
2152 1139 2236 1186 est
2260 1131 2406 1186 hunc
2433 1130 2759 1185 servandum
2783 1145 2905 1187 esse
2926 1132 3170 1188 ordinem
3201 1133 3353 1190 horis

108 1230 237 1285 disse
255 1226 385 1300 (Act.
408 1228 466 1297 Χ)
492 1243 506 1291 ;
533 1225 598 1280 de
620 1240 763 1279 nona
777 1232 956 1278 autem
977 1224 1204 1295 legimus
1231 1242 1244 1278 :
1271 1223 1463 1279 Petrus
1488 1234 1666 1279 autem

107 1329 151 1374 et
175 1319 389 1373 Joannes
417 1315 765 1370 ascendebant
803 1316 858 1368 in
884 1314 1129 1386 templum
1152 1315 1222 1368 ad
1261 1316 1444 1370 horam
1475 1317 1669 1370 oratio-

108 1412 181 1464 nis
201 1424 377 1463 nonam
403 1407 541 1478 (Act.
564 1406 639 1472 v).
666 1405 1016 1476 Vespertinas
1037 1414 1237 1470 autem,
1262 1406 1349 1462 vel
1373 1407 1669 1464 matutinas

106 1502 358 1557 orationes
387 1515 495 1554 non
521 1498 695 1554 solum
729 1497 798 1553 ab
821 1498 1081 1568 apostolis
1100 1539 1116 1564 ,
1157 1500 1255 1554 sed
1279 1499 1442 1554 etiam
1470 1500 1526 1554 in
1560 1500 1667 1555 Ve-

106 1594 201 1650 teri
225 1591 560 1648 Testamento
590 1589 817 1661 legimus
846 1605 940 1644 eas
968 1590 1022 1644 in
1057 1590 1257 1661 templo
1283 1591 1496 1646 Domini
1528 1606 1670 1646 sem-

104 1700 197 1755 per
222 1682 376 1738 iuisse
404 1680 632 1737 oblatas.
668 1691 689 1717 ο
727 1679 875 1735 Unde
900 1688 955 1736 et
986 1681 1156 1736 David
1193 1682 1323 1737 dicit
1355 1683 1421 1738 de
1453 1697 1672 1753 vesper-

105 1773 267 1829 tinis:
301 1772 573 1842 Dirigatur
614 1770 783 1825 oratio
820 1787 937 1824 mea
982 1771 1116 1824 sicut
1157 1773 1423 1827 incensum
1452 1774 1507 1827 in
1550 1791 1674 1827 con-
1716 1844 1747 1854 Δ

505 1860 731 1919 elocutio
765 1877 1020 1916 manuum
1069 1879 1307 1917 mearum
1350 1864 1674 1933 sacriﬁcium
1698 1859 1748 1921 Β
1775 1872 2215 1930 reconciiiatibni‘
2232 1880 2287 1927 et
2318 1869 2674 1928 satisfacﬁoni
2704 1870 3023 1926 alterutrum
3048 1871 3361 1928 insistentes

103 1874 268 1920 snecta
310 1874 401 1918 tuo
443 1879 462 1917 .‘

104 1882 268 1936 specta
310 1882 401 1918 tuo
443 1882 462 1917 :
505 1882 731 1919 awuauo
765 1882 1020 1916 manuum
1069 1882 1307 1917 mserum
1350 1882 1671 1933 επηπειιιηι

104 1955 443 2024 vespertinum
480 1951 601 2025 (Ps.
648 1949 785 2021 xiv).
829 1951 906 2005 De
950 1953 1234 2006 matutinis
1260 1961 1441 2007 autent
1487 1953 1619 2007 dicit
1654 1970 1671 2007 εκ

101 2048 259 2114 Deus,
277 2046 421 2102 Deus
447 2061 609 2111 meus,
640 2044 709 2098 ad
748 2053 797 2099 te
824 2044 888 2099 de
919 2042 1032 2099 luce
1056 2043 1229 2115 vigilo.
1263 2042 1332 2100 Et
1363 2064 1375 2098 :
1407 2044 1473 2098 In
1496 2055 1672 2100 matu-

101 2142 222 2197 tinis
253 2139 541 2196 meditabor
583 2138 640 2193 in
680 2146 751 2204 te,
788 2137 914 2208 quia
955 2136 1131 2207 factus
1177 2152 1232 2191 es
1272 2137 1489 2208 adiutor
1530 2151 1681 2194 meus

101 2231 220 2305 (Ps.
252 2229 413 2301 ωιιι).

177 2347 207 2420 §
224 2342 311 2401 ιν.
345 2374 412 2386 -—
441 2342 523 2401 Ex
544 2343 763 2400 RECBLA
793 2357 983 2398 SANCTI
1008 2340 1317 2398 Faucruost
1345 2341 1484 2413 (cap.
1524 2308 1608 2414 ti).

173 2460 202 2503 «ι
226 2461 419 2516 Primae
460 2460 610 2514 horta
646 2457 998 2514 observanda:
1034 2471 1287 2512 mensura
1320 2457 1528 2512 sancita
1573 2464 1678 2526 est,

100 2553 307 2611 dicente
332 2549 600 2619 Propheta
628 2567 641 2602 :
686 2548 843 2602 Mane
872 2550 1054 2603 astabo
1077 2548 1195 2614 tibi,
1232 2559 1257 2586 ο
1303 2557 1352 2603 et
1380 2548 1560 2609 videbo
1606 2559 1679 2616 te,

98 2648 223 2721 quia
244 2654 299 2700 tu
319 2660 374 2701 es
395 2642 538 2698 Deus
566 2640 747 2698 notate
778 2640 1128 2712 iniquitatem.
1171 2640 1241 2695 Et
1263 2640 1487 2696 iterum:
1519 2641 1603 2695 Ad
1631 2651 1683 2698 te

179 2817 206 2847 ι
234 2807 299 2860 Et
325 2800 687 2858 terminatione
708 2799 833 2853 diei.
865 2796 1036 2865 Hujus
1060 2799 1211 2853 horae
1231 2797 1568 2854 duodecimae
1590 2812 1685 2858 seu

97 2877 414 2945 vespertinae
444 2871 758 2945 mysterium
790 2868 848 2945 S_.
887 2869 1215 2924 Athanasius
1258 2870 1333 2923 ad
1359 2867 1554 2924 Christi
1593 2875 1689 2927 de-

98 2941 345 3002 scensum
388 2944 456 2998 ad
492 2941 696 2997 inferos
743 2941 925 3005 refert,
975 2949 1031 2994 ut
1077 2954 1245 3010 supra
1280 2948 1523 2995 notatum
1575 2951 1679 2997 est.

98 3017 461 3072 Tertullianus
486 3013 578 3067 lib.
610 3012 775 3067 citato
800 3027 925 3067 cum
966 3012 1087 3067 aliis
1108 3011 1437 3079 coniecturis
1482 3011 1683 3069 refutat

94 3088 483 3153 Psychicorum
510 3083 874 3150 conjecturas,
907 3081 1039 3137 dicit
1080 3096 1236 3153 posse
1277 3083 1343 3135 ad
1370 3082 1574 3137 Christi
1598 3100 1683 3140 se-

1767 1225 1954 1290 tertia,
2004 1231 2178 1288 sexta,
2238 1238 2410 1290 nona,
2445 1221 2465 1261 f
2512 1223 2852 1290 duodecima,
2898 1224 3151 1280 videlicet
3194 1234 3357 1296 atque

1767 1330 2028 1386 vespera;
2059 1322 2119 1369 ut
2143 1321 2270 1369 ante
2299 1322 2355 1368 et
2385 1314 2410 1353 ε
2438 1322 2561 1384 post
2589 1314 2758 1369 trinas
2780 1315 2878 1369 has
2898 1314 3170 1386 legitimas
3195 1317 3356 1372 horas

1767 1405 2058 1479 peculiaris
2078 1403 2340 1460 orationis
2359 1395 2761 1475 prosequantur
2780 1404 3060 1475 obsequia.
3078 1404 3354 1461 Nocturno

1771 1500 1937 1571 igitur
1974 1507 2217 1569 tempore
2245 1499 2273 1539 ιι
2305 1498 2481 1567 prima
2516 1497 2691 1552 noctis
2722 1497 2856 1552 hora
2885 1513 2979 1554 sex
3019 1500 3360 1557 orationibus

1772 1589 2098 1647 celebranda
2127 1597 2247 1645 est:
2287 1603 2351 1644 ac
2379 1588 2573 1643 deinde
2602 1588 2792 1644 decem
2833 1589 3171 1659 psalmorum
3222 1606 3358 1645 con-

1775 1692 1935 1741 centu
1983 1699 2107 1737 cum
2138 1683 2295 1739 laude
2330 1690 2385 1737 et
2422 1681 2891 1737 benedictionibus
2934 1682 3361 1738 consummanda

1775 1778 1831 1833 in
1859 1776 2102 1831 Ecclesia
2130 1782 2234 1831 est.
2278 1776 2297 1817 ί
2330 1773 2533 1829 Deinde
2581 1772 2970 1829 valefacientes
3008 1773 3261 1840 invicem,
3308 1782 3365 1829 et

1777 1975 1964 2032 laxant
2004 1981 2193 2029 mutuo
2238 1972 2420 2031 debita
2453 1991 2468 2025 :
2510 1972 2788 2043 etpietate
2816 1981 3065 2042 paterna,
3097 1968 3237 2043 ψιὶὶ
3276 1986 3365 2026 se-

1780 2076 1991 2151 gregati
2023 2091 2055 2129 a
2083 2083 2229 2130 coetu
2261 2072 2507 2129 fraterno
2532 2072 2603 2129 ob
2643 2071 3030 2144 negligentiam
3061 2086 3215 2127 suam
3244 2071 3366 2126 fue-

1782 2187 1935 2246 rant,
1990 2183 2303 2233 mereantur
2330 2174 2743 2247 indulgentiam.
2787 2173 2943 2230 Tunc
2968 2172 3187 2231 demum
3240 2189 3368 2246 per-

1782 2288 1973 2354 gentes
1997 2280 2069 2335 ad
2092 2279 2314 2345 cubilia,
2347 2286 2511 2349 autne
2537 2279 2591 2333 in
2614 2288 2781 2333 unum
2817 2276 3368 2348 conjuncti-coeuntes

1785 2373 1854 2428 ad
1910 2370 2299 2443 perfectionem
2356 2369 2530 2441 pacis,
2571 2378 2627 2426 et
2674 2386 2895 2426 reorum
2949 2370 3369 2437 absolutionem,

1785 2464 2016 2519 cantatis
2044 2462 2215 2517 tribus
2250 2459 2475 2531 psalmis
2496 2459 2657 2529 juxta
2696 2476 2915 2517 morem
2940 2476 3073 2516 cum-
3104 2460 3285 2526 laude,
3316 2468 3375 2517 et

1782 2551 2180 2614 benedictione,
2233 2550 2549 2621 symbolum
2586 2549 2913 2607 Christianae
2939 2549 3064 2606 ﬁdei
3094 2536 3370 2609 communi

1783 2659 1976 2700 omnes
1996 2643 2229 2699 recitent
2246 2655 2382 2697 voce
2398 2648 2489 2713 ,ut
2504 2641 2665 2697 ﬁdem
2686 2656 2841 2697 suam
2855 2657 3243 2712 puramcoram
3260 2642 3373 2698 Deo

1789 2801 2045 2927 plicetur,
2077 2801 2226 2870 quia,
2258 2815 2362 2870 qua
2389 2799 2520 2855 hora
2551 2799 2867 2870 contigerit,
2901 2794 3001 2856 SS.
3041 2788 3233 2861 Patres
3262 2821 3376 2861 am-

1832 2874 2002 2927 ittunt.
2039 2871 2221 2926 Prima
2248 2870 2384 2926 liora
2427 2870 2496 2925 ob
2526 2872 2719 2926 missos
2743 2871 3022 2927 onerarias
3059 2872 3114 2927 in
3157 2876 3375 2927 vineam

1793 2882 2002 2943 bigunt.
2041 2882 2221 2926 l'i‘lma
2248 2882 2384 2926 liora
2427 2882 2496 2925 ou
2526 2886 2719 2926 missos
2743 2886 3022 2941 operarios
3059 2882 3114 2927 in
3157 2882 3375 2933 vineam

1793 2944 2119 3008 celebratur,
2156 2949 2216 2996 ut
2270 2943 2384 2995 vult
2432 2930 2766 3009 Fructuosus
2790 2940 2979 2997 abbas.
3025 2941 3131 3009 Sed
3178 2946 3245 3002 de
3292 2948 3378 3003 liis

1787 3014 1946 3083 plura
1973 3014 2095 3068 vide
2109 3007 2257 3085 apud
2282 3011 2608 3085 Walfridum
2639 3007 2966 3085 Sirabonem
2994 3012 3093 3085 lib.
3114 3015 3377 3085 deRebus

1789 3078 1951 3150 eccl.,
2008 3099 2126 3151 cap.
2152 3078 2256 3146 '25,
2293 3082 2628 3137 Amalarium
2676 3078 3054 3151 Fortunatam,
3081 3080 3177 3142 lib.
3215 3104 3277 3142 ιιι
3310 3088 3379 3144 de

93 3132 381 3231 satist“;
394 3132 1686 3231 eius":7ipsasagittifergiaagsgain
1710 3132 1758 3203 ε
1788 3132 1951 3231 eiii;
1977 3132 2503 3231 eazi',jea'p:‘§',";i'
2520 3132 3376 3225 ’ῑιῐρετῐιλίιῑπξῖᾱῐὶιῑξίξιίίξ

96 3222 484 3292 Christianam,
527 3226 657 3279 dum
701 3226 877 3295 magis
920 3222 1122 3278 Christi
1164 3222 1390 3295 gloriam
1422 3222 1680 3294 celebrat,

93 3316 318 3371 possum
347 3312 499 3371 teque
524 3310 660 3352 serae
682 3294 941 3371 stationis
955 3296 1144 3349 eodem
1174 3294 1251 3349 rei
1273 3294 1467 3350 ordine
1484 3304 1683 3352 statum

92 3365 380 3445 rigere,_ut
412 3365 721 3445 'jejunemns
747 3365 819 3420 ad
853 3376 1032 3445 serum
1070 3374 1447 3445 chpcctautes
1473 3375 1688 3445 tempus

92 3435 737 3509 Dominieae'sepuiturze,
766 3452 886 3509 cum
919 3435 1116 3509 .losepit
1141 3437 1469 3509 pustulatum
1496 3435 1689 3509 detulit

90 3528 303 3583 corpus
330 3518 387 3565 et
426 3506 681 3583 condidit.
719 3530 738 3560 ι
865 3506 1124 3583 Isidorus,
1144 3506 1279 3577 ’cap.
1309 3507 1398 3571 20,
1431 3506 1603 3583 refert
1619 3508 1687 3564 ad

87 3578 430 3640 caci-ilicium
469 3578 601 3650 legis
634 3578 835 3634 veteris
857 3578 1238 3650 vespertinum
1280 3596 1293 3629 :
1325 3586 1493 3650 atque
1523 3579 1688 3637 etiam

90 3655 168 3709 ad
202 3668 359 3706 novae
402 3648 541 3721 legis
576 3649 1035 3723 augustissimum
1061 3648 1197 3703 illud
1230 3648 1554 3723 sacriﬁcium
1591 3665 1687 3704 ve-

87 3725 419 3794 spertinum,
453 3721 834 3794 quoCliristus
858 3728 1076 3794 carnem
1099 3727 1153 3774 et
1180 3721 1496 3794 sanguinem
1528 3730 1687 3774 suum

88 3790 252 3850 dedit
274 3790 533 3864 apostolis
559 3793 613 3845 in
633 3806 883 3862 suprema
910 3790 996 3843 ilia
1023 3804 1185 3864 creua
1213 3809 1224 3842 :
1259 3808 1277 3839 ι
1303 3790 1361 3843 lu
1391 3804 1530 3864 novo
1556 3805 1690 3858 quo-

88 3880 209 3934 que
261 3858 584 3919 testamento
633 3858 714 3934 eo'
742 3869 989 3934 tempore
1037 3858 1294 3934 Dominus
1340 3868 1394 3914 et
1418 3860 1689 3934 -Salvator

87 3930 447 3990 coenantibus
478 3933 739 4002 apostolis
764 3930 1081 4003 mySter‘ium
1109 3931 1190 4003 sui
1217 3930 1545 4003 corpOrisiet
1567 3947 1691 3987 san-

86 4007 284 4077 guinis
310 4006 462 4060 initio
488 4004 710 4077 tradidit
741 4020 753 4055 :
778 4002 1092 4077 ututempus
1114 4002 1290 4077 ipsum
1314 4002 1569 4077 sacriﬁcii
1598 4017 1691 4057 ve-

84 4072 324 4146 éperum
350 4075 661 4131 ostenderet
691 4073 875 4129 saeculi
918 4090 933 4126 :
977 4072 1203 4142 proinde
1236 4075 1288 4146 in
1321 4074 1581 4146 honorem
1624 4089 1689 4129 ac

83 4144 425 4202 memoriam
464 4154 736 4199 tantorum
781 4151 1243 4213 sacran'teutorum
1274 4145 1326 4197 in
1361 4144 1445 4197 liis
1485 4153 1693 4213 tempo-

82 4217 261 4273 ribus
296 4218 487 4272 adesse
523 4216 679 4271 decet
710 4214 802 4268 Dei
835 4212 1212 4281 conspectibus
1239 4222 1295 4268 et
1320 4212 1613 4281 personare
1638 4215 1692 4267 in

81 4288 220 4358 ejus
265 4288 501 4342 cultibus
530 4286 852 4358 _orationum
891 4284 1315 4358 nostrarumilli
1365 4284 1692 4358 sacriﬁcium

86 4353 423 4437 (merentes.
468 4378 487 4410 ι
516 4355 581 4437 _S.
628 4357 930 4437 Cyprianus
976 4353 1170 4437 scribit
1216 4355 1353 4437 hanc
1385 4355 1694 4437 horam_ve-

80 4430 408 4513 spertinam
430 4424 750 4513 .celebrari',_
777 4426 919 4513 qiiod
959 4426 1243 4507 recedente
1272 4424 1690 4513 solenoran‘durn

1789 3224 1967 3293 Ollio,
1991 3241 2111 3293 cap.
2142 3222 2198 3281 2.

1861 3242 1940 3281 uc.
1991 3242 2051 3280 ca
2096 3266 2111 3279 .
2142 3242 2198 3281 2.

1861 3299 1889 3367 Ρ
1928 3242 2091 3351 liiamp
2119 3297 2274 3352 tertia
2300 3295 2431 3350 hora
2460 3312 2619 3367 super
2664 3295 2927 3367 apostolos
2972 3296 3035 3367 in
3076 3297 3377 3355 orationum

1790 3360 1953 3439 oﬂicio
1978 3369 2307 3439 constitutos,
2356 3375 2461 3439 etc.
2487 3360 2632 3421 idem
2663 3360 2830 3439 habet
2859 3366 3225 3439 Tertullianus
3279 3368 3376 3424 lib.

1789 3435 2321 3507 contraPsycbicos:
2356 3454 2387 3507 «ί
2410 3435 2598 3507 Porro,
2632 3452 2754 3491 cum
2790 3436 2846 3491 in
2872 3437 3063 3492 eodem
3098 3452 3379 3494 commen-

1790 3509 1931 3564 tario
1974 3506 2132 3577 Lucre
2183 3516 2237 3561 et
2268 3506 2429 3562 tertia
2463 3506 2596 3577 liora
2625 3507 2908 3577 oratioque
2950 3507 3373 3577 demonstretur,

1791 3581 1890 3634 sub
1916 3592 2019 3648 qua
2047 3576 2250 3648 Spiritu
2276 3584 2463 3632 sancto
2493 3576 2691 3648 initiati
2714 3593 2814 3648 pro
2854 3576 3025 3648 ebriis
3067 3576 3377 3638 habentur:

1792 3658 1847 3704 et
1872 3646 2047 3713 sexta,
2076 3646 2187 3719 (tua
2229 3647 2419 3719 Petrus
2460 3646 2729 3719 ascendit’
2751 3646 2820 3702 ad
2851 3647 3130 3719 superiora
3163 3668 3177 3703 :
3211 3665 3377 3719 nona,

1792 3734 1898 3789 qua
1924 3718 2180 3791 templum
2209 3726 2333 3791 sunt
2359 3717 2695 3791 introgressi,
2732 3732 2831 3775 cur
2874 3733 2981 3791 non
3013 3717 3378 3791 intelligamus

1792 3787 1943 3846 salva
1970 3787 2129 3861 plane
2150 3787 2749 3861 indill'erentia'scmper
2770 3796 2826 3843 et
2851 3789 3051 3859 ubique
3076 3787 3224 3846 omni
3248 3800 3381 3848 tem-

1792 3876 1925 3934 pore
1951 3859 2162 3926 orandi,
2190 3869 2369 3934 tamen
2386 3869 2503 3934 tres
2525 3859 2872 3934 istas__lioras,
2893 3868 2952 3913 ut
2978 3861 3300 3932 insigniores
3323 3864 3381 3921 in

1795 3930 1958 4017 robus
1995 3932 2268 3996 humanis,
2310 3946 2439 4017 quae.
2452 3930 2594 4011 diem
2634 3930 2982 4013 distribuunt,
3017 3930 3135 4017 qua:
3167 3934 3382 4017 negotia

1796 4002 2149 4084 distinguunt,
2175 4002 2834 4084 qua:_ptibli_ce_resoiiant;
2858 4001 2934 4057 ita
2953 4010 3005 4057 et
3029 4001 3382 4062 solemniores

1796 4071 2046 4128 fuisse'in
2078 4071 2413 4128 orationibus
2440 4071 2673 4127 divinis?
2710 4090 2728 4123 ι

1870 4156 1891 4183 ο
1927 4142 2076 4198 Unde
2099 4156 2145 4200 et
2172 4143 2344 4198 David
2372 4142 2436 4197 de
2466 4142 2784 4213 vespertinis,
2809 4149 2914 4197 etc.
2944 4141 3023 4198 Ita
3044 4144 3381 4203 Fructuosus

1799 4214 1987 4279 abbas,
2029 4231 2149 4284 cap.
2181 4216 2248 4270 10
2274 4213 2490 4285 Regula:
2525 4212 2554 4266 :7
2576 4232 2595 4264 ι
2634 4212 2871 4282 Vespera
2900 4212 3068 4285 David
3091 4216 3379 4283 cecinisse,

1799 4286 1984 4341 dicens
2010 4301 2023 4339 :
2048 4285 2283 4340 Elevatio
2309 4284 2561 4343 manuum
2576 4299 2811 4338 mearum
2837 4284 3160 4352 sacriﬁcium
3182 4302 3385 4356 vesper-

1800 4365 2111 4479 m‘duigiibim
2133 4426 2295 4479 Itoraz.
2311 4412 2719 4479 Haechabentur
2739 4422 2792 4475 in
2809 4421 3012 4492 Regula
3034 4438 3137 4479 ms.
3164 4422 3221 4479 S'
3238 4426 3381 4482 Fru-

81 4492 193 4584 §it,
230 4509 292 4554 ut
315 4498 565 4590 Christus
586 4513 713 4551 vera
736 4492 827 4553 luit
849 4497 916 4551 ad
940 4511 1038 4550 nos
1065 4498 1249 4579 veriiat
1281 4511 1296 4549 :
1336 4515 1353 4547 ‹
1391 4495 1694 4590 Recedeute
1718 4527 1775 4590 Β
1800 4497 1976 4590 ειυοῇ
2002 4495 2520 4590 Brtrcarensishlcod.
2553 4492 2868 4590 Cra'slsleusis
2896 4493 3083 4575 eodem
3107 4497 3306 4566 capite.

76 4571 245 4627 item
268 4571 404 4634 sole,
430 4578 491 4624 et
507 4569 595 4625 die
620 4568 1193 4623 cessante'neCessario
1218 4578 1411 4621 rursus
1426 4568 1694 4622 orandum

422 4641 547 4711 quia
594 4639 840 4711 Christus
867 4640 946 4693 sol
982 4647 1231 4711 verus‘et
1258 4639 1372 4694 dies
1399 4647 1483 4693 est
1511 4652 1695 4711 verus,

80 4713 306 4768 soleae
330 4710 417 4766 die
442 4708 628 4766 saeculi
656 4711 960 4773 recedente,
988 4709 1203 4779 quando
1222 4722 1442 4765 oramus
1472 4725 1535 4764 ac
1556 4708 1697 4779 peti-

75 4799 254 4844 mus,
285 4791 349 4836 ut
372 4798 536 4853 super
552 4796 650 4835 nos
674 4781 761 4833 lux
777 4782 952 4834 denuo
968 4781 1169 4853 veniat,
1184 4780 1385 4853 Christi
1408 4794 1696 4853 precamur

76 4650 204 4698 est.
240 4640 383 4695 Nam

1874 4580 1896 4606 θ
1927 4566 1995 4620 Et
2024 4566 2205 4635 videbo
2238 4576 2308 4619 te.
2348 4564 2483 4619 [llud
2507 4574 2555 4618 te
2582 4561 2767 4635 nullibi
2803 4563 3029 4635 reperiri
3071 4561 3231 4635 posse
3269 4568 3384 4624 ρχί..

1798 4637 1979 4695 stimo.
2007 4636 2064 4693 S.
2100 4626 2463 4707 Hietonymus
2493 4643 2694 4707 tamen,
2723 4633 2839 4707 sive
2862 4626 2991 4705 quis
3024 4626 3164 4692 alius
3186 4650 3381 4697 auctor

1797 4711 1992 4766 borum
2023 4703 2538 4764 commentariorum
2573 4706 2630 4759 in
2675 4703 2913 4774 psalmos
2947 4707 3381 4767 subaudiendum

1798 4797 1918 4837 esse
1943 4789 2129 4851 putat;
2172 4794 2294 4834 cum
2322 4778 2438 4833 ait:
2468 4775 2538 4832 Et
2581 4774 2780 4842 videbo,
2810 4776 3147 4846 subauditur,
3192 4789 3257 4845 te,
3307 4783 3384 4837 vi.

77 4850 592 4917 adventumﬂucis
610 4859 827 4905 aeterna:
850 4850 1075 4921 gratiam
1101 4850 1471 4920 priebiturum.
1505 4870 1523 4902 ›
1550 4851 1696 4906 Idem
1797 4852 1946 4907 debo.

71 4934 275 4997 patet
294 4922 692 4997 gfoPl‘lldtiilliO
723 4921 875 4997 initio
906 4921 1272 4997 hymnisupra
1298 4921 1484 4997 citati._
1504 4921 1611 4997 S_ed
1639 4927 1698 4976 ut

73 4990 331 5063 aliquid
353 4995 419 5049 de
449 4993 635 5048 mediae
661 4992 836 5046 noetis
863 4990 1053 5063 synaxi
1080 4991 1343 5063 dicamus,
1374 4991 1431 5046 S.
1460 4991 1700 5046 Athana-

1877 4921 1896 4961 ί
1922 4921 2248 4977 Duodecima
2275 4930 2431 4991 atque
2450 4936 2679 4991 vespera.
2706 4918 2777 4991 In
2794 4916 3007 4991 Regula
3018 4933 3118 4976 ms.
3146 4918 3379 4991 legitur:

1802 4988 1973 5064 Usque
1999 5010 2282 5063 vesperam.
2310 4988 2550 5053 Rectius,
2584 4999 2642 5045 ut
2666 4988 2922 5047 arbitror.
2962 4988 3103 5049 Nam
3126 4988 3380 5047 duodeci-

72 5062 216 5121 εἰπὲ
263 5065 366 5119 tib.
398 5064 466 5120 de
502 5063 821 5133 Virginitate
848 5062 923 5115 ait
953 5076 1071 5134 eam
1101 5062 1532 5134 agendar'rresse,
1572 5063 1698 5132 quia
1799 5062 1896 5119 ma
1921 5080 2024 5134 non
2056 5064 2406 5134 distinguitur
2429 5080 2461 5119 a
2489 5077 2736 5134 vespera.

68 5136 371 5191 Christus
392 5135 568 5192 media
593 5130 745 5188 nocte
768 5133 1005 5188 surrexit
1025 5145 1054 5184 a
1079 5133 1322 5186 mortuis.
1352 5130 1409 5188 S.
1442 5130 1702 5187 Fructuo-

1804 5185 1815 5196 κ
1874 5136 1899 5175 8
1928 5132 2052 5188 Post
2080 5131 2245 5187 trinas
2269 5135 2366 5190 has
2389 5131 2645 5205 legitimas
2667 5132 2849 5190 horas.
2892 5131 3109 5200 Nempe
3138 5132 3375 5197 tertiam,

65 5222 194 5264 sus
232 5208 413 5262 abbas
442 5226 455 5261 :
486 5224 504 5256 ι
535 5206 670 5273 Quia
697 5220 761 5259 ea
798 5204 933 5258 hora
963 5202 1168 5258 clamor
1202 5200 1375 5258 factus
1422 5213 1541 5258 est:
1573 5218 1701 5260 ecce
1800 5213 2033 5273 sextam,
2074 5213 2128 5258 et
2157 5220 2351 5261 nonam

68 5293 354 5348 sponsus
386 5279 556 5343 venit,
601 5275 745 5348 exite
792 5275 1009 5328 obviam
1045 5273 1093 5348 ei
1127 5291 1140 5326 :
1176 5282 1252 5348 ut,
1294 5286 1358 5328 ea
1400 5275 1534 5348 liora
1572 5274 1729 5348 cutu'

63 5344 159 5404 ait
182 5348 473 5419 judicium
495 5347 723 5419 venerit,
757 5360 861 5419 non
894 5358 992 5399 nos
1028 5345 1370 5419 dormientes,
1412 5344 1515 5419 sed
1568 5344 1702 5417 vigi-

60 5415 292 5474 lantes
321 5419 580 5473 inveniat.
618 5437 638 5470 ι
677 5416 964 5470 Matutinos
985 5429 1133 5478 vero,
1177 5429 1269 5469 seu
1302 5415 1487 5469 laudes
1519 5415 1701 5469 matu-

62 5491 254 5545 tinas
285 5489 357 5542 ad
383 5488 584 5545 Christi
611 5490 1060 5542 resurrectionem
1089 5484 1254 5540 refert
1288 5486 1344 5539 S.
1379 5484 1697 5556 Cyprianus.

1871 5276 1899 5316 h
1928 5272 2111 5328 Prima
2145 5277 2311 5330 noctis
2348 5275 2498 5330 liora.
2527 5273 2709 5343 Quam
2727 5273 2949 5345 quidam
2974 5272 3248 5343 appellant
3276 5274 3381 5331 ini-

1800 5345 2152 5416 tiumuoctis,
2183 5362 2303 5415 quas
2337 5348 2625 5416 respondet
2649 5355 2837 5416 nostro
2859 5345 3233 5415 completorio.

1878 5418 1895 5459 ἰ
1927 5415 2128 5471 Deinde
2151 5414 2531 5486 satisfacientes.
2577 5416 2653 5470 lta
2680 5414 2739 5470 S.
2764 5414 3028 5481 lsidorus,
3051 5430 3171 5487 cap.
3200 5417 3233 5470 6
3270 5415 3382 5473 Re-

1800 5488 1936 5558 gulae
1964 5501 1979 5541 :
2015 5504 2033 5537 ‹
2073 5490 2214 5559 Ante
2241 5504 2489 5551 somnum
2518 5488 3032 5559 autem,esicut'mos
3059 5497 3161 5554 est,
3212 5502 3377 5559 pera-

64 5581 93 5613 ‹
142 5558 311 5613 Nam
342 5569 403 5614 et
421 5573 579 5614 mane
605 5558 864 5613 orandum
911 5567 1012 5622 est,
1050 5566 1109 5609 ut
1138 5558 1459 5613 resurrectio
1486 5556 1704 5628 Domini
1800 5556 1890 5619 ctu
1917 5558 2289 5628 completorio,
2341 5559 2619 5614 valefactis
2935 5556 3229 5625 fratribus,
3255 5573 3379 5616 cum

50 5633 389 5688 matutina
418 5630 663 5684 oratione
694 5629 1018 5683 celebretur.
1057 5648 1075 5679 ι
1111 5628 1367 5682 Eamdcm
1412 5627 1575 5682 refert
1615 5644 1703 5681 ra-
1801 5631 1946 5685 omni
1972 5627 2180 5684 cautela
2202 5639 2256 5685 et
2280 5630 2493 5685 silentio
2516 5628 2961 5697 requiescendum
2982 5637 3086 5684 est.
3135 5648 3156 5682 ι

49 5704 328 5782 tionem.
373 5715 482 5782 pro
534 5699 799 5782 Galiil‘illii
847 5699 1037 5772 synaxi
1090 5697 1424 5782 Fructuosus
1474 5700 1641 5782 abbas
1683 5716 1699 5755 :

57 5792 91 5825 τ
164 5769 564 5837 Gallicinium,
594 5769 938 5825 Christum'a
977 5770 1204 5825 mortuis
1244 5771 1627 5826 resurrexisse.
1675 5789 1696 5825 ι

47 5840 215 5899 Nec
249 5842 463 5897 mirum
490 5842 536 5897 si
568 5838 777 5896 Christi
801 5841 1128 5897 resurrectio
1154 5840 1383 5898 diversis
1412 5842 1562 5898 horis
1609 5858 1702 5913 ap-

1874 5698 1888 5751 i
1932 5700 2219 5771 Segregati.
2273 5700 2330 5754 id
2354 5708 2435 5754 est
2460 5700 2911 5771 excommunicati
2940 5717 2952 5754 :
2986 5699 3155 5766 addit,
3191 5699 3378 5771 obrue?

1801 5769 2105 5898 pligentiam'
2123 5788 2296 5836 suam,
2321 5780 2379 5852 ut
2399 5769 2792 5840 complectatur
2813 5785 2911 5827 eos
2931 5778 3163 5838 tantum,
3187 5770 3282 5841 qui
3307 5769 3383 5828 ου

1823 5858 1948 5898 eves
1976 5843 2160 5898 culpas
2183 5841 2251 5895 ab
2288 5840 2409 5896 alus
2434 5850 2773 5898 separantur.

1823 5840 1948 5898 eves
1976 5843 2160 5913 culpas
2183 5841 2251 5895 ab
2288 5840 2409 5896 aliis
2434 5850 2773 5914 separantur.
