4048 6334
582 372 680 430 9η

1578 363 1637 419 S.
1673 361 2039 419 BENEDICTI
2075 356 2366 414 ABBATIS
2403 356 2806 414 ANIANENSIS
3092 396 3123 420 ρ

3732 362 3842 419 912

579 485 943 549 ostendentes,
970 495 1013 551 α,
1030 483 1075 539 si
1105 478 1235 552 quid
1262 479 1481 535 dubium
1512 493 1621 534 non
1650 485 1735 533 est
1756 458 1899 542 iieri,
1948 473 2035 528 vel
2062 487 2155 528 ac-
2184 472 2237 534 Α
2289 468 2562 524 Arrssnix
2602 471 2641 525 l.
2662 500 2741 553 7—-
2766 468 2967 553 Quanti
3012 466 3204 553 psalmi
3246 484 3340 540 per
3386 470 3598 527 easdem
3644 472 3809 532 liam

577 576 785 642 cidere,
815 583 876 629 ut
918 580 1187 628 nocturno
1236 570 1519 639 quisquam
1570 577 1814 639 tempore
1863 574 2088 621 vocetur
2131 580 2162 619 a

581 646 830 736 corpore,
855 661 1289 719 commendatam
1312 658 1429 729 jam
1458 659 1617 714 ﬁdem
1644 674 1797 714 suam
1815 666 1869 713 et
1889 657 2163 728 expiatam

581 757 654 813 ab
664 756 812 813 omni
828 756 855 795 ιι
869 754 1126 810 seandalo
1141 752 1525 808 conscientiam
1540 752 1819 823 proferant
1833 758 1957 804 ante
1972 750 2160 804 Deum.

582 849 717 904 Post
737 847 931 903 deinde
959 846 1156 900 adeant
1177 844 1375 900 cubilia
1423 860 1636 899 summo
1677 858 1801 898 cum
1831 841 2045 897 silentio
2072 856 2165 895 ex-

585 938 783 1003 hibito,
809 952 1103 1009 gressuque
1148 936 1355 1005 quieto,
1387 950 1489 989 nec
1514 934 1656 987 ullus
1696 949 1756 988 se
1780 932 1864 987 vel
1888 932 2032 986 ultra
2072 947 2166 987 cu-

583 1026 687 1083 biti
717 1027 951 1097 spatium
998 1025 1231 1096 jungens
1284 1025 1423 1079 alter
1473 1024 1541 1079 ad
1590 1023 1842 1088 alterum,
1865 1022 1951 1075 vel
1984 1021 2165 1077 saltim

587 1117 755 1173 alium
784 1118 1053 1187 respicere
1078 1115 1282 1170 audens
1308 1123 1496 1186 pergat
1520 1114 1587 1168 ad
1616 1113 1813 1169 lectum
1842 1128 1998 1168 suum
2030 1132 2042 1166 :
2074 1111 2166 1167 ubi

588 1210 771 1264 tacita:
800 1208 1030 1263 orationi
1062 1208 1337 1270 insistens,
1368 1206 1713 1275 psalmosque
1735 1218 2025 1260 recensens
2047 1203 2168 1257 ulti-

589 1316 680 1356 mo
727 1299 1027 1354 orationem
1066 1312 1217 1351 suam
1261 1296 1692 1366 quinquagesimi
1730 1295 1925 1366 psalmi
1973 1294 2169 1348 recita-

586 1393 760 1459 tione,
787 1401 949 1461 atque
970 1390 1218 1445 oratione
1248 1396 1603 1445 consummet.
1637 1386 1749 1443 Nec
1773 1395 2040 1456 strepere,
2084 1385 2170 1441 vel

588 1484 791 1539 mutire
842 1498 1006 1538 ausus
1041 1490 1134 1537 aut
1188 1495 1446 1537 excreare
1481 1496 1605 1536 cum
1628 1490 1651 1520 ο
1683 1480 1857 1551 gratia
1917 1479 2169 1535 nocturni

590 1577 768 1633 somni
791 1576 970 1647 capiat
992 1574 1288 1630 silentium.

2158 1812 2163 1815 ’
2193 1824 2245 1885 Β

669 1899 694 1928 ιι
717 1886 777 1943 Si
796 1888 922 1943 quid
950 1888 1184 1942 dubium.
1204 1885 1265 1941 In
1291 1885 1337 1941 Β

590 1956 710 2067 leg:
736 1975 750 2012 :
776 1956 923 2012 Sicut
944 1959 1177 2012 dubium.
1380 1956 1395 1957 ί
1446 1992 1453 1996 -
1775 1956 1787 1960 ⁷
2038 2031 2051 2043 Ο
2152 1956 2155 1957 ⁷

726 2027 1011 2084 Scandalo.
1039 2026 1359 2084 Scandalum
1386 2028 1490 2084 hoc
1508 2027 1626 2084 loco
1649 2037 1733 2084 est
1750 2028 1953 2084 oﬂ‘ensa
1969 2071 1984 2084 .
2010 2046 2165 2084 rixa:

634 2097 645 2110 .
667 2037 696 2110 ξ’
726 2037 1011 2084 δεαηααιο.
1039 2037 1359 2084 50811031οω
1387 2037 1490 2084 hoc
1509 2037 1626 2085 1000
1649 2037 1733 2085 εει
1750 2037 1953 2086 otIensa
1969 2071 1984 2096 ,
2010 2037 2127 2086 rixa
2150 2046 2165 2084 ἶ

592 2097 929 2240 ᾖιῖθέξὲξιῗί
950 2167 1032 2240 ita
1068 2176 1372 2240 correctum
1399 2178 1483 2224 est
1506 2186 1538 2223 a
1575 2171 1830 2240 quodam,
1860 2187 1983 2227 cum
2011 2179 2169 2227 antea

591 2237 863 2312 legeretur
889 2256 902 2291 :
935 2235 1172 2312 (Erucitu,
1204 2248 1266 2293 ut
1292 2240 1468 2312 adhuc
1487 2242 1541 2294 in
1567 2235 1687 2296 cod.
1722 2235 1824 2297 ms.
1841 2252 2085 2312 apparet.
2113 2242 2169 2297 In

594 2307 715 2363 cod.
742 2307 1024 2381 Crassensi
1050 2308 1245 2381 legitur
1267 2311 1489 2381 crucilu,
1524 2327 1685 2379 quam
1733 2307 1948 2381 quidem
1988 2313 2175 2368 lectio-

594 2393 719 2432 nem
751 2379 958 2434 retineo
988 2396 1000 2431 :
1032 2388 1093 2432 ut
1117 2379 1187 2431 sit
1212 2380 1451 2434 crucitus
1476 2396 1639 2435 sonus
1678 2379 2048 2437 vehementior
2075 2399 2171 2437 ex-

594 2450 885 2504 creationis
927 2463 1024 2519 per
1069 2458 1535 2519 onomatopmam;
1598 2467 1723 2505 nam
1778 2453 1975 2507 durum
2028 2462 2176 2508 esset

595 2520 999 2589 “creationem
1033 2519 1275 2573 absolute
1297 2520 1601 2589 prohibere.

676 2590 705 2631 ά
728 2588 895 2661 Hyrie
927 2589 1141 2644 eleison.
1172 2589 1273 2645 Ms.
1321 2588 1457 2645 Vict.
1509 2606 1563 2659 p.
1602 2591 1790 2647 addit:
1833 2590 1965 2646 Cum
2010 2594 2177 2664 preci-

595 2667 712 2722 bus.

672 2747 697 2777 ο
723 2731 795 2807 Ε]
836 2728 1009 2807 missa:
1055 2730 1180 2783 sint.
1210 2730 1267 2807 l_n
1301 2731 1693 2807 commentario
1719 2728 2001 2807 smaragdi
2043 2736 2175 2807 legi-

599 2816 715 2862 tur:
746 2802 817 2856 Et
838 2801 1012 2855 missa:
1038 2810 1205 2872 sunt,
1231 2801 1310 2872 Ini
1332 2816 1435 2855 ms.
1482 2801 1616 2857 Vitt.
1667 2818 1739 2872 p.,
1786 2803 1854 2856 Et
1888 2801 2045 2859 nam
2076 2801 2170 2860 est.

597 2875 849 2933 Sedme
880 2871 1147 2945 posterior
1193 2870 1351 2945 lectio
1401 2870 1993 2945 omnibus—codicibus,
2040 2891 2176 2945 quos

594 2945 850 3014 viderim,
882 2940 1222 3014 adversatur.
1274 2940 1449 3014 Locus
1492 2943 1790 3005 obSeurus;
1843 2944 1994 3014 cujus
2039 2940 2175 3002 duas

636 3015 805 3070 rofert
834 3013 1307 3082 interpretationes
1345 3011 1715 3081 Smaragdus:
1748 3033 1765 3063 ι
1803 3011 1954 3082 Quoi
1978 3016 2032 3070 in
2057 3016 2178 3072 aliis

618 3085 738 3140 ocis
767 3082 919 3143 dicit,
958 3080 1365 3151 et'crompletum
1409 3090 1504 3145 est,
1550 3080 1664 3138 hac.
1715 3085 1767 3137 in
1819 3080 2080 3149 clausula,
2128 3094 2178 3140 et

599 3156 774 3210 missa:
805 3160 947 3225 s_i_mt_,
978 3150 1108 3204 dicit
1135 3168 1146 3203 :
1172 3150 1223 3203 'et
1256 3152 1412 3225 missa
1446 3163 1590 3215 sunt,
1636 3154 1847 3225 repetit.
1890 3155 2177 3211 Orationes

600 3225 746 3281 enim
775 3220 958 3283 cilicii,
984 3236 1178 3293 quiem
1203 3221 1357 3274 nobis
1400 3232 1524 3275 sunt
1573 3220 1877 3293 completas,
1910 3225 2018 3280 Deo
2052 3237 2177 3280 sunt

600 3297 798 3356 missae,
830 3294 953 3360 quia
986 3291 1039 3345 in
1072 3290 1212 3344 illius
1241 3293 1443 3347 honore
1479 3303 1604 3347 sunt
1638 3290 1766 3348 ceie.
1794 3304 1943 3357 rane;
1973 3296 2132 3350 aliter
2160 3314 2173 3349 :

600 3365 900 3425 orationes,
925 3362 978 3416 id
1011 3368 1113 3426 est,
1145 3361 1400 3425 culleum,
1436 3379 1552 3431 qua:
1581 3364 1631 3417 in
1654 3368 1758 3419 liue
1789 3380 1980 3420 cursus
2007 3382 2038 3421 a
2086 3382 2177 3421 sa-

599 3440 818 3493 cerdote
846 3434 1098 3487 dicuntur
1118 3432 1313 3495 missio,
1347 3434 1397 3486 id
1421 3442 1524 3497 est,
1543 3434 1652 3488 Deo
1668 3451 1845 3489 missa:
1860 3447 2171 3491 vocantur»

601 3507 730 3575 Quae
758 3504 992 3577 secunda
1020 3504 1391 3577 interpretatio
1416 3506 1614 3577 potior
1646 3506 1859 3577 vi..etur
1898 3525 1910 3560 :
1952 3523 2179 3577 pneser-

602 3572 697 3632 tim
729 3590 852 3632 cum
878 3573 1012 3628 alias
1041 3572 1240 3626 nullam
1272 3575 1433 3627 faciat
1476 3575 1782 3643 explicitum
1827 3572 1978 3632 colle}
2001 3586 2178 3632 tarum

1338 1884 1498 1957 egula
1526 1901 1651 1954 ms.,
1677 1887 1739 1944 Si
1764 1889 1904 1960 quod
1925 1889 2164 1957 dubium,

505 3655 511 3661 ’
598 3648 929 3702 mentionem
958 3644 1015 3697 S.
1048 3643 1207 3698 Pater
1236 3643 1552 3698 Benedictus
1581 3660 1699 3714 qum
1734 3661 1862 3701 sane
1890 3647 2029 3701 illius
2050 3657 2179 3702 mta-

605 3726 656 3773 te
683 3715 912 3773 erantin
942 3729 1062 3777 usu,
1097 3713 1344 3782 quamvis
1392 3713 1622 3769 fortasse
1672 3730 1778 3769 non
1830 3720 1930 3771 sub
1989 3720 2177 3773 eadem

605 3787 934 3859 formulaac
959 3786 1300 3859 nuuc._Qnoi
1346 3784 1538 3859 misse
1569 3786 1823 3841 collectas
1850 3788 2180 3859 Asignilicent

604 3860 723 3914 fuse
759 3856 891 3926 satis
934 3871 1051 3923 cap.
1098 3854 1188 3926 ‘25,
1238 3854 1302 3907 ad
1346 3854 1402 3926 S.
1439 3855 1698 3909 lsidorum
1748 3854 2030 3926 probatum
2075 3868 2175 3913 est.

605 3928 791 3998 Itaque
819 3925 1002 3998 missa;
1032 3926 1131 3977 hoc
1158 3924 1274 3978 loco
1316 3925 1553 3998 collectae
1599 3924 1845 3998 suntSeu
1880 3928 2176 3993 orationes,

606 3994 746 4066 qua},
776 3997 929 4067 juxta
966 3994 1306 4056 Cassianum,
1353 3999 1417 4048 ad
1468 3995 1627 4051 linem
1672 3996 1929 4066 cujusque
1992 3999 2178 4067 psalmi

607 4066 926 4121 dice.,antur
953 4080 981 4115 a
1012 4066 1314 4129 sacci-dote,
1348 4080 1574 4132 quarum
1612 4068 1937 4121 mentionem
1972 4066 2180 4122 tantum

609 4138 660 4190 in
688 4139 791 4190 line
822 4136 1073 4187 horarum
1106 4135 1233 4186 facit
1254 4133 1310 4187 S.
1345 4134 1504 4190 Pater
1532 4138 1853 4191 Benedictus
1904 4139 2182 4194 brevitatis

609 4223 793 4265 causa.
824 4214 1076 4273 tanquam
1109 4204 1183 4256 rei
1211 4207 1321 4257 suis
1349 4208 1626 4261 monachis
1665 4207 1902 4277 vulgaris
1930 4219 1982 4262 rt
2020 4212 2179 4275 tritm,

606 4276 1053 4347 quema'nnodum
1086 4285 1270 4344 postea
1309 4278 1416 4346 agit
1446 4280 1511 4330 de
1544 4277 1689 4330 brevi
1733 4276 1981 4332 oratione
2018 4280 2180 4333 veluti

606 4348 782 4403 obiter
808 4356 862 4402 et
889 4362 986 4417 per
1016 4356 1382 4417 transennam,
1414 4355 1664 4415 tanquam
1691 4347 1758 4402 de
1803 4363 1859 4402 re
1904 4351 2183 4405 monachis

606 4427 753 4482 nota,
802 4416 1602 4490 quae_uiajori-_explicatione
1632 4434 1736 4471 non
1786 4419 2038 4490 indigeat.
2091 4420 2183 4474 Vel

606 4501 752 4543 certe
774 4485 1055 4543 dicendum
1082 4489 1136 4538 ὃ.
1165 4485 1380 4557 Patrem
1410 4488 1753 4542 Benedictum
1777 4485 1931 4557 juxta
1950 4492 2179 4545 aliorum

606 4574 833 4621 morem,
861 4572 1020 4628 quem
1057 4573 1217 4628 siq‘ira
1269 4556 1684 4623 declaravimus,
1736 4556 1988 4628 rejecisse
2033 4561 2179 4628 ejus-

554 4691 561 4697 _
605 4629 747 4700 modi
773 4627 1024 4700 collectas
1046 4632 1111 4679 ad
1142 4627 1302 4680 tinem
1332 4628 1591 4700 cujusque
1622 4627 1801 4693 horae,
1820 4631 1894 4684 ita
1923 4641 1979 4685 ut
1998 4627 2180 4700 plures

605 4697 844 4751 dicendae
870 4695 999 4767 sint,
1027 4695 1455 4767 noauna,atque
1477 4699 1547 4751 ob
1575 4715 1694 4752 eam
1724 4702 1985 4753 rationem
1998 4695 2178 4756 'dixis-

605 4782 680 4842 se,
707 4768 878 4819 missw
904 4766 1029 4842 sint,
1060 4780 1188 4829 nou,
1212 4766 1377 4842 missu
1400 4767 1628 4842 sit._Ncc
1651 4771 1833 4842 obstat
1853 4773 2181 4842 quodagcos

604 4838 671 4890 de
702 4836 980 4891 nocturnis
1009 4844 1062 4887 et
1092 4836 1368 4890 matutinis
1407 4838 1604 4890 nullam
1645 4838 1805 4892 faciat
1854 4836 2177 4895 mentionem

606 4906 1195 4981 horarum_missar_um,
1235 4906 1326 4957 sed
1356 4916 1561 4981 tantum
1603 4908 1747 4981 dicat
1781 4927 1793 4961 :
1830 4909 1906 4981 Et
1952 4911 2181 4981 compte-

603 4989 709 5030 tum
741 4975 994 5031 esl.N:uu
1041 4976 1110 5029 ob
1161 4978 1386 5028 istarum
1426 4977 1787 5045 prolixitatem
1826 4975 2080 5035 horarum
2126 4982 2179 5036 in

604 5049 685 5122 eis
709 5048 890 5122 plures
920 5045 1509 5122 huiusmoditollectas
1540 5049 1754 5122 recitari
1789 5052 1961 5106 noluit
2002 5070 2014 5104 :
2053 5053 2178 5122 quia

605 5119 686 5170 bis
719 5118 865 5171 boris
910 5119 1079 5171 multa
1130 5117 1330 5191 addidit
1387 5128 1584 5191 printer
1610 5120 1965 5191 antiquorum
1996 5117 2183 5177 mona-

604 5188 1327 5262 chorumcousuetudinemA,
1352 5200 1423 5262 ut
1443 5188 1648 5262 patebit
1677 5188 1887 5262 lego-nti
1922 5192 2117 5246 iibrum
2141 5208 2179 5245 it

605 5257 848 5332 Cassiani
874 5259 941 5313 de
962 5258 1252 5332 nocturnis
1277 5255 1644 5313 Orationibus.
1674 5255 1787 5314 ἰξυῖ)
1816 5263 1929 5317 haec
1948 5262 2181 5332 objectio

606 5328 760 5381 neiis
786 5327 929 5381 favet
955 5344 967 5379 :
996 5328 1120 5397 quia
1145 5328 1288 5381 nulla
1312 5337 1487 5398 potest
1509 5345 1632 5385 esse
1672 5331 1775 5384 alia
1819 5338 1958 5386 ratio
1995 5327 2094 5387 cur
2126 5334 2181 5387 in

605 5398 778 5468 prima
831 5402 959 5451 hora
1000 5407 1056 5453 et
1106 5400 1454 5467 sequentibus
1503 5400 1816 5456 ordinandis
1872 5411 2183 5457 constanter

603 5467 824 5545 dixerit,
850 5478 897 5521 et
921 5469 1091 5522 missa:
1104 5469 1231 5545 sint,
1261 5468 1368 5532 vel,
1400 5469 1574 5522 missu:
1607 5471 1759 5537 ﬁant,
1792 5471 1845 5524 in
1887 5474 2182 5545 superiori-

605 5536 883 5610 busrvero,
915 5547 963 5610 et
988 5536 1294 5610 completum
1323 5547 1419 5610 est,
1443 5536 1615 5608 quam
1642 5548 1830 5594 nostra
1879 5536 1969 5596 de'
1996 5541 2183 5610 hujus-

607 5609 748 5662 modi
796 5608 976 5663 missis
1022 5608 1415 5678 interpretatio,
1454 5610 1556 5664 etsi
1594 5625 1701 5664 non
1733 5610 1941 5666 inficiet
1967 5611 2021 5666 in
2051 5608 2183 5669 noc-

607 5679 784 5732 turnis
817 5686 875 5733 et
915 5678 1191 5732 matutinis
1225 5693 1389 5731 unam
1437 5679 1627 5733 saltem
1672 5678 1837 5734 fuisse
1878 5682 2177 5738 collectam.

608 5745 763 5819 [iicet
784 5747 978 5819 aliquis
1005 5762 1102 5816 per
1122 5748 1316 5802 missas
1340 5750 1633 5819 signiﬁcari
1661 5750 1976 5806 missionem
2002 5751 2175 5809 chori.

611 5814 744 5883 Sed,
769 5817 814 5871 si
842 5814 957 5872 ‘lioc
976 5814 1049 5873 ita
1076 5827 1239 5883 esset,
1270 5814 1495 5875 dixisset
1525 5834 1539 5873 :
1565 5819 1635 5874 Et
1682 5822 1841 5876 missa
1876 5822 1963 5889 sit,
1993 5837 2180 5893 quem-

2910 538 3178 593 dicantur.

2534 632 2635 706 (Ex
2659 628 2865 700 Regula
2892 627 2951 683 s.
2970 627 3269 696 Benedicti,
3291 611 3412 702 cap.
3444 630 3560 701 i7.)

2330 724 2449 780 Jam
2479 724 2544 778 de
2570 721 2871 785 nocturnis,
2901 717 2985 773 vel
3008 719 3289 775 matutinis
3325 721 3651 793 digessimus
3693 723 3849 781 ordi-

2263 831 2385 872 nem
2414 812 2727 887 psalmodite
2758 830 2771 866 :
2804 827 2947 867 nunc
2987 811 3056 867 de
3103 813 3453 883 sequentibus
3492 814 3643 870 horis
3666 815 3851 871 videa-

2263 922 2403 961 mus.
2432 905 2616 961 Prima
2642 905 2774 958 hora
2796 902 3050 957 dicuntur
3074 902 3269 974 psalmi
3292 912 3401 959 tres
3422 904 3765 977 singillatim,
3799 916 3849 963 et

2265 1011 2373 1050 non
2412 997 2512 1050 sub
2540 1010 2645 1049 una
2697 994 2889 1065 gloria.
2947 992 3190 1065 Hymnus
3232 993 3474 1065 ejusdem
3528 996 3679 1051 horae
3729 1008 3851 1069 post

2264 1102 2523 1143 versum:
2566 1086 2709 1140 Deus
2757 1087 2813 1139 in
2855 1085 3184 1155 adjutorium
3219 1101 3393 1139 meum
3434 1087 3665 1151 intende,
3693 1098 3848 1146 aule-

2265 1196 2427 1252 quam
2470 1179 2664 1250 psalmi
2712 1178 3060 1248 incipiantur.
3110 1178 3243 1233 Post
3297 1179 3661 1250 expletionem
3720 1198 3851 1240 vero

2267 1274 2431 1327 triuia
2479 1270 2807 1342 psalmorum
2861 1269 3119 1324 recitetur
3167 1268 3331 1325 lectio
3376 1286 3503 1337 una,
3536 1287 3774 1328 versus:
3801 1283 3850 1330 et

2266 1362 2481 1435 derie
2525 1362 2740 1427 eteisou,
2786 1369 2890 1416 eet
2942 1361 3121 1417 missae
3167 1361 3295 1415 sint.
3350 1360 3535 1416 Tertia
3584 1379 3742 1429 vero,
3801 1374 3850 1420 et

2269 1466 2423 1514 sexta
2457 1464 2512 1511 et
2537 1469 2679 1510 nona
2714 1454 2904 1509 eodem
2939 1452 3132 1507 ordine
3176 1451 3563 1508 celebrantur:
3604 1453 3626 1493 ί
3655 1457 3849 1523 oratio,

2269 1549 2450 1612 idest,
2494 1560 2707 1609 versus,
2758 1542 2946 1614 hymni
2995 1542 3307 1597 earumdem
3354 1542 3850 1609 liorarum,8temi

2271 1637 2485 1710 psalmi,
2516 1636 2697 1699 lectio,
2719 1643 2775 1689 et
2794 1648 3008 1699 versus,
3027 1631 3191 1705 Kyrie
3213 1633 3429 1700 eleison,
3448 1644 3505 1691 ct
3525 1637 3711 1692 missa:
3728 1639 3847 1693 sint.

2272 1732 2332 1788 Si
2376 1729 2551 1800 major
2596 1728 2759 1783 fuerit
2797 1727 3161 1799 congregatio,
3212 1741 3336 1782 cum
3384 1728 3731 1799 antiphonis,
3762 1732 3850 1787 hsi

2273 1888 2561 1943 admodum
2596 1887 2856 1942 diaconus
2878 1886 2933 1941 in
2958 1886 3065 1942 ﬁne
3090 1900 3259 1958 sacrae
3279 1886 3514 1958 liturgia:
3540 1888 3679 1944 dicit
3706 1906 3724 1944 :
3754 1889 3851 1954 Ite,

2268 1960 2428 2013 missa
2451 1968 2548 2024 est,
2570 1958 2623 2013 id
2644 1966 2728 2012 est
2758 1958 2982 2012 missio:
3016 1972 3147 2024 non,
3170 1956 3274 2023 Ite,
3302 1956 3478 2013 misit:
3500 1968 3648 2014 sunt.

2270 2031 2558 2084 admodum
2589 2029 2753 2098 prisci
2775 2028 2946 2098 Graaci
2967 2027 3209 2098 perfecto
3239 2029 3542 2098 sacriﬁcio,
3576 2027 3850 2095 dicebant,

2272 2100 2469 2172 ᾄφισις,
2504 2099 2558 2153 id
2582 2097 2691 2163 est,
2720 2097 2984 2172 dimissio,
3014 2097 3715 2172 insingulariaﬂaecsunt
3743 2116 3853 2171 qua:

2270 2167 2471 2241 favere
2502 2178 2741 2241 possunt
2771 2170 3021 2241 secundae
3069 2169 3496 2241 interpretationi
3548 2167 3849 2241 Smaragdi,

2272 2242 2369 2313 etsi
2383 2239 2543 2313 prior
2564 2256 2670 2294 non
2705 2240 2774 2293 sit
2796 2239 3016 2313 omnino
3043 2239 3397 2313 repudianda,
3427 2254 3555 2313 cum
3578 2256 3699 2313 sua
3737 2239 3853 2313 pro-

2271 2309 2582 2385 babilitate_
2604 2326 2711 2385 non
2753 2309 3211 2385 careat._Quida_m
3238 2311 3515 2385 recentior
3548 2309 3846 2385 theologus,

2273 2382 2357 2435 vir
2386 2396 2517 2435 sane
2552 2380 2918 2443 doctissimus,
2950 2380 3115 2435 hunc‘
3136 2377 3196 2435 S.
3236 2379 3518 2436 Benedicti
3562 2377 3774 2449 locum:
3799 2392 3849 2437 et

2273 2452 2667 2523 subsequentes
2698 2452 2763 2506 de
2790 2460 3139 2523 sacrosancto
3167 2451 3349 2523 missa:
3382 2452 3661 2523 sacrificio
3690 2468 3850 2523 expo-

2272 2523 2372 2577 nit.
2407 2522 2512 2594 Sed
2543 2521 2659 2594 haec
2683 2521 2972 2591 explicatio
3008 2536 3114 2576 non
3152 2522 3286 2576 mihi
3312 2521 3617 2593 probatur:
3658 2521 3847 2594 primo,

2274 2594 2400 2662 quia
2429 2592 2591 2646 nimis
2629 2606 2918 2648 onerosum
2963 2600 3108 2647 esset
3146 2599 3225 2647 tot
3262 2592 3461 2662 missas
3502 2592 3848 2655 communes,

2274 2661 2370 2720 seu
2405 2663 2808 2725 conventuales,
2862 2670 2921 2715 ut
2962 2670 3178 2726 vocant,
3227 2661 3531 2728 celebrare;
3584 2664 3819 2721 secundo

2275 2701 2518 2814 qiiiavvix
2548 2704 2856 2814 superesset
2885 2740 3097 2813 tempus
3125 2702 3196 2814 ad
3227 2747 3363 2814 opus
3385 2701 3857 2814 magniﬁci?“

2273 2803 2561 2859 lectionem
2587 2803 2856 2869 divinam;
2889 2804 3071 2868 tertio,
3105 2803 3233 2873 quia
3252 2803 3383 2858 olim
3414 2804 3581 2859 missa
3610 2805 3856 2861 ceiebra—

2274 2875 2437 2930 batur
2458 2876 2591 2929 hora
2614 2874 2795 2939 tertia,
2819 2873 2872 2928 id
2899 2882 3003 2939 est,
3032 2889 3173 2928 nona
3203 2883 3390 2929 nostra
3414 2875 3862 2940 matutina,sire-

2275 2945 2564 3000 timendum
2586 2956 2732 3000 esset
2760 2944 3008 3010 meridie,
3040 2952 3096 2997 et
3116 2943 3233 2999 dies
3275 2959 3305 2997 a
3353 2942 3561 3013 jejunio
3602 2954 3859 3007 vacaret;

2278 3024 2455 3080 sexta,
2488 3015 2533 3069 si
2554 3013 2911 3085 jejunandum
2942 3022 3085 3069 esset
3112 3028 3283 3085 usque
3328 3017 3397 3069 ad
3446 3030 3647 3071 nonam
3674 3033 3689 3081 ;
3722 3028 3861 3071 nona

2279 3086 2335 3141 in
2367 3083 2828 3156 Quadragesima,
2847 3085 2900 3156 _si_
2916 3092 3122 3156 tantum
3152 3083 3377 3156 refectio
3405 3093 3553 3156 esset
3575 3085 3643 3140 ad
3674 3099 3861 3156 vespe—

2282 3172 2418 3220 ram,
2450 3163 2509 3209 ut
2537 3154 2692 3210 docet
2738 3154 3008 3209 Valfridus
3061 3154 3279 3225 Strabo,
3323 3170 3443 3225 cap.
3469 3155 3540 3210 23
3582 3157 3652 3212 de
3686 3154 3866 3211 Rebus

2280 3226 2437 3292 eccl.;
2472 3225 2931 3296 Micrologus,lib.
2963 3225 3030 3279 de
3050 3224 3718 3296 Eccl.rohservationibus,
3742 3240 3865 3296 cap.

2278 3296 2369 3362 49,
2398 3306 2451 3349 et
2473 3295 2781 3349 Amalarius
2812 3295 3161 3361 Fortunatus,
3186 3295 3280 3353 lib.
3298 3311 3363 3353 in
3383 3297 3448 3350 de
3471 3296 3675 3351 (illiciis
3698 3295 3867 3359 eccl.,

2280 3382 2397 3435 cap.
2424 3366 2512 3420 5'2.
2540 3367 2594 3419 l.l
2621 3368 2802 3421 videre
2827 3374 2911 3419 cst
2937 3368 3077 3434 apud
3102 3364 3160 3421 S.
3194 3365 3536 3435 Epiphanium
3571 3366 3626 3436 in
3657 3380 3870 3436 διαμορ-

2280 3439 2326 3491 si
2359 3437 2675 3491 Cassianum
2696 3436 2792 3490 lib.
2828 3451 2890 3490 ut
2914 3436 2980 3491 de
3002 3436 3212 3506 diurnis
3239 3436 3408 3498 Orat.,
3443 3450 3561 3506 cap.
3599 3435 3665 3500 2;
3692 3435 3873 3506 Sido-

2279 3509 2451 3571 nium,
2494 3507 2585 3561 bb.
2616 3524 2670 3571 v,
2708 3509 2865 3577 epist.
2900 3506 2999 3577 ιη
3031 3504 3350 3577 Gregorium
3390 3504 3767 3577 Turonensem
3799 3505 3872 3561 de

2280 3580 2421 3633 Vitis
2466 3577 2685 3648 Patrum
2725 3575 2792 3632 de
2837 3575 2920 3648 S._V
2950 3575 3188 3648 Niceno:
3217 3575 3537 3647 Gregorium
3589 3576 3868 3648 Magnum!

2279 3648 2465 3719 boiiiil.
2496 3648 2557 3702 5i
2592 3649 2645 3702 in
2671 3646 2991 3719 Exangelia;
3012 3647 3275 3719 Joannem
3305 3645 3609 3714 Moschum,
3652 3645 3774 3716 cap.
3800 3645 3867 3719 2:1

2281 3716 2427 3773 Prati
2454 3719 2772 3789 spiiitualis.
2797 3716 2854 3772 ιι]
2895 3718 3125 3773 cont-ilio
3166 3719 3485 3775 Bracarensi
3527 3735 3570 3785 ι,
3615 3734 3736 3789 cap.
3780 3716 3865 3779 16,

2282 3801 2335 3845 et
2358 3789 2582 3844 Bracar.
2606 3805 2666 3855 ιι,
2691 3805 2810 3859 cap.
2844 3789 2933 3851 19,
2959 3804 3235 3860 nunquam
3264 3805 3396 3844 vero
3426 3798 3553 3859 post
3578 3800 3865 3860 vesperam

2280 3870 2335 3914 et
2374 3863 2642 3932 conpleto
2675 3857 2808 3924 ium,
2846 3860 2993 3931 quod
3044 3857 3224 3932 tamen
3274 3857 3649 3932 contingeret,
3682 3857 3868 3932 silis

2284 3932 2479 4001 regula:
2497 3927 2637 3985 locis
2661 3933 2841 3986 missae
2864 3927 2955 3985 ’de
2990 3930 3259 3985 sacrificio
3300 3927 3555 4001 liturgico
3607 3927 3867 3997 intellige-

2283 4017 2379 4054 reu
2389 4010 2492 4054 tur.

2360 4070 2375 4108 ί
2407 4071 2615 4134 Ora'io,
2645 4070 2700 4124 id
2739 4080 2815 4125 est
2857 4087 3053 4125 versus.
3088 4069 3167 4125 Ita
3200 4069 3255 4124 in
3297 4069 3555 4127 omnibus
3601 4071 3717 4126 cod.
3773 4084 3867 4121 no-

2284 4140 2411 4212 stris
2455 4158 2581 4196 mss.
2625 4152 2851 4211 excepto
2900 4142 3098 4195 Victor.
3150 4157 3204 4212 p.
3236 4141 3289 4195 in
3339 4157 3446 4211 quo
3489 4143 3571 4197 sic
3598 4142 3865 4212 habetur:

2287 4209 2475 4265 Tertiw
2506 4229 2642 4275 vero,
2679 4209 2840 4269 sea—ta:
2880 4222 2926 4265 et
2966 4228 3118 4266 nonae
3147 4209 3328 4266 eodem
3357 4209 3547 4266 ordine
3583 4211 3875 4265 εειεὺεεηιτ

2286 4284 2473 4345 oratio,
2505 4282 2556 4334 id
2582 4292 2656 4335 est
2682 4298 2876 4345 versus,
2908 4294 3037 4347 etc.;
3070 4286 3209 4351 apud
3253 4284 3310 4335 ὃ.
3352 4282 3679 4351 Dunstanum
3718 4279 3867 4348 legi-

2289 4359 2396 4415 tur,
2416 4354 2470 4404 id
2494 4364 2590 4416 est,
2622 4354 2813 4417 oratio,
2849 4368 3045 4406 versus.
3076 4350 3182 4407 Sed
3211 4367 3459 4422 quaenam
3490 4356 3559 4406 sit
3582 4350 3873 4419 nujusmo—

2288 4423 2338 4475 di
2368 4424 2563 4485 oratio,
2597 4430 2651 4476 et
2694 4437 2862 4491 quare
2901 4424 3080 4491 potius
3122 4423 3320 4487 tertim,
3370 4434 3551 4485 sexuc,
3593 4431 3646 4476 et
3679 4436 3875 4491 home,

2286 4506 2447 4560 quam
2479 4493 2598 4546 aliis
2630 4493 2779 4547 horis
2802 4490 3167 4562 praiponatur,
3200 4507 3307 4546 non
3333 4492 3526 4549 video?
3560 4493 3741 4562 itaque
3795 4490 3878 4545 le-

2284 4563 2391 4616 ctio
2417 4562 2655 4631 vulgaris
2683 4564 2965 4618 retinenda
2990 4572 3073 4617 est
3102 4582 3115 4616 :
3142 4562 3353 4628 Oratio,
3382 4565 3439 4617 id
3472 4575 3548 4617 est
3578 4579 3783 4627 mnus,
3820 4568 3879 4616 et

2283 4633 2516 4703 explicat
2543 4633 2601 4687 S.
2633 4631 2957 4703 BenediCtus
2992 4633 3121 4702 quid
3159 4633 3229 4687 sit
3268 4634 3476 4700 oratio;
3524 4648 3719 4703 nempe
3750 4647 3879 4687 vero

2282 4716 2413 4756 sus:
2448 4702 2590 4757 Deus
2638 4705 2695 4756 in
2732 4702 3080 4771 adjutorium,
3117 4712 3223 4758 etc.
3248 4742 3265 4769 ,
3311 4718 3419 4773 quo
3463 4704 3565 4758 Dei
3610 4702 3876 4759 auxilium

2282 4770 2659 4826 efllaaitamus.

2281 4782 2455 4828 emam
2465 4782 2659 4828 tamus.

2356 4789 2810 4914 gagijziigusiialmi.
2867 4843 3125 4913 Sequitur
3175 4859 3382 4914 morem
3424 4846 3741 4914 priscorum
3778 4843 3877 4898 Pa-

2284 4921 2445 4977 trum,
2479 4914 2571 4981 qui
2605 4913 2702 4968 nas
2738 4922 2848 4969 tres
2877 4918 3040 4969 horas
3065 4915 3236 4969 ternis
3261 4913 3487 4983 psalms
3511 4914 3879 4969 absolvendas

2280 4992 2540 5055 putarunt
2569 4983 2883 5055 Cassianus,
2908 4986 3002 5040 lib.
3029 4987 3185 5055 inde
3210 4985 3418 5040 diurnis
3444 4986 3768 5055 0rat.,cap.
3804 4986 3878 5040 5:

2288 5074 2306 5104 ι
2347 5054 2529 5121 Itaque
2558 5055 2611 5107 in
2637 5054 2938 5108 Palaestinae
2961 5054 3044 5108 vel
3072 5053 3473 5123 Mesopotamia:
3522 5053 3883 5111 monasiteriis

2283 5139 2347 5178 ac
2382 5125 2546 5178 totius
2576 5124 2814 5195 Orientis
2844 5140 3005 5195 supra
3049 5124 3311 5178 dictarunt
3345 5126 3613 5180 horarum
3653 5126 3883 5195 (tertia,

2282 5204 2563 5267 sexl:e,_et
2601 5194 2777 5265 nonae)
2796 5194 3186 5267 solemnitates
3220 5195 3377 5267 trinis
3417 5194 3885 5267 psalmisquoti-

2282 5264 2684 5337 dieiliniuntur.
2716 5264 2763 5337 »
2794 5265 2908 5321 Hoc
2945 5265 3114 5337 etiam
3154 5264 3462 5337 institutum
3513 5264 3777 5337 sequitur
3822 5267 3883 5322 S.

2281 5334 2538 5399 Isidorus,
2562 5350 2700 5405 cap.
2735 5334 2769 5390 6
2797 5350 2908 5390 suae
2946 5333 3164 5405 Regulae
3197 5354 3209 5388 :
3240 5354 3259 5385 ‹
3294 5336 3352 5391 lu
3386 5338 3570 5399 tertia,
3592 5333 3763 5393 Sexta
3801 5337 3893 5395 vel

2280 5421 2421 5459 nona
2447 5414 2557 5459 tres
2583 5404 2785 5477 psalmi
2819 5404 3030 5477 dicendi
3071 5413 3215 5459 sunt.
3250 5426 3275 5477 γ)
3310 5406 3357 5460 Α
3382 5407 3719 5477 quibusdam
3750 5408 3891 5464 olim

2282 5476 2441 5531 tertia
2475 5478 2644 5531 ternis
2673 5475 2916 5546 psalmis,
2942 5483 3094 5546 sexta
3137 5476 3329 5546 senis,
3378 5475 3436 5531 et
3477 5493 3623 5533 nona
3674 5494 3891 5534 novem

2281 5544 2732 5612 decurrebantur,
2764 5554 2823 5600 ut
2844 5545 3000 5601 testis
3013 5552 3098 5601 est
3124 5544 3438 5613 Cassianus,
3470 5547 3567 5603 lib.
3592 5563 3613 5604 ι
3637 5549 3716 5604 de
3740 5548 3896 5605 Noc-

2284 5624 2389 5670 tur.
2417 5614 2592 5686 Orat.,
2617 5631 2738 5686 cap.
2763 5616 2814 5670 1.

2350 5688 2376 5727 ιι
2410 5684 2469 5741 Si
2496 5703 2613 5741 vero
2660 5684 2833 5741 minor
2882 5687 2964 5758 in,
2994 5687 3249 5758 directum
3293 5687 3618 5758 psallantur.
3662 5687 3721 5744 Ν

2283 5759 2660 5833 ιεγιὶεληδθχιιι,
2687 5765 2743 5812 et
2768 5773 2931 5833 nona.
2956 5757 3117 5814 Ratio
3145 5756 3304 5827 hujus
3336 5758 3569 5833 instituti
3592 5768 3685 5814 est
3710 5779 3729 5814 :
3752 5756 3899 5833 quia

2282 5827 2480 5883 minori
2516 5829 2921 5898 congregationi
2977 5845 3084 5885 non
3139 5826 3285 5885 esset
3334 5830 3469 5885 satis
3513 5826 3901 5899 temporis“
