3952 6314
138 287 232 345 918

859 284 1251 345 CONCORDIA
1290 285 1727 346 REGULARUM

1843 313 1855 325 ο
1891 283 2040 341 CAP.
2079 284 2266 341 XXIV.
2306 283 2670 340 APPENDIX.

3293 282 3399 342 9M

137 415 258 456 vero
281 397 481 460 minor,
511 394 564 451 in
588 396 852 452 directum
872 409 899 438 ι
928 397 1247 468 psallantur.
1272 400 1588 471 Vespertina
1611 415 1709 454 au-
1739 398 1791 458 Α
1814 404 1920 461 εει,
1970 396 2251 452 Dominica
2275 405 2331 451 et
2350 396 2585 452 secunda
2630 391 2797 461 feria;
2834 397 2995 451 tertia
3023 394 3158 451 feria
3183 398 3294 467 jam
3334 378 3406 454 ad

137 504 239 549 tem
267 492 493 563 synaxis
519 499 753 560 quatuor
782 491 1006 562 psalmis
1042 508 1164 547 cum
1194 494 1505 565 antiphonis
1525 493 1712 550 termi-

137 596 307 643 netur.
331 585 461 641 Post
481 600 619 656 quos
636 586 876 656 psalmos
906 584 934 625 ι’
960 585 1201 656 Apostoli
1246 586 1406 642 lectio
1435 587 1711 643 recitanda

138 686 232 734 est.
265 676 391 732 Inde
416 677 842 745 responsorium,
873 676 1313 744 Ambrosianum,
1340 694 1545 743 versus,
1590 696 1715 734 can-

137 772 294 827 ticum
330 770 397 825 de
426 769 740 841 Evangelio,
779 779 877 825 etc
912 772 1088 825 oratio
1129 771 1442 839 Dominica;
1485 783 1538 829 et
1584 773 1715 828 liant

135 863 327 918 missai.
387 864 414 900 ά
454 860 878 930 Completorium
939 871 1118 918 autem
1166 865 1328 919 trium
1383 865 1713 934 psalmorum

136 951 361 1007 dictione
387 950 727 1005 terminetur.
781 950 884 1019 Qui
932 952 1125 1022 psalmi
1181 966 1204 992 ε
1250 955 1546 1010 directanei
1598 956 1716 1010 sine

133 1042 419 1112 antipbona
447 1042 658 1097 dicendi
685 1052 841 1108 sunt;
884 1053 1004 1113 post
1037 1062 1171 1115 quos
1203 1047 1435 1117 hymnus
1474 1047 1715 1116 ejusdem

133 1135 296 1198 bene,
326 1134 487 1190 lectio
516 1151 646 1199 una,
665 1151 854 1190 versus
880 1154 891 1188 :
917 1134 1080 1206 Kyric
1108 1138 1322 1203 eleison,
1345 1138 1364 1177 ί
1387 1138 1710 1205 benedictio;

136 1229 161 1268 ε
187 1237 307 1297 post
336 1228 517 1283 missa:
542 1226 694 1282 liant.

198 1319 468 1373 Arrssmx
499 1318 561 1372 ll.
595 1349 666 1359 —
693 1318 808 1384 Quo
837 1322 1018 1375 ordine
1046 1320 1236 1390 psalmi
1257 1321 1467 1376 dicendi
1497 1330 1641 1377 sunt.

483 1408 585 1475 (Ex
616 1409 802 1463 eadem
836 1409 1061 1480 Regula,
1095 1426 1212 1480 cap.
1248 1410 1359 1481 18.)
1452 1414 1459 1417 ’
1512 1410 1519 1417 ⁸

197 1502 253 1556 In
289 1502 483 1571 primis
508 1518 728 1573 semper
773 1502 983 1557 diurnis
1025 1504 1174 1558 horis
1216 1503 1434 1558 dicatur
1479 1519 1711 1560 versus:

132 1591 268 1647 Dens
296 1595 350 1647 in
380 1594 709 1663 adjutorium
732 1611 902 1648 meum
923 1596 1135 1649 intende
1160 1608 1176 1645 :
1204 1594 1447 1660 Domine,
1478 1596 1545 1649 ad
1567 1592 1739 1665 adju?

129 1684 352 1737 randum
384 1702 464 1737 me
495 1685 707 1755 festina,
736 1685 762 1725 ιι
787 1693 893 1741 etc.
933 1685 1064 1740 Inde
1108 1686 1342 1756 hymnus
1376 1686 1719 1756 uniuscujus-

1794 490 2057 555 ‘tertiam,
2088 499 2296 545 sextam
2325 489 2411 544 vel
2444 504 2641 545 nonam
2663 487 2967 559 psallantur
2987 489 3128 543 terni
3153 486 3345 559 psalmi
3370 504 3401 545 ε

1815 582 2110 636 centesimo
2136 581 2492 636 nonodeeimo
2526 596 2696 650 usque
2727 580 2795 635 ad
2823 581 3183 636 centesimum
3208 581 3407 649 vigesi-

1813 689 1960 728 mum
1992 677 2302 745 septimum,
2329 675 2382 729 id
2409 685 2512 738 est,
2540 675 2734 744 psalmi
2777 668 2993 730 novem.
3026 674 3239 744 Quique
3264 672 3407 743 psal-

1814 766 1888 820 mi
1919 780 2132 835 semper
2155 773 2180 801 °
2211 781 2383 835 usque
2414 767 2481 821 ad
2512 767 2848 822 Dominicam
2876 782 2973 837 per
3002 766 3221 821 easdem
3245 763 3419 847 Ιιοιθιιε1

1819 867 1845 906 p
1872 856 2056 910 itidem
2078 866 2409 926 repetantur.
2436 856 2772 928 Hymnorum
2807 857 3181 923 nihilominus,
3221 853 3416 910 lectiei

1814 965 1966 1015 num,
1998 949 2083 1004 vel
2114 967 2368 1006 versuum
2400 950 2753 1022 dispositione
2780 951 3036 1005 uuifermi
3067 950 3277 1006 cunctis
3297 949 3413 1004 die-

1812 1044 1917 1099 bus
1942 1053 2179 1099 servata.
2222 1045 2286 1099 Et
2318 1045 2390 1098 ita
2418 1045 2648 1107 scilicet,
2696 1055 2756 1099 ut
2806 1060 3021 1114 semper
3068 1043 3347 1100 Dominica
3378 1059 3412 1097 a

1816 1139 2119 1194 centesimo
2148 1148 2342 1195 octavo
2372 1139 2581 1193 decimo
2610 1140 2921 1209 incipiatur.
2954 1140 3194 1209 Vespera
3225 1147 3410 1194 autem

1816 1230 2059 1299 quotidie
2086 1238 2321 1299 quatuor
2348 1230 2680 1299 psalmorum
2738 1230 3106 1285 modulatione
3157 1239 3408 1285 canatur.

1817 1320 1917 1388 Qui
1950 1321 2141 1391 psalmi
2174 1321 2503 1391 incipiantur
2541 1338 2571 1374 a
2628 1322 2925 1376 centesimo
2966 1335 3113 1375 nono
3139 1335 3311 1390 usque
3341 1317 3413 1374 ad

1816 1411 2170 1465 centesimum
2203 1410 2676 1481 quadragesimum
2701 1410 3018 1482 septimum,
3048 1411 3289 1481 exceptis
3304 1409 3411 1477 his,

1817 1503 1907 1572 qui
1936 1502 1990 1557 in
2013 1503 2242 1557 diversis
2256 1503 2404 1558 horis
2424 1517 2490 1557 ex
2506 1502 2585 1557 eis
2605 1511 3039 1571 sequestrantur,
3060 1503 3112 1557 id
3125 1511 3231 1567 est,
3244 1518 3274 1556 a
3290 1517 3418 1558 cen—

1819 1596 2014 1650 tcsimo
2046 1596 2276 1665 septimo
2320 1595 2535 1650 decimo
2581 1595 2646 1649 ad
2695 1596 3050 1649 centesimum
3096 1594 3418 1666 vigesimum

1819 1687 2129 1756 septimum,
2156 1695 2211 1740 et
2232 1688 2530 1741 centesimo
2555 1685 2831 1741 tricesimo
2854 1686 3035 1751 tertio,
3057 1685 3420 1741 eteentesimo

127 1794 233 1847 que
257 1779 420 1833 horae.
476 1780 678 1835 Deinde
712 1779 885 1849 prima
914 1780 1049 1835 hora
1105 1780 1383 1833 Dominica
1419 1782 1432 1819 ί
1464 1782 1713 1843 dicenda,
1746 1774 1793 1833 B
1820 1781 2239 1850 quadragesimo
2268 1781 2524 1834 secundo.
2560 1779 2774 1848 Reliqui
2800 1795 2990 1835 omnes
3021 1778 3320 1849 invespera
3337 1776 3424 1831 div

126 1880 363 1941 quatuor
404 1873 642 1943 capitula
689 1874 884 1944 psalmi
916 1872 928 1921 i
968 1872 1253 1927 centesimi
1307 1874 1484 1927 octavi
1517 1873 1716 1927 decimi

130 1962 158 2002 ¹ε
192 1964 463 2018 dicantur.
487 1963 733 2035 Reliquis
754 1979 885 2018 vero
915 1964 1086 2025 boris,
1127 1963 1178 2015 id
1203 1971 1305 2025 est,
1342 1964 1522 2028 tertia,
1546 1973 1715 2026 sexta,

127 2053 215 2110 vel
248 2072 389 2111 nona
430 2064 588 2110 terna
640 2055 875 2125 capitula
921 2070 1083 2123 supra
1115 2054 1301 2125 scripti
1330 2054 1517 2124 psalmi
1544 2053 1722 2109 octavi

128 2143 327 2199 decimi
367 2146 638 2200 dicantur.
675 2143 756 2197 Ad
784 2144 1013 2212 primam
1063 2152 1247 2197 autem
1296 2144 1545 2198 secunda:
1574 2141 1724 2196 ferite

126 2234 388 2290 dicantur
437 2244 548 2289 tres
601 2234 818 2303 psalmi,
844 2234 898 2287 id
944 2244 1046 2299 est,
1084 2235 1317 2303 primus,
1353 2234 1643 2296 secundus,
1672 2239 1727 2285 et

124 2336 342 2382 sextus.
370 2328 438 2381 Et
464 2328 537 2382 ita
562 2343 659 2398 per
698 2327 936 2397 singulos
987 2328 1101 2382 dics
1156 2327 1222 2381 ad
1271 2329 1503 2397 primam
1554 2345 1725 2397 usque

132 2416 153 2457 ι
187 2419 518 2473 dominicam
562 2419 812 2473 dicantur
868 2434 967 2488 per
1025 2420 1271 2473 ordinem
1326 2421 1465 2477 terni
1531 2422 1725 2489 psalmi

128 2525 364 2583 Inusque
402 2513 472 2567 ad
497 2527 699 2566 nonum
723 2513 992 2567 decimum
1022 2514 1292 2584 psalmum
1321 2534 1333 2569 :
1373 2515 1447 2568 ita
1477 2531 1624 2579 sane,
1668 2523 1728 2570 ut

132 2622 315 2662 nonus
349 2605 612 2677 psalmus,
646 2614 700 2659 et
728 2605 989 2674 septimus
1038 2605 1282 2660 decimus
1326 2608 1635 2677 partiantur
1673 2609 1728 2665 in

132 2699 273 2754 duas
296 2697 534 2769 glorias:
559 2706 615 2751 et
664 2696 744 2752 sic
790 2694 905 2761 ﬁat,
936 2707 964 2733 ιι
990 2705 1050 2750 ιιι
1088 2698 1155 2752 ad
1182 2698 1395 2769 vigilias
1448 2698 1730 2757 Dominiea

134 2804 355 2859 semper
394 2804 425 2842 a
472 2788 735 2843 vicesimo
786 2787 1097 2856 incipiatur.
1157 2787 1240 2843 Ad
1292 2790 1549 2857 tertiam,
1599 2806 1731 2847 vero

133 2888 372 2947 sextam,
401 2894 710 2949 nonamque
741 2878 890 2933 feria:
920 2878 1190 2945 secundae,
1238 2896 1430 2935 novem
1470 2883 1730 2953 capitula,

133 2966 265 3041 quaé
285 2970 497 3026 residua
525 2977 649 3025 sunt
670 2971 737 3025 de
760 2971 1059 3025 centesimo
1086 2970 1296 3026 decimo
1337 2982 1529 3029 octavo
1549 3015 1563 3038 ,
1614 2975 1734 3049 ipsa

134 3072 298 3118 terna
343 3079 443 3134 per
490 3064 710 3119 easdem
768 3064 935 3118 horas
986 3064 1257 3119 dicantur.
1308 3066 1564 3135 Expenso
1601 3083 1732 3139 ergo

1821 1870 1975 1926 cendi
1996 1880 2139 1925 sunt.
2168 1869 2373 1939 thuia
2389 1870 2566 1923 minus
2594 1870 2819 1923 veniunt
2836 1881 2950 1924 tres
2969 1869 3183 1940 psalmi,
3209 1865 3425 1922 ideodi-

1820 1961 2040 2016 videndi
2071 1969 2215 2023 sunt,
2242 1962 2330 2030 qui
2353 1977 2415 2014 ex
2448 1974 2675 2013 numero
2699 1977 2859 2031 supra
2888 1962 3090 2031 scripto
3115 1970 3143 2010 (ι
3168 1957 3425 2014 fortiores

1824 2053 2196 2116 inveniuntur,
2222 2053 2273 2107 id
2296 2060 2400 2114 est,
2429 2053 2757 2107 centesimus
2772 2054 3076 2109 tricesimus
3094 2060 3341 2118 octavus,
3368 2059 3427 2108 et

1825 2145 2154 2199 centesimus
2174 2144 2623 2213 quadragesimus
2640 2144 2853 2208 tertius,
2872 2153 2927 2199 et
2941 2145 3275 2200 centesimus
3296 2157 3429 2211 qua-

1826 2235 2166 2305 dragesimus
2178 2246 2424 2304 quartus.
2442 2235 2786 2291 Ccntesimus
2804 2252 2933 2291 vero
2949 2245 3136 2292 sextus
3158 2234 3427 2299 decimus,

1827 2333 1953 2401 quia
1986 2348 2187 2401 parvus
2199 2340 2301 2393 est,
2319 2331 2615 2385 centesimo
2632 2331 3034 2402 quintodecimo
3047 2330 3425 2401 coniungatur.

1830 2424 2048 2492 Digesto
2072 2438 2203 2493 ergo
2225 2423 2415 2477 ordine
2444 2423 2777 2491 psalmorum
2806 2424 3240 2492 vespertinorum
3257 2462 3272 2489 ,
3300 2421 3429 2477 reli-

1829 2528 1933 2581 qua
1954 2554 1968 2576 ,
2006 2513 2058 2565 id
2087 2520 2202 2577 est,
2245 2512 2529 2576 lectiones,
2559 2513 2933 2581 responsoria,
2966 2513 3175 2584 hymni,
3212 2527 3429 2578 versus,

1830 2606 1915 2660 vel
1969 2605 2212 2670 cantica,
2273 2605 2415 2660 sicut
2467 2620 2628 2674 supra
2679 2605 3019 2671 taxavimus,
3073 2603 3423 2675 impleantur.

1831 2699 1912 2754 Ad
1938 2697 2351 2768 completorium
2381 2713 2511 2751 vero
2541 2697 2783 2767 quotidie
2825 2697 2990 2753 iidem
3039 2696 3236 2767 psalmi
3269 2711 3430 2767 repe-

1834 2804 2041 2859 tantur,
2064 2804 2311 2865 quartus,
2348 2804 2370 2830 ι’
2406 2792 2809 2862 nonagesimus,
2858 2798 2915 2845 et
2954 2789 3286 2847 centesimus
3332 2788 3434 2844 tri—

1835 2890 2071 2960 gesimus
2099 2887 2308 2940 tertius.
2336 2884 2612 2954 Disposito
2640 2882 2833 2938 ordine
2860 2882 3176 2952 psalmodize
3200 2882 3432 2947 diurnae,

1838 2980 2032 3049 reliqui
2062 2994 2249 3033 omnes
2272 2976 2487 3047 psalmi,
2521 2975 2611 3044 qui
2638 2982 2951 3044 supersunt,
2982 2972 3266 3044 aequaliter
3295 2971 3436 3028 divi-

1839 3072 2040 3126 dantur
2070 3072 2123 3125 in
2158 3076 2364 3140 septem
2402 3067 2642 3122 noctium
2672 3065 2893 3136 vigiliis,
2922 3076 2944 3104 ³
2979 3064 3268 3136 partiendo
3288 3062 3437 3120 scili-

132 3156 353 3226 psalmo
381 3158 679 3212 centesimo
703 3163 896 3212 octavo
921 3156 1134 3213 decimo
1186 3159 1394 3215 duobus
1436 3160 1646 3228 diebus,
1678 3163 1731 3219 id
1758 3144 1803 3206 (ἶ
1836 3175 1942 3231 cet,
1972 3164 2064 3235 qui
2096 3164 2236 3217 inter
2261 3177 2355 3217 eos
2379 3160 2703 3233 prolixiores
2728 3167 2853 3215 sunt
2872 3146 3093 3229 psalmi,
3131 3167 3188 3216 et
3233 3157 3437 3214 duode-

135 3306 310 3375 opera
347 3294 589 3375 diurna:
623 3294 860 3375 maxime
916 3309 1057 3375 eum.
1091 3294 1330 3375 minoris
1359 3299 1733 3375 congregatio-

137 3363 234 3419 nis
260 3364 591 3418 monasteria
626 3364 735 3417 sint
772 3363 936 3418 etiam
984 3365 1211 3419 minoris
1251 3363 1612 3421 substantiar':
1657 3370 1733 3425 ita

137 3444 210 3517 ui.
238 3449 456 3517 necesse
477 3435 550 3517 sit
570 3434 834 3517 quosdam
856 3451 924 3517 ex
950 3436 1016 3489 iis
1040 3435 1189 3517 foris
1202 3435 1449 3517 frugibus
1476 3437 1736 3517 colligen-

136 3505 235 3559 dis
262 3513 355 3577 aut
379 3506 633 3577 operibus
654 3514 786 3577 puta
816 3506 1009 3577 erilium
1027 3548 1039 3571 ,
1063 3514 1117 3559 et
1145 3505 1417 3561 similibus
1456 3513 1732 3577 occupari,

134 3576 340 3644 paucis
398 3575 682 3630 admodum
742 3575 793 3629 in
843 3576 1010 3647 clioro
1051 3577 1480 3640 remanentibus,
1536 3575 1735 3647 quibus

134 3660 316 3717 grave
347 3655 489 3701 esset
517 3647 613 3700 bas
643 3648 805 3700 horas
832 3645 1055 3702 solemni
1083 3655 1247 3702 cantu
1270 3645 1603 3717 persolvere.

223 3729 249 3755 ιι
284 3714 607 3771 Psallantur.
636 3717 778 3771 Vict.
806 3732 937 3771 ma..
969 3715 1263 3771 Canantur.

223 3729 249 3755 “
284 3729 607 3771 t'sallantur.
643 3729 778 3771 VlCl.
806 3732 937 3776 ma.,
969 3729 1263 3771 Uanantur.

222 3787 251 3826 ιι
278 3788 532 3858 Apostoli.
565 3787 733 3842 Abest
757 3788 827 3842 ab
852 3787 972 3843 aliis
1013 3790 1135 3844 cod.
1173 3803 1303 3844 mss.
1353 3789 1558 3845 nostris
1596 3795 1652 3841 et
1676 3784 1735 3842 S.

138 3859 451 3913 Dunstano.

139 3939 250 4053 bu‘
280 3927 466 3984 Oratio
519 3930 821 3986 Dominica.
874 3931 1012 3987 Vict.
1060 3946 1117 4001 p.
1167 3932 1360 3988 addit:
1395 3930 1524 3986 Cum
1572 3931 1742 4002 preci-

225 4017 272 4053 s.

223 4070 252 4109 d
283 4070 707 4142 Completorium.
751 4073 831 4129 ita
869 4073 1102 4144 appellat
1134 4075 1275 4129 hanc
1312 4076 1501 4144 horam
1544 4072 1601 4128 S.
1645 4070 1744 4126 lsi-

140 4142 339 4216 dorus,
372 4160 490 4216 cap.
524 4144 558 4198 6
581 4160 692 4200 suae
731 4142 970 4216 Regulus,
1007 4146 1102 4216 sed
1131 4145 1224 4199 lib.
1260 4146 1375 4216 Ide
1414 4143 1616 4199 Olliciis
1653 4158 1745 4216 ec;

139 4212 494 4286 glesiasticis,
537 4231 667 4286 cap.
713 4212 1087 4286 '21,'appe|lat
1137 4215 1454 4284 completas,
1500 4213 1742 4269 nonnulli

137 4282 343 4355 Patres
370 4282 692 4355 completam
725 4305 737 4339 :
770 4297 827 4341 et
851 4282 1010 4341 debet
1035 4286 1141 4341 dici
1163 4282 1275 4340 sub'
1296 4287 1474 4340 noctis
1506 4286 1739 4349 initium;

140 4354 296 4428 pride
328 4373 356 4409 a
393 4353 451 4409 S.
494 4353 851 4428 Columbano,
885 4372 1020 4428 cap.
1075 4357 1106 4409 7
1149 4372 1259 4428 sum
1280 4356 1501 4428 Regula:
1547 4357 1746 4428 dicitur

142 4424 369 4496 initium
398 4427 596 4493 noctis,
622 4437 678 4482 et
712 4445 743 4482 a
780 4426 837 4483 S.
856 4424 1156 4483 Fritctuoso
1183 4424 1529 4492 Bracareusi,
1557 4443 1677 4496 cap.
1714 4426 1739 4480 1

142 4511 269 4550 sua:
300 4495 516 4568 Regula:
538 4498 710 4567 prima
736 4499 910 4554 noctis
936 4499 1087 4553 hora.
1122 4498 1189 4552 Et
1227 4500 1443 4553 videtur
1483 4513 1603 4553 esse
1628 4495 1741 4552 illa

140 4568 377 4640 synaxis
402 4584 566 4638 quam
589 4568 646 4640 S.
680 4570 910 4625 Basilius
933 4569 1161 4629 αἴτησιν.
1194 4569 1244 4623 id
1273 4581 1388 4635 est,
1426 4570 1741 4640 petitionem

139 4637 392 4711 appellat
421 4637 433 4693 Ξ
466 4641 519 4695 in
555 4639 645 4711 illa
673 4640 838 4705 enim,
883 4641 1335 4711 quemadmodum
1366 4637 1744 4711 incomplete-

137 4710 263 4770 rio,
287 4711 489 4781 petitur
513 4728 543 4766 a
573 4710 683 4766 Deo
708 4714 883 4766 noctis
910 4712 1067 4781 quies
1090 4727 1282 4767 secura
1324 4719 1381 4765 et
1408 4712 1641 4781 placida,
1683 4717 1746 4764 ut

135 4778 393 4851 notath.
434 4781 684 4837 Basilius.
718 4782 849 4849 Qum
886 4778 1105 4851 quidem
1135 4783 1269 4837 hora
1304 4783 1356 4835 in
1402 4778 1623 4838 Oriente
1652 4782 1740 4836 vix

139 4858 289 4922 ante
319 4848 379 4905 S.
408 4852 665 4907 Basilium
706 4848 1009 4922 reperitur,
1052 4869 1152 4907 nec
1195 4853 1246 4906 in
1291 4851 1581 4907 Occidente
1621 4860 1746 4907 ante

139 4919 210 5005 _S.
246 4918 620 5005 Benedictum.
653 4918 910 5005 Imp—post
1026 4922 1211 5005 Basilii
1233 4931 1451 4978 aetatem
1480 4922 1775 5005 irim-uitis.

136 4991 292 5047 locis
319 4991 559 5049 Orientis
589 5010 693 5049 non
724 4991 858 5060 fuit,
906 5001 969 5048 ut
1005 5002 1154 5064 patet
1188 5009 1254 5049 ex
1297 5009 1460 5064 supra
1495 4993 1653 5048 dictis
1684 4995 1751 5049 de

138 5064 417 5119 horarum
448 5065 786 5120 diversitate.

227 5146 257 5172 ε
291 5133 609 5190 Directanei.
635 5135 711 5190 ita
734 5134 788 5189 in
819 5136 939 5190 cod.
976 5135 1179 5191 nostris
1202 5152 1332 5191 mss.
1362 5151 1484 5190 cum
1512 5134 1571 5189 S.
1606 5135 1751 5190 Dun-

138 5212 338 5279 stano,
365 5208 527 5279 vulgo
556 5206 770 5277 legitur,
800 5206 1130 5279 Directaneo.
1156 5204 1317 5279 Jubet
1338 5207 1395 5260 S.
1427 5207 1752 5279 Benedictus

140 5276 500 5346 completorii
529 5276 768 5348 psalmos
796 5279 850 5333 in
878 5277 1142 5332 directum
1170 5277 1391 5332 recitari
1417 5318 1431 5341 ,
1462 5285 1521 5331 ut
1553 5277 1753 5333 fratres

132 5349 270 5402 cito
295 5358 421 5402 eant
442 5351 704 5414 cubitum,
738 5364 860 5404 eum
885 5349 1152 5403 [meliora
1197 5349 1469 5406 diceretur
1511 5349 1614 5403 sub
1653 5348 1754 5404 ini-

122 5419 295 5473 tium
318 5420 514 5484 nouis,
539 5436 631 5476 seu
658 5421 832 5484 prima
860 5421 1034 5474 noctis
1061 5421 1214 5474 hora.

234 5488 256 5526 ί
289 5487 614 5545 Benedictio.
642 5487 773 5547 Cod.
806 5506 907 5545 nis.
947 5490 1150 5553 Ebrnl.,
1187 5490 1253 5544 Et
1282 5492 1746 5547 benedictio.Vict.

1835 3303 1888 3356 in
1913 3301 2035 3355 aliis
2058 3300 2180 3355 cod.
2212 3298 2416 3353 nostris
2446 3314 2602 3359 mss.,
2637 3310 2740 3351 nec
2768 3296 3003 3361 habetur
3040 3296 3182 3366 apud
3230 3293 3436 3366 Turre:

1836 3381 2171 3435 crematam,
2217 3384 2316 3423 nec
2369 3369 2423 3422 in
2469 3369 2706 3422 editione
2741 3366 2984 3429 Colinmi,
3015 3362 3117 3420 nét:
3146 3365 3201 3418 in
3251 3362 3429 3435 veteri

1836 3442 2130 3497 Parisiensi
2160 3433 2178 3493 ἐ
2211 3455 2344 3494 sane
2369 3439 2637 3507 superﬂua
2664 3436 2907 3500 videtur,
2939 3452 3063 3489 cum
3099 3450 3208 3490 non
3253 3435 3325 3490 sit
3376 3433 3436 3491 in

1838 3514 1959 3567 aliis
1989 3513 2139 3565 horis
2169 3525 2332 3577 supra
2360 3509 2668 3577 explicatis.

1907 3589 1936 3623 ιι
1975 3582 2091 3636 Etc.
2128 3581 2185 3635 S.
2221 3574 2534 3634 Dunstahus
2571 3594 2693 3633 cum
2725 3576 2883 3645 vulgo
2928 3575 3090 3631 editis
3136 3574 3322 3642 habet,
3371 3574 3439 3636 Et

1874 3654 2029 3707 loria.
2814 3669 2833 3687 ο

1839 3672 2225 3777 gmingicenda.
2260 3721 2401 3776 Vict.
2430 3737 2485 3791 p.
2518 3720 2668 3774 addit
2703 3739 2715 3773 :
2763 3719 2921 3783 Sunt,
2961 3716 3440 3791 omittitque_ver-

1840 3796 1966 3849 bum
1991 3795 2262 3858 dicantur,
2309 3788 2771 3860 quemadmodum
2812 3797 3030 3860 vetusta
3069 3788 3238 3860 editio
3283 3788 3440 3845 Pari-

1841 3865 2055 3927 siensis,
2090 3880 2210 3933 qure
2235 3859 2398 3916 etiam
2425 3878 2523 3930 pro
2554 3862 2794 3933 dicenda,
2820 3859 3234 3933 ponitudicendo.

1918 3935 1931 3986 i
1973 3930 2251 3990 Centesimi
2274 3934 2441 3987 octavi
2472 3933 2680 3985 decimi.
2706 3930 2838 3987 Cod.
2863 3948 2916 4002 p.
2940 3930 3079 4002 Vict.
3104 3930 3283 3985 addit:
3305 3930 3438 3998 Qui:

1844 4018 2096 4077 sequatur
2123 4005 2348 4077 hymnus
2370 4004 2440 4077 de
2465 4003 2568 4072 ﬁde
2599 4001 2877 4077 catholica,
2912 4001 2968 4077 id
2998 4007 3102 4067 est,
3130 4002 3439 4072 symbolum

1845 4072 2240 4134 SfAtbanasii.
2275 4073 2380 4130 Sed
2412 4076 2527 4129 hzec
2563 4083 2688 4127 sunt
2713 4072 2980 4128 addititia.

1880 4158 1887 4165 ‘
1918 4150 1945 4189 ιι
1984 4148 2263 4202 Dicuntur.
2293 4146 2408 4201 Hoc
2445 4144 2768 4199 vocabulum
2822 4143 3161 4198 desideratur
3210 4145 3267 4198 in
3312 4142 3435 4201 cod.

1845 4236 1977 4276 mss.
2006 4220 2062 4273 S.
2096 4219 2280 4273 Germ.
2314 4232 2447 4281 ma.,
2485 4214 2544 4270 S.
2570 4215 2691 4269 Far.
2719 4224 2773 4269 et
2794 4214 2935 4269 Vict.
2967 4230 3022 4282 p.

1926 4290 1941 4328 ι
1972 4290 2052 4342 Ad
2074 4289 2413 4343 dominicam.
2444 4287 2584 4340 Vict.
2616 4302 2723 4340 ma.
2762 4284 2945 4339 addit:
2980 4284 3147 4337 Diem.

1918 4373 1957 4399 ω
1983 4358 2155 4430 iisque
2182 4359 2251 4430 ad
2278 4374 2472 4430 nonum
2494 4354 3093 4430 decimum._lnclusive_.

1923 4442 1950 4468 ιι
1979 4428 2044 4483 Ut
2068 4423 2292 4499 'v‘gilias.
2328 4429 2466 4482 Vict.
2502 4425 2675 4499 p.,rUt
2699 4425 2899 4499 vigilia:
2929 4423 3215 4499 Dominicm
3239 4438 3440 4499 semper

1767 4510 1821 4570 Ι)
1848 4523 1879 4557 a
1915 4492 2159 4569 vigesimo
2183 4492 2523 4570 incipiantur.
2554 4498 2723 4551 Vetus
2750 4492 2940 4549 'editio
2984 4492 3355 4561 Parisiensis,
3380 4504 3439 4550 ut

1848 4574 1917 4628 ad
1940 4568 2145 4637 vigilias
2174 4568 2501 4621 Dominicas.

1923 4652 1947 4677 ο
1988 4630 2160 4713 Usque
2186 4640 2254 4693 ad
2282 4638 2621 4692 dominicam.
2644 4635 2703 4691 In
2730 4635 2873 4692 Vict.
2911 4651 3018 4690 ma.
3069 4633 3215 4691 deest
3256 4636 3313 4693 τὸ
3352 4654 3440 4693 us-

1921 4732 1966 4768 ϐ.

1849 4733 2006 4838 qui?!
2011 4784 2188 4839 tidem.
2218 4781 2343 4836 Haec
2381 4795 2487 4834 vox
2513 4778 2856 4834 desideratur
2881 4778 3046 4833 etiam
3081 4779 3136 4833 in
3162 4778 3301 4834 Vict.
3325 4792 3435 4832 ma.

1922 4868 1950 4907 τι
1981 4854 2274 4909 Fortiores.
2311 4850 2370 4907 Id
2396 4860 2501 4917 est,
2528 4850 2784 4921 majores,
2816 4849 3161 4920 prolixiores,
3187 4857 3247 4903 ut
3270 4863 3437 4918 supra

1851 4928 2196 4983 observatum
2224 4931 2327 4979 est.

1929 5008 1950 5035 ι’
1983 4995 2390 5065 Nonagesimus.
2422 4991 2477 5065 id
2504 5001 2583 5065 est
2604 5034 2619 5058 ,

1853 5069 1976 5124 dem
2010 5060 2281 5136 psalmum
2310 5063 2514 5136 exsolvi
2535 5061 2691 5136 jubet
2729 5061 2785 5115 S.
2830 5061 3058 5136 Basilius
3098 5060 3150 5113 in
3186 5074 3439 5136 suprema

1853 5140 1942 5195 illa
1968 5128 2121 5197 hora,
2164 5150 2326 5204 quam
2368 5128 2590 5197 αἴτησιῖι,
2624 5133 2677 5188 id
2698 5141 2809 5195 est,
2835 5130 3148 5200 petitionem
3186 5128 3439 5199 appellat,

1853 5220 1913 5265 ut
1935 5224 2096 5265 supra
2118 5208 2462 5261 observatum
2491 5216 2593 5260 est.

1928 5291 1949 5318 ς
1984 5271 2270 5331 Partiendo
2317 5277 2510 5330 scilicet
2557 5274 2646 5346 qui
2684 5272 2820 5326 inter
2847 5288 2934 5326 eos
2974 5271 3284 5346 prolixiores
3303 5280 3439 5346 sunt

1889 5349 2064 5405 salmi.
2096 5347 2243 5402 Hanc
2270 5340 2662 5402 institutionem
2688 5351 2873 5398 secuta
2907 5340 2990 5414 est
3030 5342 3267 5414 synodus
3303 5340 3439 5414 Nar-

1889 5369 2064 5405 suum.
2098 5369 2243 5402 nunc
2271 5369 2662 5402 Insutuuuncm
2688 5369 2873 5398 accusa
2907 5369 2990 5397 est
3030 5369 3267 5414 a’uuuua
3307 5369 3439 5395 uar-

1852 5369 2114 5475 iionansis
2159 5420 2259 5474 sub
2290 5417 2599 5473 Reccaredo
2638 5431 2765 5485 rege
2800 5433 2811 5467 :
2848 5432 2865 5463 ι
2906 5413 3017 5468 Hoc
3062 5428 3275 5485 quoque
3312 5410 3443 5466 deli-

1854 5495 2029 5546 nitum
2058 5498 2162 5554 est,
2207 5498 2265 5544 ut
2310 5491 2362 5544 iu
2407 5486 2699 5555 psallendis
2725 5484 3005 5539 ordinibus
3036 5485 3202 5555 gloria
3228 5484 3441 5555 dicatur

1852 5551 2207 5632 omnipotenti
2242 5562 2369 5615 Deo.
2401 5551 2505 5613 Per
2534 5556 2770 5632 majores
2795 5570 2923 5608 vero
2953 5551 3213 5624 psalmos,
3238 5553 3283 5610 si
3324 5551 3442 5608 fue-

2664 4991 2765 5058 Qui
2806 4991 3041 5054 habitat,
3093 4998 3236 5053 etc.;
3288 5004 3439 5043 cum-

189 5599 235 5623 .,
266 5559 682 5625 Benedictiones,
736 5564 802 5617 de
844 5563 947 5617 bac
999 5562 1334 5630 completorii
1377 5564 1751 5618 benedictione

189 5599 235 5623 .,
266 5577 682 5625 nenearcuones,
736 5577 802 5617 ac
845 5577 947 5617 nac
999 5577 1334 5630 COI'llplt'IOI‘ll
1377 5577 1745 5618 benedictione

78 5577 273 5703 {ne
292 5633 572 5695 statuitur,
599 5634 652 5686 in
683 5633 806 5687 add.
837 5650 853 5686 ι
882 5632 1112 5703 Capitul.
1144 5634 1276 5688 Lud.
1315 5634 1471 5703 imp.,
1514 5636 1594 5688 tit.
1632 5634 1701 5687 48
1735 5653 1745 5687 :

84 5699 225 5764 ει
242 5700 543 5775 benedictio
572 5713 685 5775 post
715 5699 1108 5775 completorium
1154 5722 1185 5757 a
1216 5699 1485 5758 sacerdoze
1520 5706 1746 5758 dicatur.

231 5774 260 5815 ε
292 5772 363 5827 Et
389 5783 508 5849 post
534 5772 707 5830 missa:
736 5772 891 5848 ﬁant.
927 5774 1200 5832 Particula
1234 5785 1350 5846 post
1405 5776 1751 5831 desideratur

1853 5636 1965 5691 rint
1996 5626 2339 5704 prolixiores,
2370 5629 2716 5704 pausatioiies
2744 5626 2898 5704 iiant;
2928 5635 2982 5704 et
3004 5642 3100 5704 per
3139 5638 3444 5704 quamcun-

1854 5722 1959 5775 que
1997 5695 2571 5775 pansationem'glnria
2610 5696 2893 5775 Trinitatis
2932 5696 3161 5775 Domino
3187 5695 3441 5775 decan_te-

1855 5764 1961 5832 ιλιι.
2000 5764 2018 5828 ἰ
2048 5764 2430 5829 Ριιιιεειιὶοιιεέ
2446 5779 2630 5827 autem
2684 5768 2801 5823 ista:
2838 5776 2967 5823 sunt
2992 5766 3325 5841 psalmorum
3352 5764 3441 5820 in-
