3952 6314
541 354 647 415 919

912 471 1027 545 gv.
1053 500 1127 513 --
1150 470 1389 525 Etusuen
1421 467 1562 539 (cap.
1590 468 1736 539 108).

610 565 874 635 lnterrog.
904 576 929 604 α
958 562 1237 630 Quomodo
1265 561 1532 616 obtinebit
1564 560 1687 630 quis
1716 568 1775 614 ιιι
1796 562 1850 614 in
1872 571 2118 616 oratione

541 671 733 715 sensus
762 655 881 727 ejus
920 671 1028 709 non
1067 654 1331 725 vagetur?
1359 684 1429 693 —
1454 651 1610 723 Resp.
1645 650 1701 707 Si
1744 661 1925 707 certus
1967 652 2121 708 sitse

541 751 797 807 assistam
822 755 948 803 ante
962 746 1150 802 oculos
1172 745 1285 801 Dei.
1313 744 1369 800 Si
1397 745 1540 799 enim
1556 745 1678 814 quis
1693 742 1929 813 judicem
1959 759 2116 799 suum

542 840 733 896 videns
761 838 844 894 vel
871 838 1168 909 principem
1198 878 1213 902 ,
1242 844 1292 891 et
1324 836 1548 905 loquens
1581 852 1703 890 cum
1748 850 1831 900 eo,
1881 850 1987 889 non
2013 832 2119 888 sibi

543 932 719 988 credit
767 931 972 986 licitum
1002 944 1122 985 esse
1167 927 1353 995 vagari
1387 927 1559 982 oculis
1600 936 1654 980 et
1691 926 1827 981 alios
1875 925 2121 996 aspicere

543 1021 673 1077 dum
701 1022 772 1077 ibi
799 1022 1055 1092 loquitur,
1079 1020 1107 1060 δ
1138 1002 1341 1090 quanto
1376 1018 1549 1089 magis
1576 1018 1667 1087 qui
1695 1018 1905 1072 accedit
1930 1017 1997 1071 ad
2020 1015 2121 1070 Do-

549 1112 757 1167 minum
787 1126 1051 1180 nusquam
1094 1110 1255 1165 debet
1298 1124 1515 1163 movere
1540 1108 1755 1163 oculum
1797 1107 1995 1171 cordis,
2026 1105 2122 1161 sed

545 1207 783 1261 intentus
811 1221 932 1262 esse
975 1206 1028 1260 in
1069 1220 1192 1259 eum
1221 1204 1313 1272 qui
1345 1209 1620 1258 scrutatur
1649 1215 1809 1255 renes
1858 1207 1914 1253 et
1956 1197 2119 1253 corda

546 1295 719 1369 (Psal.
749 1297 871 1368 vn),
905 1305 964 1351 ut
992 1295 1215 1365 impleat
1239 1294 1366 1349 illud
1413 1295 1556 1363 quod
1584 1291 1845 1359 scriptum
1872 1297 1957 1345 est
1983 1308 1996 1343 :
2025 1288 2123 1343 Le-

545 1395 718 1439 vantes
737 1402 896 1455 puras
916 1402 1102 1440 manus
1123 1386 1234 1438 sine
1256 1384 1342 1437 ira"
1358 1392 1403 1436 et
1418 1382 1789 1452 disceptatione
1804 1378 1853 1452 (Ι
1873 1378 2009 1432 Tim.
2034 1376 2119 1450 II).

896 1476 1032 1550 §Vl.
1069 1478 1293 1531 -Ιτειι
1326 1490 1438 1529 IPSE
1469 1476 1608 1547 (cap.
1640 1470 1782 1545 H9).

615 1568 877 1641 Interrog.
913 1580 935 1608 ο
967 1569 1025 1624 Si
1069 1567 1324 1639 possibile
1352 1578 1437 1621 est
1466 1566 1718 1621 obtinere
1762 1563 2036 1618 hominem
2062 1569 2126 1617 ut

543 1664 602 1717 in
625 1665 772 1718 omni
805 1673 1047 1733 tempore
1083 1669 1137 1717 et
1166 1662 1285 1717 loco
1314 1678 1422 1717 non
1448 1669 1676 1731 vagetur
1705 1673 1858 1713 mens
1887 1675 2007 1725 sua,
2036 1658 2124 1713 vel

541 1759 814 1828 quomodo
839 1756 890 1809 id
922 1756 1037 1810 ﬁeri
1062 1756 1276 1825 potest?
1297 1784 1368 1796 --
1399 1754 1549 1824 Resp.
1580 1753 1715 1821 Quia
1733 1752 1989 1823 possibile
2014 1761 2119 1817 est,

1497 351 1556 408 S.
1593 344 1955 407 BENEDICTI
1990 345 2280 406 ABBATIS
2314 347 2724 405 ANIANENSIS

3691 356 3795 411 9’20

2144 467 2199 529 Α
2221 474 2315 521 aut
2338 465 2462 522 festi
2486 466 2600 521 dies
2630 473 2779 532 sunt,
2809 481 2930 522 cum
2954 483 3176 525 somnus
3199 471 3430 537 venerit,
3456 472 3586 526 aliis
3612 472 3799 528 seden-

2222 558 2363 614 tibus
2388 567 2515 624 stet,
2537 568 2598 613 ut
2623 560 2795 628 possit
2820 576 2850 615 a
2878 576 2937 618 se
2967 578 3142 618 somm
3179 580 3481 621 marcorem
3508 566 3797 636 repellere,

2220 665 2288 706 ne
2307 650 2363 705 in
2387 666 2551 721 opere
2571 651 2667 705 Dei
2693 661 2786 707 aut
2810 653 3021 723 tepidus
3043 655 3348 711 inveniatur
3380 667 3475 712 aut
3501 656 3797 727 negligens.

2582 763 2610 835 §
2636 763 2705 819 X.
2725 794 2798 804 —
2831 764 2964 831 lren
2992 781 3107 821 IPSE
3135 768 3274 838 (cap.
3297 768 3413 837 25).

2289 854 2425 910 Cum
2442 854 2710 925 psallitur,
2724 857 2975 913 studeant
2993 867 3194 914 sancte
3214 860 3415 915 anima:
3434 868 3652 915 vestra:
3669 862 3695 900 Ιι
3716 877 3803 915 nos

2220 949 2405 1019 vagari
2427 948 2631 1013 animo,
2646 963 2831 1003 verum
2843 949 3010 1003 etiam
3031 966 3132 1005 nec
3150 952 3367 1020 operari
3385 961 3484 1006 aut
3503 952 3671 1021 loqui
3689 968 3805 1022 pra:-

2221 1047 2439 1094 sumant
2469 1057 2481 1092 :
2517 1040 2611 1095 sed
2644 1080 2660 1106 ,
2703 1040 2912 1111 psallite
2958 1044 3225 1113 sapienter
3268 1041 3446 1115 (Psal.
3468 1044 3661 1115 ιιι-ι),
3690 1045 3810 1099 sicut

2221 1128 2359 1182 dixit
2389 1127 2694 1198 Propheta:
2728 1129 2962 1186 Psallam
2994 1144 3042 1187 et
3089 1133 3387 1205 intelligam
3418 1134 3619 1203 (Psal.
3652 1138 3722 1204 c).
3758 1136 3810 1190 Et

2222 1218 2638 1275 illudzPsallam
2657 1223 2863 1293 spiritu,
2895 1224 3121 1294 psallam
3166 1235 3218 1280 et
3238 1236 3411 1281 mente
3444 1225 3500 1297 (ι
3529 1226 3669 1281 Cor.
3698 1228 3808 1297 ιιι).

2223 1310 2467 1367 Metuens
2513 1313 2681 1367 illud:
2716 1312 3029 1371 Maledictus
3075 1316 3233 1371 homo
3254 1318 3345 1388 qui
3376 1317 3517 1388 facit
3558 1334 3697 1388 opus
3736 1317 3811 1371 Dei

2230 1404 2246 1442 ί
2280 1404 2596 1474 negligenter
2623 1404 2760 1477 (Jer.
2794 1408 3005 1479 XLvIII).

2194 1576 2199 1581 .
2224 1516 2251 1589 ἕ
2280 1518 2777 1609 Χῐσ-Τκλοτλχυδ
2808 1538 2965 1580 sunt
2984 1527 3289 1609 Agreus-Tm!
3317 1545 3384 1609 ne
3414 1544 3490 1583 eo
3522 1544 3681 1591 ocos
3699 1543 3812 1609 sui:

2294 1606 2438 1670 erant
2464 1605 2561 1670 est
2593 1609 2644 1647 IN
2668 1594 3008 1670 EYANGELIO:
3029 1596 3129 1652 Ubi
3149 1600 3254 1652 duo
3275 1598 3354 1653 vel
3382 1609 3498 1653 tres
3524 1599 3809 1670 congregati

2292 1660 2486 1730 fuerint
2512 1664 2566 1716 in
2589 1666 2797 1719 nomine
2817 1683 2949 1720 meo.

2296 1750 2310 1800 i
2358 1751 2604 1823 Magnam
2630 1756 2808 1821 nobis,
2837 1756 3034 1814 fratres
3063 1758 3437 1825 dilectissimi,
3472 1763 3811 1816 securitate:

543 1849 782 1905 ostendit
810 1847 900 1901 ille
927 1847 1020 1917 qui
1046 1847 1184 1902 dixit
1213 1866 1224 1899 :
1281 1844 1435 1901 Oculi
1464 1846 1563 1899 mei
1594 1861 1795 1915 semper
1823 1845 1892 1898 ad
1927 1843 2121 1897 Domi-
2152 1833 2199 1892 Β
2228 1842 2283 1896 in
2313 1842 2606 1915 Evangelio
2632 1846 2891 1901 Dominus
2934 1849 3137 1903 donare
3178 1850 3442 1920 dignatus
3483 1862 3587 1905 est
3616 1854 3810 1907 dicens:

543 1957 668 1995 num
704 1939 878 2013 (Psal.
912 1940 1123 2009 xxxrv).
1173 1939 1239 1993 Et
1286 1940 1483 1994 iterum
1516 1956 1530 1992 :
1564 1936 1910 1991 Providebam
1940 1935 2127 1989 Domi-

542 2046 667 2085 num
691 2032 747 2086 in
773 2041 1046 2102 conspectu
1074 2047 1185 2084 meo
1207 2046 1426 2101 semper,
1455 2029 1579 2100 quia
1595 2045 1629 2082 α
1652 2026 1851 2081 dextris
1873 2032 1948 2079 est
1975 2024 2123 2085 mihi,

544 2137 607 2175 ne
642 2138 967 2176 commoveor
1010 2120 1182 2194 (Psal.
1239 2121 1350 2193 xv).
1382 2120 1663 2190 Quomodo
1715 2127 1898 2173 autem
1952 2116 2126 2188 possi-

541 2210 649 2265 Lile
672 2212 742 2266 sit
762 2212 1131 2282 praediximus,
1162 2212 1215 2266 id
1245 2219 1348 2275 est,
1381 2212 1427 2266 si
1456 2227 1565 2265 non
1589 2210 1782 2265 demus
1806 2210 2001 2263 animae
2029 2222 2127 2262 no-

540 2310 667 2356 strae
694 2304 863 2358 otium
886 2345 901 2370 ,
934 2305 1028 2359 sed
1054 2304 1201 2358 omni
1233 2312 1475 2373 tempore
1498 2303 1564 2357 de
1587 2302 1719 2365 Deo,
1757 2308 1813 2355 et
1839 2301 1904 2355 de
1941 2298 2123 2368 operi-

542 2394 659 2457 bus,
699 2411 761 2449 ac
790 2396 854 2451 tle
897 2396 1177 2451 beneﬁciis
1221 2394 1337 2464 ejus
1366 2437 1381 2460 ,
1413 2404 1468 2449 et
1500 2394 1567 2448 de
1615 2394 1771 2448 donis
1802 2393 2123 2463 cogitemus,

544 2492 599 2538 et
630 2485 745 2539 haec
774 2502 896 2540 cum
920 2486 1258 2541 confessione
1284 2495 1339 2541 et
1363 2486 1661 2556 gratiarum
1689 2484 1902 2540 actione
1915 2498 2127 2552 semper

541 2576 819 2632 volvamus
850 2579 901 2632 in
932 2588 1135 2644 mente,
1171 2580 1310 2633 sicut
1341 2578 1604 2648 scriptum
1632 2578 1715 2632 est

538 2687 566 2758 §
610 2688 717 2744 Vll.
758 2719 829 2729 —-
868 2688 946 2742 Ex
972 2690 1189 2745 Rasum
1218 2704 1531 2745 SANCTORUI
1561 2688 1729 2745 PAULI
1753 2705 1823 2745 ετ
1851 2687 2123 2745 ὃτεριιιιιι

1206 2760 1341 2831 (cap.
1372 2760 1448 2830 9).

613 2851 637 2890 ιι
669 2850 905 2915 Somnus
934 2868 1057 2906 cum
1092 2867 1227 2923 opus
1257 2853 1352 2908 Dei
1378 2852 1595 2919 dicitur,
1622 2870 1744 2909 cum
1785 2853 1881 2909 Dei
1919 2852 2123 2908 auxilio

539 2943 759 2996 omnino
788 2959 820 2996 a
846 2944 1004 2999 nobis
1050 2943 1317 3015 fugandus
1361 2955 1461 3001 est.
1495 2946 1774 3001 Timentes
1824 2945 1954 3000 illud
1999 2961 2121 3014 pro-

542 3032 715 3102 pheta:
742 3052 755 3087 :
787 3035 843 3088 Μ
847 3035 1101 3090 aledictus
1124 3039 1215 3107 qui
1237 3037 1364 3106 facit
1390 3055 1517 3109 Opus
1534 3039 1631 3092 Dei
1648 3039 1967 3109 negligenter
1982 3037 2117 3109 (Jer.

542 3128 755 3199 XLVIII).
788 3129 854 3182 Et
882 3130 1009 3184 illud
1041 3147 1055 3185 :
1079 3130 1419 3185 Dormierunt
1442 3148 1681 3185 somnum
1708 3149 1883 3196 suum,
1910 3143 1957 3186 et
1991 3132 2123 3187 nihil

541 3217 847 3274 invenerunt
864 3237 1039 3274 omnes
1054 3222 1150 3275 uiri
1163 3221 1467 3276 divitiarum
1488 3222 1541 3275 in
1561 3222 1800 3277 manibus
1814 3224 1924 3277 suis
1939 3220 2116 3294 (Psal.
2150 3186 2195 3249 Ο

545 3311 729 3383 Lxxv).

912 3404 1094 3478 §Vlll.
1126 3436 1196 3447 —
1217 3405 1351 3461 l'rEII
1374 3422 1473 3461 IPSI
1506 3405 1642 3479 (cap.
1675 3406 1751 3477 9).

615 3511 635 3533 ο
668 3494 808 3550 Nulli
839 3496 1002 3552 liceat
1024 3506 1287 3567 tempore,
1311 3514 1418 3568 quo
1445 3513 1581 3567 opus
1610 3498 1703 3552 Dei
1732 3498 1963 3562 canitur,
1994 3512 2123 3567 qua-

541 3584 673 3641 libet
693 3587 979 3644 occasione
1004 3603 1308 3643 sermonem
1338 3597 1527 3645 contra
1551 3589 1715 3643 alium
1745 3588 1971 3643 fratrem
1998 3603 2123 3658 pro-

541 3678 685 3735 ferre
714 3698 726 3734 :
768 3681 874 3735 nisi
888 3682 1086 3737 seniori
1102 3691 1333 3746 tantum,
1358 3683 1445 3738 cui
1472 3682 1589 3737 sine
1612 3682 1774 3736 dubio
1797 3682 1974 3736 solent
1994 3695 2124 3736 cau-

539 3787 613 3827 sae
639 3770 1006 3844 cujuscunque
1043 3777 1124 3831 rei
1168 3785 1260 3831 aut
1283 3775 1595 3830 ordinandre
1645 3782 1736 3827 aut
1789 3774 2124 3845 corrigenda:

541 3880 928 3935 nonnunquam
948 3882 1246 3938 emergere.

611 3953 642 4028 ς
666 3953 761 4010 IX.
786 3986 862 3998 —
891 3956 973 4011 Ex
1000 3957 1215 4013 Rasum
1244 3973 1434 4013 ssnon
1462 3958 1762 4013 AURELIANI
1795 3957 1934 4030 (cap.
1967 3956 2047 4029 9).

616 4043 639 4084 ί
671 4045 754 4101 Ad
780 4047 990 4116 vigilias
1018 4048 1046 4088 ⁸
1073 4048 1251 4103 nullus
1293 4049 1548 4105 dormiat.
1580 4049 1639 4104 Si
1669 4065 1799 4105 vero
1826 4045 2118 4113 Dominici,

612 4210 637 4237 ι
671 4195 1235 4272 Quomodaobjinebit.
1260 4198 1503 4256 [labetur
1527 4203 1667 4272 apud
1697 4210 1943 4272 sanctum
1966 4202 2121 4257 Basi-

541 4264 884 4343 lium‘interr.
899 4268 997 4323 201
1021 4269 1149 4343 Reg.
1166 4269 1426 4343 brev.,et
1446 4264 1583 4341 apud
1602 4271 1854 4326 Ruﬁnum
1884 4288 1999 4343 cap.
2027 4273 2115 4327 57.

610 4338 637 4411 ιξ
660 4337 872 4411 Quanto
894 4340 1060 4411 magis
1084 4337 1174 4411 qui
1202 4342 1402 4411 accedit
1446 4337 1515 4397 ait
1538 4344 1840 4397 Dominum.
1874 4337 2117 4398 Praecla-

538 4423 596 4462 re
620 4409 761 4463 idem
809 4409 1037 4466 Basilius
1085 4409 1140 4465 in
1190 4410 1683 4469 Ammonitionibus
1714 4432 1726 4468 :
1763 4434 1780 4465 ι
1821 4412 1933 4468 lloc
1959 4416 2119 4469 stude

537 4478 590 4555 in
622 4481 729 4555 vita
754 4489 870 4547 tua,
900 4484 1292 4555 utiorationem
1332 4500 1521 4554 puram
1550 4484 1748 4539 oll'cras
1777 4484 1906 4549 Deo,
1939 4500 2116 4555 neque

2231 1929 2331 1986 Ubi
2384 1933 2582 2002 fuerint
2621 1935 2727 1990 duo
2755 1936 2831 1991 vel
2864 1946 2966 1992 tres
2996 1941 3296 2008 congregati
3335 1941 3393 1994 in
3445 1943 3683 1997 nomine
3709 1958 3811 2000 ια.

2226 2024 2298 2077 ibi
2333 2042 2450 2079 sum
2502 2026 2557 2080 in
2593 2028 2763 2082 medio
2820 2045 2998 2082 eorum
3023 2027 3237 2100 (Matth.
3278 2032 3472 2104 XVIII).
3536 2032 3607 2087 Si
3640 2033 3814 2088 duobus

2225 2115 2310 2172 vel
2339 2117 2512 2173 tribus
2539 2119 2806 2175 interesse
2846 2120 3115 2190 dignatur,
3158 2131 3362 2191 quanto
3396 2126 3600 2196 magis
3631 2125 3809 2194 quando

2226 2220 2370 2266 totus
2389 2212 2619 2281 populus
2658 2213 2712 2266 in
2740 2213 2965 2267 ecclesia
2996 2213 3137 2268 tideli
3183 2216 3484 2271 devotione
3521 2218 3799 2286 colligitur,

2224 2312 2282 2357 et
2312 2303 2754 2358 concurrentium
2789 2307 3049 2359 societate
3086 2304 3471 2360 membrorum
3528 2310 3704 2377 capiti
3732 2322 3805 2362 suo

2223 2392 2443 2448 Christo
2480 2393 2737 2449 Ecclesia:
2793 2410 2989 2465 corpus
3035 2395 3239 2449 unitur.
3277 2393 3380 2449 Ubi
3406 2408 3542 2450 sunt
3578 2441 3595 2464 ,
3622 2397 3808 2469 inquit,

2225 2486 2331 2539 duo
2379 2485 2455 2540 vel
2507 2496 2610 2540 tres
2642 2487 2941 2557 congregati
2978 2488 3033 2541 in
3077 2488 3286 2541 nomine
3335 2505 3484 2542 meo.
3515 2489 3662 2544 Cum
3706 2508 3813 2563 ergo

2230 2577 2574 2648 congregatio
2596 2578 2662 2632 ad
2698 2577 2897 2632 multos
2931 2578 3219 2647 pertineat,
3247 2578 3547 2634 videndum
3566 2590 3656 2635 est
3681 2597 3809 2652 quo-

2226 2670 2387 2724 modo
2419 2685 2601 2724 sermo
2625 2670 2840 2724 divinus
2873 2668 2942 2724 de
2970 2668 3178 2725 duobus
3205 2669 3292 2724 vel
3319 2672 3506 2726 tribus
3533 2673 3809 2728 dicendum

2225 2774 2345 2815 esse
2364 2759 2711 2830 judicaverit.
2740 2759 2851 2831 Ego
2874 2767 3007 2829 puto
3048 2762 3189 2828 quod
3216 2760 3285 2814 de
3337 2776 3459 2816 uno
3488 2765 3670 2831 possit
3697 2764 3807 2829 dici,

2225 2852 2317 2923 qui
2347 2853 2403 2907 in
2427 2853 2587 2908 domo
2611 2853 2706 2907 Dei
2728 2854 2897 2924 possit
2916 2852 3252 2923 congregari,
3280 2853 3335 2907 id
3361 2864 3479 2919 est,
3506 2868 3572 2910 ut
3602 2858 3671 2911 ad
3698 2872 3807 2911 exo-

2228 2950 2455 3003 randum
2480 2949 2769 3003 Dominum
2798 2963 2903 3003 non
2926 2947 3099 3002 solum
3127 2947 3530 3015 exterioribus,
3548 2951 3649 3005 sed
3669 2952 3812 3005 etiam

2228 3038 2582 3095 interioribus
2627 3038 2876 3094 sensibus
2905 3047 2960 3093 et
2985 3038 3293 3115 desideriis,
3333 3039 3447 3095 ﬁde
3478 3051 3539 3095 et
3575 3043 3812 3112 operibus

2232 3138 2379 3185 totus
2402 3129 2657 3184 introeat.
2688 3127 2824 3183 Nam
2847 3127 2891 3181 si
2922 3128 3065 3182 intra
3094 3127 3382 3183 ecclesiam
3420 3131 3543 3187 solo
3574 3146 3808 3203 corpore.

2228 3222 2458 3293 quisque
2496 3221 2605 3288 ille,
2638 3229 2907 3287 teneatur,
2938 3229 2993 3276 et
3010 3229 3299 3277 totoextra
3331 3223 3634 3278 ecclesiam
3662 3225 3813 3280 corde

2227 3320 2495 3378 versetur,
2530 3320 2587 3367 et
2613 3312 2855 3367 exterior
2901 3326 2932 3364 a
2961 3313 3152 3383 spiritu
3183 3327 3284 3367 suo
3335 3312 3537 3369 divisus
3568 3324 3627 3368 et
3658 3332 3811 3387 sepa-

2227 3412 2377 3460 ratus
2408 3403 2710 3475 ingredi-tur
2735 3421 2747 3457 :
2777 3411 2831 3458 et
2855 3403 3000 3473 quod
3029 3411 3112 3459 est
3149 3403 3206 3457 in
3235 3405 3444 3459 homine
3484 3406 3812 3473 pretiosius,

2226 3495 2329 3551 hoc
2358 3495 2556 3550 divinis
2610 3495 2888 3565 obsequiis
2933 3495 3357 3564 peregrinatur:
3390 3496 3515 3550 dum
3541 3495 3733 3551 solum
3756 3497 3815 3551 in

2225 3588 2481 3659 praesenti
2510 3596 2659 3642 terra
2688 3587 2973 3650 retinetur,
3025 3587 3208 3641 anima
3230 3602 3364 3642 vero
3380 3602 3483 3656 per
3508 3587 3721 3643 lasciva
3744 3588 3813 3642 ln-

2227 3679 2402 3733 dibria
2429 3678 2482 3731 in
2508 3676 2830 3747 multiplices
2855 3676 2883 3715 ιι
2914 3690 3109 3730 cursus
3134 3677 3347 3746 captiva
3380 3678 3734 3733 distrahitur.
3752 3677 3807 3732 Et

2227 3770 2348 3826 ideo
2395 3769 2612 3839 quando
2641 3769 2873 3839 quisque
2925 3776 3172 3823 nostrum
3200 3776 3327 3822 ante
3369 3766 3631 3835 judicent
3672 3783 3804 3824 seu

2225 3873 2483 3918 a>ternam
2515 3878 2734 3918 causam
2764 3861 3244 3918 commendaturus
3276 3861 3515 3920 assistit,
3543 3878 3658 3916 non
3679 3860 3803 3914 ἀεί

2225 3962 2485 4025 appareat
2540 3955 2688 4008 intus
2723 3994 2738 4019 ,
2771 3961 2826 4007 et
2861 3952 3006 4007 aliud
3032 3952 3165 4006 loris
3188 3952 3278 4006 sit.
3328 3950 3483 4006 Nihil
3506 3953 3581 4006 ab
3608 3953 3802 4007 homile

2231 4042 2251 4081 ι
2278 4044 2344 4098 de
2358 4051 2513 4114 parte
2542 4042 2776 4098 hominis
2798 4042 3093 4098 obtinetur.
3116 4040 3251 4097 Nam
3274 4042 3322 4097 si
3355 4041 3504 4097 dixit
3529 4064 3545 4097 :
3578 4042 3797 4097 Ubi“!

2224 4203 2449 4259 tendere
2495 4202 2692 4278 debent
2737 4199 3031 4263 monachi,
3070 4204 3389 4278 ne‘przeter
3440 4194 3793 4278 irreverentia

2221 4289 2442 4338 noxam,
2484 4285 2645 4343 quam
2676 4271 2964 4343 incurrunt
2988 4310 3002 4333 ,
3033 4268 3262 4343 assidua:
3289 4282 3385 4343 seu
3410 4268 3695 4343 orationis
3718 4278 3792 4319 sel

2221 4337 2533 4413 psalmodiae
2555 4339 3074 4413 perd_antgl‘ructupm,
3100 4339 3254 4408 juxta
3291 4337 3429 4391 illud
3480 4338 3669 4413 aggeri
3694 4349 3795 4405 μιν

2223 4409 2397 4484 pheta:
2428 4409 2632 4482 capfl:
2667 4411 2859 4484 Ponite
2882 4410 3234 4484 cordarestra
3258 4424 3424 4477 super
3451 4409 3568 4461 eius

2223 4476 2534 4540 Seminastis
2574 4481 2822 4545 multum,
2847 4490 2893 4534 et
2921 4479 3169 4533 intulistis
3208 4476 3398 4548 parum
3427 4494 3449 4542 ,°
3501 4476 3789 4548 comeditis.

538 4550 590 4623 hi
611 4550 825 4623 diversa
857 4544 1107 4623 rapiatur
1130 4569 1283 4609 mens
1314 4544 1423 4609 tua.
1456 4556 1723 4610 Memento
1759 4544 1903 4609 enim
1932 4565 1982 4608 te
2014 4544 2113 4610 sub
2139 4552 2193 4611 D
2218 4565 2267 4609 et
2293 4572 2396 4607 non
2437 4556 2560 4607 estis
2607 4544 2833 4615 satiati;
2865 4550 3065 4623 bibistis
3091 4590 3104 4611 ,
3146 4544 3218 4623 et:
3240 4565 3344 4623 non
3370 4549 3506 4601 estis

538 4618 634 4672 Dei
653 4630 809 4694 stare
833 4618 1231 4694 con’spectibus,
1261 4625 1353 4693 qui
1380 4627 1591 4681 occulta
1618 4626 1796 4681 cordis
1823 4626 2113 4694 conspicit,

537 4698 592 4743 et
615 4691 927 4746 abscondita
956 4691 1219 4749 mentium
1257 4691 1427 4749 novit.
1466 4717 1484 4748 ι

612 4771 639 4885 ἒ
668 4758 1013 4885 7possibile,
1040 4773 1143 4818 etc.
1164 4761 1424 4836 interrog.
1452 4766 1558 4821 202
1572 4766 1706 4834 Reg.
1723 4765 1965 4832 brev.,et
1987 4763 2109 4820 Ruf.

537 4846 657 4886 can.
691 4846 779 4885 bl.

605 4847 909 4976 ς’ξῖίτξῃιιε,
942 4912 1045 4960 etc.
1074 4904 1132 4960 In
1162 4905 1282 4960 cod.
1315 4921 1415 4960 ms.
1449 4904 1594 4960 Flor.
1629 4905 1750 4961 eod.
1779 4920 1897 4976 cap.

618 4985 638 5047 ξ
669 4972 842 5047 Nulli,
865 4983 969 5047 etc.
996 4976 1052 5030 In
1082 4977 1203 5032 cod.
1242 4976 1385 5031 Flor.
1406 4993 1530 5047 cap.
1564 4977 1649 5030 10.

615 5042 634 5082 ί
661 5043 740 5117 Aa
764 5045 989 5117 vigilias.
1020 5047 1194 5117 Supra
1243 5062 1361 5117 cap.
1394 5042 1690 5101 25'citatur
1720 5060 1837 5117 cap.
1868 5046 1937 5102 29
1970 5046 2113 5116 ejus-

536 5113 658 5189 dem
688 5113 903 5189 Regula;
936 5116 993 5172 S.
1024 5113 1324 5174 Aureliani
1349 5116 1475 5171 huic
1500 5118 1695 5183 simile,
1726 5113 1820 5173 sed
1852 5113 2113 5189 quodam-

537 5186 697 5239 Inodo
718 5187 996 5255 prolixius.

612 5258 635 5295 ε
662 5255 857 5310 Nullus
882 5259 1130 5323 dormiat,
1178 5268 1283 5312 etc.
1313 5256 1457 5310 Idem
1499 5266 1681 5312 monet
1710 5255 1769 5312 S.
1801 5259 2031 5313 Basilius
2056 5258 2111 5313 in

535 5322 1028 5399 Ammonitionilms
1061 5347 1073 5382 :
1113 5347 1130 5378 ι
1177 5328 1473 5399 Vigilanter
1496 5328 1660 5397 igitur
1688 5330 1881 5399 assiste
1906 5330 1959 5383 in
1986 5345 2115 5383 con-

535 5402 724 5464 spectu
778 5396 903 5458 Dei;
938 5399 991 5452 in
1034 5396 1272 5468 tempore
1303 5396 1605 5469 orationum
1654 5398 1735 5452 vel
1782 5399 2110 5469 psalmorum

538 5478 740 5540 non‘te‘
766 5470 1038 5540 opprimat
1080 5485 1319 5524 sunmus.
1356 5488 1373 5520 ›
1410 5468 1565 5540 Circa
1581 5468 1919 5540 dormientes
1943 5470 1993 5522 in
2018 5485 2111 5540 sy-

538 5537 662 5591 naxi
692 5537 869 5591 divina
900 5543 1192 5594 monachos
1220 5541 1331 5592 hate
1362 5539 1549 5592 statuit
1575 5537 1631 5591 S.
1658 5537 2021 5593 Culumbanus
2049 5537 2111 5592 in

538 5602 902 5677 P_m_uiteutiali
951 5626 1052 5663 ms.
1089 5629 1103 5663 :
1133 5628 1150 5659 ι
1186 5609 1242 5662 Si
1278 5609 1399 5677 quis
1437 5608 1857 5662 dormieritcum
1900 5619 2106 5673 oratur,

542 5672 895 5771 imque“,
924 5680 1206 5771 duodecim
1238 5672 1473 5748 psalmos
1508 5689 1721 5743 cantet;
1754 5679 1800 5732 si
1846 5695 1957 5733 non
1998 5672 2108 5732 frcé
2136 5727 2145 5771 ᾔ

582 5757 734 5802 nens.
753 5762 847 5800 sex
875 5757 1131 5802 psalmos.

542 5756 734 5810 quens,
753 5762 847 5800 sex
875 5750 1131 5817 psalmos.
1163 5769 1183 5802 ι

613 5812 639 5851 II
675 5811 794 5868 Non
827 5820 1004 5888 vagari
1030 5819 1223 5889 animo.
1248 5821 1304 5874 ιιι
1331 5821 1382 5875 id
1402 5834 1590 5876 omnes
1607 5819 1772 5876 animi
1800 5834 1997 5876 nervos
2036 5819 2114 5876 in-

2219 4625 2496 4694 apcrnistis
2541 4641 2628 4677 vos
2655 4664 2671 4694 _,
2700 4632 2747 4694 et
2776 4638 2896 4694 non
2924 4620 3044 4674 estis
3072 4617 3313 4694 calefacti
3344 4631 3363 4668 :
3406 4631 3458 4671 et
3484 4618 3580 4688 qui
3626 4630 3795 4668 una

2217 4687 2568 4764 congregavit,
2594 4692 2733 4746 misit
2763 4708 2849 4744 eas
2880 4692 2935 4743 in
2954 4687 3221 4743 sacculum
3232 4687 3545 4769 pertusum.
3665 4758 3677 4768 _

2294 4767 2309 4805 ί
2343 4763 2695 4818 Nealiaenter.
2723 4761 2800 4815 lta
2825 4761 2962 4818 apud
2989 4758 3364 4818 Septuaginta.
3400 4759 3640 4818 ἀμελεῖς.
3665 4755 3795 4809 Ida

2294 4778 2309 4805 ι
2343 4774 2695 4835 Negttgenter.
2725 4774 2800 4815 Ita
2825 4774 2962 4831 apud
2989 4774 3364 4828 SethagInta,
3400 4774 3640 4829 ἀμελῶς,
3665 4774 3791 4809 tua

2215 4835 2576 4905 negligenter,
2598 4842 2653 4888 et
2674 4833 2826 4905 _apud
2866 4831 2924 4905 S.
2955 4827 3446 4905 Cynrianum,lib._
3464 4845 3527 4883 III

2216 4898 2314 4959 ad'
2329 4898 2634 4969 Quirinum.
2674 4898 2736 4956 In
2770 4898 3041 4972 νιξινείοιιῤ⁸
3070 4898 3333 4972 jommuni
3363 4938 3378 4961 ,
3413 4898 3792 4972 fraudnlattf.

2289 4971 2302 5025 i
2346 4968 2598 5043 Magnam
2643 4972 2809 5035 nobis,
2841 4981 2946 5026 etc.
2997 4968 3133 5023 lluie
3186 4970 3448 5022 tractatui
3480 4968 3795 5043 _nomen_s.

2212 5036 2497 5115 Augustini
2531 5044 2842 5114 przeligitur,
2877 5050 3194 5115 nontamen
3240 5047 3433 5115 exstat
3479 5039 3635 5115 inter
3679 5036 3799 5090 iis!

2214 5108 2409 5186 Opéra,
2450 5108 2549 5169 nec
2596 5108 2705 5186 ulla
2740 5110 3027 5186 Inentio_ﬁt
3053 5108 3679 5186 inﬂetractationihns,
3717 5118 3798 5160 ne:

2215 5178 2528 5242 recensetur
2566 5188 2618 5239 in
2658 5185 2914 5253 Catalogo
2938 5181 3186 5253 Possidii.
3220 5178 3490 5247 Qumdam
3518 5178 3692 5253 huius

2214 5267 2391 5314 elatus
2416 5274 2539 5327 pars
2567 5263 2742 5327 exstat
2772 5255 2828 5327 in
2853 5251 3006 5308 brevi
3039 5251 3267 5327 qupflatu
3299 5267 3564 5327 sermone
3598 5252 3644 5303 Ε

2213 5318 2497 5401 Gallicani,
2530 5326 2681 5394 cujus
2710 5324 2925 5381 initium
2954 5318 3070 5377 esti
3101 5319 3330 5401 Multum
3358 5321 3561 5375 habent
3584 5318 3807 5374 salubri-

2213 5400 2356 5453 tatis.

2287 5471 2311 5509 Ιι
2346 5467 2562 5548 συνείς.
2589 5466 3176 5548 chchis.curs.tts,‘ut
3210 5462 3449 5548 habetur
3481 5463 3537 5515 in

2214 5555 2461 5595 sermone
2492 5533 2706 5592 Eusebii
2736 5535 3024 5595 Gallicani,
3056 5542 3109 5586 ct
3139 5533 3358 5602 quidem
3386 5533 3813 5589 convenientis

2213 5611 2279 5665 ad
2308 5626 2545 5665 sensum.

2289 5678 2304 5717 ¹
2341 5680 2415 5733 De
2442 5690 2587 5749 parte
2614 5679 2837 5733 hominis
2870 5676 3145 5749 obtinetnr.
3176 5672 3303 5727 Haec
3338 5673 3554 5749 n‘ullum
3578 5682 3815 5749 ἔθυς’

2212 5744 2478 5811 alliciunt;
2514 5749 2606 5803 sed
2638 5749 2768 5818 lege.
2803 5756 2856 5802 ut
2883 5746 2937 5818 in
2968 5759 3213 5818 sermone
3239 5744 3476 5818 praefato
3508 5766 3522 5799 :
3565 5744 3658 5818 De
3679 5754 3814 5818 p13“.

2211 5822 2435 5876 hominis
2463 5813 2714 5887 absentet,
2752 5827 2810 5872 ut
2855 5814 2990 5871 infra
3037 5813 3315 5888 loquitur:
3347 5816 3429 5871 De
3482 5817 3693 5883 templo
3730 5813 3814 5866 bi
