3952 6314
154 270 245 331 921

1091 264 1482 323 CONCORDIA
1519 263 1979 323 REGULABUM.
2019 295 2093 311 —-
2128 262 2281 324 CAP.
2320 263 2487 327 XXV.

3301 281 3407 342 923

151 389 251 444 duo
272 385 348 441 vel
374 392 479 440 tres
510 356 834 455 congregati,
858 382 1127 452 quomodo
1147 382 1463 452 probabitur
1485 395 1713 451 congre-
1739 383 1793 444 Α
1817 368 2067 439 manibus
2094 385 2464 453 apprehendat
2490 404 2504 441 :
2537 385 2584 442 si
2608 402 2704 443 eos
2727 386 2913 446 statim
2945 391 3065 450 sine
3091 407 3243 453 mora
3272 414 3403 470 pro-

150 484 336 551 gatus,
388 475 479 545 qui
530 491 560 529 a
610 474 903 545 semetipso
948 473 1277 545 cogitatione
1320 481 1376 529 et
1428 474 1718 545 vagatione

150 569 414 639 dispersus
450 568 578 622 est?
625 566 691 621 Et
746 565 1018 637 quomodo
1051 565 1160 622 erit
1219 566 1274 621 in
1322 566 1499 623 medio
1530 567 1641 632 tui,
1672 566 1719 623 si

150 666 314 713 tecum
350 666 404 712 tu
438 656 555 727 ipse
578 673 686 712 non
716 656 884 713 lueris
906 658 931 697 9
958 670 984 698 ει
1012 657 1063 711 id
1092 665 1208 723 est,
1242 658 1346 713 illis
1365 699 1379 724 ,
1404 658 1495 729 qui
1520 658 1714 729 poscit,

149 750 404 822 quomodo
450 749 626 804 aderit
658 750 745 805 ille
792 750 885 820 qui
934 750 1238 821 poscitur?
1291 748 1572 817 Quomodo
1602 766 1719 806 sus-

147 840 391 897 citabitur
426 837 592 907 iudex
622 881 637 907 ,
667 841 712 896 si
759 841 1137 897 dormitaverit
1190 843 1523 898 advocatus?
1571 841 1719 912 Opus

144 942 224 988 est
254 933 433 1002 itaque
459 942 518 986 ut
542 934 685 1003 quod
711 934 949 1003 postulat
981 935 1129 990 vocis
1158 950 1347 999 sonus,
1370 934 1614 990 obtineat
1635 950 1715 990 se-

145 1025 374 1081 dulitatis
404 1024 631 1080 allectus
663 1044 676 1079 :
710 1025 924 1081 Revoca
952 1027 1099 1082 intus
1124 1027 1414 1083 sollicitam
1452 1036 1715 1091 mentem,

142 1132 236 1187 per
260 1131 420 1186 quam
471 1132 634 1172 omne
662 1116 990 1173 sacriﬁcium
1016 1117 1212 1173 oﬂ’crre
1237 1127 1290 1173 te
1337 1116 1718 1195 convenit..De

143 1211 334 1278 templo
356 1208 449 1263 Dei
476 1209 761 1263 absentare
788 1224 895 1264 non
918 1209 1170 1264 convenit
1200 1210 1558 1265 sacerdotem.
1589 1208 1716 1264 Hac

141 1315 265 1371 ergo
306 1300 731 1367 considerantes,
761 1301 962 1357 fratres
1003 1301 1335 1367 charissimi,
1368 1302 1718 1372 quotiescun-

140 1409 241 1464 que
261 1393 560 1463 psallimus,
592 1403 686 1449 aut
711 1394 763 1448 in
796 1394 1045 1449 oratione
1066 1395 1493 1464 procumhimus,
1513 1393 1715 1463 iugiter

140 1485 263 1540 illud
285 1484 529 1555 Apostoli
550 1484 954 1541 consideremus
975 1486 1118 1556 quod
1145 1486 1237 1546 ait,
1270 1486 1497 1541 orationi
1520 1486 1716 1540 instan-

138 1588 210 1633 tes
234 1587 280 1633 et
310 1577 574 1648 vigilantes
615 1580 758 1644 inea
795 1577 932 1649 (Col.
962 1579 1059 1647 ιν).
1104 1579 1172 1633 Et
1199 1579 1434 1634 iterum:
1476 1575 1715 1633 Psallam

137 1669 339 1739 spiritu,
362 1669 586 1739 psallam
632 1679 679 1723 et
708 1679 879 1723 mente
906 1668 958 1739 (Ι
988 1666 1112 1723 Cor.
1142 1670 1277 1740 xw).
1333 1668 1390 1724 Si
1441 1670 1586 1725 enim
1622 1677 1716 1724 aut

1812 469 2027 541 iecerit,
2058 489 2259 531 nocere
2284 476 2333 531 ei
2356 477 2494 548 ignis
2522 470 2612 534 ille'
2638 494 2747 534 non
2769 482 2999 551 poterit;
3032 485 3076 539 si
3107 500 3236 541 vero
3273 503 3406 558 qua-

1816 561 2138 635 lemcunque
2160 581 2371 622 moram
2401 569 2672 637 habuerit,
2696 572 2814 628 sine
2834 574 3062 631 vulnere
3077 574 3274 645 jactari
3298 595 3406 637 non

1818 661 2096 725 poterunt.
2144 656 2213 711 Et
2240 658 2368 728 quia
2396 659 2463 714 de
2504 661 2689 717 multis
2721 663 3067 735 negligentiis
3091 682 3197 722 non
3229 669 3406 725 solum

1817 762 1920 802 nos
1946 748 2152 803 minuta
2177 761 2399 820 peccata
2452 754 2537 809 vel
2586 764 2647 811 ut
2702 757 3154 818 circumvolantes
3206 778 3407 820 musca:

1811 835 2013 909 iugiter
2037 840 2356 911 inquietant,
2398 846 2496 901 sed
2528 846 2691 902 etiam
2722 865 2823 905 nos
2870 852 3097 907 crimina
3143 854 3396 925 capitalia

1819 929 1885 983 ad
1900 930 2117 1000 aliquod
2137 933 2334 989 malum
2348 941 2769 1009 perpetrandum
2790 941 3101 1013 frequenter
3123 946 3402 1018 instigant,

1817 1022 1959 1078 sicut
1981 1025 2145 1080 etiam
2171 1042 2330 1097 supra
2357 1032 2599 1101 suggessi
2628 1040 2744 1089 toto
2777 1035 2942 1091 corde
2961 1044 3016 1091 et
3037 1044 3150 1092 toto
3193 1038 3399 1107 animo,

1818 1113 1914 1197 diu
1934 1123 2228 1199 .noctuque
2256 1127 2444 1174 contra
2476 1122 2702 1179 insidias
2758 1124 2987 1191 inimici,
3027 1126 3098 1183 de
3125 1143 3233 1198 quo
3270 1129 3404 1186 scri-

1816 1212 1968 1273 ptum
1997 1212 2082 1261 est
2108 1204 2262 1278 (Αῐη.
2295 1208 2371 1282 vx)
2396 1212 2541 1280 quod
2564 1213 2616 1268 ei
2643 1214 2755 1271 sint

2068 1403 2104 1439 τ.
2153 1401 2170 1417 .
2239 1406 2254 1420 .
2400 1374 2594 1424 nomina
2615 1374 2767 1439 mille,

2005 1427 2139 1480 Mille
2163 1432 2371 1482 nocendi
2403 1442 2555 1498 artes,
2624 1473 2636 1485 .
2711 1427 2766 1495 ,ζ
2803 1474 2817 1488 .
2874 1472 2891 1491 .

1816 1585 2057 1642 pugnare
2095 1576 2311 1633 fortiter
2336 1579 2671 1636 studeamus.
2705 1583 2764 1637 Si
2803 1583 2949 1641 enim
2993 1584 3281 1656 diligenter
3327 1592 3410 1640 at-

1822 1666 2095 1723 tendimus
2138 1672 2499 1729 conscientias
2526 1686 2760 1742 nostras,
2796 1677 3067 1747 spiritales
3096 1678 3169 1732 ibi
3197 1691 3407 1749 pugnas

138 1760 260 1815 dum
286 1760 564 1831 psallimus
586 1769 679 1815 aut
704 1762 833 1815 dum
859 1760 1090 1816 orationi
1121 1761 1443 1826 insistimus,
1491 1760 1716 1816 smcula-
1743 1743 1792 1802 Β
1823 1757 1962 1823 ﬁeri.
1998 1772 2054 1816 et
2078 1765 2376 1821 secundum
2398 1768 2626 1838 apostoli
2653 1767 2807 1823 Pauli
2825 1743 3162 1825 sententiam
3196 1743 3250 1840 ξι
3277 1743 3408 1824 Cor.

137 1869 223 1909 res
274 1854 629 1925 c0gitationes
678 1852 1034 1909 intentionem
1087 1853 1254 1907 animi
1299 1852 1717 1909 nostriasensu

134 1948 325 2004 divinae
348 1947 819 2018 contemplationis
840 1946 1159 2012 avrrterint,
1184 1946 1390 2001 faciunt
1414 1961 1512 2001 nos
1550 1944 1721 2016 capti-

131 2041 213 2095 vis
234 2040 479 2096 sensibus
508 2041 625 2095 sine
649 2039 757 2093 ullo
785 2040 979 2094 anima:
1006 2037 1184 2093 fructu
1213 2040 1321 2094 huc
1345 2039 1577 2110 illucque
1603 2039 1717 2093 dis-

129 2146 368 2188 currere.
397 2132 569 2199 Quam
604 2147 717 2186 rem
762 2131 982 2187 Christo
1028 2132 1325 2187 auxiliante
1365 2132 1475 2187 cito
1515 2132 1719 2201 poteri-

128 2242 254 2282 mus
274 2225 527 2291 evadere,
541 2226 585 2281 si
605 2225 1010 2281 similitudinem
1032 2232 1379 2294 peccatorum
1405 2232 1716 2280 nostrorum

128 2316 462 2372 voluerimus
508 2317 769 2372 attentius
791 2316 1052 2387 cogitare.
1078 2315 1144 2384 ,δε
1180 2316 1323 2370 enim
1352 2331 1453 2385 pro
1478 2316 1718 2387 peccatis

126 2407 352 2473 nostris,
384 2407 438 2462 id
473 2415 577 2472 est,
604 2397 938 2477 quaecunque
974 2405 1115 2460 male
1142 2406 1517 2476 cogitavimus,
1565 2422 1718 2476 qua:-

127 2515 341 2570 cunque
394 2500 594 2571 injuste
646 2498 902 2565 diximus,
937 2515 1061 2555 cum
1098 2500 1302 2570 ingenti
1334 2502 1511 2573 rugitu
1542 2510 1597 2556 et
1630 2516 1719 2573 ge—

127 2593 284 2656 mitu,
310 2592 450 2647 sicut
471 2591 708 2660 expedit,
741 2590 1122 2662 supplicamus,
1150 2591 1509 2661 cogitationes
1529 2607 1719 2663 super-

127 2680 249 2737 ουκ
276 2690 371 2737 aut
396 2698 502 2737 non
530 2682 772 2746 veniunt,
809 2690 903 2737 aut
926 2682 971 2737 si
997 2696 1055 2737 se
1073 2682 1424 2754 ingesserint,
1461 2685 1588 2738 dum
1638 2685 1718 2740 eis

128 2788 234 2827 non
260 2772 560 2843 praebemus
585 2787 889 2838 assensum,
919 2772 1028 2827 cito
1056 2773 1384 2839 erubescunt
1413 2782 1579 2843 atque
1607 2775 1718 2830 dis-

126 2863 345 2918 cedunt.
366 2862 505 2929 Quid
531 2864 675 2918 enim
718 2864 879 2918 homo
903 2864 1144 2934 cogitare
1165 2864 1567 2935 debetquando
1591 2878 1717 2921 cum

128 2954 241 3010 Deo
271 2954 527 3026 loquitur,
562 2957 665 3010 nisi
704 2965 814 3011 tota
853 2959 1151 3014 intentione
1208 2959 1409 3013 mentis
1461 2959 1527 3012 ad
1573 2957 1717 3013 illius

124 3043 549 3099 misericordiam
576 3046 817 3102 intentus
852 3048 1111 3117 aspiciat?
1138 3049 1207 3104 Et
1231 3049 1359 3118 quia
1386 3048 1601 3104 dillicile
1629 3056 1715 3104 est

124 3144 189 3191 ut
240 3136 393 3191 nobis
450 3152 557 3191 non
612 3139 918 3209 subripiunt
961 3140 1159 3210 aliqua:
1212 3140 1591 3210 cogitationes,
1628 3139 1715 3194 vel

128 3240 313 3282 moras
364 3228 566 3284 habere
604 3228 659 3283 in
687 3229 844 3285 nobis
898 3245 1004 3285 non
1040 3231 1445 3301 permittantur.
1499 3229 1715 3303 Cogita-

126 3320 206 3376 tio
233 3322 377 3376 enim
429 3330 524 3376 aut
558 3321 638 3396 _de
666 3322 964 3393 cupiditate
1018 3332 1110 3377 aut
1141 3324 1206 3379 de
1234 3323 1447 3378 luxuria
1491 3323 1716 3378 veniens

123 3413 210 3468 sic
227 3421 313 3469 est
335 3413 600 3485 quomodo
623 3413 670 3469 si
705 3413 901 3482 aliquis
935 3413 1202 3469 carbones
1225 3428 1485 3469 accensos
1511 3413 1566 3466 in
1601 3412 1715 3468 suis

121 3614 407 3670 absentare
440 3630 540 3669 non
571 3617 774 3686 expedit
797 3615 1155 3678 sacerdotem;
1179 3622 1234 3670 et
1260 3630 1451 3671 sensus
1502 3623 1605 3679 est,
1658 3625 1719 3671 ut

120 3701 301 3813 31805,
341 3700 460 3755 qua:
485 3695 568 3741 est
598 3687 836 3743 hominis
864 3702 1012 3758 pars,
1045 3703 1152 3741 non
1205 3687 1349 3742 absit
1385 3688 1454 3741 ab
1495 3687 1718 3743 homine

166 3773 257 3811 um
286 3764 425 3811 orat.
882 3778 885 3779 ν

166 3773 257 3811 um
286 3764 425 3811 orat.
882 3778 885 3779 ⁷

200 3840 225 3867 ι
257 3826 325 3881 Id
355 3837 430 3881 est
453 3827 558 3882 illis
578 3829 669 3900 qui
708 3829 894 3900 poscit.
925 3827 1053 3884 Hmc
1099 3837 1352 3899 corrupta
1396 3839 1538 3890 sunt.
1595 3828 1718 3884 nul-

122 3899 341 3967 liusque
370 3899 751 3972 sensus.'Lege
772 3910 830 3955 ut
858 3900 917 3955 in
964 3914 1215 3955 sermone
1239 3901 1408 3955 citato
1434 3919 1448 3953 :
1489 3900 1549 3955 Si
1576 3900 1718 3956 deest

122 3969 219 4021 ille
241 3970 329 4021 aui
359 3972 543 4021 noscit.

121 3972 219 4024 ille
241 3972 329 4024 aui
359 3972 543 4024 noscit.

200 3987 330 4095 letqlur:
577 4047 683 4096 etc.
715 4040 1038 4112 Perelegans
1076 4056 1208 4098 sane
1249 4041 1504 4112 allegoria
1554 4043 1718 4099 ducta

124 4111 201 4167 ab
236 4111 655 4182 amphitheatro.

207 4193 230 4221 ο
261 4180 501 4236 Erillum
524 4199 682 4253 quant
712 4183 842 4239 silva
867 4182 1113 4253 barbara.
1138 4182 1282 4252 Lege
1314 4202 1327 4237 :
1363 4184 1431 4238 Et
1457 4184 1604 4238 illam
1628 4181 1722 4238 sil-

117 4269 247 4326 uam
274 4252 575 4326 barbaram,
606 4272 786 4326 quam,
813 4264 921 4308 etc.
944 4252 1196 4326 Appellat
1214 4254 1405 4326 silvam
1431 4255 1557 4325 quia
1578 4269 1721 4326 sape

122 4325 186 4380 in
226 4324 627 4395 amphitheatro
656 4334 712 4379 et
742 4325 890 4380 circo
928 4324 1076 4379 silvae
1104 4324 1494 4394 pangebantur,
1522 4325 1574 4379 in
1601 4324 1724 4395 qui-

116 4397 231 4451 bus
268 4394 446 4466 omnis
487 4397 706 4466 generis
737 4394 969 4466 ferarum
997 4396 1341 4466 venationem
1368 4394 1718 4459 exhibebant,

120 4467 309 4536 qualis
339 4464 426 4519 illa
465 4464 532 4536 de
553 4482 657 4535 qua
680 4465 852 4520 Julius
879 4465 1209 4535 Capitolinus
1240 4466 1290 4519 in
1316 4465 1625 4531 Gordianis,
1665 4474 1721 4521 et
1744 4474 1798 4534 Ι)

123 4534 238 4591 alia
264 4537 331 4609 de
352 4551 456 4606 qua
484 4534 703 4609 Flavius
730 4534 996 4609 Yopiscrts
1020 4537 1073 4591 in
1107 4536 1315 4609 Probo;
1350 4547 1514 4609 atque
1552 4539 1716 4592 etiam

119 4607 420 4664 historiam
452 4622 546 4661 seu
598 4606 835 4661 fabulam
897 4607 1383 4676 reprmsentabant,
1424 4606 1485 4663 ut
1536 4609 1721 4664 videre

117 4686 217 4735 est
254 4679 309 4732 in
332 4678 747 4747 Amphitheatre
773 4677 1031 4742 Martial.,
1061 4679 1232 4753 epigr.
1259 4678 1322 4734 21
1358 4697 1373 4733 :

260 4792 509 4854 Quidquid
534 4794 581 4840 in
603 4791 819 4852 Orpheio
843 4791 1039 4853 Rodope
1063 4802 1313 4852 spectasse
1341 4794 1536 4843 theatro

324 4854 383 4903 Di
416 4857 532 4910 itur,
555 4855 796 4913 exliilmit,
817 4854 993 4909 Caesar,
1018 4865 1169 4902 ari-na
1189 4856 1296 4903 tibi.

263 4914 545 4979 Bepserunt
565 4918 772 4975 sromili,
796 4917 1113 4974 mirandaque
1138 4916 1255 4979 silva
1278 4918 1511 4979 rururrit,

332 4977 485 5037 Quale
512 4977 663 5025 fuisse
698 4991 869 5026 nemus
891 4979 1112 5026 creditur
1135 4976 1474 5037 Hesperidum.

264 5041 435 5091 Adfuit
456 5043 726 5089 immixtum
753 5051 801 5101 ps
818 5040 993 5088 cudum
1019 5052 1178 5101 genus
1196 5051 1341 5088 omne
1365 5040 1599 5103 ferarum,
1623 5045 1722 5091 etc.

205 5126 237 5167 ει
284 5123 480 5181 Silvam
511 5122 810 5179 barbaram.
865 5120 947 5177 Ob
975 5120 1288 5176 ell‘usionem
1341 5124 1560 5177 humani
1606 5138 1727 5177 san-

119 5197 340 5272 guinis.
397 5194 793 5272 Cussiodorus,
842 5193 999 5272 lib._v
1046 5192 1172 5272 var.
1201 5231 1217 5253 ,
1258 5193 1417 5262 epist.
1468 5193 1540 5272 Lf}:
1583 5192 1727 5272 ejus-

122 5263 288 5325 r'nodi
338 5263 820 5336 amphitheatrales
866 5263 1022 5336 ludos
1048 5271 1338 5336 et_pugnas
1365 5264 1602 5336 appellat
1639 5265 1724 5318 lu-

118 5341 265 5396 dum
289 5333 588 5400 crudelem,
620 5334 1021 5406 sanguinariam
1037 5333 1389 5402 voluptatem,
1414 5333 1725 5406 religionem

118 5409 386 5477 impiam,
442 5404 742 5477 humanani
785 5404 1301 5477 feritatemaquam
1344 5404 1563 5475 quidem
1586 5406 1726 5462 belle

119 5474 406 5537 describit
431 5474 488 5532 S.
521 5476 823 5548 Cyprianus
851 5476 1074 5546 epistola
1102 5476 1125 5548 l
1139 5515 1152 5527 .

213 5562 240 5590 ο
276 5549 420 5604 Nam
456 5545 679 5601 video'in
711 5545 941 5601 moribus
966 5546 1173 5600 nostris.
1200 5545 1487 5615 Eleganter
1527 5555 1583 5602 et
1625 5562 1724 5617 ap-

118 5621 321 5693 posite
343 5619 998 5698 aimodumhprosequitur
1022 5632 1170 5671 suam
1197 5617 1725 5698 allegoriain,_tliver-

122 5688 333 5748 sarum
364 5701 611 5744 naturam
635 5692 865 5743 ferarum
897 5705 1018 5743 cum
1049 5688 1249 5742 nostris
1278 5688 1420 5741 vitiis
1460 5689 1724 5744 industrie

128 5763 287 5822 satis
341 5775 685 5835 componens,
736 5759 994 5822 Prolusus
1033 5774 1162 5816 sane
1219 5760 1320 5827 fuit
1358 5758 1721 5825 Romanorum

1821 1854 1898 1925 IV)
1946 1858 2315 1925 spectaculum
2361 1858 2475 1914 Deo
2503 1870 2559 1916 et
2592 1861 2796 1931 angelis
2821 1862 2938 1933 eius
2960 1877 3081 1917 esse
3125 1860 3409 1930 cognosci-

1818 1961 1941 2000 mus
1970 1964 1983 2000 :
2025 1959 2081 2003 et
2106 1948 2134 1988 δ
2158 1950 2211 2003 in
2236 1965 2398 2005 arena
2430 1952 2617 2006 mundi
2643 1952 2806 2023 hujus
2848 1960 3038 2008 contra
3067 1953 3248 2008 omnia
3279 1964 3409 2021 pec-

1818 2045 1940 2092 cata
1965 2039 2051 2094 vel
2074 2042 2323 2107 crimina,
2364 2042 2513 2097 velut
2533 2051 2721 2098 contra
2752 2043 3157 2100 crudelissimas
3180 2043 3410 2106 bestias,

1818 2145 1918 2186 nos
1956 2130 2161 2203 iugiter
2187 2150 2428 2205 pugnare
2478 2136 2761 2191 sentimus.
2790 2135 2917 2192 Haec
2960 2137 3106 2191 enim
3142 2136 3237 2207 qui
3288 2132 3414 2189 dili-

1820 2229 2011 2291 genter
2034 2225 2346 2290 attcndcrit,
2370 2226 2486 2295 ipse
2511 2242 2641 2282 suus
2668 2225 2918 2298 aspéctor
2945 2228 3172 2294 assistit,
3196 2234 3250 2283 et
3266 2241 3415 2296 quae-

1811 2310 1942 2372 dam
1972 2313 2173 2369 animae
2208 2329 2319 2370 suae
2361 2316 2592 2371 divortia
2621 2318 2763 2374 inter
2787 2318 2950 2374 utiles
2995 2327 3055 2375 et
3104 2317 3414 2374 contrarias

1816 2400 2125 2458 voluntates
2157 2404 2354 2459 anxius
2376 2420 2589 2477 pugnas
2607 2416 2863 2464 nutantes
2887 2408 3164 2480 inspiciet,
3191 2416 3248 2464 et
3280 2407 3412 2478 quid

1817 2493 2165 2551 eum-deceat
2218 2494 2375 2550 oculo
2409 2496 2668 2553 interiore
2721 2500 3051 2554 considerat.
3093 2498 3410 2569 Diligenter,
3506 2528 3515 2537 ο

1817 2600 2020 2655 quaeso,
2057 2584 2276 2652 fratres,
2303 2588 2566 2644 attendite
2601 2596 2658 2645 et
2699 2592 3013 2660 cognoscite
3054 2590 3181 2661 quia
3210 2590 3265 2646 in
3316 2605 3415 2647 no-

1818 2677 2150 2748 bismetipsis
2192 2679 2456 2736 habemus
2502 2681 2964 2752 amphitheatrum
3005 2681 3271 2754 spiritale,
3295 2692 3318 2722 °
3355 2688 3415 2737 et

1816 2769 1965 2824 illam
1989 2786 2152 2840 quam
2182 2769 2208 2810 (ι
2242 2771 2376 2826 silva
2425 2773 2659 2829 barbara
2708 2775 2763 2829 in
2808 2776 3133 2846 spectaculis
3176 2776 3410 2848 ﬁngunt,

1818 2859 2060 2928 quotidie
2098 2861 2334 2931 patimur
2359 2869 2414 2916 et
2454 2862 2508 2916 in
2541 2863 2746 2923 ambitu
2795 2864 2975 2920 cordis
3037 2866 3232 2921 nostri.
3295 2865 3410 2937 Eg'o

1818 2950 1988 3016 enim,
2012 2948 2235 3016 fratres,
2289 2952 2416 3007 nolo
2449 2953 2863 3026 quibuscunque
2898 2954 3156 3025 iniuriam
3192 2955 3410 3025 facere,

1820 3039 2094 3094 neminem
2114 3039 2332 3111 profero
2347 3045 2718 3113 nuncupatim.
2744 3045 2940 3100 Videat
2961 3046 3335 3117 unusquisque
3355 3046 3414 3101 in

1741 3104 1785 3168 Ο
1818 3131 2203 3186 conscientiam
2233 3147 2387 3187 suam
2410 3104 2546 3204 quid
2568 3136 2823 3206 reperiat.
2858 3147 2880 3174 θ
2910 3133 3046 3190 Nam
3067 3104 3226 3191 video
3247 3104 3416 3191 inter

1815 3223 1944 3279 dum
1975 3224 2029 3278 in
2067 3225 2311 3281 moribus
2341 3227 2542 3283 nostris
2576 3227 2596 3266 ί
2631 3227 2741 3283 iras
2764 3229 2999 3293 leonum,
3025 3229 3078 3283 in
3109 3227 3411 3284 affectioni-

1814 3314 1915 3370 bus
1935 3317 2171 3373 saevitias
2201 3318 2475 3384 ursorum,
2507 3319 2564 3373 in
2609 3329 2816 3385 mente,
2849 3323 2874 3360 ε
2897 3321 3193 3374 varietates
3215 3317 3415 3387 parda-

1815 3422 1958 3474 rum,
1983 3409 2038 3463 in
2090 3410 2321 3464 avaritLa
2365 3410 2719 3479 rapacitatem
2744 3410 3016 3480 luporum,
3069 3410 3125 3463 in
3156 3405 3414 3477 concupi-

1816 3605 1995 3665 luxns.
2027 3605 2119 3675 qui
2159 3605 2214 3659 in
2246 3605 2379 3661 circi
2409 3620 2504 3661 seu
2535 3604 2920 3675 amphitheatri
2945 3619 3171 3660 munera
3227 3602 3408 3675 omnis

1818 3676 2032 3749 generis
2047 3672 2059 3675 ’
2082 3674 2228 3749 feras
2276 3672 3031 3749 undequaqueAexquirebant
3053 3690 3261 3749 {quem
3302 3672 3412 3749 ele-

1853 3756 2008 3801 anter
2028 3747 2317 3801 admodum
2342 3743 2601 3802 describit
2632 3743 2961 3804 Claudianus
2994 3747 3049 3802 in
3078 3743 3411 3816 Panegyrico

1856 3836 1885 3873 c
1907 3816 2051 3872 Malli
2081 3818 2353 3874 Theodori
2381 3819 2669 3874 consulatu
2699 3837 2713 3872 :

1944 3929 2251 3979 Conveniunt
2275 3930 2399 3991 ursi,
2420 3943 2593 3987 magna
2618 3943 2740 3992 quos
2763 3929 2894 3979 mole
2927 3936 3134 3981 ruentes

1942 3992 2100 4042 Tom
2128 3992 2386 4051 Lycaoniis
2408 3991 2576 4041 Helice
2600 3991 2806 4041 miratur
2833 3994 2889 4049 in
2910 3994 3072 4051 astris.

1945 4054 2032 4103 Pe.
2051 4057 2263 4104 Iussique
2289 4059 2438 4104 ruunt
2462 4057 2639 4114 populo
2660 4056 2870 4103 mirante
2895 4053 3069 4103 leones

1942 4118 2123 4173 Quales
2150 4115 2410 4178 Mygdonio
2429 4129 2577 4166 curru
2604 4116 2823 4165 frenasse
2846 4115 3053 4178 Cybelle

1943 4178 2111 4247 that,
2136 4186 2183 4247 et
2214 4176 2277 4247 l-lot
2294 4179 2449 4247 rrulei
2476 4176 2911 4247 malleutl'regisse
2936 4179 3128 4247 lacerti.
3156 4228 3159 4231 ,

1943 4239 2096 4288 Obvia
2123 4241 2339 4288 fulminei
2361 4249 2621 4302 properant
2644 4240 2702 4287 ad
2729 4239 2938 4302 vulnera»
2955 4239 3094 4295 pardi

1945 4302 2146 4349 Semina
2175 4300 2413 4361 permislo
2438 4304 2595 4361 geniti
2616 4314 2629 4349 :
2650 4315 2761 4351 cum
2782 4300 2906 4350 forte
2929 4300 3100 4349 leaenis

1943 4361 2106 4411 Νηιιηὶ
2124 4380 2127 4383 π
2144 4378 2249 4409 rem
2269 4371 2463 4411 uti-rum
2490 4363 2659 4411 viridis
2681 4365 2897 4422 corrupit
2918 4362 3110 4409 adulter

1943 4422 2004 4473 If-
2024 4425 2225 4473 maculis
2244 4432 2409 4481 patres
2431 4425 2655 4473 referunt
2680 4432 2734 4472 et
2756 4423 2932 4470 robore
2956 4428 3159 4470 matres.

1946 4486 2193 4545 Quidun
2220 4484 2541 4535 itioirstril'eris
2560 4486 2713 4533 nutrit
2730 4482 2922 4545 (it-iulia
2946 4482 3145 4543 campis,

1945 4541 2118 4608 Alpina
2138 4549 2374 4608 quidquid
2399 4549 2585 4608 tegitur
2611 4546 2723 4608 nive
2749 4558 2762 4593 :
2790 4541 2968 4593 Gallica
2988 4544 3030 4591 si
3056 4541 3171 4606 quid

1945 4607 2073 4659 Sura
2098 4618 2259 4669 ιμιιει,
2282 4610 2441 4666 jaceat
2461 4622 2475 4658 :
2499 4607 2638 4668 largo
2659 4607 2865 4655 ditescat
2891 4616 3038 4669 z-rens

1944 4673 2212 4734 Sanguine,
2236 4665 2521 4721 coiisumant
2546 4665 2675 4720 totos
2693 4665 2973 4731 spectacula
2993 4672 3205 4719 montes.

1740 4814 1751 4819 -
1822 4744 1956 4834 Vide
1981 4777 2369 4847 Capitolinum,
2392 4783 2446 4831 et
2475 4773 2800 4847 Trebellium
2830 4774 3232 4847 supragcitatos.

1900 4849 1918 4888 ί
1956 4844 2074 4901 Ιναὲ
2099 4847 2330 4912 leonum,
2353 4859 2459 4902 etc.
2487 4846 2564 4902 Ita
2592 4845 2870 4914 eleganter
2897 4844 2954 4899 S.
2984 4844 3407 4915 Chrysostomus

1823 4933 2076 4977 sermone
2106 4918 2140 4972 6
2168 4919 2220 4973 in
2253 4917 2297 4973 Il
2341 4919 2409 4972 ad
2439 4916 2565 4973 Cor.
2597 4936 2611 4972 :
2638 4919 2786 4973 Πόθεν
2806 4913 3308 4986 δυνήσομαί-μαθεῖη
3326 4913 3405 4971 ὅτι

1822 4993 2006 5063 ψυχὴν
2044 4988 2189 5059 ἔχεις
2236 4992 2527 5068 ἆνᾷρώςιτοη,
2562 4987 2684 5068 ὄτςν
2729 4971 3059 5068 laurigeri»;
3107 4971 3229 5068 gum,
3282 4984 3403 5041 ὅταν

1825 5056 2134 5135 iiuna-mani;
2180 5064 2249 5121 ὡς
2269 5056 2339 5114 αἶ’
2359 5061 2600 5135 ξςὸιμ.ηλ‹ηζ
2627 5058 2758 5135 ὅτανΔ
2784 5057 2982 5135 δάκνῃς.
3006 5060 3072 5119 ὡς
3091 5056 3175 5135 ἀξ-
3201 5056 3400 5135 aput-0t.

1829 5127 1950 5188 ὅταν
1977 5127 2288 5202 ἁρτᾶζῃςγὼς
2325 5133 2532 5202 οελύκρι,
2572 5129 2692 5202 (irai:
2718 5127 2929 5201 κλέπτῃέ
2952 5129 3021 5188 ὡς
3048 5128 3103 5182 al
3128 5127 3402 5202 ἀλῳᾶτέπςις,

1828 5205 1954 5262 ὅταν
1976 5200 2261 5279 δολερὸςλῇς
2289 5206 2358 5263 ὡς
2386 5204 2431 5256 οἱ
2457 5200 2617 5279 ἔφης,
2641 5200 2762 5279 ὅταγ
2786 5200 3147 5279 ὅξνάισχυνδτῆς
3175 5201 3244 5279 ὡί
3268 5200 3403 5279 acuant

1824 5277 1880 5331 ld
1905 5284 2008 5339 cst,
2028 5294 2046 5325 ί
2069 5268 2220 5330 Unde
2237 5283 2423 5342 potero
2437 5268 2644 5327 discere
2669 5279 2721 5342 te
2739 5270 2938 5342 habere
2967 5268 3202 5342 animam
3228 5268 3404 5342 homi-

1825 5348 1930 5410 nis,
1954 5337 2076 5401 cum
2100 5337 2415 5401 recal'citres
2441 5348 2500 5397 ’ut
2546 5341 2701 5400 asini.
2739 5337 2957 5410 injurize
2995 5337 3296 5410 recorderis
3343 5348 3405 5410 ut

1826 5406 2042 5481 cameli,
2068 5416 2315 5471 mordeas
2342 5425 2402 5469 ut
2428 5413 2562 5479 ursi,
2581 5411 2759 5480 rapias
2779 5420 2837 5462 ut
2856 5408 2984 5479 lupi,
3000 5406 3194 5464 lureris
3210 5408 3406 5481 utvul-

1823 5477 2054 5558 pes,_sis
2084 5487 2304 5542 dolosus
2340 5495 2402 5558 ut
2425 5477 2729 5558 serpentes,
2757 5477 3040 5558 impudens
3066 5488 3125 5534 ut
3154 5477 3343 5534 canis?
3374 5496 3399 5536 ι

1893 5561 1918 5599 Β
1941 5549 2246 5612 ναι-ἱεραῖσι
2270 5549 2574 5627 pardoruin.
2606 5549 2961 5606 Claudianus:

2040 5670 2103 5720 Hi
2130 5669 2331 5719 maculis
2355 5663 2779 5729 patrcsreferuut.
2843 5697 2862 5716 .
2918 5694 2945 5714 ο
3003 5695 3021 5715 ο

1826 5755 1961 5811 Vide
1988 5753 2243 5819 Plinium,
2269 5751 2361 5805 lib.
2388 5766 2481 5814 vn,
2516 5762 2635 5819 cap.
2664 5745 2751 5806 17.
