3952 6314
508 292 614 357 927

1010 407 1038 481 §
1074 407 1214 465 XVI.
1226 438 1297 449 —
1317 406 1594 477 Ejusdem.

578 504 796 560 Puritas
826 503 1006 559 cordis
1030 501 1213 557 omnia
1240 500 1369 554 vitia
1404 499 1643 554 excludit
1664 540 1679 565 ,
1707 514 1900 555 omnes
1923 499 2096 554 virtu-

511 607 592 654 tes
614 598 828 653 obtinet
846 618 857 650 :
875 594 1109 649 Lartetur
1124 610 1215 648 cor
1240 593 1586 665 qaazrentium
1608 590 1892 647 Dominum
1916 589 2090 664 (Psal.

509 687 640 763 CIV).
677 689 814 758 Quia
860 689 935 743 ibi
984 695 1067 743 est
1107 684 1474 741 habitaculum
1521 683 1757 754 Spiritus
1797 684 1970 740 sancti
2000 682 2093 739 ubi

508 783 680 840 fuerit
721 784 927 854 puritas
969 782 1170 838 cordis.
1219 780 1392 847 Quam
1428 780 1685 834 virtutem
1733 779 1825 849 qui
1854 778 2094 833 voluerit

510 877 775 943 obtinere,
810 891 836 918 ι
870 876 1004 932 nihil
1036 884 1237 947 praeter
1271 873 1418 945 quod
1456 873 1524 928 de
1548 872 1658 927 Deo
1681 872 1970 943 cogitavit,
2000 878 2095 925 aut

510 968 769 1040 loquitur,
815 968 1098 1023 evidenter
1147 967 1368 1021 scimus.
1414 964 1569 1032 Quod
1617 964 1662 1018 si
1706 963 1790 1018 vel
1835 972 2093 1034 punctum

512 1059 659 1115 horae
685 1057 964 1115 meditatio
1001 1057 1096 1111 Dei
1123 1055 1434 1112 discesserit
1454 1055 1685 1120 ,statim
1714 1055 1967 1110 inimicus
2002 1055 2097 1110 ad-

510 1151 634 1205 erit.
670 1149 823 1218 Quod
850 1148 1006 1205 valde
1031 1148 1384 1204 devitandum
1424 1157 1527 1203 est.
1559 1147 1627 1202 Et
1668 1148 1933 1218 scriptum
1963 1157 2047 1203 est
2076 1165 2091 1202 :

510 1244 841 1299 Abominatio
877 1254 951 1300 est
993 1244 1220 1299 Domino
1269 1246 1515 1316 cogitatio
1543 1245 1725 1315 iniqua
1771 1242 1933 1317 (Prov
1981 1245 2093 1318 xv).

507 1338 763 1409 Ideoque,
788 1341 916 1410 quia
943 1340 1167 1399 omnino
1204 1354 1359 1393 mens
1390 1339 1624 1392 humana
1645 1338 1819 1392 otiosa
1840 1354 1959 1393 esse.
1990 1354 2098 1393 non

508 1440 706 1503 potest,
738 1433 764 1474 δ
796 1432 920 1489 talis
949 1435 1020 1489 sit
1048 1433 1347 1498 meditatio,
1371 1446 1491 1502 qua:
1512 1447 1620 1487 non
1647 1430 1876 1488 fetorem
1909 1431 2096 1499 faciat,

496 1523 607 1579 sed
634 1524 706 1580 sit
729 1526 904 1581 bonus
934 1526 1071 1582 odor
1096 1525 1316 1582 Christi.

649 1659 677 1732 §
710 1659 869 1716 XVII.
894 1661 1067 1717 —Ex
1105 1661 1324 1718 ΒεουιΑ
1360 1661 1628 1719 ΜΑϐιςτιιι
1670 1662 1809 1734 (cap.
1848 1660 1960 1732 47).

590 1806 614 1835 ο
652 1795 825 1850 Tanta
852 1797 1014 1852 debet
1050 1812 1172 1853 esse
1207 1798 1526 1853 reverentia:
1558 1795 1798 1867 gravitas
1827 1794 1912 1849 vel
1942 1792 2104 1848 disci-
2132 1783 2178 1841 B

514 1887 660 1959 plina
682 1887 971 1959 psallendi,
995 1898 1049 1944 ut
1077 1890 1361 1945 amabilius
1387 1906 1417 1944 a
1444 1890 1672 1945 Domino
1702 1903 1869 1959 quam
1891 1904 1921 1942 a
1942 1887 2102 1943 nobis

514 1977 733 2045 dicitur,
762 1980 1033 2035 audiatur.
1068 1980 1220 2036 Sicut
1249 1981 1323 2035 ait
1356 1980 1637 2051 Scriptura
1663 1997 1678 2034 :
1713 1980 1906 2034 Exitus
1937 1988 2108 2033 mata-

514 2075 615 2129 tini
656 2085 707 2129 et
747 2093 953 2146 vespere
979 2074 1005 2115 ἀ
1035 2076 1375 2130 delectaberis
1424 2073 1597 2145 (Psal.
1632 2075 1797 2145 LXIV).
1830 2076 1896 2130 Et
1937 2075 2104 2129 item:

519 2178 542 2206 ο
581 2165 721 2223 Bene
739 2167 949 2239 psallite
977 2167 1025 2221 ei
1049 2168 1105 2221 in
1122 2166 1459 2237 jubilatione,
1483 2167 1609 2238 quia
1637 2177 1807 2221 rectus
1831 2177 1907 2221 est
1937 2183 2107 2221 sermo

514 2255 728 2312 Domini
758 2257 932 2330 (Psal.
966 2261 1165 2321 xxx”).
1201 2258 1267 2313 Et
1299 2258 1429 2313 item
1458 2277 1470 2311 :
1505 2256 1785 2312 Easultate
1808 2259 1855 2311 ei
1885 2275 2003 2311 cum
2041 2257 2109 2309 ti—

513 2366 658 2404 more
688 2348 861 2420 (Psal.
891 2349 977 2417 ιι).
996 2350 1065 2405 Et
1096 2352 1223 2406 item
1251 2369 1264 2404 :
1300 2348 1320 2388 ί
1348 2349 1570 2403 Psallite
1596 2349 1822 2404 Domino
1846 2350 2110 2420 sapienter

514 2440 692 2514 (Psal.
714 2442 882 2515 XLVI).
916 2443 1061 2514 Ergo
1086 2444 1132 2498 si
1164 2443 1443 2513 sapienter
1474 2449 1529 2496 et
1557 2457 1681 2496 cum
1711 2442 1908 2497 timore
1949 2439 2108 2509 jubet

517 2535 708 2606 psalli,
744 2546 962 2609 oportet
1008 2536 1329 2608 psallentem
1376 2535 1640 2591 immobili
1685 2536 1867 2599 corde,
1902 2537 1928 2575 ³
1957 2535 2111 2591 incli-

517 2640 650 2687 nato
672 2647 903 2702 corpore
933 2641 1110 2694 stare,
1139 2640 1193 2686 et
1227 2630 1417 2686 laudes
1450 2630 1680 2686 Domino
1713 2632 1991 2687 moderate
2020 2648 2111 2688 ca-

517 2737 681 2778 nere:
705 2723 905 2793 quippe
930 2722 1019 2792 qui
1048 2715 1411 2778 ministérium
1434 2740 1589 2778 suutn
1614 2731 1736 2778 ante
1762 2723 2109 2779 Divinitatem

518 2814 739 2886 implet,
785 2817 1016 2873 docente
1064 2816 1166 2873 hoc
1199 2816 1504 2887 Propheta,
1529 2834 1654 2873 cum
1685 2818 1818 2873 dicit
1845 2837 1858 2872 ε
1892 2819 1960 2873 In
1991 2836 2113 2874 con-

519 2918 698 2978 spectu
728 2910 1032 2979 angelorum
1062 2908 1288 2980 psallam
1333 2910 1426 2964 tibi
1459 2907 1633 2982 (Psal.
1673 2908 1939 2980 cxxxvn).
1975 2910 2110 2964 Nam

518 2998 865 3053 considerare
894 2986 1077 3064 debet,
1107 3001 1201 3069 qui
1230 3000 1433 3070 psallit,
1464 3016 1704 3071 semper,
1735 3017 1805 3057 ne
1834 3001 1963 3056 alibi
1988 3018 2110 3057 sen-

520 3102 614 3144 sus
642 3088 760 3157 ejus
793 3090 1078 3161 demigret.
1120 3090 1232 3159 Ne,
1270 3108 1393 3148 cum
1425 3093 1479 3147 in
1521 3093 1682 3147 aliam
1719 3093 2105 3164 cogitationem

590 3223 800 3299 ‘_Nt'hil
815 3237 1008 3299 printer
1026 3227 1186 3299 quod.
1218 3227 1386 3299 Lege,
1408 3226 1549 3299 quod
1581 3227 1713 3282 nihil
1732 3236 1923 3298 prwter
1949 3244 2108 3299 quam

519 3293 724 3368 debeo
740 3293 1015 3368 cogitabit,
1038 3293 1132 3351 aut
1159 3293 1431 3366 loquetur,
1445 3311 1549 3354 etc.

592 3364 792 3441 {Talis
810 3364 889 3423 'sit
913 3369 1205 3432 meditatio,
1226 3364 1346 3441 etc.
1374 3368 1509 3425 Nam
1550 3369 1692 3424 bona
1728 3371 1985 3441 cogitatio
2015 3386 2112 3427 seu

519 3437 801 3513 meditatio
828 3447 915 3495 est
938 3441 1262 3513 innocentia:
1283 3440 1405 3513 fons
1430 3449 1505 3513 et_
1519 3437 1823 3513 scaturigo,
1855 3443 1964 3513 itno
1992 3443 2111 3513 ipsa

521 3505 858 3596 innocentiaz
884 3521 940 3596 ιιι
966 3520 1048 3565 est
1076 3511 1132 3565 in
1161 3512 1442 3593 responsis
1467 3505 1820 3583 Cariliphi'dis
1846 3532 1857 3566 :
1888 3505 2111 3579 Qaw’sit
2138 3589 2144 3596 ι

519 3576 858 3651 innocentia?
876 3579 1034 3651 Bona
1057 3576 1324 3651 cogitatio.

593 3658 622 3728 ξ
654 3647 823 3728 Tanta
849 3650 996 3705 debet
1019 3647 1151 3728 esse,
1167 3660 1273 3706 ctc.
1300 3651 1543 3708 Habetur
1564 3655 1620 3709 in
1638 3655 1845 3728 Regula
1865 3655 2109 3727 Magistri

522 3718 645 3790 cod.
664 3720 864 3790 _Corb.,
901 3737 1018 3790 cap.
1042 3721 1130 3774 47.

592 3788 620 3829 ά
650 3788 1025 3868 Qelectaberis.
1057 3791 1134 3868 Ita
1164 3791 1218 3868 in
1245 3791 1412 3868 Psalt.
1445 3794 1603 3868 Rom.
1622 3797 1766 3868 #Vide
1798 3813 1985 3868 supra.

597 3870 621 3897 ο
655 3859 792 3915 Bene
830 3860 1039 3933 psallite
1080 3862 1130 3933 ei
1158 3860 1213 3914 in
1244 3863 1579 3933 jubilatione.
1621 3866 1699 3920 lta
1749 3869 1804 3923 in
1849 3859 2112 3923 Psalteno

523 3928 789 4007 Romano.
824 3928 976 4007 Apud
1001 3929 1060 4007 S.
1087 3928 1491 4007 Hieronymum.
1517 3937 1573 4007 in
1609 3936 1806 4007 jabilo.
1828 3938 1984 4007 Apud
2011 3937 2111 3993 Se-

521 4001 823 4122 gtutitﬁiinta,
852 4004 899 4054 tv
926 4002 1228 4091 ἁλοελαγμῶ,
1258 4001 1320 4084 id.
1334 4014 1440 4068 est,
1458 4006 1513 4059 in
1538 4001 1889 4091 jubilationeg
1904 4007 2111 4063 Glossae

569 4082 632 4122 ΥΡ
730 4110 743 4122 .
772 4072 1086 4122 ululantum.
1113 4058 1374 4122 tubtlatm.
1406 4075 1594 4122 νει-ειη
1619 4091 1924 4122 cnmmnme
1948 4080 2111 4122 habet

567 4058 743 4139 yriﬁi:
772 4058 1086 4145 ἀλαλαγμὸς,
1101 4058 1385 4143 :i'ubilatio.
1406 4058 1594 4130 versit)

1509 288 1568 349 Β.
1604 284 1964 347 BENEDICTI
2000 284 2291 346 ABBATIS
2327 289 2739 347 ANlANENSlS

3689 301 3795 357 923

2116 411 2167 470 Α
2193 422 2383 466 sensus
2403 420 2588 466 noster
2605 409 2941 481 migraverit,
2968 411 3037 467 de
3060 412 3218 468 nobis
3236 412 3547 469 dicatDeus
3573 432 3591 468 :
3619 413 3799 487 Ρορι.

2199 503 2283 558 lus
2312 506 2409 559 iste
2434 504 2587 560 labiis
2614 521 2695 559 me
2719 506 2974 571 honorat,
3005 522 3098 561 cor
3119 518 3292 562 autem
3320 524 3508 563 eorum
3544 508 3706 581 longe
3726 523 3799 569 αι

2199 617 2232 654 a
2256 616 2336 653 me
2368 598 2503 668 (Isa.
2531 616 2594 664 ιι,
2619 598 2696 672 9).
2729 598 2798 655 Ει
2826 599 2957 656 item
2986 600 3054 656 de
3081 602 3239 657 nobis
3281 603 3499 657 dicatur
3524 621 3539 656 :
3576 602 3689 659 Ore
3710 623 3799 664 suo

2202 693 2565 747 benedicebant
2585 734 2600 759 ,
2630 703 2678 747 et
2704 694 2865 748 corde
2898 712 2995 749 suo
3032 695 3410 750 maledicebant
3442 693 3639 768 (Psal.
3673 700 3794 769 ut).

2201 785 2300 851 Ne,
2334 801 2458 840 cum
2507 786 2560 840 in
2607 785 2717 842 sola
2758 786 2942 858 lingua
2993 788 3159 843 Deum
3210 788 3539 854 laudamus,
3591 790 3651 843 in
3696 792 3795 847 sub

2200 878 2230 918 ιι
2263 880 2410 950 regia
2446 880 2559 933 oris
2590 879 2763 934 nostri
2800 879 2967 934 Deum
3004 881 3387 944 admittamus;
3428 881 3594 935 intus
3626 882 3683 934 in
3710 883 3792 937 do-

2202 989 2349 1028 mum
2380 972 2563 1027 cordis
2594 971 2960 1027 introductum
2984 971 3256 1027 diabolum
3286 974 3300 1011 ί
3326 972 3681 1028 collocemus
3703 974 3794 1029 for-

2202 1063 2414 1118 tiorem.
2438 1061 2520 1116 Ab
2543 1061 2920 1117 introducente
2939 1060 3234 1129 judicatur,
3262 1064 3354 1132 qui
3389 1064 3553 1118 intus
3578 1065 3793 1134 ingredi-

2202 1164 2307 1219 tur,
2342 1170 2503 1225 qttam
2530 1154 2620 1223 qui
2658 1152 2794 1210 foris
2820 1163 3118 1224 exspectat.
3151 1155 3294 1227 Ergo
3320 1156 3393 1211 ad
3420 1164 3652 1210 tantum
3673 1162 3793 1214 etad

2203 1247 2312 1303 tale
2340 1246 2574 1303 ollicium
2598 1263 2695 1302 cor
2727 1248 2933 1318 pariter
2959 1264 3084 1303 cum
3122 1248 3302 1316 lingua
3341 1249 3659 1303 conveniat
3694 1266 3792 1305 cna

2204 1341 2400 1395 timore
2428 1339 2660 1395 Domino
2691 1340 3066 1409 quotidianum
3105 1341 3349 1396 debitum
3388 1342 3788 1397 redhibere!)

2206 1441 2357 1489 notet
2383 1432 2486 1488 sibi
2515 1431 2570 1486 in
2597 1432 2757 1486 corde
2788 1432 2879 1500 qui
2900 1431 3081 1501 psallit
3100 1433 3169 1487 ad
3193 1431 3408 1503 singula
3436 1434 3643 1487 omnia
3672 1445 3793 1488 testi-

2207 1525 2387 1581 monia
2432 1538 2553 1592 quae
2600 1522 2884 1589 dicit..Qui
2926 1522 3118 1593 singuli
3162 1539 3390 1589 versus,
3441 1526 3493 1579 si
3538 1535 3789 1591 notentur,

2207 1614 2499 1687 proﬁciunt
2525 1613 2720 1668 anima:
2747 1614 2815 1669 ad
2851 1613 3115 1680 salutem;
3139 1624 3196 1670 et
3227 1616 3281 1670 in
3311 1617 3401 1671 eis
3436 1624 3634 1672 totum
3669 1620 3790 1671 inve-

2210 1711 2357 1765 nitur
2371 1708 2511 1779 quod
2535 1707 2817 1777 quaeritur,
2831 1706 2957 1775 quia
2982 1707 3165 1760 omnia
3185 1705 3255 1760 ad
3274 1707 3711 1763 aediﬁcationem
3725 1709 3787 1762 b-

2207 1800 2391 1871 quitur
2422 1799 2683 1870 psalmus,
2708 1798 2921 1853 dicente
2948 1796 3217 1868 Propheta
3243 1814 3258 1852 :
3294 1798 3559 1853 Psallam
3591 1810 3639 1852 et
3675 1800 3790 1852 intel-

2206 1893 2367 1964 ligam
2400 1893 2456 1945 in
2482 1893 2565 1946 via
2590 1888 2955 1956 immaculata,
2975 1890 3188 1960 quando
3219 1892 3395 1944 uenies
3434 1891 3511 1943 ad
3541 1908 3631 1945 me
3650 1890 3788 1962 (Psd.

2206 1986 2280 2059 c).
2306 1984 2460 2053 Quod
2489 1993 2646 2039 sonat
2673 1985 2730 2039 in
2759 1999 2911 2048 voce,
2940 1985 3115 2053 ipsum
3151 1985 3226 2038 sit
3263 1984 3318 2038 in
3364 1994 3572 2039 mente
3596 1986 3793 2055 psallen-

2210 2078 2297 2133 tis.
2333 2076 2632 2132 Psallamus
2674 2092 2804 2143 ergo
2847 2090 2979 2132 voce
3013 2085 3069 2131 et
3103 2087 3288 2131 mente
3313 2078 3792 2142 cornmuniter,di-

2209 2180 2366 2225 cente
2393 2169 2651 2240 Apostolo
2678 2187 2690 2222 :
2721 2166 2958 2223 Psallam
2995 2170 3220 2239 spiritu,
3262 2168 3505 2239 psallam
3559 2180 3612 2225 et
3654 2180 3789 2225 meat:

2210 2259 2261 2333 (Ι
2293 2258 2417 2315 Cor.
2465 2259 2600 2331 XIV).
2644 2258 2760 2313 Non
2793 2259 2967 2314 solum
3004 2260 3250 2324 vocibus,
3307 2261 3407 2314 sed
3456 2269 3517 2314 et
3561 2262 3720 2316 corde
3740 2260 3791 2312 ad

2210 2352 2496 2408 Dominum
2518 2350 2768 2406 clamate.
2790 2348 3099 2405 Cavendum
3118 2366 3356 2420 namque
3382 2360 3496 2415 est,
3524 2368 3650 2407 cum
3667 2352 3792 2422 psal-

2207 2445 2361 2512 litur,
2389 2461 2457 2500 ne
2478 2443 2735 2512 frequens
2760 2443 2924 2498 tussis
2943 2450 3035 2496 aut
3055 2442 3333 2498 anhelitus
3356 2444 3604 2513 prolixus
3627 2444 3794 2498 abun-

2210 2538 2324 2603 det,
2366 2546 2463 2591 aut
2502 2535 2798 2592 salivarum
2826 2543 3114 2591 excreatus
3146 2551 3176 2589 a
3198 2535 3479 2605 psallente
3516 2540 3700 2589 tuante
3720 2533 3800 2601 ia-

2211 2638 2428 2685 ctentur
2452 2646 2464 2682 :
2495 2628 2591 2683 sed
2620 2629 2819 2683 debere
2856 2626 3078 2682 fratrem
3106 2636 3231 2697 post
3254 2642 3317 2681 se
3345 2627 3655 2697 projicere;
3684 2626 3795 2696 quia

2211 2722 2389 2792 angeli
2413 2729 2540 2777 ante
2566 2719 2859 2790 psallentes
2886 2722 3148 2775 docentur
3181 2732 3349 2786 stare,
3377 2736 3511 2774 cum
3532 2721 3666 2774 dicit
3684 2718 3796 2773 Pro-

2209 2814 2413 2885 pheta:
2452 2812 2519 2867 In
2558 2824 2834 2882 conspecta
2878 2812 3186 2882 angelorum
3214 2812 3449 2881 psallam
3497 2814 3599 2866 tibi
3641 2809 3795 2879 (Pal.

2211 2905 2477 2977 cxxxvn).
2507 2905 2640 2959 Cum
2676 2905 2789 2960 haec
2828 2918 2958 2975 ergo
3001 2903 3184 2958 omnia
3222 2903 3633 2973 impedimenta
3674 2900 3798 2971 pssi-

2210 2999 2446 3055 lentibus
2479 3015 2510 3054 a
2547 2999 2761 3054 diabolo
2798 2997 3000 3052 fuerint
3030 2998 3362 3063 ministrata,
3388 3012 3524 3051 mox
3551 2997 3661 3052 sibi
3681 3036 3697 3061 ,
3719 2992 3800 3063 ιιιιὶ

2211 3094 2415 3166 psallit,
2442 3096 2619 3166 signet
2642 3109 2707 3150 os
2737 3092 2752 3144 ἱ
2789 3090 2995 3149 Christi
3021 3090 3219 3163 sigillo.

2208 3233 2263 3287 in
2288 3231 2674 3303 vociferatione.

2287 3303 2303 3341 ί
2343 3298 2566 3358 Psallite
2595 3301 2840 3356 Domino.
2874 3300 2952 3355 lta
2987 3298 3040 3354 in
3074 3298 3284 3371 Regula
3317 3314 3409 3354 ms.
3444 3299 3563 3354 md.
3601 3298 3805 3364 Cod»;

2210 3373 2305 3430 sed
2338 3374 2399 3432 τό
2432 3372 2658 3427 Domino
2689 3372 2895 3427 addidit
2922 3371 3197 3441 Magister.

2282 3455 2306 3492 ε
2344 3445 2610 3500 Inclinato
2648 3458 2884 3513 corpore.
2913 3437 3087 3513 Lege,
3128 3440 3380 3495 inclinato
3418 3439 3615 3509 capite,
3654 3446 3723 3494 ut.
3752 3437 3807 3494 il

2209 3516 2332 3571 cod.
2357 3514 2526 3570 Corn.
2553 3524 2610 3585 et
2635 3512 2777 3585 apud
2805 3512 3188 3585 Smaragdum.

2281 3587 2311 3626 ιι
2343 3586 2524 3655 Regia.
2559 3584 2617 3639 Id
2642 3582 2726 3640 est
2752 3582 2940 3651 janua.

2291 3656 2307 3696 ί
2344 3653 2671 3726 collocemus
2695 3656 2986 3726 fortiorem.
3028 3655 3207 3710 Locus
3242 3653 3502 3726 mutilus,
3535 3654 3621 3709 ita

2213 3727 2447 3787 tuendus
2466 3741 2535 3780 ex
2566 3724 2863 3795 Smaragdo
2895 3742 2908 3778 :
2946 3744 2965 3776 ι
3004 3726 3071 3779 Ει
3105 3729 3248 3779 intus
3279 3725 3335 3777 in
3366 3725 3603 3795 domum
3643 3725 3800 3779 σοτῶ

2216 3799 2386 3856 nostri
2427 3794 2797 3851 introductum
2837 3796 3109 3850 diabolum
3134 3794 3473 3850 collocemus
3506 3794 3794 3850 fodiam.

2212 3867 2434 3924 Fortior
2478 3867 2623 3921 enim
2672 3868 2743 3922 ab
2789 3867 3165 3921 introducente
3199 3864 3510 3934 judicatur,
3552 3887 3576 3918 ι
3619 3876 3721 3921 etc.
3746 3862 3797 3919 Et

2217 3954 2411 3995 sensus
2436 3937 2617 3992 clarus
2639 3946 2743 3991 est.

2290 4007 2304 4060 i
2344 4005 2543 4064 Christi
2564 4007 2759 4079 sigillo.
2789 4007 2847 4063 ld
2874 4016 2981 4073 est,
3008 4007 3163 4078 signo
3196 4007 3396 4062 crucis.

1256 4206 3791 4238 .._____________________________—_______——_—_—___d

1813 4326 2154 4404 CAPUT
2208 4276 2487 4407 XXVI.

1660 4506 1762 4575 DE,
1791 4505 2237 4564 REVERENTIA
2274 4504 2665 4563 ORATIONlS.

754 4733 859 4807 g1.
883 4735 1053 4791 —Ex
1089 4737 1314 4794 Rasum
1351 4754 1539 4797 SANCTI
1572 4739 1892 4795 Bsunntc'n.

600 4835 628 4866 ι
668 4822 761 4892 Si,
797 4841 921 4881 cum
956 4827 1268 4885 hominibus
1308 4830 1621 4901 potentibus
1647 4828 1893 4885 \olumus
1935 4829 2115 4902 aliqua

602 4994 630 5023 ι
659 4978 741 5047 Si,
766 4998 886 5037 cum
906 4984 1226 5051 hominibus,
1248 4995 1356 5042 etc.
1381 4985 1536 5040 Hunc
1560 4984 1736 5040 locum
1764 4985 1897 5040 citat
1919 4983 1977 5040 S.
2005 4985 2115 5041 Eli-

532 5052 961 5125 giusiepiscopus
996 5055 1404 5119 Noviomensis,
1434 5055 1620 5109 homil.
1654 5056 1726 5111 9:
1756 5075 1774 5106 ι
1808 5055 1943 5111 Nam
1988 5073 2112 5113 cum

530 5122 678 5194 Quali
709 5122 1001 5182 devotione
1036 5136 1090 5182 et
1116 5128 1417 5183 reverentia
1460 5125 1528 5179 sit
1561 5128 1824 5181 orandum
1864 5128 2115 5183 beatissi-

532 5208 656 5248 mus
702 5203 757 5250 et
802 5198 1177 5252 sanctissimus
1212 5197 1375 5252 Pater
1404 5196 1729 5251 Benedictus
1775 5198 2114 5255 demonstrat

534 5263 722 5338 dicens
746 5267 836 5338 :_si
864 5285 983 5322 cum
1014 5267 1310 5322 hom’nibus
1336 5267 1655 5338 potentibus,
1690 5288 1707 5319 ι
1741 5275 1846 5323 etc.
1874 5268 2019 5323 Citat
2062 5278 2118 5325 et

531 5331 743 5409 Baymo
772 5334 1244 5409 Halberstatensis,
1274 5331 1366 5391 lib.
1399 5354 1434 5392 ιι
1462 5339 1528 5393 de
1548 5338 1843 5403 Varietate,
1875 5355 1989 5409 cap.
2026 5341 2115 5395 20.

531 5403 669 5478 Apta
695 5405 1045 5463 similitudine
1069 5424 1173 5478 qua
1200 5410 1500 5465 reverentia
1526 5410 1597 5466 sit
1629 5412 1890 5465 orandum
1930 5403 2116 5466 osten-

535 5475 615 5550 dit
642 5485 865 5550 sanctus
891 5475 1231 5550 Benedictus.
1267 5480 1468 5536 Eadem
1511 5482 1684 5537 utitur
1719 5481 2115 5550 Tertullianus,

532 5545 632 5621 lib.
656 5549 723 5603 de
755 5547 1050 5605 Oratione:
1091 5569 1109 5602 ι
1147 5549 1203 5605 Si
1235 5552 1451 5621 quilcm
1499 5555 1806 5608 irreverens
1850 5562 1933 5606 est
1983 5545 2120 5608 assi;
2170 5562 2175 5565 '

528 5614 665 5693 dere
684 5620 783 5674 sub
808 5629 1099 5702 conspectu
1120 5614 1415 5702 contraque
1440 5632 1788 5702 conspectum
1819 5623 1935 5694 ejus
1961 5639 2121 5702 quem

537 5700 663 5764 cu_m
694 5694 928 5744 maxime
964 5694 1265 5764 reverearis
1300 5704 1355 5749 et
1391 5695 1688 5758 venereris,
1714 5706 1918 5761 quanto
1948 5695 2121 5764 magis

538 5757 642 5813 sub
669 5769 959 5825 conspectu
980 5762 1075 5816 Dei
1102 5763 1210 5817 vivi
1235 5765 1428 5835 angelo
1454 5766 1630 5820 adhuc
1652 5757 1916 5820 arationis
1943 5757 2122 5822 astan-

2222 4756 2532 4812 suggerere,
2558 4755 2669 4798 non
2700 4742 3081 4812 praesumimus
3112 4740 3219 4797 nisi
3257 4755 3386 4796 cum
3415 4741 3735 4796 humilitate
3757 4742 3803 4791 Β

2220 4836 2553 4901 reverentia,
2591 4843 2794 4905 quanto
2820 4835 2994 4908 magis
3024 4834 3257 4890 Domino
3285 4833 3403 4889 Deo
3431 4835 3803 4890 universoru-

2220 5003 2304 5067 te:
2332 4993 2433 5067 nisi
2464 4994 2857 5067 exprobramus
2885 4995 2996 5050 Deo
3025 4995 3167 5063 quod
3202 5010 3305 5067 nos
3343 4997 3539 5051 oratio
3574 4996 3807 5067 fatigare

2219 5065 2309 5120 rit.
2340 5064 2501 5133 Atqui
2528 5081 2651 5120 cum
2677 5065 2939 5121 modestia
2966 5075 3021 5120 et
3050 5064 3358 5120 humilitate
3379 5064 3812 5133 adorantes'm-

2219 5137 2301 5208 gis
2329 5132 2775 5208 commendamus
2809 5136 2919 5208 Deo
2944 5152 3133 5207 preces
3161 5146 3401 5208 nostras,
3440 5152 3521 5192 ne
3545 5137 3682 5208 ipsis
3714 5132 3815 5208 qui-

2222 5203 2342 5261 dem
2373 5206 2625 5260 manhus
2659 5203 3159 5270 sublimius'elatis,
3196 5223 3263 5277 ne
3287 5207 3448 5261 vultu
3499 5203 3742 5277 quidem
3768 5203 3813 5255 in

2222 5278 2502 5332 audaciam
2530 5286 2733 5332 erecto.
2772 5277 2905 5331 Nam
2936 5279 3052 5347 ipse
3074 5276 3430 5341 Puhlicanus,
3448 5276 3553 5347 qui
3580 5294 3689 5347 non
3718 5287 3820 5328 tae-

2222 5356 2333 5402 tum
2369 5363 2556 5419 prece,
2591 5347 2684 5419 scd
2730 5356 2784 5402 et
2829 5346 2981 5401 vultu
3021 5347 3334 5419 humiliatus
3366 5346 3542 5419 atque.
3580 5346 3819 5407 deiectus

2219 5417 2436 5490 orabat,
2460 5418 2810 5490 iustiﬁcatior
2853 5419 3240 5490 procacissime
3282 5417 3582 5490 Pharismo
3606 5419 3818 5490 disces:

2219 5498 2309 5544 snt.
2351 5512 2367 5541 ι
2403 5483 2478 5543 Et
2514 5488 2570 5542 S.
2606 5483 2873 5545 Cmsarius
2911 5489 3265 5546 Arelatensis.
3306 5504 3479 5543 serm.
3524 5488 3618 5543 {2|
3654 5506 3675 5540 :
3712 5506 3733 5535 ι
3768 5483 3821 5536 ς

2223 5562 2368 5614 cnim
2407 5558 2547 5629 apud
2581 5561 2819 5632 aliquam
2858 5576 3145 5632 personam
3191 5568 3472 5630 potentem
3515 5559 3695 5615 velles
3725 5556 3820 5610 si.

2223 5643 2631 5701 quatn_causam
2656 5630 2887 5701 allegare
2929 5632 3292 5686 necessariam
3313 5672 3327 5691 ,
3356 5640 3415 5686 et
3444 5631 3632 5685 subito
3670 5640 3824 5701 safer

2224 5699 2318 5755 sus
2357 5699 2423 5753 ab
2454 5699 2565 5763 illa,
2595 5699 3217 5757 media—interlocutione
3252 5701 3474 5768 dirupta
3498 5743 3514 5763 ,
3545 5699 3826 5768 aliquihu

2217 5779 2275 5828 te
2301 5768 2466 5825 velles
2494 5769 2914 5828 scurrilitatibus
2941 5785 3239 5844 occupare,
3272 5768 3498 5843 qualem
3534 5782 3709 5843 putas
3744 5771 3817 5824 ὴ-
