4088 6330
192 327 284 386 937

188 536 397 607 pendere
448 537 674 593 arbitrio
716 538 1113 596 ordinationem
1154 545 1471 602 monasterii
1493 545 1615 601 sui:
1649 545 1738 613 Et,

189 628 231 686 si
261 636 421 700 potest
450 628 590 697 ﬁeri,
641 647 741 703 per
779 631 1013 689 decanos
1042 634 1343 705 ordinetur,
1395 645 1456 693 ut
1486 646 1611 693 ante
1634 638 1745 694 dis-

186 723 462 795 posuimus,
516 725 694 781 omnis
738 727 945 785 utilitas
992 732 1331 807 monasterii,
1371 741 1532 803 prout
1578 733 1746 790 abbas

186 815 529 887 disposuerit:
564 829 588 857 ι
613 827 693 884 ιιι,
731 818 859 874 dum
904 819 1161 891 pluribus
1182 824 1560 891 committitur,
1604 838 1745 879 unus

187 922 284 965 non
319 909 611 981 superbiat.
664 910 818 979 Quod
849 912 895 967 si
922 921 1015 968 aut
1041 913 1194 972 locus
1218 916 1465 986 expetit,‘
1494 923 1590 971 aut
1613 932 1743 972 con-

186 1003 407 1075 gregatio
452 1002 675 1074 petierit
722 1004 1122 1063 rationabiliter
1174 1023 1297 1063 cum
1333 1008 1661 1075 humilitate,
1691 1018 1749 1064 et

185 1090 334 1148 abbas
362 1092 693 1175 Iiudicaverit
747 1097 1017 1167 expedire,
1084 1090 1461 1170 quemcunque
1522 1100 1749 1170 elegerit

183 1185 334 1241 abbas
380 1200 503 1242 cum
566 1186 790 1243 consilio
856 1185 1091 1244 fratrum
1147 1190 1457 1246 timentium
1532 1192 1746 1258 Deum,

185 1278 211 1321 1³
232 1278 433 1335 ordinet
464 1277 583 1350 ipse
611 1278 712 1335 sibi
738 1279 1103 1350 prtrpositum.
1145 1281 1247 1349 Qui
1278 1283 1749 1353 tamen-praeposi-

186 1380 262 1428 tus
304 1379 422 1446 agat
441 1376 565 1429 cut'n
617 1375 921 1430 reverentia
945 1391 1067 1447 qua:
1107 1376 1177 1431 ab
1224 1376 1419 1432 abbate
1450 1392 1550 1431 suo
1581 1377 1632 1431 ei
1658 1376 1745 1432 in-

175 1462 349 1536 juncta
377 1465 601 1531 fuerint,
650 1465 783 1521 nihil
820 1477 1012 1523 contra
1058 1467 1273 1523 abbatis
1316 1467 1649 1524 voluntatem
1692 1476 1748 1523 et

182 1556 564 1613 ordinationem
610 1556 835 1615 faciens.
884 1559 1021 1627 Quia
1068 1569 1329 1631 quantum
1376 1560 1630 1632 pnelatus
1662 1568 1750 1617 est

180 1653 392 1720 caeteris,
442 1654 518 1708 ita
554 1669 678 1709 eum
714 1663 929 1726 oportet
968 1655 1256 1713 sollicitius
1282 1657 1577 1714 observare
1605 1673 1746 1729 prae-

180 1756 324 1820 cepta
343 1735 564 1819 regulae.
593 1746 697 1815 Qui
727 1748 1073 1820 praepositus,
1096 1748 1143 1804 si
1177 1757 1427 1819 repertus
1456 1748 1623 1805 fuerit
1671 1749 1751 1804 vi-

584 402 595 409 .
970 350 973 351 '
1079 336 1478 398 CONCOBDIA
1516 340 1982 400 REGULARUM.
2021 373 2092 387 -—
2129 346 2279 404 CAP.
2320 347 2533 406 XXVII.

189 450 384 515 propter
424 442 574 517 pacis
619 443 1012 516 eharitatisque
1054 451 1359 508 custodiam
1417 453 1474 509 in
1520 454 1735 509 abbatis
1761 464 1815 524 Α
1837 453 1948 512 lam
1975 458 2312 514 monasterii.
2346 458 2413 513 Et
2442 457 2580 514 tales
2607 456 2887 528 praepositi
2917 456 3205 529 eligentur,
3239 460 3432 530 quales

3318 347 3424 409 938

1853 556 1909 604 et
1942 548 2046 621 ipsi
2082 551 2311 607 abbates
2345 550 2759 623 dignoscantur,
2799 558 2860 605 ut
2894 549 3147 606 abbatum
3176 568 3433 610 curarum

1847 654 2016 696 onera
2051 657 2149 711 per
2180 656 2275 697 eos
2309 640 2677 697 subleventur.
2721 640 2752 715 ί,
2779 641 2847 697 Et
2883 641 2985 697 hoc
3016 642 3119 715 sibi
3156 644 3434 701 vindicent

1846 730 2128 801 proprium
2184 732 2412 787 abbates
2465 731 2574 788 cibi
2626 738 2719 786 aut
2748 714 3113 807 vestimenti,
3162 733 3306 803 quod
3360 734 3429 789 ab

1849 824 1983 894 ipsis
2028 825 2397 881 ministratum
2441 825 2772 897 acceperint.
2817 824 2887 879 Et
2925 832 3153 896 excepto
3196 826 3431 881 adventu

1848 917 2079 975 fratrum
2109 930 2165 976 et
2192 920 2470 992 languoris
2498 919 2823 977 necessitate
2857 920 2883 959 ε
2911 917 3252 976 delicatiores
3280 918 3433 974 cibos

1848 1028 1958 1068 non
1985 1012 2225 1069 audeant
2248 1013 2410 1069 edere
2439 1012 2689 1081 abbates,
2717 1011 2824 1067 nisi
2857 1010 2990 1067 tales
3020 1010 3210 1083 quales
3239 1020 3294 1067 et
3322 1010 3436 1066 fra-

1849 1113 1981 1163 tres.
2014 1106 2043 1147 ιι
2074 1105 2299 1166 Omnem
2331 1122 2461 1163 vero
2489 1105 2804 1161 monasterii
2831 1104 3190 1161 substantiam
3219 1119 3432 1177 prtepo-

1850 1199 1941 1256 siti
1972 1200 2248 1271 accipiant
2288 1200 2727 1270 dispensandam.
2762 1197 2861 1265 Et,
2892 1198 2937 1253 si
2964 1197 3236 1268 quispiam
3265 1193 3439 1268 capti-

1850 1307 2043 1347 vorum
2082 1292 2288 1363 aliquid
2328 1292 2570 1349 alimenti
2616 1292 2837 1365 petierit
2880 1291 3164 1358 abbatem,
3196 1278 3303 1346 aut
3334 1303 3440 1362 pro

1849 1398 2170 1456 quacunque
2217 1400 2383 1442 causa
2408 1425 2423 1449 ,
2477 1385 2592 1456 ipse
2624 1384 2947 1455 praepositus
2983 1385 3088 1440 hoc
3122 1384 3437 1454 provideat,

1849 1485 1910 1533 ut
1954 1478 2124 1534 abbas
2159 1476 2367 1532 nullum
2408 1476 2653 1532 laborem
2691 1476 2891 1531 habeat
2917 1493 2930 1528 :
2960 1483 3016 1531 et
3045 1474 3289 1545 exceptis
3318 1489 3440 1545 qua:

1850 1591 2016 1647 supra
2044 1576 2282 1632 diximus
2308 1576 2458 1631 omni
2487 1574 2788 1631 intentione
2816 1570 3233 1630 sollicitudinem
3265 1582 3440 1644 gerat.

1859 1668 1877 1708 ί
1914 1666 2436 1724 Excommunicandi
2464 1676 2646 1724 tamen
2677 1681 2897 1723 causam
2917 1706 2933 1733 ,
2963 1665 3105 1721 sicut
3131 1666 3331 1730 abbas,
3364 1664 3445 1720 sic

1851 1758 2176 1829 praepositus
2227 1759 2446 1815 habeat.
2496 1758 2566 1815 Et
2610 1759 2754 1830 quod
2796 1774 2895 1830 per
2937 1758 3181 1831 singulos
3224 1772 3444 1812 menses

178 1841 359 1909 tiosus,
395 1850 491 1897 aut
528 1840 764 1898 elatione
814 1843 1073 1913 deceptus
1120 1844 1425 1915 superbire,
1462 1853 1558 1901 aut
1610 1860 1744 1901 con-
1774 1831 1823 1891 Β
1850 1865 2150 1921 expensum
2192 1850 2387 1919 fuerit,
2417 1866 2518 1921 per
2558 1851 2802 1908 omnium
2844 1851 3026 1923 capita
3053 1851 3322 1907 mensium
3352 1867 3443 1906 ra-

177 1940 401 2007 temptor
439 1941 641 1990 sancta:
663 1933 884 2007 Regulae
918 1934 1338 2005 comprobatus,
1394 1934 1752 1991 admoneatur

175 2026 348 2082 verbis
373 2040 542 2098 usque
563 2034 759 2097 quater
792 2044 805 2081 :
841 2026 887 2082 si
916 2041 1024 2082 non
1052 2026 1447 2092 emendaverit,
1486 2027 1751 2083 adhibeao

174 2124 262 2174 tur
296 2119 561 2190 correptio
611 2118 910 2190 disciplina:
959 2118 1263 2191 regularis:
1292 2119 1438 2191 quod
1475 2120 1522 2176 si
1576 2134 1753 2191 neque

173 2212 251 2269 sic
279 2214 595 2280 correxerit,
638 2222 769 2270 tunc
800 2212 1087 2283 dejiciatur
1118 2216 1185 2271 de
1218 2217 1411 2272 ordine
1439 2217 1756 2288 praepositu-

170 2321 266 2373 τω,
308 2316 363 2362 et
397 2306 555 2372 alius,
610 2306 703 2377 qui
738 2305 935 2376 dignus
955 2317 1057 2374 est,
1109 2308 1229 2364 loco
1255 2309 1374 2380 ejus
1402 2309 1751 2381 subrogetur.

171 2397 322 2465 Quod
351 2399 396 2454 si
431 2407 488 2455 et
526 2408 713 2470 postea
748 2399 803 2454 in
849 2400 1268 2473 congregatione
1287 2401 1505 2473 quietus
1526 2409 1585 2455 et
1618 2402 1752 2458 obe-

169 2488 322 2547 diens
342 2505 447 2546 non
477 2490 660 2557 fuerit,
683 2491 847 2545 etiam
863 2492 929 2547 de
944 2493 1274 2549 monasterio
1298 2493 1618 2564 expellatur.
1652 2493 1753 2550 Co-

171 2582 304 2655 gitet
322 2597 450 2638 vero
468 2581 637 2638 abbas
657 2597 717 2638 se
745 2582 811 2638 de
834 2583 1090 2639 omnibus
1110 2584 1333 2656 judiciis
1352 2587 1466 2642 suis
1488 2587 1601 2642 Deo
1616 2584 1753 2649 red-

171 2677 297 2733 dere
309 2676 594 2745 rationem,
636 2689 705 2755 ne
724 2673 865 2733 forte
886 2676 1105 2733 invidiae
1115 2685 1210 2733 aut
1224 2689 1247 2717 ο
1264 2677 1367 2734 zeli
1386 2676 1605 2734 ﬂamma
1629 2684 1755 2734 urat

169 2768 199 2809 ἀ
230 2771 485 2827 animam.

226 2864 254 2939 δ
287 2865 349 2924 II.
380 2897 453 2907 —
478 2867 557 2922 Ex
586 2865 810 2925 REGULA
851 2883 1040 2925 SANC'I‘I
1068 2865 1379 2928 Faucruost
1411 2869 1551 2943 (cap.
1585 2871 1697 2943 11).

244 2968 281 3029 ⁸,
308 2956 367 3015 In
400 2965 728 3031 potestatem
762 2958 1000 3016 habeant
1032 2961 1308 3033 praepositi
1346 2976 1564 3019 omnem
1599 2978 1759 3035 regu-

170 3161 459 3237 dinarunt,
506 3179 639 3237 cum,
678 3180 748 3237 ex
795 3163 1106 3234 huiusmodi
1140 3165 1490 3222 ordinatione
1525 3166 1761 3237 pendeat

170 3251 330 3309 omne
358 3236 578 3309 malum.
607 3233 673 3309 S.
694 3233 1008 3309 Dunstanus
1031 3252 1155 3293 cum
1180 3238 1411 3309 vulgatis
1434 3233 1761 3295 editionibus

170 3307 339 3379 legit,
373 3308 481 3379 qui
501 3306 623 3379 talis
658 3308 1067 3379 inordinalionis
1103 3324 1157 3363 se
1207 3306 1442 3379 fecerunt
1494 3319 1756 3365 auctores.

170 3377 271 3433 us.
313 3377 420 3433 tua.
460 3377 520 3434 8.
555 3378 775 3451 Germ.,
809 3378 1023 3451 quitali
1058 3380 1115 3433 in
1149 3377 1485 3435 ordinatione
1528 3397 1583 3435 se
1620 3383 1761 3450 fece-

169 3458 294 3503 runt
324 3463 583 3505 auctores.
618 3450 797 3506 Editio
822 3450 1160 3506 Coloniensis
1187 3459 1471 3507 etvetusta
1494 3451 1765 3508 Parisien-

166 3521 247 3576 sis
281 3520 509 3592 legunt:
543 3521 645 3592 Qui
675 3521 866 3575 talibus
907 3522 1387 3576 inordinaticnibus
1430 3540 1485 3577 se
1526 3523 1763 3592 fecerunt

164 3601 437 3647 auctores.
468 3591 573 3646 Sed
598 3591 913 3648 Concordia:
938 3592 1101 3648 lectio
1124 3592 1383 3661 praevalet
1405 3634 1419 3658 ,
1448 3591 1540 3647 ubi
1567 3593 1764 3648 talibus

161 3662 407 3736 ponitur,
434 3679 534 3735 pro
561 3665 778 3724 talium.
802 3664 1029 3736 dativus
1059 3680 1167 3736 pro,
1184 3664 1448 3736 genitivo.
1480 3663 1560 3719 Ita
1584 3663 1765 3736 loqui-

165 3732 259 3788 tur
288 3732 347 3788 S.
379 3732 701 3790 Ambrosius
727 3735 885 3805 epist.
917 3735 1020 3801 25,
1052 3732 1123 3789 ad
1154 3732 1553 3791 Vercellensem
1582 3732 1766 3791 Eccle-

162 3806 308 3860 siam
336 3805 483 3876 :iEt
510 3806 638 3862 huic
662 3806 855 3876 allegat
880 3805 1093 3862 Stoicos
1117 3821 1239 3861 esse
1261 3815 1515 3861 auctores
1544 3816 1765 3863 senten-

162 3876 279 3931 tim.
312 3895 332 3928 ι
363 3875 501 3932 Vide
537 3876 753 3933 Sixtum
777 3875 1123 3944 ’Senensem,
1154 3877 1249 3933 lib.
1284 3894 1323 3933 ll
1353 3877 1493 3933 Bibl.
1516 3918 1531 3943 ,
1566 3877 1636 3933 ad
1664 3893 1762 3933 vo—

163 3962 291 4003 cem
317 3943 768 4020 _C_Itirograpltum.

204 4030 268 4093 r__f
312 4016 382 4072 Ut
399 4016 543 4093 dum
571 4016 813 4093 pluribus
843 4020 1215 4093 committitur.
1236 4020 1351 4077 Huc
1379 4021 1602 4093 respicit
1631 4037 1765 4077 con-

163 4088 360 4163 cilium
394 4088 776 4163 Moguntinum
810 4091 913 4147 sub
956 4090 1151 4147 Carolo
1201 4092 1423 4163 Magno,
1470 4088 1597 4148 can.
1652 4092 1763 4147 12:

166 4178 188 4211 ι
228 4160 443 4217 Deinde
464 4160 848 4234 decrevimus,
881 4164 1023 4218 sicut
1051 4172 1240 4219 sancta
1272 4160 1475 4234 Regula
1510 4165 1675 4229 dicit,
1708 4172 1769 4218 ut

162 4233 574 4306 monasterium
594 4274 609 4298 ,
641 4233 734 4289 ubi
772 4235 889 4289 ﬁeri
922 4235 1128 4306 possit,
1159 4249 1256 4304 per
1286 4233 1524 4290 decanos
1551 4237 1770 4290 ordine-

161 4311 280 4376 tur,
314 4304 449 4376 quia
478 4303 553 4358 illi
576 4306 854 4376 prmpositi
885 4303 1026 4376 διξερε
1056 4306 1110 4360 in
1138 4305 1426 4376 elationem
1457 4306 1720 4361 incidunt.
1743 4326 1762 4359 ι

240 4374 270 4414 δ
303 4372 530 4448 Ordinet
556 4372 667 4448 ipse
690 4372 791 4430 sibi
816 4372 1174 4448 pra’positum.
1208 4375 1432 4431 Sublato
1458 4376 1629 4448 abusu
1661 4387 1772 4431 sta-

162 4446 321 4519 tuit,
341 4455 405 4500 ut
424 4446 545 4519 ipse
564 4447 732 4502 abbas
748 4446 911 4519 suum
930 4446 1149 4503 'ordiuet
1172 4448 1542 4519 praepositum.
1566 4447 1771 4503 Eadem

156 4517 360 4590 praxis
380 4518 598 4590 videtur
619 4518 759 4588 apud
786 4519 845 4575 8.
865 4517 1187 4590 Gregorium
1208 4533 1403 4590 papam
1419 4559 1435 4584 ,
1461 4517 1556 4573 lib.
1582 4534 1620 4573 ιι
1642 4559 1655 4583 ,
1679 4534 1765 4589 ep.

1854 1943 2058 1997 tionem
2100 1958 2199 1998 suo
2242 1943 2427 1999 abbati
2470 1942 2679 2000 faciat:
2723 1950 2781 2000 et
2817 1944 2925 2001 hoc
2965 1958 3090 1999 cum
3126 1951 3362 1999 tremore
3390 1951 3446 1999 et

1854 2033 2233 2105 simplicitate,
2264 2041 2321 2089 et
2346 2050 2475 2090 vera
2490 2022 2684 2090 cordis
2709 2034 3017 2090 humilitate
3043 2043 3298 2105 tanquam
3326 2035 3450 2090 red-

1856 2124 2070 2180 diturus
2106 2110 2334 2181 Domino
2373 2125 2662 2180 rationem.
2701 2124 2772 2179 Et
2798 2124 2941 2195 quod
2970 2124 3199 2191 fecerit,
3230 2140 3449 2196 semper

1855 2215 1912 2273 in
1943 2216 2174 2272 arbitrio
2198 2215 2439 2285 pendeat
2465 2214 2698 2271 abbatis.
2740 2213 2887 2269 Nihil
2917 2215 2985 2271 de
3012 2230 3108 2270 sua
3137 2216 3447 2271 temeritate

1854 2313 2193 2377 praesumat,
2229 2321 2299 2362 ne
2334 2305 2522 2377 (quod
2550 2304 2732 2379 absit')
2771 2307 2827 2362 in
2861 2307 3114 2363 morbum
3153 2323 3305 2363 vana:
3334 2306 3449 2380 glo-

1856 2396 1955 2450 ria:
1995 2397 2176 2452 cadat.
2222 2395 2294 2450 Et
2336 2410 2446 2451 non
2495 2397 2785 2469 prodigus,
2838 2397 2936 2454 sed
2982 2396 3252 2455 discretus
3296 2399 3441 2454 intra

1856 2487 2062 2545 Christi
2112 2488 2378 2545 familiam
2425 2488 2785 2559 dispensator,
2836 2491 3069 2562 piusque
3119 2493 3452 2563 gubernator

1856 2590 1913 2639 et
1945 2582 2186 2654 optimus
2219 2597 2433 2652 semper
2469 2582 2728 2651 accedat,
2766 2590 2823 2639 et
2857 2584 3228 2657 evangelicum
3273 2586 3444 2643 docu-

1858 2682 2101 2732 mentum
2130 2668 2350 2748 semper
2376 2676 2693 2743 observans,
2724 2674 2955 2733 Domino
2979 2677 3193 2734 dicente
3219 2680 3311 2750 qui
3335 2681 3448 2736 ait:

1862 2766 1994 2835 Quis
2022 2777 2179 2840 putas
2220 2767 2398 2838 ﬁdelis
2426 2786 2605 2825 seruus
2633 2778 2683 2824 ct
2706 2768 2972 2840 prudens,
2998 2788 3155 2845 quem
3177 2774 3451 2829 constituit

1861 2859 2124 2917 Dominus
2154 2878 2312 2933 super
2338 2860 2601 2933 familiam
2627 2877 2813 2929 suam,
2843 2870 2901 2917 ut
2929 2862 3017 2919 det
3042 2862 3149 2919 illis
3184 2856 3452 2921 cibum‘in

1863 2974 2114 3036 tempore.
2143 2961 2343 3019 Beatus
2369 2961 2460 3019 ille
2483 2978 2662 3019 serens
2678 3002 2696 3032 ,
2722 2978 2906 3036 quem,
2932 2979 3055 3019 cum
3082 2965 3278 3020 venerit
3305 2964 3448 3022 inve-

1863 3166 2183 3243 plinaJdetn
2212 3168 2402 3243 statuit
2425 3174 2649 3243 sanctus
2671 3164 2944 3243 Isidorus,
2974 3168 3158 3243 cap._9
3183 3168 3404 3243 Regula:
3434 3190 3447 3225 :

1872 3238 1890 3292 ὲ
1918 3238 2101 3295 Abbas
2135 3238 2275 3295 citra
2311 3238 2589 3311 languoris
2621 3239 3002 3311 necessitatem
3042 3238 3194 3296 cibos
3230 3238 3291 3295 iri
3320 3257 3454 3297 con-

1866 3317 2053 3382 spectu
2108 3311 2315 3382 pariter
2366 3310 2490 3366 cum
2546 3310 2809 3382 fratribus
2861 3318 3097 3365 sumat:
3149 3327 3253 3367 nec
3303 3312 3450 3367 aliud

1863 3381 2028 3453 quam
2070 3381 2289 3448 caeteri,
2340 3397 2442 3437 nec
2484 3381 2683 3453 cultius
2722 3396 2885 3453 quam
2926 3396 3049 3451 qua:
3086 3382 3142 3436 in
3181 3382 3458 3453 communi

1864 3451 2206 3516 consistunt,
2235 3453 2530 3523 praeparari
2559 3451 2669 3523 sibi
2688 3451 2973 3523 quidpiam,
2990 3460 3226 3523 expetat.
3258 3452 3457 3523 sldem

1866 3523 2112 3579 sancitur
2141 3521 2264 3579 add.
2315 3521 2512 3592 I'Cap.
2559 3521 2695 3577 Lud.
2740 3522 2895 3591 imp.,
2938 3522 3023 3575 tit.
3056 3521 3127 3576 25
3156 3539 3170 3575 :
3202 3540 3222 3574 ι
3258 3521 3326 3579 Ut
3352 3538 3417 3578 ea
3440 3562 3457 3590 ,

1867 3610 2031 3666 quam
2071 3594 2325 3649 monachi
2369 3594 2451 3649 sui
2492 3594 3048 3666 habent,‘t_nensura_
3074 3594 3187 3650 sint
3230 3594 3458 3666 abbates

1867 3661 2111 3721 contenti
2143 3666 2200 3720 in
2230 3665 2635 3730 manducando,
2661 3663 2716 3718 in
2747 3661 3005 3729 bibendo,
3033 3662 3089 3719 in
3118 3665 3457 3731 dormiendo,

1868 3738 1921 3792 in
1952 3736 2274 3807 vestienda;
2307 3756 2325 3789 ι
2353 3744 2410 3791 et
2437 3735 2520 3789 tit.
2554 3735 2616 3787 I7
2646 3751 2659 3787 :
2696 3753 2714 3786 ι
2745 3733 2864 3804 Ipse
2894 3745 3074 3807 tamen
3107 3735 3361 3807 (abbas)
3393 3751 3463 3792 ea

1867 3806 1976 3863 cibi
2020 3817 2289 3877 potusque
2331 3822 2589 3878 mensura
2629 3813 2918 3878 contentus
2956 3805 3218 3878 sitquam
3260 3805 3461 3878 reliqui

1869 3876 2145 3947 accipiunt
2172 3876 2399 3934 fratres.
2434 3898 2451 3930 ι
2484 3877 2631 3931 Idem
2663 3885 2848 3933 monet
2880 3876 2938 3933 S.
2971 3876 3338 3933 Florentiuam
3366 3876 3465 3933 ab-

1868 3950 2151 4021 halissami
2184 3948 2240 4004 8.
2293 3949 2568 4013 Leander,
2616 3963 2735 4018 cap.
2774 3947 2809 4001 4
2843 3948 2939 4002 lib.
2978 3949 3045 4003 de
3087 3947 3265 4021 Instit.
3304 3949 3466 4021 virgi-

1870 4036 1999 4075 num
2032 4039 2044 4074 :
2076 4040 2094 4071 ι
2129 4020 2252 4075 Sint
2285 4021 2382 4075 tibi
2419 4027 2641 4089 accepta
2674 4034 2795 4090 quae
2843 4027 2971 4074 sunt
3016 4020 3307 4075 comitibus
3357 4020 3462 4077 tuis

1872 4093 2223 4157 communia,
2278 4100 2334 4145 et
2388 4090 2623 4146 aliorum
2677 4106 2785 4146 non
2850 4090 2927 4161 sis
2988 4090 3464 4161 intemperationis

1872 4178 2038 4219 causa
2072 4182 2084 4217 :
2117 4171 2174 4218 et
2201 4162 2399 4234 quibus
2432 4162 2607 4216 forma
2636 4176 2758 4217 esse
2780 4160 2951 4234 debes
2986 4162 3365 4234 hortamento,
3399 4179 3465 4219 ac

1871 4233 2029 4317 bona:
2070 4235 2195 4289 vitae
2219 4231 2598 4300 'documento,
2641 4231 2884 4289 scandali
2926 4247 3037 4287 non
3079 4231 3338 4288 elliciaris
3368 4249 3465 4289 oc-

1874 4321 2043 4361 CESIO.
2080 4325 2099 4357 ι
3380 4336 3381 4339 η

1947 4378 1972 4415 ιι
2004 4374 2224 4430 Omnem
2253 4376 2562 4431 monasterii
2586 4373 2968 4438 substantiam,
2996 4380 3101 4428 etc.
3125 4374 3185 4429 Id
3204 4374 3335 4430 olim
3363 4390 3463 4431 usu

1877 4456 2154 4517 receptum
2190 4445 2292 4501 fuit
2329 4448 2381 4501 in
2418 4445 2743 4517 quibusdam
2779 4443 3155 4517 monasteriis,
3193 4454 3255 4498 ut
3287 4445 3467 4500 omnis

1877 4517 2198 4574 substantias
2228 4516 2541 4588 temporalis
2571 4532 2700 4588 cura
2728 4528 2896 4588 penes
2921 4516 3273 4588 prsepositutn
3298 4522 3462 4588 esset.

156 4570 256 4653 12,
287 4570 359 4643 ad
380 4570 930 4646 tesserariam
950 4570 1440 4645 ΞΤΡὲὶίἷιἨίῘεῐίίὁ
1464 4570 1554 4644 tu;
1580 4570 1770 4645 ἰιϊῑὶυῆζ
1795 4570 1849 4631 D
1877 4570 2213 4645 signata.
2231 4570 2397 4654 fini.
2417 4602 2455 4641 ιι
2487 4586 2553 4641 de
2582 4570 2745 4641 Ollic:
2767 4570 2943 4656 eget;
2974 4570 3096 4656 ca'p.
3134 4585 3198 4642 ts
3228 4605 3241 4641 :
3273 4606 3291 4638 ι
3321 4585 3468 4641 Prae-

158 4666 253 4713 ter
307 4659 631 4716 Bonifacius
675 4662 731 4716 in
773 4662 1105 4717 monasterio
1133 4677 1164 4716 a
1197 4670 1248 4716 te
1290 4660 1485 4716 debeat
1526 4661 1771 4716 ordinari

154 4732 527 4801 praepositus.
557 4732 712 4798 Quod
738 4747 841 4804 ego
864 4733 1018 4788 valde
1042 4732 1235 4804 miror,
1263 4733 1391 4804 quia
1414 4739 1541 4804 ante
1564 4730 1771 4804 factum

153 4815 277 4857 non
320 4810 451 4876 est:
492 4805 622 4876 quin
645 4817 715 4858 ex
742 4802 850 4873 quo
879 4804 1031 4859 illum
1058 4803 1158 4859 tibi
1184 4804 1298 4859 dari
1323 4802 1429 4859 feci
1448 4844 1462 4869 ,
1480 4803 1593 4876 jam
1626 4803 1773 4859 ordi-

154 4886 306 4928 nare
338 4874 604 4930 debuisti.
641 4895 661 4927 ι

236 4955 266 4984 ο
308 4942 456 4999 Zeli.
492 4944 617 4999 Mali
642 4944 915 5002 videlicet.

232 5013 265 5055 ἀ
310 5016 593 5087 Animam.
648 5016 729 5071 Ita
763 5016 904 5087 apud
939 5016 1297 5087 Smaragdum
1331 5024 1387 5072 et
1434 5016 1490 5071 in
1538 5015 1776 5073 editione

150 5095 395 5160 vetusta
428 5086 746 5143 Parisiensi.
780 5086 951 5160 Vulgo
977 5086 1211 5153 additur,
1243 5104 1418 5142 suam.

235 5168 265 5197 ο
304 5157 384 5213 1η
418 5167 729 5229 potestatem
768 5156 991 5229 habeant
1029 5160 1329 5229 praepositi,
1366 5167 1473 5213 etc.
1511 5156 1637 5215 Haec
1669 5174 1778 5215 non

148 5237 403 5285 exstant
422 5228 488 5283 in
519 5228 724 5301 Regula
756 5228 814 5301 S.
841 5228 1126 5285 Fructuosi
1146 5228 1387 5299 episcopi
1407 5229 1776 5296 Bracarensis,

148 5302 260 5356 sed
297 5301 571 5356 videntur
599 5300 719 5357 esse
750 5300 974 5357 alteritts
1006 5301 1315 5356 Fructuosi.

240 5370 262 5409 ί
303 5370 516 5445 Ethltoc
545 5370 643 5445 sibi
664 5371 932 5445 uindicem
956 5373 1227 5445 proprium
1256 5372 1469 5445 abbates
1495 5371 1631 5438 cibi,
1671 5380 1778 5428 etc.

149 5442 300 5499 Haec
342 5442 494 5497 nihil
529 5443 675 5497 aliud
716 5444 902 5499 dicunt
930 5442 1095 5515 quam
1130 5442 1274 5512 quod
1310 5444 1536 5515 abbates
1572 5460 1601 5497 a
1636 5459 1776 5514 pra:-

151 5514 375 5639 ppsiiis
434 5516 689 5585 accipere
738 5514 973 5571 debeant
1024 5514 1241 5581 cibum,
1294 5514 1678 5570 vestimentum
1730 5521 1785 5569 et

153 5598 292 5639 sum
323 5602 404 5639 ta.

153 5598 404 5642 “milia.

234 5655 677 5729 FDelicatiores
726 5658 867 5714 cibos
915 5675 1020 5713 non
1065 5657 1297 5712 audeant
1347 5656 1519 5713 edere.
1568 5655 1785 5729 Optima

156 5726 511 5801 institutio:
563 5746 688 5785 nam
724 5730 820 5801 qui
868 5730 1082 5786 caeteris
1129 5737 1361 5801 praeest,
1414 5729 1577 5785 debet
1616 5726 1787 5801 etiam

157 5800 493 5873 tobrietate
543 5800 888 5873 prmcellere,
936 5800 1166 5873 eamque
1216 5802 1382 5855 verbo
1429 5809 1485 5855 et
1537 5800 1787 5873 exemplo

159 5871 497 5945 medicare
522 5871 771 5943 {alioqui
795 5871 1133 5942 periclitatur
1160 5873 1337 5930 omnis
1362 5874 1598 5931 εαξηοῦἰί
1625 5872 1788 5927 disci-

608 5990 885 6055 Pu‘nos.
937 5989 1103 6053 CIII.

1872 4662 2084 4734 positus
2118 4672 2300 4715 autem
2335 4673 2693 4734 cummagna
2741 4655 3107 4734 sollicitudine
3139 4658 3325 4734 omnia
3356 4656 3469 4713 dis-

1872 4726 2348 4816 ponensnpraesto
2381 4727 2516 4816 facit
2544 4726 2825 4816 quidquid;
2847 4726 3208 4816 illorumvita
3242 4737 3470 4816 prppter

1875 4798 2306 4860 imbecillitatem
2343 4800 2591 4871 corporis
2629 4798 2904 4870 postulat;
2937 4802 3040 4853 set
3066 4813 3187 4871 cap.
3220 4798 3259 4855 ti
3291 4798 3466 4869 [tegu-

1874 4874 1940 4929 lae
1966 4893 1980 4929 :
2012 4892 2031 4925 ι
2062 4874 2147 4929 Ad
2168 4870 2518 4944 praepositum
2548 4880 2730 4927 autem
2754 4871 2993 4940 pertinet
3017 4870 3325 4944 sollicitudo
3352 4884 3468 4944 mo-

1877 4938 2204 5010 nachorum,
2227 4938 2371 4999 actio
2391 4957 2702 5007 causarum,
2726 4938 2859 4997 cura
2880 4942 3305 5012 possessionum,
3328 4938 3470 5012 satio

1878 5032 2136 5088 agrorum
2156 5056 2171 5081 ,
2200 5014 2461 5088 plantatio
2495 5022 2551 5069 et
2582 5013 2798 5088 cultura
2832 5010 3116 5067 vinearum
3138 5051 3154 5077 ,
3185 5010 3466 5088 diligentia

1877 5080 2102 5159 gregum
2120 5128 2135 5152 ,
2158 5080 2495 5159 constructio
2518 5082 2869 5159 tediliciormn
2886 5122 2900 5148 ,
2928 5096 3065 5159 opus
3092 5080 3468 5159 carpentario—

1880 5153 2003 5214 funi
2037 5159 2151 5213 sive
2188 5155 2488 5211 fabrorum.
2522 5174 2541 5206 ›
2573 5153 2653 5210 Ita
2693 5153 2751 5208 8.
2792 5153 3103 5209 Libertinus
3138 5153 3468 5222 pnepositus

1881 5227 2201 5286 monasterii
2258 5224 2567 5281 Fundensis
2622 5224 2897 5280 exteriora
2957 5224 3175 5293 negotia
3234 5223 3472 5278 admini-

1883 5300 2129 5366 strabat,
2172 5306 2233 5352 ut
2270 5297 2455 5353 videre
2494 5303 2581 5351 est
2619 5295 2761 5365 apud
2806 5293 2865 5349 8.
2910 5293 3265 5366 Gregorium,
3308 5293 3404 5366 lib.
3451 5311 3467 5348 I

1885 5371 2060 5437 Dial.,
2104 5384 2223 5439 cap.
2272 5367 2327 5422 2.
2377 5366 2474 5421 llis
2519 5367 2762 5439 intentus
2799 5372 2921 5420 erat
2948 5365 3306 5435 praepositus,
3338 5365 3466 5420 dum

1886 5444 2056 5498 abbas
2087 5438 2394 5495 animarum
2424 5438 2673 5508 regimini
2704 5444 2945 5508 vacaret.

1964 5515 1981 5554 ὶ
2026 5505 2540 5566 Excommunicandi
2575 5523 2812 5562 causam.
2860 5507 3037 5561 Causa
3071 5507 3176 5562 hoc
3221 5505 3341 5561 loco
3386 5514 3473 5561 est

1923 5592 2165 5648 otestas,
2205 5580 2457 5636 facultas.
2493 5578 2550 5632 ld
2586 5586 2735 5649 patet
2769 5594 2837 5633 ex
2874 5577 2931 5632 S.
2970 5578 3209 5644 Isidoro,
3248 5592 3366 5647 cap.
3402 5576 3472 5649 18

1912 5654 2141 5727 tegulae,
2178 5653 2271 5707 ubi
2307 5652 2395 5705 ide
2418 5648 2822 5727 n_cqu$tituegs
2861 5650 2938 5704 ait
2974 5667 2987 5703 :
3025 5668 3043 5700 ‹
3079 5648 3470 5727 Excommuni—

1890 5719 2048 5783 can'uli
2096 5730 2419 5796 potestatem
2468 5721 2712 5796 habeant
2752 5720 2912 5796 Pater
2959 5719 3309 5796 monasterii,
3356 5719 3475 5775 sive
3520 5752 3527 5759 ι

1929 5791 2233 5868 rzepositus.
2266 5816 2284 5848 ι
2320 5791 2420 5849 Ubi
2470 5792 2613 5862 quod
2663 5791 2799 5868 diuit
2845 5810 3060 5848 causam
3103 5791 3441 5849 Fructuosus

1929 5813 2233 5868 rteposuus.
2266 5816 2284 5848 ι
2321 5813 2420 5849 υυι
2470 5813 2613 5862 quou
2663 5813 2799 5846 unm

1889 5813 1951 5927 ἓ.
1984 5867 2223 5928 Isidorus
2247 5872 2556 5938 potestatem
2583 5863 2834 5937 appellat.

2996 5988 3072 6050 30
