4088 6330
275 309 358 368 9M

1142 307 1534 372 CONCORDIA
1574 310 2034 372 REGULARUM.
2073 341 2146 352 —
2181 310 2331 367 CAP.
2375 309 2588 366 XXVII.

3417 307 3524 364 942

273 423 420 485 rium,
454 429 515 477 ut
546 418 760 479 facilius
796 423 1080 496 adjutoriis
1119 425 1239 482 istis
1278 427 1600 498 subjunctis,
1641 428 1827 492 abbas,
1858 430 1911 490 Α
1935 423 2048 496 piat
2075 423 2368 495 inquietos,
2397 423 2708 479 consoletur
2739 423 3128 493 pusillanimes,
3160 425 3419 496 suscipiat
3447 425 3528 480 in-

270 509 344 570 etIi
377 528 564 568 nomen
597 509 758 569 Pater
783 524 898 580 est,
939 513 1145 572 fructus
1179 527 1350 574 metat
1393 517 1460 573 de
1499 516 1831 588 perfectione

269 601 481 663 dulcium
527 604 779 663 filiorum.
827 605 1002 664 Ambo
1046 617 1227 665 tamen
1275 612 1375 665 sub
1419 617 1686 683 potestate
1733 610 1830 665 ab-

268 695 392 753 batis
413 700 533 753 cum
565 697 788 769 reliquis
818 708 982 755 atoue
1020 699 1164 756 inter
1198 699 1435 771 reliquos
1465 716 1525 757 se
1568 715 1690 757 esse
1731 714 1830 754 co-

268 777 525 860 gnoscant.
1557 851 1562 858 ,

403 877 430 952 ς
469 877 528 934 γ.
551 910 625 921 -
645 877 724 935 Ex
755 878 972 937 Rasum
1003 881 1346 940 TARNATE-NSI
1381 885 1522 957 (cap.
1549 872 1662 958 il).

326 969 682 1037 {Provisores
728 969 864 1029 tales
905 960 1122 1046 oportet
1149 971 1292 1048 eligi,
1323 974 1410 1030 vel
1437 975 1704 1041 ordinari,
1735 977 1831 1047 qui

263 1061 381 1118 alios
400 1061 667 1120 aedificare
695 1060 819 1120 vita:
847 1082 960 1121 suae
987 1067 1288 1136 probentur
1317 1065 1598 1138 exemplo;
1629 1065 1832 1138 quique

263 1153 638 1225 eleemosynam
678 1151 1010 1210 monasterio
1040 1155 1374 1226 deputatam,
1404 1155 1488 1210 vel
1527 1172 1591 1212 ea
1637 1171 1759 1226 quae
1799 1171 1830 1211 a

260 1243 501 1302 fratribus
575 1247 949 1305 laborantibus
1018 1250 1381 1322 colliguntur,
1431 1267 1644 1307 summa
1695 1267 1829 1309 cura

257 1351 346 1409 pro
371 1337 578 1395 Domini
631 1339 824 1397 timore
872 1351 1218 1398 conservent.
1249 1341 1278 1382 ιι
1302 1343 1440 1412 Quia
1485 1344 1531 1400 si
1561 1343 1829 1400 creditam

257 1427 348 1487 sibi
377 1419 693 1488 famulorum
719 1417 816 1489 Dei
843 1433 1066 1508 negligit
1086 1448 1308 1492 servare
1325 1435 1682 1492 substantiam
1702 1434 1829 1510 (sie-

254 1527 310 1578 nt
342 1521 414 1578 ait
445 1523 664 1594 quidam
693 1520 960 1600 Patrum),
993 1525 1138 1580 lzedit
1169 1525 1342 1581 Deum
1369 1545 1382 1580 :
1416 1535 1472 1582 et
1508 1525 1829 1600 dispergens

253 1631 392 1683 eam,
429 1614 696 1674 rationem
746 1615 832 1695 est
876 1597 1108 1674 Domino
1149 1614 1478 1674 redditurus.
1528 1597 1659 1687 Quae
1697 1597 1828 1676 vero

253 1701 373 1778 ipsis
417 1705 619 1763 fuerint
667 1705 766 1779 pro
802 1707 898 1764 Dei
938 1723 1126 1764 amore
1171 1709 1399 1776 donata,
1451 1707 1507 1764 in
1550 1709 1828 1766 oblatione

1932 515 2140 581 firmos,
2172 516 2384 586 patiens
2413 515 2484 571 sit
2511 514 2579 570 ad
2606 530 2815 582 omnes,
2846 511 3191 587 disciplinam
3218 515 3395 573 libens
3425 517 3526 573 ha—
3591 511 3604 574 ξ

3595 493 3610 520 Ι

1930 605 2092 674 beat,
2141 611 2348 662 metum
2403 607 2680 680 imponat;
2717 616 2774 664 et
2819 607 3071 680 quamvis
3120 615 3415 680 utrumque
3459 607 3532 666 sit
3596 598 3607 640 ’·

1934 697 2338 770 necessarium,
2392 705 2575 754 tamen
2620 697 2739 770 plus
2785 697 2960 755 amari
3003 703 3223 772 appetat
3262 715 3426 772 quam
3457 699 3526 756 ti-
3603 722 3606 726 ·

1935 787 2094 856 meri,
2123 804 2341 862 semper
2372 789 2619 863 cogitans
2655 788 2766 846 Deo
2794 806 2852 846 se
2876 807 2976 863 pro
3004 787 3160 848 vobis
3187 791 3530 849 redditurum

1938 879 2227 936 rationem.
2267 877 2423 937 Unde
2451 896 2547 936 vos
2567 881 2744 952 magis
2769 879 3073 937 obediendo
3101 897 3209 938 non
3234 881 3409 939 solum
3436 897 3533 940 ve-

1932 971 2065 1040 stri,
2114 975 2210 1030 sed
2255 973 2422 1030 etiam
2471 973 2642 1046 ipsius
2692 974 3064 1040 miseremini,
3110 974 3204 1046 qui
3241 975 3388 1030 inter
3431 987 3533 1031 vos

1933 1073 2203 1134 quantum
2225 1061 2282 1120 in
2310 1063 2430 1121 loco
2452 1065 2743 1136 superiori,
2769 1070 2980 1122 tantum
3005 1065 3058 1120 in
3080 1065 3319 1136 periculo
3337 1062 3536 1137 majori

1935 1166 2204 1216 versatur.

2249 1247 2279 1327 ᾗ
2305 1247 2415 1309 VII.
2439 1283 2512 1294 —
2535 1251 2615 1307 Ex
2641 1250 2867 1309 ΒεαυιΑ
2895 1237 3218 1308 OatnnrALt.

2002 1345 2098 1404 [lle
2127 1346 2220 1418 qui
2247 1346 2547 1404 Secundum
2589 1345 2838 1400 ordinem
2867 1341 3164 1418 disciplima
3189 1341 3534 1402 ordinatione

1933 1437 2173 1505 abbatis,
2217 1445 2274 1492 et
2313 1435 2544 1496 consilio
2571 1445 2628 1490 et
2677 1434 2957 1492 voluntate
3005 1435 3250 1492 omnium
3299 1435 3534 1492 fratrum

1931 1525 2193 1582 fratribus
2219 1520 2542 1598 praepositus
2571 1531 2679 1590 est,
2705 1539 2927 1580 omnem
2951 1527 3020 1580 ad
3045 1540 3104 1582 se
3134 1539 3324 1580 curam
3355 1523 3422 1582 de
3451 1525 3535 1583 di-

1931 1617 2162 1690 sciplina
2189 1616 2454 1687 fratrum,
2479 1627 2537 1674 et
2569 1617 2908 1689 diligentiam
2953 1615 3270 1676 monasterii
3311 1632 3536 1677 revoca-

1930 1713 2031 1780 bit,
2062 1713 2269 1770 habens
2310 1721 2637 1785 potestatem
2669 1711 2868 1768 abbate
2904 1711 3130 1767 absente
3159 1708 3394 1769 faciendi
3423 1725 3538 1770 om-

250 1797 548 1854 monastcrii
591 1792 842 1869 adjuncta
879 1797 1027 1855 omni
1071 1797 1478 1872 congregatiOni
1514 1799 1821 1874 proficiant.
1851 1805 1901 1866 B
1927 1805 2018 1861 nia
2064 1822 2188 1878 quae
2227 1805 2396 1862 abbas
2437 1819 2681 1877 praesens
2725 1800 2876 1860 facit.
2918 1803 2944 1844 ⁸
2973 1802 3068 1859 llle
3110 1811 3293 1860 autem
3326 1803 3538 1876 patien-

250 1889 375 1959 Quia
405 1891 752 1964 apostolicam
779 1892 946 1948 vitam
991 1901 1246 1963 optamus
1273 1893 1494 1965 eligere,
1526 1909 1624 1949 cur
1666 1895 1824 1966 quasi

246 1987 452 2058 propria
494 1982 832 2044 vindicemus
883 2001 1006 2057 quae
1060 1987 1310 2044 novimus
1363 1987 1622 2044 continuo
1675 1985 1826 2058 peri-

247 2081 396 2135 tura?
1307 2099 1320 2113 θ
1379 2115 1386 2133 ι
1753 2083 1762 2088 ’

696 2171 724 2244 §
755 2162 1083 2228 VL—Item
1115 2173 1256 2246 (cap.
1285 2172 1361 2247 6).

309 2261 603 2335 Praeposito
631 2263 938 2334 specialiter
963 2263 1270 2331 obediatur,
1305 2258 1473 2320 multo
1521 2266 1693 2336 magis
1731 2265 1826 2321 ab-

240 2351 370 2421 bati,
417 2355 508 2426 qui
547 2365 789 2410 nostram
835 2356 1079 2411 omnium
1129 2354 1317 2411 curaui
1361 2355 1520 2428 gerit.
1564 2355 1702 2424 Quia
1730 2356 1825 2427 qui

238 2443 358 2501 illos
400 2447 624 2517 spernit,
655 2447 861 2516 spernit
889 2463 1012 2501 eum
1051 2447 1143 2517 qui
1175 2431 1348 2502 dixit:
1384 2445 1487 2516 Qui
1514 2465 1600 2502 vos
1636 2447 1821 2513 audit,

239 2552 318 2590 me
345 2534 526 2602 audit;
555 2536 644 2606 qui
685 2553 774 2590 vos
801 2537 1018 2608 spernit,
1047 2553 1128 2592 me
1157 2537 1356 2608 spernit
1403 2533 1554 2611 (Luc.
1587 2537 1663 2610 ι).
1699 2549 1721 2578 ο
1755 2534 1825 2595 Ut

237 2641 364 2698 ergo
389 2633 582 2682 cuncta
613 2627 714 2682 ista
743 2639 1051 2694 serventur,
1074 2637 1150 2695 et,
1177 2629 1224 2684 si
1251 2627 1379 2700 quid
1415 2627 1687 2686 servatum
1717 2645 1825 2686 non

236 2716 418 2784 fuerit,
446 2736 553 2776 non
593 2718 932 2792 negligenter
974 2729 1351 2792 prmtereatnr,
1397 2720 1490 2778 sed
1528 2723 1822 2778 emendan-

237 2812 361 2868 dum
405 2812 892 2883 corrigendumque
930 2821 1170 2877 curetur,
1201 2813 1270 2868 ad
1300 2809 1650 2884 praepositum
1681 2825 1822 2884 prte-

235 2903 390 2977 cipue
417 2900 712 2975 pertinebit
735 2913 796 2960 ut
831 2903 897 2959 ad
945 2903 1219 2972 abbatem,
1249 2903 1406 2975 cujus
1432 2913 1515 2960 est
1546 2891 1688 2978 apud
1727 2921 1825 2961 nos

235 2998 407 3070 major
445 2998 764 3063 auctoritas,
797 2997 824 3037 ιι
864 2987 1067 3053 referat
1110 2998 1255 3067 quod
1303 2995 1522 3054 modum
1556 2998 1640 3053 vel
1678 2995 1824 3054 vires

231 3090 349 3162 ejus
373 3091 605 3146 excedit.
629 3087 749 3162 Ipse
770 3106 900 3146 vero
921 3089 1014 3161 qui
1043 3091 1196 3146 vobis
1222 3099 1440 3161 praeest,
1467 3107 1572 3145 non
1599 3106 1658 3145 se
1679 3090 1826 3145 aesti-

232 3189 346 3240 met
363 3184 419 3240 et
439 3195 461 3223 ε
476 3192 744 3256 petestate
764 3184 1097 3251 dominante,
1116 3185 1209 3240 sed
1235 3184 1500 3239 charitate
1523 3183 1825 3240 serviente:
1858 3168 1904 3232 C

230 3271 373 3332 felici
419 3277 626 3334 honore
661 3287 858 3333 coram
899 3275 1054 3332 vobis
1089 3275 1108 3316 ί
1152 3275 1448 3348 praeclarus
1497 3267 1603 3342 sit,
1641 3283 1829 3333 ceram

228 3367 343 3424 Deo
372 3369 620 3425 subditus
663 3369 737 3425 sit
781 3367 1008 3440 pedibus
1054 3369 1272 3425 vestris.
1305 3367 1464 3424 Circa
1509 3383 1701 3424 omnes
1746 3383 1830 3424 se-

224 3458 412 3536 lpsum
446 3463 711 3518 bonorum
740 3469 968 3534 Operam
1000 3465 1245 3532 praebeat
1285 3455 1616 3530 exemplum.
1643 3455 1829 3515 Corri-

301 3627 334 3662 ι
371 3618 695 3690 Prortsores.
741 3615 1058 3674 Provisores
1099 3615 1192 3690 hic
1235 3617 1418 3690 potius
1458 3619 1605 3690 sunt;
1634 3611 1831 3690 intelli-

223 3686 686 3767 gendifellerarii
711 3705 873 3762 quam
897 3683 1196 3767 praepositi,
1215 3683 1340 3767 quia
1371 3697 1491 3762 cap.
1512 3683 1720 3767 sequia
1741 3697 1832 3739 ea-

261 3759 606 3844 ethRegula
639 3755 961 3844 ‘l‘arnatetisi
995 3755 1175 3844 agitur
1201 3755 1267 3814 de
1296 3755 1828 3844 prmpbsitOzltaque

223 3831 622 3906 existimgowboc
667 3831 959 3906 capitulum
990 3831 1117 3906 esse
1158 3831 1545 3902 transpositam
1575 3835 1630 3883 et
1660 3831 1832 3900 perti-

223 3917 362 3960 nere
394 3903 461 3975 ad
493 3913 655 3975 caput
682 3903 747 3960 de
775 3903 1080 3960 cellerario.
1108 3904 1120 3915 '

299 3976 330 4016 δ
358 3974 513 4050 Quia
539 3974 606 4030 si.
635 3976 798 4044 Lege,
821 3976 945 4050 quia
971 3975 1080 4046 qui.

299 4057 322 4086 ε
355 4043 424 4100 Ut
449 4063 571 4116 ergo
599 4043 786 4102 cuneta
815 4043 1103 4100 serventur.
1129 4043 1356 4102 Videtur
1379 4044 1468 4100 hic
1494 4043 1684 4100 deesse
1707 4050 1831 4097 ver-

225 4117 364 4175 bum
394 4119 677 4172 statuimus
701 4126 794 4172 aut
818 4116 948 4187 quid
974 4117 1169 4171 simile.

300 4189 331 4260 tl
376 4188 594 4260 Referat
619 4190 760 4260 quod
795 4181 1009 4260 modum
1037 4187 1112 4240 vel
1142 4188 1272 4241 vires
1303 4187 1418 4260 ejus
1461 4181 1832 4260 excedit._Dif-

219 4253 484 4322 ficiliora',
513 4253 764 4330 qttae'nou
795 4257 932 4312 Vale!
969 4271 1065 4330 per
1096 4269 1154 4312 se
1187 4253 1447 4330 expedire
1483 4255 1829 4330 prmposittts,

220 4333 293 4388 ad
321 4324 578 4386 abbatem
608 4329 810 4386 referre
839 4324 1018 4394 debet,
1037 4326 1194 4397 juxta
1221 4324 1504 4383 consilium
1529 4324 1670 4397 quod
1701 4341 1831 4397 sug-t

218 4403 402 4472 gessit
421 4400 572 4457 Jett‘o
588 4401 843 4458 sacerdos
867 4399 1079 4472 hiadian
1104 4397 1268 4472 Μυνξὶ
1292 4411 1492 4472 genero
1515 4412 1632 4472 sitq,
1661 4397 1832 4472 Exodi

217 4462 565 4554 i\'lll._l.tlem
609 4474 852 4554 praecipit
896 4469 1101 4554 Regula
1152 4462 1480 4554 Q’rjetvtta'lis:
1517 4485 1534 4519 ί
1566 4462 1692 4523 ἰΙιιιρ
1719 4467 1829 4554 ρῇ-

1931 1899 2066 1954 tiam
2089 1940 2104 1966 ,
2153 1897 2625 1954 mansuetudinem
2653 1939 2670 1966 ,
2710 1893 3115 1963 humilitatem,
3168 1893 3496 1954 charitatetn
3516 1940 3533 1966 ,

1929 1991 2241 2063 aequitatem
2290 1991 2409 2048 sine
2443 2006 2804 2063 personarum
2843 1989 3196 2060 acceptione:
3231 1984 3306 2045 ita
3338 2003 3532 2062 agens,

1929 2089 1990 2138 ut
2017 2098 2120 2139 nec
2154 2077 2336 2138 abbati
2382 2081 2602 2138 taedium
2635 2088 2882 2152 generet,
2912 2095 3013 2136 nec
3043 2079 3248 2137 fratres
3271 2079 3302 2122 h
3332 2081 3535 2138 intem-

1847 2165 1852 2173 ’
1929 2175 2174 2250 perantia
2202 2176 2345 2232 illius
2384 2173 2653 2232 laborent.
2681 2171 2809 2231 Haec
2837 2173 3151 2230 observabit
3193 2173 3378 2230 senior
3412 2189 3534 2230 mo-

1928 2271 2153 2326 nasterii
2199 2270 2291 2341 qui
2340 2267 2604 2326 fratribus
2650 2267 2976 2340 przepositus
3021 2273 3140 2333 est,
3188 2263 3434 2324 referens
3468 2267 3538 2322 ad

1929 2363 2185 2419 abbatem
2228 2360 2436 2428 omnia,
2468 2359 2554 2416 vel
2590 2361 2863 2431 praecipue
2900 2359 2990 2414 illa
3031 2373 3153 2431 quae
3199 2368 3296 2431 per
3337 2370 3398 2415 se
3428 2373 3539 2414 non

1927 2451 2165 2508 valuerit
2205 2451 2502 2523 explicare.
2541 2451 2560 2492 ι
2595 2447 3049 2506 Commendatum
3093 2449 3334 2522 aliquld,
3365 2449 3536 2509 etiam

1927 2561 1959 2600 a
1995 2559 2256 2617 germano
2303 2539 2477 2599 fratre
2526 2539 2710 2596 nullus
2758 2540 3014 2612 accipiat.
3054 2537 3069 2592 l
3115 2537 3260 2596 Nihil
3306 2532 3361 2596 in
3401 2537 3538 2598 cella

1928 2651 2026 2692 sua
2055 2619 2260 2706 absque
2291 2627 2570 2707 prrepositi
2604 2631 2855 2704 jussione
2884 2632 3155 2704 quispiam
3186 2631 3402 2701 habeat,
3431 2647 3538 2692 nec

1926 2743 2085 2802 poma
2148 2727 2368 2799 quidem
2421 2726 2719 2793 vilissima,
2771 2733 2827 2782 et
2883 2735 3081 2782 caetera
3137 2725 3534 2796 hujuscemodi.

1929 2807 1955 2860 ί
1981 2821 2285 2891 Operantes
2337 2808 2535 2876 fratres
2581 2819 2718 2874 nihil
2764 2818 3058 2891 loquantur
3107 2819 3398 2889 smculare;
3437 2823 3537 2879 sed

1928 2921 2022 2968 aut
2059 2906 2074 2950 ι
2105 2911 2438 2968 meditentur
2470 2927 2536 2967 ea
2567 2925 2691 2982 quae
2724 2917 2916 2967 sancta
2961 2919 3110 2978 sunt,
3154 2921 3249 2968 aut
3276 2921 3427 2970 certe
3460 2913 3536 2971 si-

1927 2999 2136 3058 lebunt.

2479 3091 2509 3168 §
2706 3123 2780 3136 —
2812 3084 2976 3150 Iten't.

2007 3188 2047 3225 ι*
2071 3183 2404 3257 Praepositus
2431 3191 2540 3242 non
2567 3183 2869 3242 inebrietur
2885 3223 2900 3251 ,
2928 3195 2958 3224 τι
2991 3193 3101 3242 non
3137 3187 3326 3244 sedeat
3351 3183 3408 3244 in
3435 3188 3535 3244 hu-

1935 3278 2240 3335 milioribus
2267 3278 2422 3347 locis,
2445 3294 2515 3335 ne
2537 3287 2756 3351 rumpat
2773 3280 2992 3336 vincula
3013 3295 3134 3353 quae
3155 3275 3298 3338 Deus
3320 3282 3376 3337 in
3397 3285 3537 3341 calo

1932 3371 2180 3430 condidit
2203 3380 2264 3426 ut
2291 3373 2650 3428 observentur
2678 3372 2736 3427 in
2765 3373 2948 3428 terris.
2983 3381 3008 3408 °
3040 3371 3118 3428 Ne
3156 3373 3341 3444 lugeat
3367 3375 3422 3430 in
3450 3377 3538 3432 die

1929 3462 2075 3520 fasto
2098 3460 2314 3520 Domini
2342 3463 2682 3531 Salvatoris;
2719 3464 3031 3520 dominetur
3059 3465 3212 3520 carm
3238 3470 3354 3522 sua:
3379 3466 3535 3536 juxta

1932 3623 2017 3692 bis
2041 3621 2092 3676 in
2116 3619 2331 3692 Regula
2343 3618 2402 3676 S.
2421 3617 2962 3692 Pachumiihabetur
2985 3626 3089 3692 art.
3117 3617 3219 3692 62;
3252 3620 3392 3677 idem
3415 3629 3530 3678 sta-

1933 3691 2105 3748 tuitur
2140 3707 2171 3746 a
2202 3685 2268 3746 'S.
2299 3689 2542 3747 Orsiesio
2577 3689 2630 3744 in
2664 3689 2806 3744 libro
2839 3690 2907 3744 de
2932 3685 3529 3749 lnstitntis'monaclto-

1931 3779 2088 3834 rum:
2130 3782 2149 3814 ι
2185 3762 2300 3834 Hoc
2337 3775 2553 3834 quoque
2594 3761 2833 3834 maxime
2871 3762 3266 3834 providendum
3309 3770 3428 3829 est,
3466 3777 3535 3820 ne

1932 3835 2056 3908 qttis
2081 3833 2135 3908 in
2164 3833 2390 3908 alteram
2417 3833 2636 3908 domum
2675 3839 2731 3887 et
2762 3833 2817 3908 in
2847 3833 3073 3908 alterius
3107 3833 3357 3908 cellulam
3385 3851 3536 3908 eom-

1933 3902 2153 3980 mendet
2166 3905 2402 3980 aliquid.
2450 3902 2949 3980 t_Co_mm_endatum
2981 3903 3085 3959 hoc
3112 3903 3233 3959 loco
3259 3913 3344 3980 est
3368 3906 3536 3980 depof

1933 3979 2116 4050 sitam.
2164 3973 2438 4050 lntc’rpres
2475 3973 2733 4030 Orsiesii:
2777 3991 2802 4050 μ
2859 3974 3009 4030 Sciat
3043 3989 3258 4050 quoque
3285 3975 3394 4040 ille,
3438 3973 3533 4050 qui

1933 3990 2116 4034 suam.
2164 3990 2438 4046 Interpres
2475 3990 2733 4030 urstesn:
2783 3991 2802 4025 ς
2859 3990 3009 4030 aetat
3043 3990 3258 4100 quoque
3285 3990 3394 4040 tlte,
3440 3990 3533 4050 qui

1933 4050 2002 4105 ab
2027 4049 2132 4104 alio
2163 4045 2961 4118 susceperitcommendatum.
3003 4063 3021 4097 ι
3068 4047 3125 4118 ἐξ
3147 4050 3536 4118 commendare

1932 4127 2014 4176 est
2037 4121 2090 4174 in
2117 4113 2421 4190 depositum
2457 4117 2608 4181 dare,
2639 4113 2722 4182 αἱ,
2760 4116 2795 4169 ι.
2825 4115 3020 4172 Lucius
3063 4117 3256 4190 Titius.
3294 4118 3535 4190 Depositi

1931 4193 2016 4247 vel
2043 4200 2272 4245 contra:
2318 4209 2335 4240 ι
2374 4190 2601 4244 Centum
2631 4203 2912 4254 nummos,
2963 4203 3099 4258 quos
3127 4190 3230 4245 hac
3269 4191 3354 4246 die
3382 4203 3534 4247 eoin-

1931 4261 2200 4316 mendasti
2233 4259 2387 4324 mihi,
2429 4267 2821 4314 annumerante
2859 4273 3020 4314 servo
3063 4275 3184 4314 meo
3230 4259 3419 4316 Stltico
3445 4277 3535 4321 ac-

1933 4340 2071 4386 tore.
2112 4352 2130 4383 »
2167 4332 2234 4385 Et
2272 4331 2464 4386 eodem
2509 4329 2700 4394 titulo,
2742 4329 2777 4382 ι.
2826 4329 3011 4384 Publia
3041 4331 3244 4384 Mtevia.
3286 4345 3303 4381 t
3341 4329 3533 4388 Publia

1931 4395 2117 4456 Mnevia
2141 4418 2265 4457 cum
2296 4399 2739 4471 proﬁcisceretur
2759 4399 2825 4453 ad
2851 4399 3106 4471 maritum
3140 4413 3318 4463 suum,
3345 4415 3531 4456 arcam

1934 4473 2175 4528 clausam
2225 4470 2348 4526 cum
2397 4479 2548 4524 veste
2603 4478 2658 4524 et
2707 4470 3088 4525 instrumentis
3133 4472 3535 4526 commendavit

217 4545 478 4620 servabit
510 4537 1060 4620 senionmonastcfii,
1092 4539 1474 4620 quift'atriluts
1505 4539 1826 4620 prmposit-t‘ts
1850 4539 1903 4598 D
1927 4537 2078 4620 Catia:
2127 4541 2284 4620 Scite.
2325 4559 2345 4594 ι
2393 4540 2460 4594 Et
2503 4538 3102 4620 legisﬁAlatnattnorum
3142 4540 3226 4594 tit.
3249 4539 3332 4620 _5,
3381 4539 3482 4620 §_l
3512 4555 3528 4596 :

213 4626 327 4683 est,
367 4615 614 4670 referens
653 4615 718 4669 ad
761 4617 1011 4669 abbatem
1056 4607 1260 4676 omnia,
1301 4611 1386 4665 vel
1411 4607 1704 4683 Δριῄιεὶῥῑιρ
1733 4607 1824 4664 illa

212 4679 347 4757 qua:
397 4701 500 4757 per
529 4703 587 4742 se
614 4701 720 4741 non
755 4686 988 4740 valuerit
1024 4685 1316 4757 esplicarc.
1350 4703 1368 4734 ›
1490 4679 1823 4757 Frtn'._tt103tt_s

210 4752 424 4824 abbas,
465 4774 585 4828 cap.
619 4758 688 4812 1‘2
714 4757 931 4825 Regula:
961 4752 1110 4810 sumi
1144 4773 1161 4805 ι
1193 4754 1427 4828 thuod
1455 4753 1559 4824 ipsi
1588 4752 1821 4822 (decani)

210 4846 332 4884 non
386 4825 661 4884 valuerint
705 4829 1016 4891 emendare,
1049 4825 1342 4898 pnepqsito
1382 4839 1487 4898 non
1514 4834 1827 4898 _morentur

208 4916 500 4956 accusare
526 4919 537 4955 :
571 4899 714 4971 Quod
742 4908 797 4954 et
828 4899 928 4971 ipsi
957 4893 1228 4968 prannsiti
1262 4893 1617 4971 siedistrlcte
1645 4904 1698 4948 et
1731 4910 1825 4949 no-

205 4971 475 5027 tabiliter
505 4965 689 5044 agant,
719 4977 780 5025 ut
819 4965 1042 5044 abbates
1072 4965 1212 5044 suos
1250 4967 1395 5044 nullo
1427 4965 1585 5019 modo
1622 4975 1826 5044 pursu-

205 5051 382 5100 mant
413 5038 739 5112 inquietare,
767 5039 1008 5111 exceptis
1047 5040 1190 5110 quod
1223 5038 1439 5108 utrique
1488 5051 1596 5091 non
1645 5038 1827 5090 valde-

205 5116 332 5171 rint
361 5115 700 5168 accelerare.
726 5131 744 5164 ι

295 5197 322 5224 θ
371 5184 646 5239 Potestate
667 5183 994 5248 dominante,
1019 5185 1124 5237 etc.
1149 5179 1293 5251 Lege
1317 5197 1330 5233 :
1365 5177 1633 5233 Potestate
1658 5177 1828 5232 domt-

205 5255 346 5312 nari
382 5265 434 5310 et
466 5257 724 5310 charitate
752 5252 962 5308 serrire.

295 5325 320 5365 ἲ
371 5325 700 5396 Prwclarus.
723 5325 888 5396 Lege,
917 5323 1186 5396 pl'tt’laftts.

291 5399 322 5438 ε
357 5395 472 5452 Ille
504 5408 678 5452 autem
709 5385 1052 5459 patientiam,
1086 5389 1568 5457 mansuetudinem,
1606 5397 1711 5446 etc.
1748 5385 1831 5445 Ita

195 5468 268 5526 in
324 5467 645 5526 Concordia
695 5463 1096 5522 Viudocinensi.
1147 5463 1372 5520 Videtur
1419 5473 1598 5517 tamen
1642 5463 1831 5518 deesse

194 5541 465 5598 verbum
494 5537 720 5595 servabit
749 5545 842 5594 aut
871 5538 999 5608 quid
1027 5534 1222 5608 simile.

1927 4634 1961 4740 ἰ)
1985 4614 2042 4668 Si
2067 4613 2194 4698 quis
2237 4628 2326 4668 res
2371 4627 2499 4668 suas
2535 4612 2605 4666 ad
2631 4609 2931 4666 Ecclesiam
2976 4609 3404 4668 commendatus
3428 4611 3530 4668 ha-

1967 4695 2182 4740 nent.»

1967 4695 2182 4740 ueﬂt.)

2002 4782 2015 4834 Ι
2063 4779 2215 4835 Nihil
2244 4782 2298 4834 in
2326 4775 2458 4834 cella
2488 4795 2608 4843 sua,
2639 4785 2746 4834 etc.
2791 4773 2903 4834 [loc
2946 4777 3224 4834 decretum
3259 4783 3439 4834 exstat
3471 4793 3524 4832 tn

1927 4854 2133 4924 Regula
2165 4851 2223 4907 S.
2255 4849 2534 4924 Pacltomii
2557 4858 2711 4924 ,Aart.
2741 4849 2853 4924 63._
2879 4868 2907 4924 t_
2953 4849 3098 4906 Nihil
3153 4853 3206 4924 in
3253 4849 3387 4904 cella
3431 4863 3529 4903 sua

1927 4919 2130 4994 absque
2161 4922 2434 4994 praepositi
2451 4921 2702 4990 jussione
2727 4919 3003 4994 quidpiam
3034 4921 3252 4987 condet,
3296 4934 3397 4975 nec
3431 4933 3530 4990 po-

1928 5013 2079 5052 mum
2109 4995 2349 5066 quidetn.
2382 5015 2401 5046 ι

2002 5088 2028 5126 ιι
2059 5086 2345 5155 Operantes
2369 5083 2581 5152 fratres,
2603 5092 2711 5139 etc.
2737 5081 3078 5155 Hreciisdem
3100 5079 3286 5136 verbis
3309 5087 3528 5155 exstant

1925 5159 1984 5214 In
2015 5153 2219 5227 Regula
2247 5155 2306 5210 S.
2336 5155 2633 5221 Pacltomii,
2665 5163 2772 5208 art.
2805 5154 2894 5208 55.
3205 5200 3212 5204 .
3380 5153 3386 5160 “

2007 5245 2025 5286 ι
2061 5245 2400 5301 Mcditentur.
2434 5246 2489 5302 Id
2519 5257 2600 5301 cst
2631 5247 2942 5316 loquantur.

2001 5331 2042 5358 ιη
2072 5317 2416 5393 Pt'trpositus.
2445 5315 3001 5393 ctc._ll§ec’ltabettttt_r
3022 5316 3074 5393 in
3103 5315 3399 5393 Regula_S.
3424 5315 3526 5372 Pa-

1931 5391 2156 5454 chumii,
2187 5386 2292 5444 art.
2329 5390 2445 5454 128,
2479 5395 2533 5443 et
2561 5389 2699 5443 infra
2729 5386 2832 5444 ltoc
2857 5387 3034 5454 capite
3061 5386 3257 5442 iterum
3285 5387 3526 5444 citantur

1929 5477 1963 5518 a
1994 5471 2181 5517 nostro
2207 5471 2430 5516 auctore
2457 5461 2554 5515 sub
2581 5460 2800 5514 nomine
2826 5459 2884 5512 S.
2917 5459 3211 5513 Pachomii.

2009 5544 2035 5572 η
2069 5531 2192 5588 Νοη
2223 5532 2397 5588 sedeat
2429 5533 2483 5586 in
2508 5531 2896 5585 humilioribus.
2928 5529 2986 5585 ln
3015 5529 3216 5598 Regula
3243 5529 3300 5584 S.
3324 5528 3527 5584 Paclto-

283 5611 314 5652 δ
353 5610 804 5692 Intemperantia.
829 5599 1375 5692 l_t_ttetttpet':tntialioc
1397 5603 1514 5692 loco
1540 5613 1624 5687 est
1645 5617 1834 5659 exces-
1929 5603 2028 5688 τηἰί
2059 5605 2296 5688 additur,
2313 5606 2476 5692 iuxta
2499 5619 2624 5685 uasa
2661 5599 2985 5692 morasterii.
3017 5599 3196 5692 liujus
3226 5601 3524 5692 instjtptio-

187 5677 594 5812 st‘tgfrmlati,
623 5698 745 5738 cum
771 5680 975 5738 nullum
998 5677 1052 5736 in
1085 5677 1333 5751 regendis
1361 5678 1589 5733 subditis
1614 5691 1832 5733 servare

189 5771 242 5812 ιι
355 5771 461 5812 utn
490 5761 687 5812 potest.

353 5771 461 5828 ωτι
490 5761 687 5828 potest.

285 5819 311 5866 ἲ
348 5819 819 5892 Cominendatum,
855 5832 959 5880 etc.
989 5821 1117 5881 Haec
1145 5821 1459 5880 'constitutio
1489 5821 1678 5877 iisdem
1713 5834 1834 5876 ver-

1935 5677 2021 5733 nis
2049 5677 2293 5732 meminit
2314 5672 2376 5731 S.
2407 5674 2694 5737 Orsiesius,
2729 5672 2796 5728 de
2822 5673 3088 5728 lnstitutis
3119 5673 3450 5732 monasticis.

2010 5755 2044 5819 °A
2065 5747 2148 5819 Ne
2173 5747 2345 5819 lugeat
2375 5745 2427 5800 in
2461 5745 2548 5819 die
2593 5743 2726 5819 [esto
2770 5741 3299 5819 Domini‘salyatoris.
3412 5752 3524 5805 est,

1937 5836 2005 5877 ne
2027 5812 2252 5890 jejunet'
2267 5820 2321 5875 in
2344 5819 2431 5874 die
2459 5812 2762 5885 Dom'inico,
2787 5829 2894 5890 quo
2918 5815 3044 5873 olim
3072 5812 3158 5872 die
3182 5813 3530 5873 interdictum
