4088 6330
569 340 673 400 943

1510 292 1538 298 ”
1579 335 1637 390 s.
1675 291 2041 391 DENEDICTI
2067 293 2369 389 IABBA'l‘lS
2409 329 2825 388 ANIANENSIS

3767 333 3870 388 9M

561 466 870 510 mensuram
909 457 1257 514 sanctorum;
1288 460 1314 488 ι
1348 461 1454 502 non
1498 447 1807 502 inveniatur
1835 448 1888 503 in
1926 446 2154 502 excelsis
2183 448 2235 508 Α
2259 444 2524 521 despiciat
2548 457 2641 499 eos
2661 443 2756 514 qui
2791 439 3036 512 indigent
3074 440 3482 508 misericordia,
3516 457 3630 498 nec
3656 444 3875 501 deserat

561 544 829 602 cubilibus
855 542 1074 598 imitans
1098 555 1304 595 morem
1334 538 1613 610 gentilium
1641 555 1655 604 ;
1695 553 1803 595 non
1831 539 1900 594 sit
1929 539 2155 608 duplicis

563 640 727 704 fidei;
767 653 876 692 non
908 629 1170 706 sequatur
1192 633 1371 688 cordis
1409 633 1491 688 sui
1537 631 1928 704 cogitationes,
1961 631 2052 686 sed
2082 631 2157 685 lc-

561 747 683 804 gem
709 730 845 796 Dei;
885 743 992 810 non
1030 719 1250 782 resistat
1277 723 1682 779 sublimioribus
1717 723 1940 778 tumenti
1976 722 2154 776 animo

558 815 1067 896 potestatibus,bne
1096 815 1334 872 refrenet
1362 827 1534 871 nevec
1569 815 1782 869 hinmat
1812 815 1837 853 ἀ
1870 815 2040 869 iratus
2067 830 2154 868 su-

560 901 660 985 per
691 911 1029 977 humiliores,
1058 923 1234 978 neque
1256 905 1548 962 transferat
1578 906 1838 960 terminus
1863 905 2150 976 eRegulae;

561 991 671 1063 neu
699 997 790 1061 isit
825 1001 1232 1065 fraudulentus,
1261 1014 1437 1070 nequc
1482 998 1537 1052 in
1577 998 1994 1068 cogitationibus
2041 997 2156 1050 suis

561 1108 742 1156 verset
785 1092 985 1164 dolos;
1015 1113 1123 1152 non
1159 1093 1396 1167 negligat
1439 1099 1722 1163 peccatum
1765 1092 1960 1146 animae
2004 1106 2153 1155 sure;

561 1207 670 1247 non
697 1191 949 1246 vincatur
974 1188 1156 1244 carnis
1184 1185 1434 1250 luxuria;
1475 1199 1583 1238 non
1614 1181 1851 1237 ambulet
1883 1183 2154 1253 negligen-

558 1295 683 1351 ter;
713 1301 820 1340 non
843 1274 1096 1353 loquatur
1121 1280 1346 1334 verbum
1369 1277 1605 1332 otiosum
1630 1278 1779 1342 ;'non
1809 1282 1976 1346 ponat
2006 1289 2160 1329 scan-

560 1365 915 1432 dalum'ante
964 1373 1129 1444 pedes
1165 1370 1331 1434 creci;
1385 1368 1404 1408 ί
1456 1384 1560 1423 ηοιι
1604 1367 1798 1422 doceat
1828 1365 2159 1420 voluntatem

559 1469 798 1525 animam
844 1457 1059 1531 suam;
1094 1479 1200 1518 non
1254 1459 1557 1517 resolvatur
1597 1460 1712 1514 risu
1761 1457 2048 1512 stultorum
2095 1472 2159 1512 ac

551 1561 708 1634 joco;
735 1576 842 1616 non
867 1559 1114 1630 capiatur
1141 1572 1236 1610 cor
1262 1552 1378 1622 ejus
1404 1553 1473 1607 ab
1501 1553 1581 1606 eis
1602 1551 1695 1622 qui
1727 1551 1909 1621 inepta
1933 1551 2160 1618 loquun-

559 1645 654 1710 tur
679 1661 736 1709 et
759 1650 975 1716 dulcia;
1017 1664 1122 1703 non
1167 1648 1416 1701 vincatur
1449 1641 1806 1706 muneribus;
1843 1644 1868 1681 ε
1897 1657 2006 1695 ιιοιι
2037 1656 2162 1710 par-

537 1726 811 1801 vulorum
837 1757 1090 1801 sermone
1113 1739 1378 1803 ducatur;
1421 1752 1528 1791 non
1573 1735 1788 1791 deficiat
1835 1735 1890 1788 in
1935 1733 2161 1788 tribula-

2252 535 2515 605 justitiam
2561 542 2782 605 propter
2817 532 3226 599 lassitudinem;
3276 549 3344 589 ne
3389 535 3593 604 perdat
3633 536 3876 594 animam

2247 622 2410 681 suam
2440 633 2662 696 propter
2687 622 3090 688 verecundiam,
3129 639 3226 680 nec
3254 625 3515 694 respiciat
3541 625 3724 696 dapes
3763 625 3875 683 lau-

2261 718 2415 772 tioris
2443 731 2642 772 mensa!
2662 758 2676 782 ,
2711 730 2811 770 nec
2840 715 3064 785 pulchra
3092 715 3418 770 vestimenta
3443 717 3761 782 desideret,
3782 731 3875 776 nec

2259 824 2318 865 se
2345 810 2600 881 negligat,
2633 809 2726 864 sed
2753 807 3008 876 dijudicct
3035 809 3394 880 cogitationes
3417 825 3595 872 suas;
3636 827 3750 866 non
3775 813 3876 867 ine-

2257 903 2470 958 brietur
2493 903 2638 968 vino,
2671 901 2765 958 sed
2792 901 3083 957 humilitati
3125 903 3374 972 junctam
3423 903 3655 958 habent
3686 906 3875 959 verita-

2245 1006 2390 1076 tem.
2423 998 2448 1036 ιι
2482 996 2709 1064 Quando
2729 995 2953 1066 judicat,
2991 1002 3255 1066 Sequatur
3289 1006 3584 1067 praecepta
3619 997 3876 1068 majorum

2258 1099 2314 1147 et
2338 1091 2512 1162 legem
2541 1092 2658 1158 Dei,
2686 1108 2805 1161 qute
2840 1091 2892 1144 in
2929 1098 3041 1145 toto
3066 1091 3198 1145 urbe
3220 1090 3537 1160 praedicata
3561 1098 3678 1144 est.

2692 1185 2719 1257 §
2759 1184 2848 1239 ΙΧ.
2880 1216 2952 1225 -
2978 1185 3113 1239 Item
3145 1185 3409 1255 ejusdem.

2335 1279 2351 1319 ι
2388 1279 2452 1335 Hi
2479 1281 2661 1350 itaque
2687 1279 2881 1349 quibus
2913 1279 3198 1348 disciplina
3220 1321 3233 1344 ,
3263 1279 3353 1333 vel
3386 1279 3628 1335 utilitas
3650 1323 3667 1345 ,
3695 1283 3782 1338 vel
3804 1285 3882 1340 ob-

2261 1370 2507 1439 sequium
2554 1370 2870 1424 monasterii
2919 1370 3195 1435 creditur,
3249 1371 3434 1425 olIicia
3492 1372 3610 1427 sibi
3666 1375 3883 1445 injuncta

2261 1461 2494 1517 fideliter
2527 1461 2833 1517 custodiant
2854 1471 2909 1516 et
2930 1461 3207 1534 impleant.
3237 1461 3352 1517 llos
3377 1463 3546 1517 enim
3577 1479 3779 1520 errare
3800 1483 3880 1520 non

2261 1554 2437 1619 decet,
2471 1554 2562 1623 qui
2603 1555 2670 1609 ad
2699 1569 2890 1609 omnes
2929 1569 3146 1609 errores
3175 1555 3583 1611 emendandos
3629 1561 3881 1628 ιιι-τριιὶιά

2246 1657 2406 1724 sunt.
2437 1647 2539 1715 Qui
2571 1648 2615 1702 si
2641 1647 2726 1700 vel
2757 1647 3028 1718 superbia,
3057 1647 3135 1701 vel
3168 1647 3549 1717 negligentia,
3585 1650 3682 1704 vel
3710 1651 3882 1706 desidia

2264 1741 2441 1810 aliqua
2467 1757 2534 1795 ex
2556 1741 2642 1796 his
2661 1739 3107 1812 pnetcrmiserint
3133 1756 3253 1810 qua:
3277 1741 3331 1794 in
3363 1739 3606 1811 Regula
3627 1744 3883 1798 continen-

559 1841 742 1904 tione;
773 1829 884 1892 non
915 1826 1363 1904 timeat’mOrtem
1384 1867 1403 1897 ,
1442 1829 1536 1884 sed
1567 1828 1735 1883 Deum
1760 1843 1775 1894 ;
1810 1841 1918 1882 non
1952 1842 2158 1896 praeva-

2265 1842 2352 1888 tur
2374 1875 2388 1900 ,
2424 1847 2464 1874 ιη
2489 1849 2588 1904 per
2632 1834 2777 1904 ipsos
2807 1833 3104 1888 destructio
3145 1847 3265 1887 esse
3315 1835 3584 1904 coeperit
3635 1851 3740 1905 per
3777 1849 3884 1903 quos

541 1923 768 1986 'rieator
791 1928 863 1983 sit
880 1934 1102 1998 pr0pter
1132 1922 1508 1978 imminentem
1532 1921 1782 1976 timorem
1801 1919 1860 1986 ;¹ι
1877 1935 1984 1976 non
2002 1911 2160 1975 relin-

541 2013 693 2098 quat
713 2042 903 2081 verum
930 2024 1112 2080 lumen
1140 2030 1362 2094 propter
1387 2023 1628 2078 modicos
1657 2022 1841 2088 cibos;
1871 2037 1980 2078 non
2007 2030 2161 2077 nutet

558 2136 622 2177 ao
649 2103 872 2175 ﬂuetuet
896 2119 948 2172 in
985 2116 1242 2188 operibus
1269 2114 1421 2180 suis;
1462 2129 1569 2169 non
1597 2121 1771 2168 mutet
1811 2114 2156 2179 sententiam,

559 2213 655 2269 sed
685 2195 875 2266 firmus
913 2209 984 2265 sit
1022 2224 1088 2264 ac
1123 2207 1279 2263 solidi
1322 2207 1550 2272 decreti,
1589 2206 1770 2277 justus
1807 2207 2160 2263 considerans

559 2313 756 2362 cuncta
780 2289 1097 2374 inlveritate
1117 2302 1322 2370 absque
1351 2300 1590 2370 appetitu
1616 2298 1819 2371 gloriae,
1843 2298 2160 2354 manifestus

561 2397 675 2453 Deo
697 2405 754 2450 et
782 2393 1092 2451 hominibus
1129 2394 1144 2432 ί
1182 2401 1238 2448 et
1268 2407 1300 2446 a
1340 2390 1530 2447 fraude
1574 2389 1782 2459 procul.
1829 2389 1908 2443 Nc
1951 2390 2163 2458 ignoret

561 2489 1028 2546 conversationem
1053 2494 1389 2548 sanctorum.
1432 2499 1532 2540 nec
1559 2484 1626 2538 ad
1653 2497 1841 2537 eorum
1874 2482 2161 2537 scientiam

562 2569 778 2646 caecus;
811 2578 944 2634 nulli
991 2585 1185 2634 noceat
1229 2593 1326 2648 per
1367 2574 1708 2647 superbiam,
1752 2589 1855 2628 nec
1900 2582 2162 2644 sequatur

562 2661 1032 2742 concupiscentias
1057 2668 1374 2732 oculorum;
1401 2667 1686 2723 veritatem
1715 2680 1991 2734 nunquam
2019 2681 2159 2736 prae-

537 2754 766 2829 tereat;
803 2761 980 2818 oderit
1008 2758 1361 2829 iniustitiam;
1392 2759 1688 2815 secundum
1711 2773 1998 2830 personam
2023 2774 2160 2812 nun-

563 2850 726 2926 quam
745 2853 954 2924 iudicet
973 2839 1072 2926 pro
1100 2854 1440 2918 muneribus,
1455 2868 1554 2908 nec
1577 2851 1899 2906 condemnet
1921 2849 2160 2904 animam

564 2939 908 3005 innocentem
943 2937 1052 3018 per
1069 2948 1398 3018 superbiam.
1441 2945 1454 2996 i
1496 2945 1616 3002 Non
1653 2945 1829 3000 rideat
1863 2945 2006 3000 inter
2029 2961 2161 3015 pue-

565 3057 679 3108 ros,
713 3056 815 3098 nec
863 3041 1408 3122 deserat-veritatem
1446 3041 1644 3096 timore
1688 3049 2012 3110 superatus;
2051 3057 2160 3096 non

535 3199 538 3202 .
566 3156 666 3228 fuit
693 3153 960 3228 ieiunare.
988 3154 1101 3222 Qua
1133 3155 1201 3209 de
1229 3169 1288 3210 re
1317 3153 1480 3209 infra.
1521 3152 1630 3208 Sed
1658 3160 1772 3209 toto
1793 3153 1898 3208 hoc
1923 3153 2158 3223 capitulo

565 3227 850 3299 legendum
878 3243 969 3280 nec
996 3241 1094 3299 pro
1123 3243 1210 3299 ne.

639 3294 666 3340 ξι
694 3297 818 3352 Non
844 3294 1140 3352 inveniatur
1164 3298 1218 3350 in
1246 3296 1462 3351 excelsis
1495 3294 1769 3350 cubilibus.
1795 3296 1874 3350 Ex
1906 3296 2155 3351 instituto

566 3371 624 3426 S.
650 3368 928 3423 Pachomii
960 3367 1209 3422 monachi
1244 3368 1296 3424 in
1340 3369 1492 3422 lectis
1521 3383 1623 3421 non
1657 3367 2031 3430 dormiebant,
2062 3367 2158 3421 sed

565 3441 622 3497 in
645 3440 775 3496 sella
807 3440 1011 3496 reclina
1051 3447 1106 3494 et
1145 3438 1356 3508 supina,
1391 3447 1449 3492 ut
1481 3440 1710 3494 habetur
1746 3447 1850 3492 art.
1881 3438 1913 3492 5
1939 3437 2159 3508 Regulae

566 3513 626 3570 S.
653 3511 931 3567 Pachomii
957 3529 969 3564 :
1013 3509 1063 3582 Ν
1070 3527 1146 3582 on_
1162 3509 1388 3582 dormiat
1414 3511 1530 3582 quis
1557 3519 1748 3582 printer
1784 3509 2032 3582 reclinant
2059 3508 2160 3582 sel-

564 3582 691 3638 lam.
740 3582 806 3636 Et
849 3583 989 3652 apud
1038 3579 1369 3643 Palladium,
1418 3579 1538 3650 cap.
1589 3581 1653 3634 de
1705 3579 2155 3652 Tabennesiotis:

567 3650 956 3710 Καθευδὲτωοῖαν
982 3651 1034 3708 δὲ
1057 3659 1127 3720 μή
1151 3654 1534 3722 ἀνακλινὸμςνοι,
1572 3653 1696 3706 ἀλλὰ
1730 3651 1932 3722 θρόνους
1970 3650 2155 3706 οἰκοδο·

568 3728 760 3794 μητοὺς
785 3727 1137 3797 ὑπτιωτέρους
1175 3727 1536 3797 πετῖφιηκάτεςν
1580 3728 1661 3797 καὶ
1700 3723 1915 3797 ἕνθίνῖες
1959 3724 2162 3797 ἐκέ-τά

567 3791 853 3870 άτρὼματα
878 3791 1076 3870 ἑαυτῶν.
1098 3791 1484 3870 καθξυ-δέτωσαν
1512 3794 1790 3870 abripiunt
1828 3793 1879 3846 id
1909 3801 2014 3870 est,
2043 3792 2159 3870 N0}!

570 3863 1009 3921 vero'dormiant
1047 3865 1454 3925 decumbentes,
1487 3865 1580 3918 sed
1612 3863 1665 3916 in
1695 3865 1988 3918 exstructis
2015 3865 2162 3933 Stipi-

569 3937 815 3992 nioribus
865 3935 1155 3998 sedilibus,
1204 3935 1579 4004 impositisque
1629 3935 1701 3988 ibi
1747 3934 1860 3988 suis
1906 3935 2162 4004 stragulis

569 4007 845 4062 dormiant
875 4004 1148 4060 sedentes.

643 4077 672 4116 b
711 4076 791 4129 Ne
818 4074 1272 4145 refrenet._Lege,_
1306 4091 1409 4127 non
1455 4075 1678 4144 fremat,
1707 4073 2162 4145 quemadmodum

569 4147 802 4204 habetur
828 4145 882 4198 in
915 4143 1117 4213 Regula
1150 4143 1206 4197 S.
1246 4143 1545 4198 Pachomii.

533 4270 536 4273 .
649 4229 670 4256 ο
703 4216 816 4272 Nec
846 4216 1072 4270 Itinniat.
1101 4213 1264 4285 Lege,
1312 4231 1403 4269 nec
1439 4216 1644 4282 irruat,
1678 4224 1734 4270 ut
1764 4217 1818 4271 in
1849 4215 2056 4287 Regula
2100 4215 2157 4272 S.

569 4287 870 4345 Pachomii.

642 4359 671 4400 ά
701 4357 904 4414 Iratus.
940 4355 1054 4413 lloc
1079 4356 1401 4413 vocabulum
1431 4373 1539 4413 non
1570 4365 1750 4413 exstat
1771 4358 1825 4414 in
1859 4359 2062 4431 Regula
2097 4360 2154 4416 S.

571 4431 870 4487 Pachomii.

569 4573 610 4628 Ρ
647 4501 934 4626 eIRegulw.
964 4499 1149 4571 Neque
1181 4500 1283 4555 hoc
1310 4497 1628 4555 vocabulum
1657 4509 1741 4556 est
1775 4501 1829 4556 in
1859 4501 2065 4573 Regula
2096 4501 2154 4558 S.

615 4587 679 4628 ac
701 4586 870 4626 1011111.

615 4586 870 4628 acnomu.

648 4642 667 4680 ί
701 4640 823 4695 Νοη
849 4641 1032 4714 doceat
1063 4640 1378 4714 voluntatem
1409 4643 1641 4697 animam
1663 4660 1834 4697 suam.
1869 4644 2028 4714 Lege,
2057 4661 2159 4698 non

569 4713 754 4785 doceqt
777 4711 1066 4785 uoluptates
1089 4713 1321 4764 animant
1348 4730 1521 4785 suam,
1548 4723 1606 4767 ut
1635 4713 1686 4766 in
1716 4715 1905 4785 eadem
1932 4711 2157 4785 Regula.

647 4786 672 4825 ε
703 4780 825 4852 Non
855 4780 1194 4852 parvulorum
1220 4799 1455 4836 sermone
1481 4783 1730 4836 ducatur.
1766 4783 1980 4851 Optima
2011 4780 2154 4839 instia

571 4855 728 4911 tutio.
761 4851 896 4908 Nam
927 4853 1160 4921 pessima
1189 4853 1300 4907 haec
1331 4861 1415 4908 est
1444 4856 1498 4908 in
1536 4857 1865 4908 monasterio
1891 4856 2075 4922 pestis,
2107 4863 2163 4909 et

569 4927 730 4981 unica
765 4923 1066 4993 disciplina:
1088 4925 1417 4993 corruptela,
1449 4941 1570 4979 cum
1597 4924 1868 4994 praelatus,
1899 4925 1984 4978 cui
2020 4926 2161 4981 fixus

568 5005 652 5051 est
681 4995 912 5059 animus,
945 4994 1096 5049 clavo
1124 4995 1390 5064 cupidinis
1425 4995 1736 5064 procacium
1767 5010 2055 5064 puerorum
2080 4997 2158 5052 le-

569 5068 859 5122 nocinatur
891 5063 1207 5130 affectibus,
1228 5063 1478 5134 totusque
1506 5082 1536 5117 a
1561 5063 1813 5134 proterva
1841 5082 2029 5121 eorum
2047 5067 2161 5121 ‘lin-

569 5154 676 5210 gua
699 5137 1176 5210 sycophantiisun
1206 5137 1421 5204 pendet.
1453 5136 1604 5210 :I‘unc
1634 5137 1776 5210 enim
1809 5137 1958 5210 pueri
1992 5138 2161 5208 impe-

571 5205 1031 5273 rant,'et_miser
1077 5206 1164 5260 ille
1208 5221 1394 5260 eorum
1447 5205 1618 5259 forma
1671 5205 2159 5275 incapistratusdn

575 5278 819 5349 quamvis
845 5276 1347 5349 partemvoluerint
1373 5275 1468 5349 illi,
1502 5275 1734 5349 ﬂectitur
1754 5280 2083 5349 :Aeveuilque
2109 5280 2158 5334 ei

571 5346 626 5404 et
657 5346 940 5403 conventui
986 5346 1430 5419 universo,_qu_od
1469 5348 1705 5416 serpenti
1733 5347 1883 5410 olim,
1919 5346 2007 5418 qui
2043 5350 2160 5419 plus

574 5419 740 5474 nimio
768 5419 950 5471 cauda:
987 5434 1098 5471 sine
1132 5417 1422 5480 desiderio,
1456 5433 1576 5486 qua:
1603 5419 1906 5485 praecedere
1938 5417 2161 5474 allecta-

571 5491 684 5555 bat,
714 5487 1016 5559 indulgens,
1042 5503 1150 5541 non
1173 5503 1202 5540 a
1230 5489 1426 5556 capite,
1460 5496 1518 5540 ut
1547 5489 1773 5549 solebat,
1804 5490 1897 5543 sed
1929 5506 1957 5541 a
1987 5491 2158 5544 cauda

573 5574 714 5630 caeca
738 5576 835 5630 per
857 5574 1048 5630 vepres
1074 5567 1130 5613 et
1165 5568 1348 5613 sentes
1372 5559 1584 5623 ductus,
1623 5559 1818 5613 misere
1843 5570 2160 5617 cruentatus

574 5629 801 5686 interiit.

644 5701 676 5771 Ιξ
697 5699 820 5771 Non
841 5700 1099 5771 relinquat
1121 5717 1298 5755 verum
1321 5700 1495 5756 lumen
1515 5709 1723 5770 propter
1744 5700 1971 5754 modicos
1994 5701 2155 5757 cibos.

578 5767 712 5833 Quia
743 5769 875 5838 nihil
905 5767 1013 5822 tam
1047 5771 1266 5825 hebetat
1295 5771 1490 5825 mentis
1515 5767 1690 5823 aciem
1720 5785 1880 5838 quam
1913 5772 2157 5828 ciborum

581 5835 863 5908 ingluvies,
888 5847 944 5892 ut
964 5841 1209 5895 omittam
1227 5841 1374 5910 loqui
1400 5841 1465 5897 de
1481 5840 1652 5896 sancti
1676 5835 1912 5908 Spiritus
1933 5841 2153 5910 lumine,

2184 4545 2239 4604 D

2264 1926 2422 1982 debet
2454 1925 2742 1981 aedificatio
2786 1939 3064 1991 crescere,
3111 1925 3373 1979 omnibus
3407 1934 3439 1962 ιι
3477 1927 3881 1981 condemnatio-

2261 2018 2442 2084 nibus,
2476 2033 2614 2087 quas
2644 2017 2853 2088 Regula
2882 2017 3144 2080 continet,
3178 2014 3597 2085 subjacehunt.

2509 2108 2538 2180 §
2567 2108 2636 2163 Χ.
2668 2139 2739 2148 ——
2761 2109 2838 2162 Ex
2865 2108 3082 2164 Renum
3112 2123 3303 2162 SA‘SCTI
3334 2107 3666 2165 ΡΑειιοιιιι.

2334 2211 2359 2239 ο
2398 2202 2455 2257 Si
2482 2217 2672 2257 omnes
2699 2200 2898 2256 fratres
2925 2201 3014 2270 qui
3043 2201 3096 2255 in
3121 2216 3229 2255 una
3255 2201 3437 2256 domo
3474 2213 3641 2267 sunt,
3673 2203 3879 2258 viderint

2261 2295 2610 2367 prmpositum
2637 2293 2864 2348 nimium
2887 2293 3276 2364 negligentem,
3305 2303 3418 2348 aut
3438 2295 3595 2350 dure
3629 2298 3879 2366 increpan-

2264 2395 2372 2442 tem
2395 2389 2614 2450 lratres,
2633 2400 2944 2440 mensuram
2972 2385 3291 2440 monasterii
3324 2389 3737 2452 excedentem,
3765 2388 3878 2443 rele-

2263 2488 2386 2535 rent
2429 2479 2498 2534 ad
2527 2478 2768 2543 Patrem,
2801 2486 2856 2532 et
2899 2479 2968 2532 ab
3015 2492 3080 2532 eo
3108 2477 3548 2546 increpabitur.
3579 2481 3693 2552 ipse
3717 2493 3877 2537 autem

2262 2572 2582 2645 praepositus
2625 2571 2760 2626 nihil
2802 2570 2997 2635 faciet,
3032 2570 3134 2624 nisi
3167 2572 3318 2634 quod
3347 2571 3543 2630 Pater
3563 2575 3792 2643 jusserit,
3828 2577 3880 2628 in

2263 2683 2322 2723 re
2343 2683 2481 2722 nova
2507 2669 2764 2724 maxime.
2795 2676 2824 2717 Ρ
2845 2665 3089 2736 Namque
3111 2681 3179 2720 ex
3203 2681 3376 2722 more
3406 2671 3665 2726 servabit
3690 2670 3877 2742 regulas

2261 2761 2597 2817 monasterii.

2331 2852 2657 2923 Pnepositus
2689 2871 2795 2910 non
2817 2855 3146 2922 inebrietur;
3176 2872 3291 2911 non
3316 2858 3537 2914 sedeat
3558 2861 3615 2915 in
3645 2859 3864 2915 humilio-

2263 2945 2414 3001 ribus
2439 2945 2574 3000 locis
2592 2944 2749 3015 juxta
2781 2962 2908 3000 vasa
2931 2949 3280 3013 monasterii,
3316 2965 3408 3004 ne
3426 2961 3663 3022 rumpat
3686 2949 3870 3006 vincula

2261 3051 2381 3106 quae
2408 3035 2551 3091 Deus
2579 3036 2634 3091 in
2664 3037 2803 3093 coelo
2834 3039 3075 3094 condidit
3097 3050 3156 3094 ut
3183 3041 3586 3098 observentur
3611 3047 3666 3100 in
3698 3047 3866 3107 terris;

2262 3154 2404 3226 quod
2431 3153 2658 3226 penitus
2675 3155 3028 3210 obsoniorum
3076 3155 3528 3226 ingurgitatione
3574 3159 3865 3214 offusmtnr.

2262 3225 2527 3290 Evagrius
2557 3224 2610 3278 itt
2635 3224 2972 3281 Proverbiis:
3008 3224 3398 3295 Investigantis
3426 3231 3664 3283 cont-irin
3688 3233 3869 3284 exstiti-

2261 3295 2442 3366 guitur
2465 3295 2682 3360 lumen;
2723 3297 2899 3350 anima
2927 3307 3099 3350 autem
3131 3297 3250 3366 ejus
3283 3299 3486 3353 ridebit
3513 3302 3758 3354 tenebras.

2341 3368 2355 3407 i
2405 3365 2469 3419 Et
2501 3383 2533 3419 a
2573 3366 2764 3489 {made
2795 3367 2997 3438 procul.
3055 3365 3421 3435 Ne’ignoret.
3457 3370 3511 3423 In
3553 3369 3746 3440 Regula
3795 3371 3862 3425 S.

2341 3437 2540 3489 chornii
2592 3437 2804 3489 enitur:
2846 3437 3116 3489 Elonaans
3144 3455 3198 3489 se
3229 3458 3264 3489 a
3299 3439 3488 3489 fraude
3514 3457 3609 3489 non
3637 3445 3862 3489 ianorct-

2261 3437 2540 3508 Pachomii
2573 3437 2804 3508 legitur:
2846 3437 3116 3508 Elongans
3144 3455 3198 3492 se
3229 3458 3264 3491 a
3297 3439 3488 3508 fraude
3514 3457 3609 3492 non
3631 3437 3862 3506 ignoret.

2339 3507 2352 3557 i
2401 3507 2523 3561 Non
2553 3509 2720 3570 rideat
2750 3511 2884 3562 inter
2913 3507 3120 3578 pueros.
3151 3509 3295 3576 Quia
3343 3512 3466 3566 haec
3509 3521 3587 3565 est
3617 3528 3760 3565 mera
3787 3513 3866 3564 la-

2265 3579 2456 3642 scivia,
2483 3594 2589 3632 non
2617 3580 2776 3634 modo
2803 3595 3095 3648 puerorum
3137 3579 3542 3642 collusoribus.
3584 3583 3675 3638 sed
3709 3585 3860 3636 etiam

2266 3650 2398 3720 ipsis
2441 3650 2622 3718 pueris
2671 3651 2968 3716 damnosa;
3019 3667 3082 3705 ac
3117 3652 3355 3719 proinde
3402 3654 3703 3708 districtius
3738 3670 3762 3706 a
3803 3652 3850 3706 S.

2265 3719 2558 3775 Pachomio
2585 3721 2856 3792 prohibita
2887 3731 2992 3775 art.
3023 3721 3128 3775 90:
3166 3740 3182 3771 ι
3219 3722 3280 3777 Si
3307 3723 3689 3792 deprehensus
3710 3723 3852 3777 fuerit

2267 3792 2465 3864 aliquis
2504 3792 2570 3845 de
2615 3791 2874 3864 fratribus
2915 3792 3144 3847 libenter
3181 3809 3309 3846 cum
3357 3791 3552 3864 pueris
3593 3797 3758 3850 riJere
3779 3794 3850 3847 vel

2268 3862 2482 3923 ludere,
2533 3872 2588 3916 et
2628 3862 2830 3916 habere
2871 3864 3140 3916 amicitias
3183 3862 3372 3918 aetatis
3417 3865 3671 3930 infirmat,
3714 3867 3850 3920 tertia

2267 3933 2717 3994 commonebitur,
2750 3944 2808 3988 ut
2836 3935 3053 3988 recedat
3095 3934 3164 3986 ab
3205 3950 3405 3988 eorum
3450 3937 3846 3997 necessitudine,

2237 4063 2240 4065 Α
2267 4013 2324 4058 et
2351 4018 2555 4058 memor
2584 4005 2653 4058 sit
2684 4005 2992 4058 honestatis
3007 4020 3070 4058 ac
3104 4003 3319 4058 timoris
3352 4007 3452 4059 Dei
3482 4026 3495 4060 :
3540 4009 3584 4062 si
3617 4024 3715 4061 non
3743 4021 3846 4060 ces-

2267 4076 2492 4156 saverit,
2523 4076 2866 4144 corripietur,
2900 4084 2959 4130 ιιι
2981 4075 3174 4146 dignus
3199 4085 3305 4142 est,
3339 4080 3691 4147 correptione
3716 4093 3843 4133 seve-

2267 4161 2505 4200 I‘ISSlma.
2541 4167 2558 4198 1

2339 4218 2366 4257 ιι
2398 4217 2625 4282 Quando
2646 4217 2877 4286 judicat.
2910 4218 2967 4272 In
2997 4217 3201 4288 Regula
3231 4216 3291 4272 S.
3330 4216 3625 4277 Pachomii
3652 4222 3838 4276 bren-

2265 4288 2516 4344 feruntur
2544 4289 2610 4343 ad
2638 4290 3028 4358 praecedentem
3056 4290 3409 4344 sententiam.

2345 4359 2361 4398 1
2395 4358 2467 4412 Hi
2496 4359 2687 4431 itaque,
2713 4370 2817 4414 etc.
2848 4359 2971 4416 Haec
2998 4361 3352 4431 proferuntur
3371 4379 3404 4416 a
3426 4374 3626 4419 nostro
3650 4374 3843 4417 anew:

2265 4432 2335 4486 ob
2365 4445 2428 4506 ea
2465 4429 2591 4500 quae
2710 4429 3034 4506 Benedictus
3057 4432 3304 4506 praecipit
3337 4433 3705 4506 de‘prwpositi
3728 4448 3836 4506 cer-

2267 4502 2530 4576 _rep_ti_one,
2566 4500 2905 4576 submotione
2930 4512 2985 4558 et
3012 4500 3348 4576 espulsione,
3383 4500 3445 4558 si
3474 4506 3530 4559 in
3556 4500 3841 4576 superbiae

2267 4571 2488 4644 incidat,
2522 4580 2576 4644 et
2611 4573 2827 4626 tandem
2853 4574 2906 4627 in
2937 4571 3279 4644 contumacia
3301 4576 3592 4644 persistat.

2335 4655 2374 4682 ω
2397 4641 2503 4696 Per
2530 4643 2669 4712 ipsos
2691 4643 2994 4698 destructio.
3025 4643 3187 4715 Lege,
3209 4653 3256 4698 et
3276 4641 3372 4714 per
3392 4646 3540 4716 ipsos
3562 4649 3844 4702 destructis.

2337 4727 2458 4765 mne
2484 4713 2744 4765 reanlaris
2773 4715 3149 4765 observantim.

2263 4727 2458 4782 nempe
2484 4716 2744 4783 regularis
2773 4716 3149 4769 observantiae.

2336 4795 2364 4822 ιι
2397 4782 2949 4856 Condentnatiouibus.
2980 4786 3035 4840 Id
3059 4793 3164 4856 est,
3192 4787 3392 4856 ptenis.

2337 4862 2361 4890 °
2400 4854 2460 4909 Si
2495 4870 2670 4909 omnes
2709 4856 2921 4924 fratres.
2945 4866 3049 4911 etc.
3085 4854 3209 4910 Haec
3233 4872 3408 4926 usque
3454 4860 3528 4914 ad
3561 4860 3654 4914 illa
3682 4859 3844 4914 veris-3.

2261 4927 2571 5000 prmpositus
2595 4943 2705 5000 non
2733 4927 3320 5000 inebrietur,_habentur
3342 4930 3396 4982 in
3425 4928 3641 5000 Regula
3671 4945 3848 4986 ειωςι

2235 5055 2238 5058 ,
2265 4997 2323 5051 S.
2351 4996 2648 5068 Pachomii,
2674 5008 2776 5050 art.
2811 4998 2928 5062 127,
2960 4998 3164 5068 reliqua
3191 5013 3319 5052 vero
3348 4996 3617 5057 “L128.

2336 5079 2363 5118 ι)
2402 5066 2644 5137 Namque
2681 5084 2746 5121 ex
2778 5085 2921 5122 more
2947 5066 3190 5130 servabit.
3220 5078 3326 5123 etc.
3366 5069 3421 5124 In
3455 5083 3658 5127 nostro
3683 5071 3848 5124 ωῗι-ῢ·

2263 5154 2364 5192 ms.
2396 5146 2619 5205 apparet
2646 5139 2930 5208 vestigium
2957 5139 3236 5208 cujusdam
3267 5143 3523 5196 vocabuli
3553 5144 3698 5199 erasi
3724 5143 3854 5196 inter

2263 5208 2351 5263 illa
2405 5215 2531 5273 duo,
2570 5225 2712 5262 more
2751 5220 2805 5263 et
2847 5211 3090 5264 servabit.
3145 5209 3202 5263 ln
3244 5209 3557 5266 Concordia
3612 5210 3858 5267 \‘indeei-

2263 5279 2440 5340 nensi,
2469 5289 2524 5333 et
2553 5281 2604 5333 in
2638 5281 2837 5353 Regula
2866 5279 2924 5334 S.
2958 5280 3230 5353 Pachumii
3259 5283 3410 5336 edita
3443 5283 3652 5353 legitur
3677 5304 3688 5336 ;
3719 5282 3860 5353 N51

2261 5367 2376 5422 quia
2397 5367 2461 5403 ea:
2480 5367 2631 5422 utare
2660 5351 2947 5416 descendit,
2978 5352 3263 5405 observabit
3293 5351 3864 5422 t'cgttlasntonastrréi.

2265 5420 2369 5476 Sed
2401 5420 2578 5475 nullus
2616 5431 2697 5474 est
2741 5422 2932 5475 borum
2965 5423 3252 5491 verburpm
3300 5420 3519 5478 sensus.
3566 5425 3750 5491 Itaque
3787 5424 3864 5475 Ε-

2265 5437 2369 5476 aeu
2401 5437 2578 5475 IIIIIIUS
2616 5437 2697 5474 est
2741 5437 2932 5475 norum
2965 5437 3162 5476 vernur
3203 5438 3252 5475 nt
3300 5439 3519 5478 sensus.
3566 5437 3750 5491 Itaque
3787 5437 3864 5475 Is."

2263 5492 2495 5560 gendum
2525 5491 2760 5545 arbitror
2788 5510 2800 5544 :
2836 5492 2978 5546 Nam
3008 5493 3061 5545 in
3087 5508 3148 5544 ea
3163 5437 3286 5561 stur
3308 5510 3372 5546 ea:
3396 5511 3544 5548 more
3572 5495 3864 5550 descendit.

2263 5561 2548 5614 observabit
2593 5562 2797 5631 regulas
2846 5563 3172 5625 monasterii,
3222 5572 3282 5617 ut
3327 5579 3525 5617 sensus
3558 5569 3630 5620 sit
3667 5586 3676 5616 :

2263 5631 2420 5686 faciet
2440 5635 2758 5702 praepositus
2773 5633 3076 5688 inconsulto
3091 5632 3248 5688 Patre
3264 5637 3608 5696 monasterii,
3627 5635 3872 5689 manus

2261 5703 2315 5757 in
2351 5718 2409 5757 re
2441 5719 2577 5757 nova
2623 5718 2637 5756 :
2671 5703 2724 5758 in
2754 5719 2817 5758 ea
2847 5720 2974 5759 vero
3000 5720 3120 5774 qum
3156 5720 3220 5758 ex
3251 5720 3404 5759 more
3442 5703 3728 5761 descendit
3752 5744 3774 5766 ,
3815 5703 3874 5760 id

2263 5781 2364 5836 est,
2388 5775 2479 5843 qui
2511 5775 2565 5828 in
2596 5776 2927 5831 monasterio
2958 5775 3076 5832 fieri
3115 5775 3269 5834 solet.
3300 5776 3619 5832 observabit
3651 5784 3872 5832 nam

2261 5853 2314 5899 et
2336 5845 2548 5916 regulas
2572 5845 2902 5903 monasterii.
