4088 6330
276 396 362 453 9l5

1128 393 1516 450 CONCORDIA
1560 393 2012 452 REGULARUM.
2055 428 2122 436 —-
2162 395 2312 450 CAP.
2354 397 2563 455 XXVII.

3401 409 3504 465 946

270 525 330 568 ne
349 512 510 584 lugeat
538 510 594 567 in
623 511 711 567 die
739 512 878 568 festo
914 512 1126 567 Domini
1155 509 1478 576 Salvatoris;
1511 510 1820 566 dominetur
1845 525 1897 585 Α
1921 512 2074 568 hiatu
2103 513 2382 569 absorbuit
2405 511 2593 586 (Num.
2627 518 2773 589 xvi);
2811 527 2868 573 et
2893 517 3146 575 interitus
3167 521 3500 579 Chananzeo-

268 604 394 659 carni
428 618 534 658 sua:
559 601 715 671 juxta
758 619 1068 659 mensuram
1100 612 1445 669 sanctorum,
1477 615 1501 641 ιι
1532 611 1584 657 et
1622 610 1816 658 caetera

265 711 368 767 qua:
386 697 626 767 superius
658 697 1096 751 memoravimus.
1127 741 1130 744 .

323 788 622 844 Manifestus
655 789 766 844 Deo
794 797 849 844 et
874 789 1215 856 hominibus,
1246 798 1302 845 et
1328 805 1358 844 a
1387 789 1577 846 fraude
1604 788 1814 860 procul,

260 900 320 941 ne
343 885 538 956 ignoret
562 886 1024 940 conversationem
1051 892 1386 949 sanctorum,
1412 901 1510 941 nec
1537 885 1603 940 ad
1627 900 1816 940 eorum

259 977 510 1034 scientiam
539 992 715 1032 caecus
737 977 964 1043 existat.
983 977 1122 1032 Nulli
1146 989 1336 1034 noceat
1361 995 1458 1048 per
1483 978 1810 1048 superbiam,

257 1085 344 1125 nec
358 1079 609 1140 sequatur
627 1073 1096 1141 concupiscentias
1115 1073 1396 1128 oculorum
1420 1088 1640 1127 suorum
1661 1090 1674 1138 ;
1705 1088 1813 1128 non

254 1173 363 1214 eum
379 1169 627 1230 superent
645 1161 912 1216 incentiva
928 1163 1211 1227 vitiorum;
1235 1165 1516 1218 veritatem
1532 1180 1810 1234 nunquam

251 1260 548 1320 praetereat;
582 1252 756 1306 oderit
795 1253 1151 1323 injustitiam;
1194 1254 1492 1309 secundum
1522 1269 1809 1324 personam

251 1356 347 1396 non
364 1341 563 1411 judicet
601 1359 698 1413 pro
728 1346 1060 1410 muneribus,
1096 1361 1198 1401 nec
1223 1347 1549 1402 condemnet
1573 1347 1812 1403 animam

247 1433 567 1492 innocentem
604 1453 699 1508 per
737 1439 1076 1509 superbiam;
1115 1457 1223 1496 non
1271 1441 1487 1496 deserat
1523 1441 1811 1496 veritatem

249 1529 421 1584 timore
460 1541 778 1602 superatus;
831 1547 938 1587 non
983 1533 1253 1588 desideret
1295 1533 1529 1590 alienam
1568 1543 1803 1601 terram;

165 1609 167 1612 i
243 1635 341 1674 non
365 1622 628 1692 opprimat
667 1624 905 1678 animam
949 1635 1170 1694 propter
1208 1625 1438 1681 aliorum
1489 1626 1690 1698 spolia;
1738 1643 1809 1684 ne

241 1712 485 1784 despiciat
524 1731 617 1771 eos
665 1717 756 1787 qui
797 1717 1038 1788 indigent
1068 1719 1473 1786 misericordia;
1507 1735 1575 1774 ne
1613 1718 1807 1774 falsum

238 1808 372 1863 dicat
421 1809 786 1864 testimonium
839 1810 1090 1866 seductus
1142 1811 1335 1876 lucro;
1393 1826 1462 1866 ne
1513 1812 1807 1868 mentiatur

236 1910 440 1971 propter
481 1901 819 1970 superbiam;
864 1917 930 1955 ne
964 1903 1257 1958 contendat
1297 1913 1484 1958 contra
1522 1904 1804 1961 veritatem
1833 1913 1882 1974 B

236 1990 260 2030 δ
297 1992 362 2045 ob
402 1993 650 2048 timorem
683 1993 880 2058 animi;
923 2008 990 2047 ne
1027 1993 1246 2050 deserat
1277 1994 1546 2064 justitiam
1588 1987 1808 2068 prepter

232 2080 624 2149 lassitudinem;
674 2097 740 2136 ne
779 2083 968 2153 perdat
999 2085 1233 2140 animam
1272 2102 1422 2141 suam
1465 2097 1686 2158 propter
1713 2105 1804 2144 ve-

232 2177 573 2240 recundiam;
601 2193 670 2232 ne
709 2177 961 2247 respiciat
1000 2179 1166 2249 dapes
1192 2179 1438 2236 lautioris
1475 2197 1704 2247 mensae;
1738 2198 1806 2238 ne

229 2272 447 2340 pulchra
485 2273 805 2328 vestimenta
834 2273 1136 2339 desideret;
1179 2285 1201 2313 ο
1241 2291 1308 2330 ne
1345 2292 1405 2332 se
1447 2276 1716 2346 negligat;
1748 2284 1807 2330 ut

225 2377 435 2432 semper
483 2364 739 2435 dijudicet
786 2364 1139 2433 cogitationes
1189 2382 1350 2433 suas,
1392 2383 1460 2422 ne
1509 2367 1808 2424 inebrietur

221 2455 386 2519 vino,
451 2457 544 2511 sed
595 2454 956 2509 humilitatem
1004 2456 1247 2526 junctam
1309 2459 1510 2513 habeat
1565 2459 1802 2512 veritati.

221 2544 440 2613 Quando
489 2545 728 2616 judicat,
781 2554 1042 2615 sequatur
1082 2557 1351 2619 praacepta
1398 2547 1713 2617 majorum,
1751 2558 1807 2605 et

219 2639 390 2712 legem
422 2641 537 2707 Dei,
569 2656 690 2710 qua:
719 2641 773 2694 in
800 2648 914 2695 toto
945 2641 1076 2696 orbe
1099 2642 1404 2712 praedicata
1424 2652 1526 2699 est.
1555 2643 1612 2698 Si
1643 2643 1802 2713 quid-

217 2745 377 2800 quam
425 2733 490 2787 de
538 2731 622 2786 his
665 2733 1019 2800 praeterierit,
1069 2732 1096 2772 ἀ
1153 2735 1340 2790 reddet
1386 2736 1438 2789 ei
1469 2750 1802 2791 mensuram

209 2822 365 2892 juxta
387 2839 550 2894 quam
593 2840 814 2880 mensus
836 2834 947 2891 est,
975 2836 1030 2880 et
1061 2827 1286 2897 recipiet
1309 2826 1604 2882 secundum
1638 2843 1803 2898 Opera

214 2932 332 2984 sua,
367 2929 392 2957 ο
419 2919 546 2988 quia
581 2920 883 2974 moechatus
908 2929 992 2974 est
1039 2920 1091 2974 in
1127 2920 1306 2990 lingua
1343 2936 1458 2984 sua,
1491 2929 1546 2975 et
1583 2930 1806 2990 propter

215 3008 440 3080 lapides,
469 3021 520 3064 et
555 3019 776 3080 propter
805 3011 1072 3082 fulgorem
1111 3012 1228 3066 auri
1258 3012 1476 3082 reliquit
1507 3010 1798 3078 iudicium;

213 3112 264 3156 et
293 3104 406 3157 desi
428 3103 565 3158 lerio
594 3103 905 3173 temporalis
930 3103 1065 3158 lucri
1091 3105 1300 3174 laqueis
1329 3119 1387 3159 se
1422 3105 1600 3159 induit
1624 3105 1803 3159 ethni-

212 3208 424 3248 corum.
457 3193 521 3247 Et
554 3194 768 3248 eveniat
813 3194 862 3248 ei
892 3195 1147 3249 contritio
1175 3193 1314 3260 Heli,
1366 3196 1386 3233 ί
1415 3204 1484 3273 ,ει
1527 3211 1798 3250 ramorum

211 3286 329 3354 ejus
359 3285 410 3357 (1
441 3285 569 3356 Reg.
596 3285 702 3358 tv);
739 3289 764 3325 ε
796 3285 1102 3342 maledictio
1126 3287 1504 3362 David,_quam
1536 3287 1802 3357 impreca-

212 3387 301 3433 tus
335 3386 420 3432 est
456 3378 651 3432 Dohtec
683 3375 855 3449 (Psal.
891 3378 996 3447 ι.ι);
1045 3376 1073 3415 h
1122 3380 1336 3450 signum
1369 3395 1476 3450 quo
1514 3381 1800 3436 denotatus

207 3478 294 3525 est
324 3467 458 3524 Cain
490 3466 638 3541 (Gen.
671 3469 778 3541 tv);
819 3470 1093 3541 sepultura
1131 3470 1305 3536 Asini,
1339 3472 1404 3526 de
1429 3487 1534 3541 qua
1560 3471 1800 3542 loquitur

207 3549 484 3619 Jeremias
507 3563 642 3635 (cap.
676 3553 844 3636 xxn);
880 3565 1114 3635 perditio
1148 3580 1252 3634 qua
1282 3549 1598 3634 peccatores
1639 3577 1799 3622 terra:

279 3727 321 3790 ι,
343 3714 417 3769 Et
459 3726 646 3771 cetera
697 3735 814 3790 quin
856 3735 1014 3790 supra
1071 3719 1607 3790 commemorauimus.
1672 3718 1800 3776 Haec

202 3787 377 3860 verba
415 3798 542 3842 sunt
573 3787 744 3844 nostri
774 3787 1010 3845 auctoris
1045 3789 1280 3844 nolentis
1321 3799 1568 3860 repetere
1592 3806 1654 3844 ea
1677 3807 1798 3860 quae

201 3857 524 3932 paulo‘ante
555 3861 735 3914 retulit
764 3877 829 3916 ex
861 3861 1065 3932 Regula
1093 3861 1366 3916 orientali.

276 3928 304 3968 δ
349 3927 429 4002 Ob
443 3931 700 4002 timorem
729 3933 912 3985 animi.
949 3927 1116 4002 Lege,
1147 3932 1208 3984 ob
1239 3942 1494 3986 tumorem
1517 3933 1703 3997 animi,
1739 3941 1798 3988 ut

197 4000 255 4054 in
284 4001 413 4072 cogi.
442 3999 601 4056 Vind.
631 4013 683 4055 et
716 4003 771 4056 in
802 4002 1004 4072 Regula
1129 4002 1404 4058 Pacbomii
1429 4019 1648 4058 excusa.

276 4081 299 4144 ς
348 4069 439 4144 Ner
464 4089 520 4125 se
538 4075 796 4144 (negligat.
839 4069 914 4127 Ita
957 4076 1008 4128 in
1040 4074 1242 4144 Regula
1279 4073 1560 4128 Orientali.
1591 4074 1650 4129 In
1685 4075 1794 4131 Re-

195 4139 327 4214 gula
354 4143 504 4214 _cdita
529 4143 586 4197 S.
615 4139 912 4208 Paehomii,
949 4145 1071 4198 Non
1098 4139 1244 4198 sane:
1277 4144 1523 4214 negligat.

271 4211 300 4250 ἀ
341 4211 546 4284 Reddet
573 4216 619 4268 ei
651 4231 969 4268 mensuram.
1004 4215 1060 4268 In
1095 4215 1294 4284 Regula
1323 4211 1467 4269 edita
1496 4214 1554 4269 S.
1588 4214 1796 4272 Pacho-

194 4283 324 4347 mii,
358 4281 631 4338 Reddetur
660 4287 706 4339 ei
737 4301 1002 4339 mensura.
1038 4281 1222 4340 Recte.

217 4423 228 4427 _
273 4365 299 4392 ο
345 4353 489 4427 Quia
513 4357 796 4427 moechatus
825 4367 898 4410 est
939 4357 992 4408 in
1023 4357 1202 4425 lingua
1227 4372 1326 4409 sua
1352 4365 1400 4410 et
1431 4365 1640 4426 prapter
1663 4356 1797 4427 lapi-

190 4423 309 4479 des.
345 4423 406 4497 In
435 4425 634 4497 Regula
665 4426 723 4481 S.
761 4426 1034 4481 Pachumii
1061 4423 1258 4481 excusa
1289 4442 1303 4480 :
1336 4423 1474 4493 Quia
1512 4423 1796 4483 mter/tatus

188 4505 268 4548 est
298 4498 358 4568 in
389 4495 536 4565 ligno
553 4507 600 4550 et
631 4498 824 4568 lapide.
864 4497 978 4552 Non
1005 4500 1076 4552 ita
1106 4508 1271 4562 recte,
1300 4500 1427 4568 quia
1455 4498 1614 4552 lectio
1645 4499 1796 4554 vide-

191 4575 301 4650 tur_
341 4567 573 4639 intelligi
629 4570 695 4624 de
736 4569 1068 4634 idololatria,
1109 4570 1176 4624 de
1221 4567 1333 4639 qui
1380 4570 1482 4624 hoc
1532 4569 1651 4624 loco
1685 4585 1792 4624 non

186 4647 415 4782 igitui‘i
445 4724 709 4782 ramorum
732 4710 866 4782 ejus.
891 4709 948 4782 In
971 4710 1157 4782 eadem
1175 4710 1378 4782 Regula
1399 4711 1539 4765 edita
1561 4709 1790 4782 legitur:

184 4775 260 4831 Et
291 4779 539 4851 filiorum
567 4780 714 4851 ejus.
738 4775 867 4834 Vide
897 4781 986 4834 lib.
1022 4780 1040 4834 Ι
1079 4775 1302 4851 Regum,
1335 4797 1455 4850 cap.
1480 4798 1554 4836 tv.

266 4851 295 4889 Β
331 4849 651 4921 Μαιράὶειὶο
692 4850 862 4906 David
890 4893 903 4916 ,
932 4868 1087 4921 quam
1132 4849 1445 4921 imprecatus
1474 4863 1546 4907 est
1577 4852 1789 4908 Doha'c.

180 4917 292 4975 Hic
327 4920 487 4992 locus
523 4932 809 4992 corruptus
841 4917 1010 4976 estin
1049 4917 1250 4992 Regula
1303 4921 1361 4976 S.
1401 4923 1674 4978 Pachomii
1707 4941 1798 4978 ex-

179 5006 352 5053 cusa,
389 4991 576 5062 iniqua
601 4991 798 5062 legitur
832 5011 844 5045 :
880 4991 1177 5046 Maledictio
1203 4992 1321 5059 Dei,
1355 5009 1513 5062 quant
1539 4995 1794 5062 impreca-

177 5071 274 5116 tus
301 5072 386 5116 est
434 5061 508 5134 Cia
533 5081 586 5116 n.
631 5061 736 5118 Sed
767 5064 1112 5134 castigandus
1141 5073 1222 5116 est
1247 5078 1314 5116 ex
1348 5061 1452 5118 hoc
1479 5061 1794 5120 Concordia:

175 5135 426 5204 codice.
465 5133 770 5190 Maledictio
796 5150 959 5204 quam
1006 5133 1332 5202 imprecatus
1364 5145 1448 5188 est
1481 5134 1648 5188 David
1689 5134 1796 5190 Do-

175 5203 309 5258 hzec
335 5202 599 5270 Idumam,
615 5215 700 5261 est
730 5202 967 5274 psalmus
993 5205 1470 5274 quinquagesimus
1487 5205 1716 5273 primus,
1735 5215 1793 5260 ut

173 5284 423 5330 constat
450 5291 516 5330 ex
539 5275 656 5344 ejus
685 5275 859 5332 titulo.
902 5275 1136 5329 Historia
1172 5285 1299 5330 nota
1326 5285 1410 5330 est
1441 5291 1504 5328 ex
1534 5275 1554 5328 Ι
1587 5274 1790 5346 Regum

172 5359 312 5416 cap.
348 5361 448 5400 χχι
481 5356 535 5401 et
561 5363 692 5402 uti.

254 5417 288 5456 δ
337 5416 567 5488 Signum
599 5436 700 5489 quo
737 5418 1014 5472 denotatus
1053 5427 1132 5489 (est
1163 5415 1460 5489 GainaEst
1499 5426 1793 5487 perpetuus

165 5487 575 5543 membrorum
607 5487 830 5549 tremor,
859 5498 916 5542 ut
944 5487 1173 5558 explicat
1197 5488 1476 5552 Alcuinus,
1503 5489 1694 5542 interr.
1724 5491 1792 5544 88

166 5573 364 5640 super
414 5559 691 5616 Genesim.
743 5561 877 5615 Vide
923 5558 1321 5614 Theodoretum
1375 5573 1468 5627 qu.
1511 5558 1542 5610 ll
1588 5559 1640 5612 in
1683 5559 1790 5615 Ge-

162 5644 396 5687 ηεειηι.

261 5703 279 5742 ί
331 5698 604 5774 contritio
637 5703 859 5774 hydrite.
890 5701 1016 5756 Haec
1050 5709 1106 5756 ct
1138 5699 1367 5774 similia,
1407 5716 1526 5774 qtae
1567 5709 1792 5774 exstant

135 5785 310 5844 'cap.
343 5772 548 5828 ultimo
576 5769 936 5842 Ecclesiaste,
960 5781 1086 5829 sunt
1111 5772 1305 5828 mortis
1330 5779 1385 5827 et
1411 5769 1602 5841 judicii
1627 5775 1791 5846 :enig-
1859 5781 1861 5784 ‘

160 5855 366 5900 mata.

1822 4649 1875 4710 D

1921 619 2039 660 rum
2056 603 2260 678 (Iosue)
2280 622 2294 672 ;
2320 608 2335 645 ι
2357 607 2614 661 contritio
2628 608 2832 678 hydria:
2846 609 2913 663 ad
2930 607 3131 666 fontem
3151 610 3350 683 (Eccle.
3367 616 3467 686 xu)
3485 633 3498 682 ;

1919 704 1972 749 et
1999 709 2286 750 arenarum
2330 698 2682 754 comminutio
2715 699 2769 754 in
2803 699 3094 768 littoribus,
3142 703 3304 772 quini
3351 707 3501 761 saxis

1918 786 2168 843 fluctibus
2209 777 2591 856 verberantur,
2633 801 2686 847 et
2715 793 3014 850 confractio
3051 796 3218 868 virga:
3255 795 3503 867 gloriosae

1919 878 2137 951 (Jerem.
2189 881 2419 954 xnvtu);
2455 884 2480 922 ιε
2514 884 2580 938 de
2621 883 2758 938 Isaia
2801 888 2939 958 (cap.
2983 888 3117 958 LIX),
3161 897 3219 942 ut
3249 888 3322 944 sit
3344 888 3504 958 quasi

1917 988 2092 1028 caecus
2123 989 2286 1028 manu
2329 975 2554 1046 palpans
2596 979 2878 1046 parietem.
2918 978 3044 1035 "me
3075 982 3254 1036 omnia
3286 983 3335 1036 ei
3377 997 3500 1038 eve-

1916 1064 2234 1133 nient,quia
2269 1082 2374 1120 non
2408 1069 2646 1123 servavit
2677 1069 3057 1147 veritatemin
3075 1070 3298 1140 judicio,
3321 1055 3384 1127 et
3402 1073 3501 1130 iui-

1915 1172 2020 1227 que
2049 1158 2160 1229 egit
2188 1158 2242 1214 in
2263 1161 2516 1216 omnibus
2536 1177 2654 1233 quae
2675 1163 2724 1217 ei
2745 1165 2951 1220 credita
2984 1173 3126 1220 sunt.

2357 1274 2384 1346 §
2411 1274 2503 1329 XI.
2529 1306 2599 1316 —
2629 1275 2762 1330 Item
2785 1277 3041 1348 ejusdem.

1990 1382 2009 1422 1
2053 1383 2154 1451 Qui
2175 1383 2342 1454 judex
2371 1394 2454 1440 est
2476 1388 2716 1441 omnium
2736 1392 3086 1459 peccatorum
3110 1431 3123 1456 ,
3153 1399 3209 1446 et
3229 1396 3500 1463 perversi-

1912 1485 2024 1532 tate
2050 1479 2266 1544 mentis,
2295 1479 2378 1533 vel
2410 1480 2732 1552 negligentia
2766 1482 3047 1552 reliquerit
3071 1476 3378 1551 veritatem,
3413 1487 3496 1540 vi-

1912 1569 2047 1639 ginti
2077 1571 2178 1624 viri
2216 1573 2388 1626 sancti
2424 1581 2478 1627 et
2523 1571 2793 1629 timentes
2814 1561 3014 1642 Deum,
3050 1577 3163 1632 sive
3193 1579 3378 1634 decem
3402 1621 3416 1645 ,
3446 1589 3499 1633 et

1911 1677 2082 1732 usque
2119 1663 2183 1718 ad
2211 1665 2469 1735 quinque,
2493 1679 2532 1707 ω
2561 1667 2628 1722 de
2658 1668 2855 1737 quibus
2880 1683 3072 1724 omnes
3095 1671 3224 1725 dent
3251 1673 3494 1726 testiino-

1909 1752 2080 1817 nium,
2108 1755 2388 1820 sedebunt,
2418 1764 2468 1812 et
2490 1756 2809 1826 judicabant
2840 1776 2962 1817 eum
2994 1771 3049 1816 et
3075 1772 3104 1801 η
3132 1763 3499 1837 regradabuut
3589 1798 3594 1801 ι

1914 1853 1938 1881 ο
1973 1847 2027 1901 in
2051 1847 2320 1916 ultimum,
2351 1849 2526 1906 donec
2553 1853 2878 1923 corrigatur.
3505 1871 3507 1874 ‘

2349 1960 2376 2032 §
2406 1961 2517 2015 ΧΗ.
2550 1993 2620 2003 -
2646 1963 2778 2017 Item
2808 1966 3062 2034 ejusdem.

1983 2082 2010 2121 ι)
2044 2072 2146 2140 Qui
2171 2075 2367 2129 viderit
2409 2076 2476 2130 de
2513 2060 2811 2143 majoribus
2841 2063 2900 2132 ct
2931 2064 3234 2148 prmpositis
3272 2079 3498 2135 fratrem

1908 2179 2066 2219 suum
2098 2167 2153 2220 in
2195 2166 2569 2234 tribulatione,
2605 2178 2661 2224 et
2691 2169 2923 2224 noluerit
2947 2166 3167 2225 causam
3197 2172 3500 2226 tribulatio-

1908 2259 1993 2314 nis
2019 2259 2314 2329 inquirere,
2347 2275 2578 2332 eumque
2608 2263 3012 2332 contempserit,
3043 2271 3316 2332 quaeretur
3335 2273 3512 2319 causa

1908 2367 1938 2406 a
1968 2367 2131 2422 supra
2161 2353 2324 2408 dictis
2347 2353 2648 2423 judicibus.
2668 2354 2756 2418 Et,
2783 2355 2829 2408 si
2855 2354 3310 2424 deprehenderint
3333 2357 3500 2428 negli-

1907 2449 2089 2518 gentia
2121 2448 2396 2518 prznpositi
2426 2430 2512 2503 vel
2544 2433 2796 2518 superbia
2828 2441 3252 2518 coangustatum’
3272 2441 3498 2504 fratrem

1906 2548 1960 2596 et
1989 2540 2263 2609 judicasse
2298 2557 2422 2596 eum
2465 2557 2574 2597 non
2613 2542 2909 2596 secundum
2939 2543 3246 2608 veritatem,
3287 2543 3382 2598 sed
3414 2559 3498 2599 se-

1906 2635 2138 2710 cundum
2164 2649 2474 2704 personam,
2505 2647 2532 2685 «ι
2565 2635 2944 2708 regradahitnr
2964 2637 3029 2690 de
3050 2628 3306 2692 solio'suo
3327 2637 3497 2692 donec

1907 2733 2208 2804 corrigatur
2248 2741 2304 2786 et
2340 2732 2408 2788 ab
2451 2732 2729 2802 injustitiae
2772 2731 3036 2801 sordibus,
3080 2742 3102 2769 ι’
3150 2719 3494 2798 emundetur,

1905 2823 2032 2892 quia
2075 2838 2180 2876 non
2225 2821 2588 2878 consideravit
2629 2823 2935 2888 veritatem,
2983 2825 3078 2878 sed
3116 2838 3403 2894 personas,
3442 2833 3498 2879 et

1907 2916 2134 2971 servivit
2157 2917 2410 2987 pravitati
2443 2916 2608 2972 animi
2641 2917 2744 2980 sui,
2773 2926 2828 2970 et
2855 2932 2962 2972 non
2986 2916 3080 2972 Dei
3098 2917 3322 2988 judicio.

1917 3069 1921 3074 ·
1999 3051 2028 3124 §
2053 3051 2190 3108 Xlll.
2213 3083 2285 3093 —
2311 3052 2390 3106 Ex
2413 3053 2635 3108 Bacon
2667 3067 2855 3108 suum
2881 3040 3081 3108 lstnom
3109 3051 3249 3126 (cap.
3275 3053 3389 3127 20).

1978 3198 2000 3226 '
2035 3187 2118 3242 Ad
2172 3189 2520 3260 prmpositum
2569 3174 2807 3259 pertinet
2843 3153 3166 3244 sollicitudo.
3198 3191 3493 3245 monacho-

1828 3285 1872 3346 C
1907 3296 2047 3348 rum,
2091 3282 2236 3337 actio
2277 3296 2582 3347 causarum,
2623 3296 2754 3336 cura
2803 3278 3230 3350 possesSiOnum,
3286 3283 3305 3318 ί
3357 3283 3497 3336 ratio

1905 3392 2192 3448 agrorum,
2224 3375 2484 3445 plantatio
2518 3373 2837 3443 culturaque
2863 3374 3174 3440 vinearum,
3209 3386 3236 3414 ιι
3266 3374 3492 3445 diligen-

1901 3470 1972 3524 tia
2001 3483 2245 3539 gregum,
2281 3465 2612 3522 constructio
2637 3465 3010 3534 aedificiorum,
3042 3482 3178 3537 opus
3202 3475 3490 3541 carpenta--

1901 3560 2105 3615 riorum
2136 3561 2250 3615 sive
2279 3559 2576 3616 fabrorum.

1903 3725 1988 3770 tur
2016 3715 2072 3770 in
2100 3715 2303 3786 Regula
2337 3716 2394 3770 S.
2426 3715 2704 3772 Pachomii
2744 3717 2911 3773 edita.

1972 3786 2310 3862 k_De_Isaia.
2342 3787 2466 3862 llzec
2495 3787 2658 3843 verba
2692 3803 2797 3844 non
2821 3797 2947 3862 sunt
2972 3789 3260 3862 inBegula
3289 3806 3490 3848 excusa

1901 3857 1957 3914 S.
2005 3857 2537 3930 Pacliomii.rAuetor
2571 3869 2748 3912 autem
2785 3861 3006 3930 respicit
3043 3855 3118 3916 ad
3140 3855 3274 3916 illud
3315 3862 3487 3928 Isaia),

1898 3945 2016 3999 cap.
2057 3945 2146 3984 th
2175 3948 2185 3982 :
2223 3929 2584 3998 Palpm'imus,
2623 3931 2754 3984 sicut
2786 3929 2933 3996 ca'ci,
2964 3934 3236 4002 parietem.

1976 3999 1993 4038 ι
2037 3999 2140 4038 ηςιὸ
2184 4001 2344 4038 δυιΙοιι·
2371 4011 2444 4038 Α)ιῖ
2500 4010 2584 4038 nlo
2644 4001 2768 4038 ll-nn
2810 4001 3077 4038 hohnnlnn
3112 4004 3164 4038 in
3193 4004 3231 4038 n

1979 3999 2344 4076 [Quinjudex
2371 4011 2466 4066 est,
2500 4001 2785 4076 etc._lj;ec_
2810 3999 3077 4057 habentur
3112 4004 3164 4058 in
3193 4003 3396 4076 Regula
3426 4006 3486 4063 S.

1898 4070 2172 4127 Pachumii
2211 4089 2436 4136 excusa,
2479 4081 2582 4126 art.
2616 4070 2708 4144 92,
2732 4073 3084 4144 gitanturque
3113 4091 3141 4128 a
3174 4070 3362 4131 nosiro
3385 4093 3485 4131 au-

1898 4156 2046 4198 etore
2077 4152 2296 4227 propter
2325 4144 2603 4198 decretum
2647 4141 2704 4198 S.
2730 4141 3012 4200 Benedicti
3053 4147 3118 4202 de
3148 4146 3489 4204 abdicatione

1896 4226 2321 4355 ?n:p3:|ijluibus
2351 4302 2528 4340 omnes
2551 4285 2672 4339 dent
2696 4286 3070 4340 testimonium.
3097 4287 3152 4342 ld
3173 4295 3274 4352 est,
3297 4302 3486 4346 omnes

1898 4353 2096 4427 fratre_s
2126 4353 2388 4427 testentur
2413 4356 2480 4411 de
2499 4372 2686 4427 eorum
2710 4358 2980 4424 probitate
3007 4367 3062 4412 et
3091 4358 3412 4427 capacitate.

1972 4436 2000 4463 ιι
2041 4425 2434 4497 Regradabunt.
2482 4426 2693 4496 Optima
2741 4427 2928 4497 lectio.
2961 4427 3105 4480 Idem
3127 4425 3270 4494 quod
3299 4428 3487 4497 degra-

1898 4496 2116 4550 dabunt.
2170 4495 2276 4550 Sed
2306 4498 2371 4550 de
2415 4495 2816 4551 hoc’voeabulo
2848 4495 3008 4550 infra.
3047 4497 3103 4551 ln
3151 4495 3487 4567 Regulae:-

1899 4582 2029 4622 cusa
2063 4567 2279 4637 legitur,
2305 4567 2689 4637 degradalmnt,
2719 4581 2824 4620 non
2860 4567 2930 4620 ita
2964 4576 3127 4622 recte.

1977 4645 2000 4672 ο
2041 4635 2400 4691 1ηᾟ1ιὶηιυηί.
2442 4635 2592 4690 Adde
2616 4637 2672 4691 τὸ
2702 4636 2947 4706 gradum,
2975 4647 3034 4693 ut
3067 4639 3121 4693 in
3155 4639 3362 4710 Regula
3390 4656 3486 4696 ex-

1899 4724 2024 4765 €058
2035 4749 2048 4762 .

1968 4791 1996 4830 ρ
2033 4778 2352 4853 Quividerit
2375 4779 2462 4853 άε⁸
2475 4779 2788 4853 majoribus,
2827 4786 2934 4853 etc.
2973 4780 3166 4836 Exstat
3197 4783 3248 4837 in
3277 4783 3480 4853 Regula

1895 4867 2093 4908 excusa
2125 4849 2181 4905 S.
2211 4850 2486 4922 Paeliomii
2512 4891 2526 4912 ,
2568 4858 2671 4922 art.
2705 4850 2806 4915 94,
2857 4851 2947 4906 tibi
2981 4854 3052 4907 ita
3084 4853 3281 4922 legitur
3320 4873 3330 4905 :
3360 4849 3482 4918 'Qni

1896 4923 2079 4978 viderit
2125 4923 2188 4976 de
2228 4921 2519 4992 majoribus
2549 4920 2624 4975 vel
2667 4923 2958 4992 prmpositis
2989 4920 3215 4992 fratrum
3260 4940 3476 4978 suorum

1896 4939 2079 4978 viderit
2125 4939 2188 4976 ae
2228 4939 2519 4991 majorwus
2549 4939 2622 4975 vet
2667 4939 2774 4992 prtr
2815 4939 2958 4976 astus
2989 4939 3215 4992 p-atrnm
3260 4940 3476 4978 suorum

1895 4993 2305 5064 tribulationem.
2337 4990 2452 5045 Non
2483 4991 2559 5046 ita
2589 5002 2755 5048 recte.
2779 4939 2915 5047 gum
2937 4993 3026 5048 hic
3055 4994 3233 5064 agitur
3260 4993 3326 5048 de
3355 5009 3480 5062 par-

1894 5063 2106 5118 ticulari
2136 5063 2322 5118 fratre.

1965 5145 1990 5184 q
2031 5134 2438 5200 chradabitur.
2492 5133 2549 5187 In
2591 5133 3472 5203 Regulaexcusa,degradabitur.

1895 5203 2049 5259 Male.
2086 5206 2190 5258 Sed
2219 5206 2282 5259 de
2313 5205 2414 5259 hoc
2451 5202 2709 5259 vocabulo
2738 5202 2899 5259 infra.

1974 5286 1994 5312 ι’
2037 5275 2388 5329 Emundetur.
2415 5274 2601 5330 Recte.
2630 5274 2776 5334 Nam
2803 5275 3035 5338 additur,
3061 5292 3092 5328 a
3121 5275 3382 5332 sordibus.
3415 5275 3476 5332 In

1893 5346 2096 5416 Regula
2125 5346 2181 5400 8.
2210 5345 2485 5400 Pachomii
2520 5361 2720 5402 excusa
2751 5344 2965 5415 legitur,
2993 5347 3312 5402 emendetur.
3355 5345 3475 5404 Non

1891 5426 1986 5538 ωε
1999 5426 2494 5561 Γιὲἳίωρνανροεὶιωη,
2521 5496 2626 5561 etc.
2653 5486 2779 5542 Haec
2799 5487 3143 5561 reperiuntur
3171 5489 3226 5544 in
3267 5487 3472 5561 Regula

1893 5561 2063 5616 sancti
2100 5558 2290 5616 Isidori
2331 5559 2692 5622 editaeodem
2727 5573 2846 5628 cap.
2892 5558 2981 5613 20.

1972 5634 1988 5668 ί
2020 5630 2175 5686 Ratio
2207 5647 2476 5701 agrorum.
2521 5629 2678 5699 Lege,
2705 5631 2840 5684 satio
2877 5647 3125 5701 agrorum
3145 5672 3160 5696 ,
3202 5631 3342 5686 utin
3365 5629 3473 5688 Re-

1890 5701 2014 5773 gula
2052 5719 2269 5758 exrusa.

1962 5785 1989 5846 ει
2031 5773 2314 5846 Diligentia
2370 5789 2603 5846 gregum.
2644 5771 2733 5846 λη
2783 5772 2986 5846 Regula
3032 5774 3182 5846 edita
3232 5773 3470 5844 legitur,

1963 5789 1989 5813 υι
2031 5789 2314 5846 umgenna
2370 5789 2603 5898 gregum.
2676 5789 2733 5827 in
2783 5789 2986 5844 negata
3032 5789 3174 5829 emta
3232 5789 3470 5844 tegitur,

1887 5844 2160 5915 diligentia
2203 5845 2394 5916 legum.
2494 5844 2598 5900 ale.
2643 5841 2780 5900 Nam
2824 5844 2912 5901 hic
2948 5846 3126 5916 agitur
3153 5844 3219 5902 de
3269 5860 3330 5900 re
3376 5857 3471 5900 m-

257 5915 273 5964 t
337 5912 510 5970 Saxis
540 5914 803 5986 fluctibus.
841 5913 1005 5988 Lege,
1037 5911 1190 5972 sunt:
1231 5911 1492 5984 ﬂuctibut,
1527 5921 1587 5973 ut
1625 5913 1794 5974 habe.
1892 5911 2043 5976 nica.
