  <div class='ocr_page' id='page_1' title='image "/cluster/home/n/w/nwhite01/storage/ocr_20150623/103/hvd.32044015466816/481.png"; bbox 0 0 4088 6330; ppageno 0'>
   <div class='ocr_carea' id='block_1_1' title="bbox 523 246 624 303">
    <p class='ocr_par' dir='ltr' id='par_1_1' title="bbox 523 246 624 303">
     <span class='ocr_line' id='line_1_1' title="bbox 523 246 624 303; baseline -0.02 0"><span class='ocrx_word' id='word_1_1' title='bbox 523 246 624 303; x_wconf 78' lang='grc'><strong>951</strong></span> 
     </span>
    </p>
   </div>
   <div class='ocr_carea' id='block_1_2' title="bbox 1527 239 2762 302">
    <p class='ocr_par' dir='ltr' id='par_1_2' title="bbox 1527 239 2762 302">
     <span class='ocr_line' id='line_1_2' title="bbox 1527 239 2762 302; baseline -0.002 -2"><span class='ocrx_word' id='word_1_2' title='bbox 1527 246 1584 300; x_wconf 85' lang='grc'>8.</span> <span class='ocrx_word' id='word_1_3' title='bbox 1625 239 1988 300; x_wconf 82' lang='lat' dir='ltr'><strong>BENEDlCTl</strong></span> <span class='ocrx_word' id='word_1_4' title='bbox 2025 244 2315 302; x_wconf 77' lang='lat' dir='ltr'><strong>ABBATlS</strong></span> <span class='ocrx_word' id='word_1_5' title='bbox 2351 242 2762 301; x_wconf 80' lang='lat' dir='ltr'><strong>ANIANENSIS</strong></span> 
     </span>
    </p>
   </div>
   <div class='ocr_carea' id='block_1_3' title="bbox 3679 246 3796 301">
    <p class='ocr_par' dir='ltr' id='par_1_3' title="bbox 3679 246 3796 301">
     <span class='ocr_line' id='line_1_3' title="bbox 3679 246 3796 301; baseline 0 0"><span class='ocrx_word' id='word_1_6' title='bbox 3679 246 3796 301; x_wconf 69' lang='lat'><strong>952</strong></span> 
     </span>
    </p>
   </div>
   <div class='ocr_carea' id='block_1_4' title="bbox 521 359 3802 435">
    <p class='ocr_par' dir='ltr' id='par_1_4' title="bbox 521 359 3802 435">
     <span class='ocr_line' id='line_1_4' title="bbox 521 359 3802 435; baseline -0.002 -14"><span class='ocrx_word' id='word_1_7' title='bbox 521 380 684 435; x_wconf 84' lang='lat' dir='ltr'><strong>super</strong></span> <span class='ocrx_word' id='word_1_8' title='bbox 709 361 962 419; x_wconf 85' lang='lat' dir='ltr'><strong>decanlas</strong></span> <span class='ocrx_word' id='word_1_9' title='bbox 1003 375 1128 418; x_wconf 89' lang='lat' dir='ltr'><strong>suas</strong></span> <span class='ocrx_word' id='word_1_10' title='bbox 1164 360 1218 416; x_wconf 89' lang='lat' dir='ltr'><strong>in</strong></span> <span class='ocrx_word' id='word_1_11' title='bbox 1245 361 1495 416; x_wconf 89' lang='lat' dir='ltr'><strong>omnibus</strong></span> <span class='ocrx_word' id='word_1_12' title='bbox 1523 360 1818 414; x_wconf 88' lang='lat' dir='ltr'><strong>secundum</strong></span> <span class='ocrx_word' id='word_1_13' title='bbox 1845 359 2098 415; x_wconf 89' lang='lat' dir='ltr'><strong>mandata</strong></span> <span class='ocrx_word' id='word_1_14' title='bbox 2124 367 2177 427; x_wconf 84' lang='grc' dir='ltr'>Α</span> <span class='ocrx_word' id='word_1_15' title='bbox 2200 378 2325 417; x_wconf 91' lang='lat' dir='ltr'><strong>cum</strong></span> <span class='ocrx_word' id='word_1_16' title='bbox 2345 377 2452 416; x_wconf 93' lang='lat' dir='ltr'><strong>non</strong></span> <span class='ocrx_word' id='word_1_17' title='bbox 2472 363 2678 432; x_wconf 91' lang='lat' dir='ltr'><strong>patitur</strong></span> <span class='ocrx_word' id='word_1_18' title='bbox 2706 359 2780 414; x_wconf 85' lang='lat' dir='ltr'><strong>ibi</strong></span> <span class='ocrx_word' id='word_1_19' title='bbox 2803 360 3095 414; x_wconf 87' lang='lat' dir='ltr'><strong>ascendere</strong></span> <span class='ocrx_word' id='word_1_20' title='bbox 3122 359 3394 415; x_wconf 90' lang='lat' dir='ltr'><strong>hominem</strong></span> <span class='ocrx_word' id='word_1_21' title='bbox 3410 360 3550 415; x_wconf 88' lang='lat' dir='ltr'><strong>bene</strong></span> <span class='ocrx_word' id='word_1_22' title='bbox 3584 365 3802 432; x_wconf 76' lang='lat' dir='ltr'><strong>agendo</strong></span> 
     </span>
    </p>
   </div>
   <div class='ocr_carea' id='block_1_5' title="bbox 522 450 2102 528">
    <p class='ocr_par' dir='ltr' id='par_1_5' title="bbox 522 450 2102 528">
     <span class='ocr_line' id='line_1_5' title="bbox 522 450 2102 528; baseline -0.004 -16"><span class='ocrx_word' id='word_1_23' title='bbox 522 458 619 515; x_wconf 85' lang='lat' dir='ltr'><strong>Dei</strong></span> <span class='ocrx_word' id='word_1_24' title='bbox 659 465 714 512; x_wconf 91' lang='lat' dir='ltr'><strong>et</strong></span> <span class='ocrx_word' id='word_1_25' title='bbox 766 464 1034 528; x_wconf 81' lang='lat' dir='ltr'><strong>praecepta</strong></span> <span class='ocrx_word' id='word_1_26' title='bbox 1071 455 1282 510; x_wconf 78' lang='lat' dir='ltr'><strong>abbatis</strong></span> <span class='ocrx_word' id='word_1_27' title='bbox 1332 453 1434 509; x_wconf 92' lang='lat' dir='ltr'><strong>sui.</strong></span> <span class='ocrx_word' id='word_1_28' title='bbox 1487 451 1590 520; x_wconf 87' lang='lat' dir='ltr'><strong>Qui</strong></span> <span class='ocrx_word' id='word_1_29' title='bbox 1627 450 1818 508; x_wconf 88' lang='lat' dir='ltr'><strong>decani</strong></span> <span class='ocrx_word' id='word_1_30' title='bbox 1845 452 1982 507; x_wconf 80' lang='lat' dir='ltr'><strong>tales</strong></span> <span class='ocrx_word' id='word_1_31' title='bbox 2004 452 2102 507; x_wconf 91' lang='lat' dir='ltr'><strong>eli-</strong></span> 
     </span>
    </p>
   </div>
   <div class='ocr_carea' id='block_1_6' title="bbox 521 545 2105 626">
    <p class='ocr_par' dir='ltr' id='par_1_6' title="bbox 521 545 2105 626">
     <span class='ocr_line' id='line_1_6' title="bbox 521 545 2105 626; baseline -0.004 -19"><span class='ocrx_word' id='word_1_32' title='bbox 521 560 738 626; x_wconf 80' lang='lat' dir='ltr'><strong>gantur,</strong></span> <span class='ocrx_word' id='word_1_33' title='bbox 762 551 956 622; x_wconf 85' lang='lat' dir='ltr'><strong>quibus</strong></span> <span class='ocrx_word' id='word_1_34' title='bbox 987 563 1210 605; x_wconf 89' lang='lat' dir='ltr'><strong>securus</strong></span> <span class='ocrx_word' id='word_1_35' title='bbox 1241 547 1406 602; x_wconf 89' lang='lat' dir='ltr'><strong>abbas</strong></span> <span class='ocrx_word' id='word_1_36' title='bbox 1430 546 1631 617; x_wconf 89' lang='lat' dir='ltr'><strong>partiat</strong></span> <span class='ocrx_word' id='word_1_37' title='bbox 1675 560 1838 600; x_wconf 89' lang='lat' dir='ltr'><strong>onera</strong></span> <span class='ocrx_word' id='word_1_38' title='bbox 1873 560 1988 601; x_wconf 89' lang='lat' dir='ltr'><strong>sua.</strong></span> <span class='ocrx_word' id='word_1_39' title='bbox 2036 545 2105 600; x_wconf 90' lang='lat' dir='ltr'><strong>Et</strong></span> 
     </span>
    </p>
   </div>
   <div class='ocr_carea' id='block_1_7' title="bbox 505 636 2104 717">
    <p class='ocr_par' dir='ltr' id='par_1_7' title="bbox 505 636 2104 717">
     <span class='ocr_line' id='line_1_7' title="bbox 505 636 2104 717; baseline -0.006 -17"><span class='ocrx_word' id='word_1_40' title='bbox 505 657 549 717; x_wconf 18' lang='grc' dir='ltr'>λιι</span> <span class='ocrx_word' id='word_1_41' title='bbox 577 659 686 700; x_wconf 84' lang='grc' dir='ltr'>ιιοιι</span> <span class='ocrx_word' id='word_1_42' title='bbox 713 641 985 712; x_wconf 87' lang='lat' dir='ltr'><strong>eligantur</strong></span> <span class='ocrx_word' id='word_1_43' title='bbox 1010 655 1109 710; x_wconf 91' lang='lat' dir='ltr'><strong>per</strong></span> <span class='ocrx_word' id='word_1_44' title='bbox 1130 639 1507 702; x_wconf 87' lang='lat' dir='ltr'><strong>ordinem,sed</strong></span> <span class='ocrx_word' id='word_1_45' title='bbox 1530 637 1824 692; x_wconf 89' lang='lat' dir='ltr'><strong>secundum</strong></span> <span class='ocrx_word' id='word_1_46' title='bbox 1853 636 1976 691; x_wconf 72' lang='lat' dir='ltr'><strong>vita:</strong></span> <span class='ocrx_word' id='word_1_47' title='bbox 1990 652 2104 691; x_wconf 90' lang='lat' dir='ltr'><strong>me-</strong></span> 
     </span>
    </p>
   </div>
   <div class='ocr_carea' id='block_1_8' title="bbox 523 718 2101 803">
    <p class='ocr_par' dir='ltr' id='par_1_8' title="bbox 523 718 2101 803">
     <span class='ocr_line' id='line_1_8' title="bbox 523 718 2101 803; baseline -0.006 -13"><span class='ocrx_word' id='word_1_48' title='bbox 523 718 693 790; x_wconf 87' lang='lat' dir='ltr'><strong>ritum</strong></span> <span class='ocrx_word' id='word_1_49' title='bbox 711 743 765 790; x_wconf 87' lang='lat' dir='ltr'><strong>et</strong></span> <span class='ocrx_word' id='word_1_50' title='bbox 803 733 1080 803; x_wconf 72' lang='lat' dir='ltr'><strong>sapientiae</strong></span> <span class='ocrx_word' id='word_1_51' title='bbox 1122 730 1447 785; x_wconf 84' lang='lat' dir='ltr'><strong>doctrinam.</strong></span> <span class='ocrx_word' id='word_1_52' title='bbox 1488 728 1516 767; x_wconf 74' lang='grc' dir='ltr'>ι’</span> <span class='ocrx_word' id='word_1_53' title='bbox 1545 726 2008 796; x_wconf 68' lang='grc' dir='ltr'><strong>ριιίιιυοάθοιιιιί,</strong></span> <span class='ocrx_word' id='word_1_54' title='bbox 2055 726 2101 780; x_wconf 87' lang='lat' dir='ltr'><strong>si</strong></span> 
     </span>
    </p>
   </div>
   <div class='ocr_carea' id='block_1_9' title="bbox 522 811 2102 896">
    <p class='ocr_par' dir='ltr' id='par_1_9' title="bbox 522 811 2102 896">
     <span class='ocr_line' id='line_1_9' title="bbox 522 811 2102 896; baseline -0.006 -14"><span class='ocrx_word' id='word_1_55' title='bbox 522 844 588 881; x_wconf 69' lang='lat' dir='ltr'><strong>ex</strong></span> <span class='ocrx_word' id='word_1_56' title='bbox 627 811 706 882; x_wconf 87' lang='lat' dir='ltr'><strong>eis</strong></span> <span class='ocrx_word' id='word_1_57' title='bbox 758 827 936 896; x_wconf 91' lang='lat' dir='ltr'><strong>aliqua</strong></span> <span class='ocrx_word' id='word_1_58' title='bbox 989 824 1124 878; x_wconf 80' lang='lat' dir='ltr'><strong>forte</strong></span> <span class='ocrx_word' id='word_1_59' title='bbox 1167 823 1288 892; x_wconf 89' lang='lat' dir='ltr'><strong>quis</strong></span> <span class='ocrx_word' id='word_1_60' title='bbox 1339 819 1554 875; x_wconf 81' lang='lat' dir='ltr'><strong>inﬂatus</strong></span> <span class='ocrx_word' id='word_1_61' title='bbox 1578 819 1828 889; x_wconf 88' lang='lat' dir='ltr'><strong>superbia</strong></span> <span class='ocrx_word' id='word_1_62' title='bbox 1856 825 2102 889; x_wconf 85' lang='lat' dir='ltr'><strong>repertus</strong></span> 
     </span>
    </p>
   </div>
   <div class='ocr_carea' id='block_1_10' title="bbox 522 910 2101 987">
    <p class='ocr_par' dir='ltr' id='par_1_10' title="bbox 522 910 2101 987">
     <span class='ocr_line' id='line_1_10' title="bbox 522 910 2101 987; baseline -0.006 -16"><span class='ocrx_word' id='word_1_63' title='bbox 522 917 684 971; x_wconf 88' lang='lat' dir='ltr'><strong>fuerit</strong></span> <span class='ocrx_word' id='word_1_64' title='bbox 703 913 1166 987; x_wconf 89' lang='lat' dir='ltr'><strong>reprehensibilis,</strong></span> <span class='ocrx_word' id='word_1_65' title='bbox 1191 919 1472 981; x_wconf 90' lang='lat' dir='ltr'><strong>correptus</strong></span> <span class='ocrx_word' id='word_1_66' title='bbox 1495 910 1658 965; x_wconf 85' lang='lat' dir='ltr'><strong>semel</strong></span> <span class='ocrx_word' id='word_1_67' title='bbox 1684 918 1739 964; x_wconf 90' lang='lat' dir='ltr'><strong>et</strong></span> <span class='ocrx_word' id='word_1_68' title='bbox 1771 910 1989 976; x_wconf 85' lang='lat' dir='ltr'><strong>iterum,</strong></span> <span class='ocrx_word' id='word_1_69' title='bbox 2021 916 2101 962; x_wconf 93' lang='lat' dir='ltr'><strong>at-</strong></span> 
     </span>
    </p>
   </div>
   <div class='ocr_carea' id='block_1_11' title="bbox 521 995 2104 1078">
    <p class='ocr_par' dir='ltr' id='par_1_11' title="bbox 521 995 2104 1078">
     <span class='ocr_line' id='line_1_11' title="bbox 521 995 2104 1078; baseline -0.005 -17"><span class='ocrx_word' id='word_1_70' title='bbox 521 1021 628 1078; x_wconf 89' lang='lat' dir='ltr'><strong>que</strong></span> <span class='ocrx_word' id='word_1_71' title='bbox 655 1007 838 1070; x_wconf 87' lang='lat' dir='ltr'><strong>tertio,</strong></span> <span class='ocrx_word' id='word_1_72' title='bbox 870 1006 913 1060; x_wconf 88' lang='lat' dir='ltr'><strong>si</strong></span> <span class='ocrx_word' id='word_1_73' title='bbox 953 1003 1241 1059; x_wconf 89' lang='lat' dir='ltr'><strong>emendare</strong></span> <span class='ocrx_word' id='word_1_74' title='bbox 1272 995 1526 1066; x_wconf 84' lang='lat' dir='ltr'><strong>noluerit,</strong></span> <span class='ocrx_word' id='word_1_75' title='bbox 1551 1000 1852 1068; x_wconf 84' lang='lat' dir='ltr'><strong>dejiciatur,</strong></span> <span class='ocrx_word' id='word_1_76' title='bbox 1885 1009 1939 1054; x_wconf 89' lang='lat' dir='ltr'><strong>et</strong></span> <span class='ocrx_word' id='word_1_77' title='bbox 1968 999 2104 1054; x_wconf 86' lang='lat' dir='ltr'><strong>alter</strong></span> 
     </span>
    </p>
   </div>
   <div class='ocr_carea' id='block_1_12' title="bbox 521 1091 2102 1167">
    <p class='ocr_par' dir='ltr' id='par_1_12' title="bbox 521 1091 2102 1167">
     <span class='ocr_line' id='line_1_12' title="bbox 521 1091 2102 1167; baseline -0.005 -15"><span class='ocrx_word' id='word_1_78' title='bbox 521 1096 716 1152; x_wconf 90' lang='lat' dir='ltr'><strong>inloco</strong></span> <span class='ocrx_word' id='word_1_79' title='bbox 741 1097 876 1167; x_wconf 83' lang='lat' dir='ltr'><strong>ejus,</strong></span> <span class='ocrx_word' id='word_1_80' title='bbox 897 1096 988 1166; x_wconf 90' lang='lat' dir='ltr'><strong>qui</strong></span> <span class='ocrx_word' id='word_1_81' title='bbox 1011 1097 1204 1166; x_wconf 86' lang='lat' dir='ltr'><strong>dignus</strong></span> <span class='ocrx_word' id='word_1_82' title='bbox 1232 1103 1334 1159; x_wconf 90' lang='lat' dir='ltr'><strong>est,</strong></span> <span class='ocrx_word' id='word_1_83' title='bbox 1366 1104 1390 1133; x_wconf 79' lang='grc' dir='ltr'><strong>ο</strong></span> <span class='ocrx_word' id='word_1_84' title='bbox 1416 1094 1755 1163; x_wconf 86' lang='lat' dir='ltr'><strong>subrogetur.</strong></span> <span class='ocrx_word' id='word_1_85' title='bbox 1811 1091 1955 1147; x_wconf 86' lang='lat' dir='ltr'><strong>Etde</strong></span> <span class='ocrx_word' id='word_1_86' title='bbox 1967 1106 2102 1162; x_wconf 71' lang='lat' dir='ltr'><strong>pra:-</strong></span> 
     </span>
    </p>
   </div>
   <div class='ocr_carea' id='block_1_13' title="bbox 518 1176 1330 1266">
    <p class='ocr_par' dir='ltr' id='par_1_13' title="bbox 518 1176 1330 1266">
     <span class='ocr_line' id='line_1_13' title="bbox 518 1176 1330 1266; baseline -0.004 -22"><span class='ocrx_word' id='word_1_87' title='bbox 518 1176 902 1266; x_wconf 85' lang='lat' dir='ltr'><strong>positoeadem</strong></span> <span class='ocrx_word' id='word_1_88' title='bbox 930 1188 1330 1244; x_wconf 88' lang='lat' dir='ltr'><strong>constituimus.</strong></span> 
     </span>
    </p>
   </div>
   <div class='ocr_carea' id='block_1_14' title="bbox 769 1279 1759 1354">
    <p class='ocr_par' dir='ltr' id='par_1_14' title="bbox 769 1279 1759 1354">
     <span class='ocr_line' id='line_1_14' title="bbox 769 1279 1759 1354; baseline -0.002 -20"><span class='ocrx_word' id='word_1_89' title='bbox 769 1332 771 1334; x_wconf 80' lang='lat'><strong>.</strong></span> <span class='ocrx_word' id='word_1_90' title='bbox 847 1281 957 1354; x_wconf 81' lang='lat' dir='ltr'><strong>§ll.</strong></span> <span class='ocrx_word' id='word_1_91' title='bbox 992 1310 1063 1323; x_wconf 91' lang='lat'>—</span> <span class='ocrx_word' id='word_1_92' title='bbox 1100 1280 1178 1336; x_wconf 78' lang='lat' dir='ltr'><strong>Ex</strong></span> <span class='ocrx_word' id='word_1_93' title='bbox 1213 1282 1430 1336; x_wconf 66' lang='lat' dir='ltr'><strong>[tecum</strong></span> <span class='ocrx_word' id='word_1_94' title='bbox 1473 1279 1759 1334; x_wconf 66' lang='lat' dir='ltr'><strong>MAGISTRI.</strong></span> 
     </span>
    </p>
   </div>
   <div class='ocr_carea' id='block_1_15' title="bbox 592 1371 2104 1452">
    <p class='ocr_par' dir='ltr' id='par_1_15' title="bbox 592 1371 2104 1452">
     <span class='ocr_line' id='line_1_15' title="bbox 592 1371 2104 1452; baseline -0.003 -22"><span class='ocrx_word' id='word_1_95' title='bbox 592 1373 619 1413; x_wconf 75' lang='grc' dir='ltr'>ἀ</span> <span class='ocrx_word' id='word_1_96' title='bbox 647 1373 1201 1452; x_wconf 82' lang='lat' dir='ltr'><strong>Superioribushujus</strong></span> <span class='ocrx_word' id='word_1_97' title='bbox 1227 1373 1445 1445; x_wconf 72' lang='lat' dir='ltr'><strong>Regula:</strong></span> <span class='ocrx_word' id='word_1_98' title='bbox 1468 1373 1700 1444; x_wconf 82' lang='lat' dir='ltr'><strong>paginis,</strong></span> <span class='ocrx_word' id='word_1_99' title='bbox 1723 1371 1936 1437; x_wconf 85' lang='lat' dir='ltr'><strong>fratres,</strong></span> <span class='ocrx_word' id='word_1_100' title='bbox 1952 1379 2104 1426; x_wconf 88' lang='lat' dir='ltr'><strong>actus</strong></span> 
     </span>
    </p>
   </div>
   <div class='ocr_carea' id='block_1_16' title="bbox 510 1463 2106 1534">
    <p class='ocr_par' dir='ltr' id='par_1_16' title="bbox 510 1463 2106 1534">
     <span class='ocr_line' id='line_1_16' title="bbox 510 1463 2106 1534; baseline -0.003 -13"><span class='ocrx_word' id='word_1_101' title='bbox 510 1465 736 1534; x_wconf 73' lang='lat' dir='ltr'><strong>justitia:</strong></span> <span class='ocrx_word' id='word_1_102' title='bbox 784 1463 941 1523; x_wconf 81' lang='lat' dir='ltr'><strong>nobis</strong></span> <span class='ocrx_word' id='word_1_103' title='bbox 970 1466 1230 1521; x_wconf 91' lang='lat' dir='ltr'><strong>Dominus</strong></span> <span class='ocrx_word' id='word_1_104' title='bbox 1277 1466 1568 1531; x_wconf 81' lang='lat' dir='ltr'><strong>ordinavit,</strong></span> <span class='ocrx_word' id='word_1_105' title='bbox 1609 1466 1662 1519; x_wconf 95' lang='lat' dir='ltr'><strong>in</strong></span> <span class='ocrx_word' id='word_1_106' title='bbox 1708 1465 1900 1534; x_wconf 87' lang='lat' dir='ltr'><strong>quibus</strong></span> <span class='ocrx_word' id='word_1_107' title='bbox 1931 1476 1953 1504; x_wconf 79' lang='grc' dir='ltr'><strong>ο</strong></span> <span class='ocrx_word' id='word_1_108' title='bbox 1984 1480 2106 1533; x_wconf 81' lang='lat' dir='ltr'><strong>per—</strong></span> 
     </span>
    </p>
   </div>
   <div class='ocr_carea' id='block_1_17' title="bbox 517 1559 2104 1638">
    <p class='ocr_par' dir='ltr' id='par_1_17' title="bbox 517 1559 2104 1638">
     <span class='ocr_line' id='line_1_17' title="bbox 517 1559 2104 1638; baseline 0.001 -25"><span class='ocrx_word' id='word_1_109' title='bbox 517 1559 676 1616; x_wconf 83' lang='lat' dir='ltr'><strong>fectis</strong></span> <span class='ocrx_word' id='word_1_110' title='bbox 704 1567 758 1614; x_wconf 88' lang='lat' dir='ltr'><strong>et</strong></span> <span class='ocrx_word' id='word_1_111' title='bbox 788 1560 916 1638; x_wconf 81' lang='lat' dir='ltr'><strong>vita</strong></span> <span class='ocrx_word' id='word_1_112' title='bbox 945 1559 1258 1629; x_wconf 89' lang='lat' dir='ltr'><strong>acquiratur</strong></span> <span class='ocrx_word' id='word_1_113' title='bbox 1285 1568 1508 1623; x_wconf 85' lang='lat' dir='ltr'><strong>aeterna,</strong></span> <span class='ocrx_word' id='word_1_114' title='bbox 1557 1566 1613 1614; x_wconf 90' lang='lat' dir='ltr'><strong>et</strong></span> <span class='ocrx_word' id='word_1_115' title='bbox 1645 1559 1904 1629; x_wconf 62' lang='lat' dir='ltr'><strong>gehennae</strong></span> <span class='ocrx_word' id='word_1_116' title='bbox 1941 1567 2104 1614; x_wconf 59' lang='lat' dir='ltr'><strong>{estus</strong></span> 
     </span>
    </p>
   </div>
   <div class='ocr_carea' id='block_1_18' title="bbox 517 1650 2103 1723">
    <p class='ocr_par' dir='ltr' id='par_1_18' title="bbox 517 1650 2103 1723">
     <span class='ocr_line' id='line_1_18' title="bbox 517 1650 2103 1723; baseline -0.002 -15"><span class='ocrx_word' id='word_1_117' title='bbox 517 1662 574 1708; x_wconf 89' lang='lat' dir='ltr'><strong>et</strong></span> <span class='ocrx_word' id='word_1_118' title='bbox 598 1652 844 1708; x_wconf 89' lang='lat' dir='ltr'><strong>incendia</strong></span> <span class='ocrx_word' id='word_1_119' title='bbox 885 1651 1180 1723; x_wconf 88' lang='lat' dir='ltr'><strong>fugiantur.</strong></span> <span class='ocrx_word' id='word_1_120' title='bbox 1239 1650 1344 1705; x_wconf 82' lang='lat' dir='ltr'><strong>Sed</strong></span> <span class='ocrx_word' id='word_1_121' title='bbox 1397 1666 1464 1704; x_wconf 91' lang='lat' dir='ltr'><strong>ne</strong></span> <span class='ocrx_word' id='word_1_122' title='bbox 1510 1650 1598 1705; x_wconf 92' lang='lat' dir='ltr'><strong>ille</strong></span> <span class='ocrx_word' id='word_1_123' title='bbox 1634 1651 1806 1706; x_wconf 88' lang='lat' dir='ltr'><strong>hostis</strong></span> <span class='ocrx_word' id='word_1_124' title='bbox 1837 1651 2103 1706; x_wconf 91' lang='lat' dir='ltr'><strong>bonorum</strong></span> 
     </span>
    </p>
   </div>
   <div class='ocr_carea' id='block_1_19' title="bbox 2203 451 3804 527">
    <p class='ocr_par' dir='ltr' id='par_1_19' title="bbox 2203 451 3804 527">
     <span class='ocr_line' id='line_1_19' title="bbox 2203 451 3804 527; baseline 0 -18"><span class='ocrx_word' id='word_1_125' title='bbox 2203 457 2344 510; x_wconf 87' lang='lat' dir='ltr'><strong>unde</strong></span> <span class='ocrx_word' id='word_1_126' title='bbox 2365 455 2477 525; x_wconf 89' lang='lat' dir='ltr'><strong>ipse</strong></span> <span class='ocrx_word' id='word_1_127' title='bbox 2505 469 2603 524; x_wconf 91' lang='lat' dir='ltr'><strong>per</strong></span> <span class='ocrx_word' id='word_1_128' title='bbox 2637 451 2942 524; x_wconf 85' lang='lat' dir='ltr'><strong>superbiam</strong></span> <span class='ocrx_word' id='word_1_129' title='bbox 2968 452 3175 522; x_wconf 90' lang='lat' dir='ltr'><strong>ejectus</strong></span> <span class='ocrx_word' id='word_1_130' title='bbox 3194 463 3298 519; x_wconf 90' lang='lat' dir='ltr'><strong>est,</strong></span> <span class='ocrx_word' id='word_1_131' title='bbox 3346 452 3366 491; x_wconf 70' lang='grc' dir='ltr'><em>τ</em></span> <span class='ocrx_word' id='word_1_132' title='bbox 3403 453 3521 527; x_wconf 74' lang='lat' dir='ltr'><strong>[ne]</strong></span> <span class='ocrx_word' id='word_1_133' title='bbox 3555 470 3804 510; x_wconf 75' lang='lat' dir='ltr'><strong>veneno—</strong></span> 
     </span>
    </p>
   </div>
   <div class='ocr_carea' id='block_1_20' title="bbox 2203 544 3804 610">
    <p class='ocr_par' dir='ltr' id='par_1_20' title="bbox 2203 544 3804 610">
     <span class='ocr_line' id='line_1_20' title="bbox 2203 544 3804 610; baseline -0.001 -8"><span class='ocrx_word' id='word_1_134' title='bbox 2203 549 2278 603; x_wconf 91' lang='lat' dir='ltr'><strong>sis</strong></span> <span class='ocrx_word' id='word_1_135' title='bbox 2306 547 2513 603; x_wconf 83' lang='lat' dir='ltr'><strong>actibus</strong></span> <span class='ocrx_word' id='word_1_136' title='bbox 2555 547 2669 601; x_wconf 91' lang='lat' dir='ltr'><strong>suis</strong></span> <span class='ocrx_word' id='word_1_137' title='bbox 2702 547 2841 601; x_wconf 88' lang='lat' dir='ltr'><strong>bene</strong></span> <span class='ocrx_word' id='word_1_138' title='bbox 2888 545 3129 600; x_wconf 86' lang='lat' dir='ltr'><strong>viventes</strong></span> <span class='ocrx_word' id='word_1_139' title='bbox 3186 544 3408 610; x_wconf 81' lang='lat' dir='ltr'><strong>inliciat,</strong></span> <span class='ocrx_word' id='word_1_140' title='bbox 3466 554 3524 600; x_wconf 92' lang='lat' dir='ltr'><strong>et</strong></span> <span class='ocrx_word' id='word_1_141' title='bbox 3561 547 3804 601; x_wconf 77' lang='lat' dir='ltr'><strong>diversis</strong></span> 
     </span>
    </p>
   </div>
   <div class='ocr_carea' id='block_1_21' title="bbox 2203 637 3805 709">
    <p class='ocr_par' dir='ltr' id='par_1_21' title="bbox 2203 637 3805 709">
     <span class='ocr_line' id='line_1_21' title="bbox 2203 637 3805 709; baseline -0.004 -11"><span class='ocrx_word' id='word_1_142' title='bbox 2203 641 2574 698; x_wconf 86' lang='lat' dir='ltr'><strong>occasionibus</strong></span> <span class='ocrx_word' id='word_1_143' title='bbox 2623 639 2735 695; x_wconf 90' lang='lat' dir='ltr'><strong>suis</strong></span> <span class='ocrx_word' id='word_1_144' title='bbox 2768 641 2793 679; x_wconf 73' lang='grc'>⁸</span> <span class='ocrx_word' id='word_1_145' title='bbox 2833 653 2931 709; x_wconf 90' lang='lat' dir='ltr'><strong>per</strong></span> <span class='ocrx_word' id='word_1_146' title='bbox 2957 637 3279 693; x_wconf 87' lang='lat' dir='ltr'><strong>oblivionem</strong></span> <span class='ocrx_word' id='word_1_147' title='bbox 3315 647 3536 693; x_wconf 89' lang='lat' dir='ltr'><strong>nostros</strong></span> <span class='ocrx_word' id='word_1_148' title='bbox 3597 639 3805 708; x_wconf 83' lang='lat' dir='ltr'><strong>quippe</strong></span> 
     </span>
    </p>
   </div>
   <div class='ocr_carea' id='block_1_22' title="bbox 2202 730 3798 805">
    <p class='ocr_par' dir='ltr' id='par_1_22' title="bbox 2202 730 3798 805">
     <span class='ocr_line' id='line_1_22' title="bbox 2202 730 3798 805; baseline -0.003 -16"><span class='ocrx_word' id='word_1_149' title='bbox 2202 742 2542 805; x_wconf 64' lang='lat' dir='ltr'><strong>praeoccupet</strong></span> <span class='ocrx_word' id='word_1_150' title='bbox 2576 748 2785 795; x_wconf 89' lang='lat' dir='ltr'><strong>sensus,</strong></span> <span class='ocrx_word' id='word_1_151' title='bbox 2822 739 2884 785; x_wconf 93' lang='lat' dir='ltr'><strong>ut</strong></span> <span class='ocrx_word' id='word_1_152' title='bbox 2909 746 2939 785; x_wconf 90' lang='lat' dir='ltr'><strong>a</strong></span> <span class='ocrx_word' id='word_1_153' title='bbox 2964 730 3075 786; x_wconf 89' lang='lat' dir='ltr'><strong>Deo</strong></span> <span class='ocrx_word' id='word_1_154' title='bbox 3101 730 3264 786; x_wconf 83' lang='lat' dir='ltr'><strong>faciat</strong></span> <span class='ocrx_word' id='word_1_155' title='bbox 3285 731 3515 786; x_wconf 89' lang='lat' dir='ltr'><strong>alienos.</strong></span> <span class='ocrx_word' id='word_1_156' title='bbox 3551 731 3798 799; x_wconf 84' lang='lat' dir='ltr'><strong>Ideoque</strong></span> 
     </span>
    </p>
   </div>
   <div class='ocr_carea' id='block_1_23' title="bbox 2204 823 3806 895">
    <p class='ocr_par' dir='ltr' id='par_1_23' title="bbox 2204 823 3806 895">
     <span class='ocr_line' id='line_1_23' title="bbox 2204 823 3806 895; baseline -0.002 -16"><span class='ocrx_word' id='word_1_157' title='bbox 2204 825 2471 895; x_wconf 89' lang='lat' dir='ltr'><strong>adjutorio</strong></span> <span class='ocrx_word' id='word_1_158' title='bbox 2512 825 2724 879; x_wconf 92' lang='lat' dir='ltr'><strong>Domini</strong></span> <span class='ocrx_word' id='word_1_159' title='bbox 2750 833 3076 895; x_wconf 85' lang='lat' dir='ltr'><strong>procuratur</strong></span> <span class='ocrx_word' id='word_1_160' title='bbox 3106 831 3162 879; x_wconf 90' lang='lat' dir='ltr'><strong>et</strong></span> <span class='ocrx_word' id='word_1_161' title='bbox 3190 825 3547 878; x_wconf 87' lang='lat' dir='ltr'><strong>constituitur</strong></span> <span class='ocrx_word' id='word_1_162' title='bbox 3602 833 3669 876; x_wconf 91' lang='lat' dir='ltr'><strong>ut</strong></span> <span class='ocrx_word' id='word_1_163' title='bbox 3699 823 3806 877; x_wconf 88' lang='lat' dir='ltr'><strong>duo</strong></span> 
     </span>
    </p>
   </div>
   <div class='ocr_carea' id='block_1_24' title="bbox 2204 917 3804 988">
    <p class='ocr_par' dir='ltr' id='par_1_24' title="bbox 2204 917 3804 988">
     <span class='ocr_line' id='line_1_24' title="bbox 2204 917 3804 988; baseline -0.003 -15"><span class='ocrx_word' id='word_1_164' title='bbox 2204 917 2359 973; x_wconf 88' lang='lat' dir='ltr'><strong>electi</strong></span> <span class='ocrx_word' id='word_1_165' title='bbox 2382 917 2602 982; x_wconf 83' lang='lat' dir='ltr'><strong>fratres,</strong></span> <span class='ocrx_word' id='word_1_166' title='bbox 2630 933 2856 987; x_wconf 90' lang='lat' dir='ltr'><strong>quorum</strong></span> <span class='ocrx_word' id='word_1_167' title='bbox 2881 917 3138 988; x_wconf 81' lang='lat' dir='ltr'><strong>gravitas,</strong></span> <span class='ocrx_word' id='word_1_168' title='bbox 3155 917 3442 986; x_wconf 86' lang='lat' dir='ltr'><strong>sapientia,</strong></span> <span class='ocrx_word' id='word_1_169' title='bbox 3465 917 3804 980; x_wconf 73' lang='lat' dir='ltr'><strong>medentia,</strong></span> 
     </span>
    </p>
   </div>
   <div class='ocr_carea' id='block_1_25' title="bbox 2203 1010 3808 1082">
    <p class='ocr_par' dir='ltr' id='par_1_25' title="bbox 2203 1010 3808 1082">
     <span class='ocr_line' id='line_1_25' title="bbox 2203 1010 3808 1082; baseline 0.001 -18"><span class='ocrx_word' id='word_1_170' title='bbox 2203 1011 2480 1082; x_wconf 84' lang='lat' dir='ltr'><strong>vigilantia</strong></span> <span class='ocrx_word' id='word_1_171' title='bbox 2527 1026 2622 1065; x_wconf 91' lang='lat' dir='ltr'><strong>seu</strong></span> <span class='ocrx_word' id='word_1_172' title='bbox 2663 1011 2963 1076; x_wconf 85' lang='lat' dir='ltr'><strong>humilitas,</strong></span> <span class='ocrx_word' id='word_1_173' title='bbox 3009 1011 3094 1065; x_wconf 92' lang='lat' dir='ltr'><strong>vel</strong></span> <span class='ocrx_word' id='word_1_174' title='bbox 3155 1020 3374 1066; x_wconf 90' lang='lat' dir='ltr'><strong>actuum</strong></span> <span class='ocrx_word' id='word_1_175' title='bbox 3419 1010 3808 1082; x_wconf 78' lang='lat' dir='ltr'><strong>perfectomm</strong></span> 
     </span>
    </p>
   </div>
   <div class='ocr_carea' id='block_1_26' title="bbox 2203 1102 3810 1174">
    <p class='ocr_par' dir='ltr' id='par_1_26' title="bbox 2203 1102 3810 1174">
     <span class='ocr_line' id='line_1_26' title="bbox 2203 1102 3810 1174; baseline 0.002 -18"><span class='ocrx_word' id='word_1_176' title='bbox 2203 1102 2368 1158; x_wconf 89' lang='lat' dir='ltr'><strong>fuerit</strong></span> <span class='ocrx_word' id='word_1_177' title='bbox 2412 1103 2729 1158; x_wconf 77' lang='lat' dir='ltr'><strong>exercitatio</strong></span> <span class='ocrx_word' id='word_1_178' title='bbox 2769 1105 3084 1174; x_wconf 89' lang='lat' dir='ltr'><strong>approbata,</strong></span> <span class='ocrx_word' id='word_1_179' title='bbox 3141 1105 3328 1159; x_wconf 87' lang='lat' dir='ltr'><strong>decem</strong></span> <span class='ocrx_word' id='word_1_180' title='bbox 3374 1103 3624 1158; x_wconf 84' lang='lat' dir='ltr'><strong>fratrum</strong></span> <span class='ocrx_word' id='word_1_181' title='bbox 3667 1117 3810 1159; x_wconf 68' lang='lat' dir='ltr'><strong>cum</strong></span> 
     </span>
    </p>
   </div>
   <div class='ocr_carea' id='block_1_27' title="bbox 2205 1194 3810 1269">
    <p class='ocr_par' dir='ltr' id='par_1_27' title="bbox 2205 1194 3810 1269">
     <span class='ocr_line' id='line_1_27' title="bbox 2205 1194 3810 1269; baseline -0.001 -16"><span class='ocrx_word' id='word_1_182' title='bbox 2205 1199 2475 1269; x_wconf 85' lang='lat' dir='ltr'><strong>praepositi</strong></span> <span class='ocrx_word' id='word_1_183' title='bbox 2505 1199 2842 1253; x_wconf 89' lang='lat' dir='ltr'><strong>ordinentur.</strong></span> <span class='ocrx_word' id='word_1_184' title='bbox 2912 1196 3046 1252; x_wconf 87' lang='lat' dir='ltr'><strong>Nam</strong></span> <span class='ocrx_word' id='word_1_185' title='bbox 3091 1198 3230 1254; x_wconf 80' lang='lat' dir='ltr'><strong>sicut</strong></span> <span class='ocrx_word' id='word_1_186' title='bbox 3251 1198 3522 1268; x_wconf 88' lang='lat' dir='ltr'><strong>scriptum</strong></span> <span class='ocrx_word' id='word_1_187' title='bbox 3562 1204 3680 1259; x_wconf 82' lang='lat' dir='ltr'><strong>est,</strong></span> <span class='ocrx_word' id='word_1_188' title='bbox 3712 1194 3810 1252; x_wconf 83' lang='lat' dir='ltr'><strong>do-</strong></span> 
     </span>
    </p>
   </div>
   <div class='ocr_carea' id='block_1_28' title="bbox 2205 1288 3807 1358">
    <p class='ocr_par' dir='ltr' id='par_1_28' title="bbox 2205 1288 3807 1358">
     <span class='ocr_line' id='line_1_28' title="bbox 2205 1288 3807 1358; baseline 0 -14"><span class='ocrx_word' id='word_1_189' title='bbox 2205 1298 2480 1344; x_wconf 89' lang='lat' dir='ltr'><strong>ceantvos</strong></span> <span class='ocrx_word' id='word_1_190' title='bbox 2505 1298 2721 1343; x_wconf 83' lang='lat' dir='ltr'><strong>terrena</strong></span> <span class='ocrx_word' id='word_1_191' title='bbox 2761 1303 2880 1357; x_wconf 71' lang='lat' dir='ltr'><strong>qua:</strong></span> <span class='ocrx_word' id='word_1_192' title='bbox 2927 1295 3052 1342; x_wconf 91' lang='lat' dir='ltr'><strong>sunt</strong></span> <span class='ocrx_word' id='word_1_193' title='bbox 3085 1289 3361 1353; x_wconf 70' lang='lat' dir='ltr'><strong>cmlestia,</strong></span> <span class='ocrx_word' id='word_1_194' title='bbox 3401 1289 3539 1358; x_wconf 86' lang='lat' dir='ltr'><strong>quia</strong></span> <span class='ocrx_word' id='word_1_195' title='bbox 3581 1288 3734 1342; x_wconf 87' lang='lat' dir='ltr'><strong>sicut</strong></span> <span class='ocrx_word' id='word_1_196' title='bbox 3757 1289 3807 1344; x_wconf 87' lang='lat' dir='ltr'><strong>in</strong></span> 
     </span>
    </p>
   </div>
   <div class='ocr_carea' id='block_1_29' title="bbox 2207 1373 3807 1450">
    <p class='ocr_par' dir='ltr' id='par_1_29' title="bbox 2207 1373 3807 1450">
     <span class='ocr_line' id='line_1_29' title="bbox 2207 1373 3807 1450; baseline 0 -16"><span class='ocrx_word' id='word_1_197' title='bbox 2207 1381 2443 1436; x_wconf 88' lang='lat' dir='ltr'><strong>hominis</strong></span> <span class='ocrx_word' id='word_1_198' title='bbox 2471 1373 2651 1444; x_wconf 88' lang='lat' dir='ltr'><strong>domo,</strong></span> <span class='ocrx_word' id='word_1_199' title='bbox 2670 1387 2730 1434; x_wconf 90' lang='lat' dir='ltr'><strong>ut</strong></span> <span class='ocrx_word' id='word_1_200' title='bbox 2759 1395 2984 1434; x_wconf 88' lang='lat' dir='ltr'><strong>securus</strong></span> <span class='ocrx_word' id='word_1_201' title='bbox 3015 1380 3088 1434; x_wconf 90' lang='lat' dir='ltr'><strong>sit</strong></span> <span class='ocrx_word' id='word_1_202' title='bbox 3113 1381 3179 1434; x_wconf 86' lang='lat' dir='ltr'><strong>de</strong></span> <span class='ocrx_word' id='word_1_203' title='bbox 3205 1382 3462 1435; x_wconf 91' lang='lat' dir='ltr'><strong>omnibus</strong></span> <span class='ocrx_word' id='word_1_204' title='bbox 3489 1395 3807 1450; x_wconf 65' lang='lat' dir='ltr'><strong>prmparau—</strong></span> 
     </span>
    </p>
   </div>
   <div class='ocr_carea' id='block_1_30' title="bbox 2207 1473 3803 1546">
    <p class='ocr_par' dir='ltr' id='par_1_30' title="bbox 2207 1473 3803 1546">
     <span class='ocr_line' id='line_1_30' title="bbox 2207 1473 3803 1546; baseline 0.001 -18"><span class='ocrx_word' id='word_1_205' title='bbox 2207 1474 2309 1537; x_wconf 87' lang='lat' dir='ltr'><strong>dis,</strong></span> <span class='ocrx_word' id='word_1_206' title='bbox 2344 1475 2600 1529; x_wconf 90' lang='lat' dir='ltr'><strong>Dominus</strong></span> <span class='ocrx_word' id='word_1_207' title='bbox 2625 1475 2703 1529; x_wconf 82' lang='lat' dir='ltr'><strong>rei</strong></span> <span class='ocrx_word' id='word_1_208' title='bbox 2743 1474 2959 1528; x_wconf 85' lang='lat' dir='ltr'><strong>ordinat</strong></span> <span class='ocrx_word' id='word_1_209' title='bbox 2986 1473 3217 1542; x_wconf 86' lang='lat' dir='ltr'><strong>majores</strong></span> <span class='ocrx_word' id='word_1_210' title='bbox 3244 1474 3488 1540; x_wconf 66' lang='lat' dir='ltr'><strong>familiae,</strong></span> <span class='ocrx_word' id='word_1_211' title='bbox 3514 1493 3668 1546; x_wconf 78' lang='lat' dir='ltr'><strong>quos</strong></span> <span class='ocrx_word' id='word_1_212' title='bbox 3697 1477 3803 1530; x_wconf 75' lang='lat' dir='ltr'><strong>vice</strong></span> 
     </span>
    </p>
   </div>
   <div class='ocr_carea' id='block_1_31' title="bbox 2207 1566 3800 1631">
    <p class='ocr_par' dir='ltr' id='par_1_31' title="bbox 2207 1566 3800 1631">
     <span class='ocr_line' id='line_1_31' title="bbox 2207 1566 3800 1631; baseline 0.001 -11"><span class='ocrx_word' id='word_1_213' title='bbox 2207 1566 2418 1620; x_wconf 90' lang='lat' dir='ltr'><strong>Domini</strong></span> <span class='ocrx_word' id='word_1_214' title='bbox 2462 1567 2702 1622; x_wconf 83' lang='lat' dir='ltr'><strong>minores</strong></span> <span class='ocrx_word' id='word_1_215' title='bbox 2750 1566 2977 1620; x_wconf 84' lang='lat' dir='ltr'><strong>timeant</strong></span> <span class='ocrx_word' id='word_1_216' title='bbox 3012 1586 3024 1618; x_wconf 88' lang='lat'><strong>:</strong></span> <span class='ocrx_word' id='word_1_217' title='bbox 3070 1567 3122 1621; x_wconf 91' lang='lat' dir='ltr'><strong>id</strong></span> <span class='ocrx_word' id='word_1_218' title='bbox 3171 1576 3277 1631; x_wconf 87' lang='lat' dir='ltr'><strong>est,</strong></span> <span class='ocrx_word' id='word_1_219' title='bbox 3306 1569 3331 1608; x_wconf 79' lang='grc' dir='ltr'><strong>ιι</strong></span> <span class='ocrx_word' id='word_1_220' title='bbox 3372 1568 3800 1630; x_wconf 85' lang='lat' dir='ltr'><strong>vicedominum,</strong></span> 
     </span>
    </p>
   </div>
   <div class='ocr_carea' id='block_1_32' title="bbox 2214 1656 3804 1726">
    <p class='ocr_par' dir='ltr' id='par_1_32' title="bbox 2214 1656 3804 1726">
     <span class='ocr_line' id='line_1_32' title="bbox 2214 1656 3804 1726; baseline 0.002 -18"><span class='ocrx_word' id='word_1_221' title='bbox 2214 1658 2231 1698; x_wconf 78' lang='grc' dir='ltr'><strong>ί</strong></span> <span class='ocrx_word' id='word_1_222' title='bbox 2271 1657 2529 1722; x_wconf 83' lang='lat' dir='ltr'><strong>villicum,</strong></span> <span class='ocrx_word' id='word_1_223' title='bbox 2561 1656 2575 1706; x_wconf 86' lang='lat' dir='ltr'><strong>i</strong></span> <span class='ocrx_word' id='word_1_224' title='bbox 2613 1657 2929 1713; x_wconf 86' lang='lat' dir='ltr'><strong>salutarium</strong></span> <span class='ocrx_word' id='word_1_225' title='bbox 2966 1665 3020 1710; x_wconf 89' lang='lat' dir='ltr'><strong>et</strong></span> <span class='ocrx_word' id='word_1_226' title='bbox 3044 1657 3070 1696; x_wconf 76' lang='grc' dir='ltr'>ιε</span> <span class='ocrx_word' id='word_1_227' title='bbox 3101 1656 3361 1726; x_wconf 86' lang='lat' dir='ltr'><strong>majorem</strong></span> <span class='ocrx_word' id='word_1_228' title='bbox 3383 1658 3612 1721; x_wconf 77' lang='lat' dir='ltr'><strong>domus,</strong></span> <span class='ocrx_word' id='word_1_229' title='bbox 3648 1659 3728 1713; x_wconf 87' lang='lat' dir='ltr'><strong>sic</strong></span> <span class='ocrx_word' id='word_1_230' title='bbox 3758 1660 3804 1712; x_wconf 85' lang='lat' dir='ltr'><strong>in</strong></span> 
     </span>
    </p>
   </div>
   <div class='ocr_carea' id='block_1_33' title="bbox 519 1741 3804 1826">
    <p class='ocr_par' dir='ltr' id='par_1_33' title="bbox 519 1741 3804 1826">
     <span class='ocr_line' id='line_1_33' title="bbox 519 1741 3804 1826; baseline -0.001 -21"><span class='ocrx_word' id='word_1_231' title='bbox 519 1756 737 1826; x_wconf 85' lang='lat' dir='ltr'><strong>actuum</strong></span> <span class='ocrx_word' id='word_1_232' title='bbox 764 1745 1032 1810; x_wconf 86' lang='lat' dir='ltr'><strong>diabolus,</strong></span> <span class='ocrx_word' id='word_1_233' title='bbox 1085 1744 1207 1798; x_wconf 89' lang='lat' dir='ltr'><strong>ideo</strong></span> <span class='ocrx_word' id='word_1_234' title='bbox 1233 1751 1315 1798; x_wconf 87' lang='lat' dir='ltr'><strong>est</strong></span> <span class='ocrx_word' id='word_1_235' title='bbox 1347 1743 1581 1798; x_wconf 90' lang='lat' dir='ltr'><strong>humano</strong></span> <span class='ocrx_word' id='word_1_236' title='bbox 1610 1742 1796 1813; x_wconf 82' lang='lat' dir='ltr'><strong>generi</strong></span> <span class='ocrx_word' id='word_1_237' title='bbox 1828 1741 2100 1808; x_wconf 76' lang='lat' dir='ltr'><strong>inimicus.</strong></span> <span class='ocrx_word' id='word_1_238' title='bbox 2131 1745 2179 1804; x_wconf 87' lang='lat' dir='ltr'><strong>B</strong></span> <span class='ocrx_word' id='word_1_239' title='bbox 2207 1747 2458 1804; x_wconf 81' lang='lat' dir='ltr'><strong>domibus</strong></span> <span class='ocrx_word' id='word_1_240' title='bbox 2473 1748 2688 1813; x_wconf 89' lang='lat' dir='ltr'><strong>divinis,</strong></span> <span class='ocrx_word' id='word_1_241' title='bbox 2710 1749 2764 1803; x_wconf 88' lang='lat' dir='ltr'><strong>id</strong></span> <span class='ocrx_word' id='word_1_242' title='bbox 2777 1748 2926 1804; x_wconf 86' lang='lat' dir='ltr'><strong>estin</strong></span> <span class='ocrx_word' id='word_1_243' title='bbox 2943 1747 3187 1804; x_wconf 91' lang='lat' dir='ltr'><strong>ecclesiis</strong></span> <span class='ocrx_word' id='word_1_244' title='bbox 3199 1749 3804 1815; x_wconf 72' lang='lat' dir='ltr'><strong>etmonasteriis,Deus</strong></span> 
     </span>
    </p>
   </div>
   <div class='ocr_carea' id='block_1_34' title="bbox 516 1899 2107 1972">
    <p class='ocr_par' dir='ltr' id='par_1_34' title="bbox 516 1899 2107 1972">
     <span class='ocr_line' id='line_1_34' title="bbox 516 1899 2107 1972; baseline -0.003 -15"><span class='ocrx_word' id='word_1_245' title='bbox 516 1911 621 1958; x_wconf 89' lang='lat' dir='ltr'><strong>etc.</strong></span> <span class='ocrx_word' id='word_1_246' title='bbox 657 1921 669 1956; x_wconf 93' lang='lat'><strong>:</strong></span> <span class='ocrx_word' id='word_1_247' title='bbox 715 1921 732 1952; x_wconf 74' lang='grc' dir='ltr'><strong>ι</strong></span> <span class='ocrx_word' id='word_1_248' title='bbox 764 1899 880 1956; x_wconf 88' lang='lat' dir='ltr'><strong>Non</strong></span> <span class='ocrx_word' id='word_1_249' title='bbox 906 1899 1089 1972; x_wconf 86' lang='lat' dir='ltr'><strong>plures</strong></span> <span class='ocrx_word' id='word_1_250' title='bbox 1129 1917 1287 1971; x_wconf 92' lang='lat' dir='ltr'><strong>quam</strong></span> <span class='ocrx_word' id='word_1_251' title='bbox 1313 1900 1568 1970; x_wconf 86' lang='lat' dir='ltr'><strong>nongenti</strong></span> <span class='ocrx_word' id='word_1_252' title='bbox 1597 1899 1986 1972; x_wconf 81' lang='lat' dir='ltr'><strong>quinquaginta</strong></span> <span class='ocrx_word' id='word_1_253' title='bbox 2015 1899 2107 1953; x_wconf 85' lang='lat' dir='ltr'><strong>de-</strong></span> 
     </span>
    </p>
   </div>
   <div class='ocr_carea' id='block_1_35' title="bbox 519 1970 2108 2044">
    <p class='ocr_par' dir='ltr' id='par_1_35' title="bbox 519 1970 2108 2044">
     <span class='ocr_line' id='line_1_35' title="bbox 519 1970 2108 2044; baseline -0.004 -14"><span class='ocrx_word' id='word_1_254' title='bbox 519 1974 638 2030; x_wconf 90' lang='lat' dir='ltr'><strong>cani</strong></span> <span class='ocrx_word' id='word_1_255' title='bbox 677 1970 1034 2029; x_wconf 76' lang='lat' dir='ltr'><strong>sacrosanctae</strong></span> <span class='ocrx_word' id='word_1_256' title='bbox 1050 1970 1206 2044; x_wconf 85' lang='lat' dir='ltr'><strong>hujus</strong></span> <span class='ocrx_word' id='word_1_257' title='bbox 1229 1972 1578 2044; x_wconf 56' lang='lat' dir='ltr'><strong>amplissima:</strong></span> <span class='ocrx_word' id='word_1_258' title='bbox 1603 1971 1753 2044; x_wconf 77' lang='lat' dir='ltr'><strong>urbis</strong></span> <span class='ocrx_word' id='word_1_259' title='bbox 1781 1970 2108 2044; x_wconf 80' lang='lat' dir='ltr'><strong>deputentur</strong></span> 
     </span>
    </p>
   </div>
   <div class='ocr_carea' id='block_1_36' title="bbox 519 2041 2105 2114">
    <p class='ocr_par' dir='ltr' id='par_1_36' title="bbox 519 2041 2105 2114">
     <span class='ocr_line' id='line_1_36' title="bbox 519 2041 2105 2114; baseline -0.003 -15"><span class='ocrx_word' id='word_1_260' title='bbox 519 2044 782 2099; x_wconf 61' lang='lat' dir='ltr'><strong>ecclesiae.</strong></span> <span class='ocrx_word' id='word_1_261' title='bbox 830 2064 851 2114; x_wconf 66' lang='grc' dir='ltr'><strong>ι</strong></span> <span class='ocrx_word' id='word_1_262' title='bbox 891 2045 956 2114; x_wconf 83' lang='lat' dir='ltr'><strong>Et</strong></span> <span class='ocrx_word' id='word_1_263' title='bbox 979 2045 1031 2098; x_wconf 94' lang='lat' dir='ltr'><strong>in</strong></span> <span class='ocrx_word' id='word_1_264' title='bbox 1075 2041 1486 2114; x_wconf 66' lang='lat' dir='ltr'><strong>pseudosynodo</strong></span> <span class='ocrx_word' id='word_1_265' title='bbox 1516 2043 1583 2096; x_wconf 86' lang='lat' dir='ltr'><strong>ad</strong></span> <span class='ocrx_word' id='word_1_266' title='bbox 1605 2041 2105 2114; x_wconf 72' lang='lat' dir='ltr'><strong>Quercuni,in_qua</strong></span> 
     </span>
    </p>
   </div>
   <div class='ocr_carea' id='block_1_37' title="bbox 515 2110 2106 2183">
    <p class='ocr_par' dir='ltr' id='par_1_37' title="bbox 515 2110 2106 2183">
     <span class='ocr_line' id='line_1_37' title="bbox 515 2110 2106 2183; baseline -0.002 -14"><span class='ocrx_word' id='word_1_267' title='bbox 515 2123 804 2170; x_wconf 89' lang='lat' dir='ltr'><strong>accusatur</strong></span> <span class='ocrx_word' id='word_1_268' title='bbox 829 2113 887 2170; x_wconf 93' lang='lat' dir='ltr'><strong>S.</strong></span> <span class='ocrx_word' id='word_1_269' title='bbox 921 2110 1155 2170; x_wconf 79' lang='lat' dir='ltr'><strong>Joannes</strong></span> <span class='ocrx_word' id='word_1_270' title='bbox 1177 2110 1594 2183; x_wconf 73' lang='lat' dir='ltr'><strong>Chrysostomus</strong></span> <span class='ocrx_word' id='word_1_271' title='bbox 1629 2112 1773 2180; x_wconf 89' lang='lat' dir='ltr'><strong>quod</strong></span> <span class='ocrx_word' id='word_1_272' title='bbox 1813 2110 2106 2183; x_wconf 86' lang='lat' dir='ltr'><strong>Severiano</strong></span> 
     </span>
    </p>
   </div>
   <div class='ocr_carea' id='block_1_38' title="bbox 518 2182 2108 2249">
    <p class='ocr_par' dir='ltr' id='par_1_38' title="bbox 518 2182 2108 2249">
     <span class='ocr_line' id='line_1_38' title="bbox 518 2182 2108 2249; baseline -0.002 -9"><span class='ocrx_word' id='word_1_273' title='bbox 518 2185 842 2240; x_wconf 80' lang='lat' dir='ltr'><strong>calumniam</strong></span> <span class='ocrx_word' id='word_1_274' title='bbox 893 2187 1174 2249; x_wconf 76' lang='lat' dir='ltr'><strong>struxerit,</strong></span> <span class='ocrx_word' id='word_1_275' title='bbox 1214 2182 1424 2245; x_wconf 73' lang='grc' dir='ltr'><strong>κινῆσας</strong></span> <span class='ocrx_word' id='word_1_276' title='bbox 1471 2185 1582 2239; x_wconf 80' lang='grc' dir='ltr'><strong>κατ’</strong></span> <span class='ocrx_word' id='word_1_277' title='bbox 1609 2185 1766 2239; x_wconf 77' lang='grc' dir='ltr'><strong>αὐτοῦ</strong></span> <span class='ocrx_word' id='word_1_278' title='bbox 1801 2185 1922 2242; x_wconf 80' lang='grc' dir='ltr'><strong>τοὺς</strong></span> <span class='ocrx_word' id='word_1_279' title='bbox 1960 2182 2108 2237; x_wconf 80' lang='grc' dir='ltr'><strong>δικα-</strong></span> 
     </span>
    </p>
   </div>
   <div class='ocr_carea' id='block_1_39' title="bbox 515 2251 2107 2323">
    <p class='ocr_par' dir='ltr' id='par_1_39' title="bbox 515 2251 2107 2323">
     <span class='ocr_line' id='line_1_39' title="bbox 515 2251 2107 2323; baseline -0.003 -13"><span class='ocrx_word' id='word_1_280' title='bbox 515 2259 657 2322; x_wconf 80' lang='grc' dir='ltr'><strong>νοὺς,</strong></span> <span class='ocrx_word' id='word_1_281' title='bbox 697 2257 746 2311; x_wconf 91' lang='lat' dir='ltr'><strong>id</strong></span> <span class='ocrx_word' id='word_1_282' title='bbox 772 2265 879 2323; x_wconf 88' lang='lat' dir='ltr'><strong>est,</strong></span> <span class='ocrx_word' id='word_1_283' title='bbox 915 2275 933 2308; x_wconf 85' lang='grc'><strong>‹</strong></span> <span class='ocrx_word' id='word_1_284' title='bbox 963 2272 1086 2313; x_wconf 90' lang='lat' dir='ltr'><strong>cum</strong></span> <span class='ocrx_word' id='word_1_285' title='bbox 1117 2257 1432 2312; x_wconf 85' lang='lat' dir='ltr'><strong>suseitasset</strong></span> <span class='ocrx_word' id='word_1_286' title='bbox 1479 2256 1739 2309; x_wconf 87' lang='lat' dir='ltr'><strong>adversus</strong></span> <span class='ocrx_word' id='word_1_287' title='bbox 1778 2251 1925 2305; x_wconf 89' lang='lat' dir='ltr'><strong>illum</strong></span> <span class='ocrx_word' id='word_1_288' title='bbox 1949 2253 2107 2307; x_wconf 79' lang='lat' dir='ltr'><strong>deca~</strong></span> 
     </span>
    </p>
   </div>
   <div class='ocr_carea' id='block_1_40' title="bbox 519 2342 696 2384">
    <p class='ocr_par' dir='ltr' id='par_1_40' title="bbox 519 2342 696 2384">
     <span class='ocr_line' id='line_1_40' title="bbox 519 2342 696 2384; baseline -0.017 0"><span class='ocrx_word' id='word_1_289' title='bbox 519 2342 638 2384; x_wconf 86' lang='lat' dir='ltr'><strong>nos.</strong></span> <span class='ocrx_word' id='word_1_290' title='bbox 676 2349 696 2382; x_wconf 75' lang='grc' dir='ltr'><strong>ι</strong></span> 
     </span>
    </p>
   </div>
   <div class='ocr_carea' id='block_1_41' title="bbox 588 2392 2107 2470">
    <p class='ocr_par' dir='ltr' id='par_1_41' title="bbox 588 2392 2107 2470">
     <span class='ocr_line' id='line_1_41' title="bbox 588 2392 2107 2470; baseline -0.005 -16"><span class='ocrx_word' id='word_1_291' title='bbox 588 2399 779 2470; x_wconf 55' lang='grc' dir='ltr'><strong>ιιίΝοη</strong></span> <span class='ocrx_word' id='word_1_292' title='bbox 805 2415 898 2470; x_wconf 85' lang='lat' dir='ltr'><strong>per</strong></span> <span class='ocrx_word' id='word_1_293' title='bbox 923 2399 1158 2454; x_wconf 85' lang='lat' dir='ltr'><strong>ordinem</strong></span> <span class='ocrx_word' id='word_1_294' title='bbox 1203 2397 1484 2470; x_wconf 84' lang='lat' dir='ltr'><strong>eligantur.</strong></span> <span class='ocrx_word' id='word_1_295' title='bbox 1539 2392 1742 2470; x_wconf 79' lang='lat' dir='ltr'><strong>Nempe</strong></span> <span class='ocrx_word' id='word_1_296' title='bbox 1768 2392 2107 2470; x_wconf 88' lang='lat' dir='ltr'><strong>_reception_is</strong></span> 
     </span>
    </p>
   </div>
   <div class='ocr_carea' id='block_1_42' title="bbox 516 2463 2107 2539">
    <p class='ocr_par' dir='ltr' id='par_1_42' title="bbox 516 2463 2107 2539">
     <span class='ocr_line' id='line_1_42' title="bbox 516 2463 2107 2539; baseline -0.003 -16"><span class='ocrx_word' id='word_1_297' title='bbox 516 2477 611 2524; x_wconf 88' lang='lat' dir='ltr'><strong>aut</strong></span> <span class='ocrx_word' id='word_1_298' title='bbox 641 2463 912 2539; x_wconf 78' lang='lat' dir='ltr'><strong>ingressus</strong></span> <span class='ocrx_word' id='word_1_299' title='bbox 942 2471 994 2524; x_wconf 92' lang='lat' dir='ltr'><strong>in</strong></span> <span class='ocrx_word' id='word_1_300' title='bbox 1026 2463 1440 2529; x_wconf 83' lang='lat' dir='ltr'><strong>monasterium,</strong></span> <span class='ocrx_word' id='word_1_301' title='bbox 1499 2480 1571 2539; x_wconf 93' lang='lat' dir='ltr'><strong>_ne</strong></span> <span class='ocrx_word' id='word_1_302' title='bbox 1600 2463 1644 2518; x_wconf 90' lang='lat' dir='ltr'><strong>si</strong></span> <span class='ocrx_word' id='word_1_303' title='bbox 1696 2463 1963 2539; x_wconf 68' lang='lat' dir='ltr'><strong>habeatur</strong></span> <span class='ocrx_word' id='word_1_304' title='bbox 1991 2463 2107 2518; x_wconf 88' lang='lat' dir='ltr'><strong>sola</strong></span> 
     </span>
    </p>
   </div>
   <div class='ocr_carea' id='block_1_43' title="bbox 515 2526 2106 2610">
    <p class='ocr_par' dir='ltr' id='par_1_43' title="bbox 515 2526 2106 2610">
     <span class='ocr_line' id='line_1_43' title="bbox 515 2526 2106 2610; baseline -0.004 -16"><span class='ocrx_word' id='word_1_305' title='bbox 515 2526 856 2610; x_wconf 65' lang='lat' dir='ltr'><strong>antiquitatis</strong></span> <span class='ocrx_word' id='word_1_306' title='bbox 900 2541 1056 2600; x_wconf 85' lang='lat' dir='ltr'><strong>ratio.</strong></span> <span class='ocrx_word' id='word_1_307' title='bbox 1109 2540 1388 2610; x_wconf 78' lang='lat' dir='ltr'><strong>contingat</strong></span> <span class='ocrx_word' id='word_1_308' title='bbox 1411 2526 1608 2610; x_wconf 79' lang='lat' dir='ltr'><strong>malum</strong></span> <span class='ocrx_word' id='word_1_309' title='bbox 1643 2526 1885 2610; x_wconf 64' lang='lat' dir='ltr'><strong>pneferri</strong></span> <span class='ocrx_word' id='word_1_310' title='bbox 1940 2533 2106 2610; x_wconf 76' lang='lat' dir='ltr'><strong>bono,</strong></span> 
     </span>
    </p>
   </div>
   <div class='ocr_carea' id='block_1_44' title="bbox 517 2604 2108 2682">
    <p class='ocr_par' dir='ltr' id='par_1_44' title="bbox 517 2604 2108 2682">
     <span class='ocr_line' id='line_1_44' title="bbox 517 2604 2108 2682; baseline -0.005 -17"><span class='ocrx_word' id='word_1_311' title='bbox 517 2620 570 2665; x_wconf 91' lang='lat' dir='ltr'><strong>et</strong></span> <span class='ocrx_word' id='word_1_312' title='bbox 609 2604 853 2667; x_wconf 79' lang='lat' dir='ltr'><strong>inutilem</strong></span> <span class='ocrx_word' id='word_1_313' title='bbox 879 2611 998 2665; x_wconf 90' lang='lat' dir='ltr'><strong>utili</strong></span> <span class='ocrx_word' id='word_1_314' title='bbox 1022 2604 1322 2682; x_wconf 48' lang='lat' dir='ltr'><strong>prmponi.‘</strong></span> <span class='ocrx_word' id='word_1_315' title='bbox 1355 2606 1508 2674; x_wconf 84' lang='lat' dir='ltr'><strong>Quod</strong></span> <span class='ocrx_word' id='word_1_316' title='bbox 1535 2606 1677 2682; x_wconf 28' lang='lat' dir='ltr'><strong>olim‘</strong></span> <span class='ocrx_word' id='word_1_317' title='bbox 1696 2604 1903 2682; x_wconf 71' lang='lat' dir='ltr'><strong>legibus</strong></span> <span class='ocrx_word' id='word_1_318' title='bbox 1922 2605 2108 2682; x_wconf 67' lang='lat' dir='ltr'><strong>_civi_li-</strong></span> 
     </span>
    </p>
   </div>
   <div class='ocr_carea' id='block_1_45' title="bbox 517 2675 2106 2753">
    <p class='ocr_par' dir='ltr' id='par_1_45' title="bbox 517 2675 2106 2753">
     <span class='ocr_line' id='line_1_45' title="bbox 517 2675 2106 2753; baseline -0.004 -17"><span class='ocrx_word' id='word_1_319' title='bbox 517 2683 619 2736; x_wconf 91' lang='lat' dir='ltr'><strong>bus</strong></span> <span class='ocrx_word' id='word_1_320' title='bbox 659 2683 993 2753; x_wconf 90' lang='lat' dir='ltr'><strong>prohibitum</strong></span> <span class='ocrx_word' id='word_1_321' title='bbox 1010 2675 1098 2753; x_wconf 66' lang='lat' dir='ltr'><strong>est</strong></span> <span class='ocrx_word' id='word_1_322' title='bbox 1133 2675 1184 2736; x_wconf 86' lang='lat' dir='ltr'><strong>in</strong></span> <span class='ocrx_word' id='word_1_323' title='bbox 1227 2679 1496 2753; x_wconf 88' lang='lat' dir='ltr'><strong>abbatum_</strong></span> <span class='ocrx_word' id='word_1_324' title='bbox 1524 2675 1808 2753; x_wconf 78' lang='lat' dir='ltr'><strong>electione.</strong></span> <span class='ocrx_word' id='word_1_325' title='bbox 1833 2675 2106 2753; x_wconf 58' lang='grc'><strong>46,</strong></span> 
     </span>
    </p>
   </div>
   <div class='ocr_carea' id='block_1_46' title="bbox 517 2747 2109 2826">
    <p class='ocr_par' dir='ltr' id='par_1_46' title="bbox 517 2747 2109 2826">
     <span class='ocr_line' id='line_1_46' title="bbox 517 2747 2109 2826; baseline -0.002 -21"><span class='ocrx_word' id='word_1_326' title='bbox 517 2747 858 2826; x_wconf 17' lang='grc' dir='ltr'><strong>ἀεᾼερῖδσορὶε</strong></span> <span class='ocrx_word' id='word_1_327' title='bbox 892 2764 940 2807; x_wconf 83' lang='lat' dir='ltr'><strong>et</strong></span> <span class='ocrx_word' id='word_1_328' title='bbox 969 2752 1194 2816; x_wconf 81' lang='lat' dir='ltr'><strong>clericis,</strong></span> <span class='ocrx_word' id='word_1_329' title='bbox 1227 2762 1329 2826; x_wconf 79' lang='lat' dir='ltr'><strong>etc.</strong></span> <span class='ocrx_word' id='word_1_330' title='bbox 1369 2769 1380 2803; x_wconf 89' lang='lat'><strong>:</strong></span> <span class='ocrx_word' id='word_1_331' title='bbox 1416 2768 1434 2800; x_wconf 77' lang='grc' dir='ltr'><strong>ι</strong></span> <span class='ocrx_word' id='word_1_332' title='bbox 1465 2747 1648 2826; x_wconf 72' lang='lat' dir='ltr'><strong>Sacris</strong></span> <span class='ocrx_word' id='word_1_333' title='bbox 1676 2748 1877 2802; x_wconf 86' lang='lat' dir='ltr'><strong>nostris</strong></span> <span class='ocrx_word' id='word_1_334' title='bbox 1899 2747 2109 2826; x_wconf 79' lang='lat' dir='ltr'><strong>legibus</strong></span> 
     </span>
    </p>
   </div>
   <div class='ocr_carea' id='block_1_47' title="bbox 515 2819 2106 2894">
    <p class='ocr_par' dir='ltr' id='par_1_47' title="bbox 515 2819 2106 2894">
     <span class='ocr_line' id='line_1_47' title="bbox 515 2819 2106 2894; baseline -0.004 -18"><span class='ocrx_word' id='word_1_335' title='bbox 515 2819 890 2880; x_wconf 71' lang='lat' dir='ltr'><strong>existimamus</strong></span> <span class='ocrx_word' id='word_1_336' title='bbox 921 2833 1190 2894; x_wconf 84' lang='lat' dir='ltr'><strong>oportere,</strong></span> <span class='ocrx_word' id='word_1_337' title='bbox 1227 2832 1281 2878; x_wconf 87' lang='lat' dir='ltr'><strong>et</strong></span> <span class='ocrx_word' id='word_1_338' title='bbox 1307 2819 1615 2894; x_wconf 73' lang='lat' dir='ltr'><strong>hancaddi,</strong></span> <span class='ocrx_word' id='word_1_339' title='bbox 1640 2835 1760 2889; x_wconf 54' lang='lat' dir='ltr'><strong>qua).</strong></span> <span class='ocrx_word' id='word_1_340' title='bbox 1787 2833 1853 2872; x_wconf 81' lang='lat' dir='ltr'><strong>ex</strong></span> <span class='ocrx_word' id='word_1_341' title='bbox 1879 2819 2106 2894; x_wconf 82' lang='lat' dir='ltr'><strong>virtute,</strong></span> 
     </span>
    </p>
   </div>
   <div class='ocr_carea' id='block_1_48' title="bbox 518 2891 2103 2966">
    <p class='ocr_par' dir='ltr' id='par_1_48' title="bbox 518 2891 2103 2966">
     <span class='ocr_line' id='line_1_48' title="bbox 518 2891 2103 2966; baseline -0.003 -19"><span class='ocrx_word' id='word_1_342' title='bbox 518 2909 624 2948; x_wconf 90' lang='lat' dir='ltr'><strong>non</strong></span> <span class='ocrx_word' id='word_1_343' title='bbox 651 2909 717 2948; x_wconf 78' lang='lat' dir='ltr'><strong>ex</strong></span> <span class='ocrx_word' id='word_1_344' title='bbox 751 2891 1084 2966; x_wconf 69' lang='lat' dir='ltr'><strong>temporibus</strong></span> <span class='ocrx_word' id='word_1_345' title='bbox 1116 2895 1398 2964; x_wconf 87' lang='lat' dir='ltr'><strong>religiosas</strong></span> <span class='ocrx_word' id='word_1_346' title='bbox 1427 2891 1674 2966; x_wconf 83' lang='lat' dir='ltr'><strong>abbatias</strong></span> <span class='ocrx_word' id='word_1_347' title='bbox 1718 2905 1813 2944; x_wconf 90' lang='lat' dir='ltr'><strong>seu</strong></span> <span class='ocrx_word' id='word_1_348' title='bbox 1843 2891 2103 2966; x_wconf 72' lang='lat' dir='ltr'><strong>praeposi-</strong></span> 
     </span>
    </p>
   </div>
   <div class='ocr_carea' id='block_1_49' title="bbox 520 2961 2108 3030">
    <p class='ocr_par' dir='ltr' id='par_1_49' title="bbox 520 2961 2108 3030">
     <span class='ocr_line' id='line_1_49' title="bbox 520 2961 2108 3030; baseline -0.001 -14"><span class='ocrx_word' id='word_1_349' title='bbox 520 2972 672 3019; x_wconf 89' lang='lat' dir='ltr'><strong>turas</strong></span> <span class='ocrx_word' id='word_1_350' title='bbox 703 2961 924 3020; x_wconf 76' lang='lat' dir='ltr'><strong>tribuit:</strong></span> <span class='ocrx_word' id='word_1_351' title='bbox 957 2969 1030 3020; x_wconf 91' lang='lat' dir='ltr'><strong>ita</strong></span> <span class='ocrx_word' id='word_1_352' title='bbox 1061 2961 1308 3020; x_wconf 78' lang='lat' dir='ltr'><strong>videlicet</strong></span> <span class='ocrx_word' id='word_1_353' title='bbox 1335 2972 1394 3016; x_wconf 93' lang='lat' dir='ltr'><strong>ut</strong></span> <span class='ocrx_word' id='word_1_354' title='bbox 1425 2963 1477 3015; x_wconf 92' lang='lat' dir='ltr'><strong>in</strong></span> <span class='ocrx_word' id='word_1_355' title='bbox 1507 2962 1612 3030; x_wconf 91' lang='lat' dir='ltr'><strong>piis</strong></span> <span class='ocrx_word' id='word_1_356' title='bbox 1639 2961 1986 3015; x_wconf 87' lang='lat' dir='ltr'><strong>monasteriis</strong></span> <span class='ocrx_word' id='word_1_357' title='bbox 2012 2969 2108 3014; x_wconf 91' lang='lat' dir='ltr'><strong>aut</strong></span> 
     </span>
    </p>
   </div>
   <div class='ocr_carea' id='block_1_50' title="bbox 517 3030 2107 3096">
    <p class='ocr_par' dir='ltr' id='par_1_50' title="bbox 517 3030 2107 3096">
     <span class='ocr_line' id='line_1_50' title="bbox 517 3030 2107 3096; baseline -0.002 -9"><span class='ocrx_word' id='word_1_358' title='bbox 517 3035 795 3089; x_wconf 87' lang='lat' dir='ltr'><strong>asceteriis</strong></span> <span class='ocrx_word' id='word_1_359' title='bbox 823 3052 927 3091; x_wconf 93' lang='lat' dir='ltr'><strong>non</strong></span> <span class='ocrx_word' id='word_1_360' title='bbox 951 3038 1095 3090; x_wconf 92' lang='lat' dir='ltr'><strong>omni</strong></span> <span class='ocrx_word' id='word_1_361' title='bbox 1127 3036 1304 3096; x_wconf 88' lang='lat' dir='ltr'><strong>modo,</strong></span> <span class='ocrx_word' id='word_1_362' title='bbox 1331 3043 1543 3087; x_wconf 89' lang='lat' dir='ltr'><strong>mortuo</strong></span> <span class='ocrx_word' id='word_1_363' title='bbox 1575 3031 1789 3094; x_wconf 85' lang='lat' dir='ltr'><strong>abbate,</strong></span> <span class='ocrx_word' id='word_1_364' title='bbox 1840 3031 1920 3085; x_wconf 88' lang='lat' dir='ltr'><strong>vcl</strong></span> <span class='ocrx_word' id='word_1_365' title='bbox 1942 3030 2107 3084; x_wconf 81' lang='lat' dir='ltr'><strong>abba-</strong></span> 
     </span>
    </p>
   </div>
   <div class='ocr_carea' id='block_1_51' title="bbox 2209 1900 3799 1971">
    <p class='ocr_par' dir='ltr' id='par_1_51' title="bbox 2209 1900 3799 1971">
     <span class='ocr_line' id='line_1_51' title="bbox 2209 1900 3799 1971; baseline -0.001 -12"><span class='ocrx_word' id='word_1_366' title='bbox 2209 1902 2382 1968; x_wconf 89' lang='lat' dir='ltr'><strong>savit,</strong></span> <span class='ocrx_word' id='word_1_367' title='bbox 2423 1909 2484 1956; x_wconf 88' lang='lat' dir='ltr'><strong>ut</strong></span> <span class='ocrx_word' id='word_1_368' title='bbox 2523 1909 2651 1971; x_wconf 90' lang='lat' dir='ltr'><strong>pote</strong></span> <span class='ocrx_word' id='word_1_369' title='bbox 2679 1901 2875 1956; x_wconf 90' lang='lat' dir='ltr'><strong>missas</strong></span> <span class='ocrx_word' id='word_1_370' title='bbox 2906 1908 3128 1956; x_wconf 89' lang='lat' dir='ltr'><strong>acturus</strong></span> <span class='ocrx_word' id='word_1_371' title='bbox 3160 1901 3228 1955; x_wconf 89' lang='lat' dir='ltr'><strong>ad</strong></span> <span class='ocrx_word' id='word_1_372' title='bbox 3256 1900 3528 1956; x_wconf 85' lang='lat' dir='ltr'><strong>Sanctum</strong></span> <span class='ocrx_word' id='word_1_373' title='bbox 3558 1902 3799 1957; x_wconf 83' lang='lat' dir='ltr'><strong>Petrum.</strong></span> 
     </span>
    </p>
   </div>
   <div class='ocr_carea' id='block_1_52' title="bbox 2209 1971 3802 2042">
    <p class='ocr_par' dir='ltr' id='par_1_52' title="bbox 2209 1971 3802 2042">
     <span class='ocr_line' id='line_1_52' title="bbox 2209 1971 3802 2042; baseline -0.001 -14"><span class='ocrx_word' id='word_1_374' title='bbox 2209 1975 2422 2029; x_wconf 90' lang='lat' dir='ltr'><strong>Interea</strong></span> <span class='ocrx_word' id='word_1_375' title='bbox 2459 1973 2653 2026; x_wconf 87' lang='lat' dir='ltr'><strong>mulier</strong></span> <span class='ocrx_word' id='word_1_376' title='bbox 2695 1973 2944 2042; x_wconf 66' lang='lat' dir='ltr'><strong>quredam</strong></span> <span class='ocrx_word' id='word_1_377' title='bbox 2990 1987 3236 2026; x_wconf 88' lang='lat' dir='ltr'><strong>anserem</strong></span> <span class='ocrx_word' id='word_1_378' title='bbox 3284 1973 3469 2026; x_wconf 89' lang='lat' dir='ltr'><strong>attulit</strong></span> <span class='ocrx_word' id='word_1_379' title='bbox 3508 1971 3802 2028; x_wconf 82' lang='lat' dir='ltr'><strong>vice-domi-</strong></span> 
     </span>
    </p>
   </div>
   <div class='ocr_carea' id='block_1_53' title="bbox 2209 2042 3798 2106">
    <p class='ocr_par' dir='ltr' id='par_1_53' title="bbox 2209 2042 3798 2106">
     <span class='ocr_line' id='line_1_53' title="bbox 2209 2042 3798 2106; baseline -0.001 -6"><span class='ocrx_word' id='word_1_380' title='bbox 2209 2062 2305 2106; x_wconf 87' lang='lat' dir='ltr'><strong>no,</strong></span> <span class='ocrx_word' id='word_1_381' title='bbox 2335 2053 2443 2099; x_wconf 89' lang='lat' dir='ltr'><strong>etc.</strong></span> <span class='ocrx_word' id='word_1_382' title='bbox 2477 2062 2496 2094; x_wconf 80' lang='grc' dir='ltr'><strong>ι</strong></span> <span class='ocrx_word' id='word_1_383' title='bbox 2552 2042 2652 2098; x_wconf 85' lang='lat' dir='ltr'><strong>Ubi</strong></span> <span class='ocrx_word' id='word_1_384' title='bbox 2679 2043 2832 2096; x_wconf 88' lang='lat' dir='ltr'><strong>vides</strong></span> <span class='ocrx_word' id='word_1_385' title='bbox 2869 2043 3117 2097; x_wconf 89' lang='lat' dir='ltr'><strong>eumdem</strong></span> <span class='ocrx_word' id='word_1_386' title='bbox 3165 2057 3286 2098; x_wconf 89' lang='lat' dir='ltr'><strong>esse</strong></span> <span class='ocrx_word' id='word_1_387' title='bbox 3333 2057 3699 2098; x_wconf 71' lang='lat' dir='ltr'><strong>oscononmm</strong></span> <span class='ocrx_word' id='word_1_388' title='bbox 3744 2059 3798 2098; x_wconf 74' lang='lat' dir='ltr'><strong>ac</strong></span> 
     </span>
    </p>
   </div>
   <div class='ocr_carea' id='block_1_54' title="bbox 2210 2111 3798 2184">
    <p class='ocr_par' dir='ltr' id='par_1_54' title="bbox 2210 2111 3798 2184">
     <span class='ocr_line' id='line_1_54' title="bbox 2210 2111 3798 2184; baseline 0 -16"><span class='ocrx_word' id='word_1_389' title='bbox 2210 2114 2633 2184; x_wconf 81' lang='lat' dir='ltr'><strong>viccdominum.</strong></span> <span class='ocrx_word' id='word_1_390' title='bbox 2678 2111 2749 2184; x_wconf 13' lang='lat' dir='ltr'><strong>VS.</strong></span> <span class='ocrx_word' id='word_1_391' title='bbox 2791 2113 3015 2183; x_wconf 85' lang='lat' dir='ltr'><strong>Gregor.</strong></span> <span class='ocrx_word' id='word_1_392' title='bbox 3059 2129 3242 2184; x_wconf 91' lang='lat' dir='ltr'><strong>papa,</strong></span> <span class='ocrx_word' id='word_1_393' title='bbox 3294 2113 3390 2168; x_wconf 93' lang='lat' dir='ltr'><strong>lib.</strong></span> <span class='ocrx_word' id='word_1_394' title='bbox 3438 2129 3498 2167; x_wconf 78' lang='lat' dir='ltr'><strong>ix</strong></span> <span class='ocrx_word' id='word_1_395' title='bbox 3546 2113 3798 2184; x_wconf 73' lang='lat' dir='ltr'><strong>Regcszi,</strong></span> 
     </span>
    </p>
   </div>
   <div class='ocr_carea' id='block_1_55' title="bbox 2211 2183 3802 2254">
    <p class='ocr_par' dir='ltr' id='par_1_55' title="bbox 2211 2183 3802 2254">
     <span class='ocr_line' id='line_1_55' title="bbox 2211 2183 3802 2254; baseline -0.001 -14"><span class='ocrx_word' id='word_1_396' title='bbox 2211 2201 2332 2254; x_wconf 88' lang='lat' dir='ltr'><strong>cap.</strong></span> <span class='ocrx_word' id='word_1_397' title='bbox 2381 2184 2486 2240; x_wconf 88' lang='lat'><strong>99:</strong></span> <span class='ocrx_word' id='word_1_398' title='bbox 2539 2203 2558 2236; x_wconf 73' lang='grc' dir='ltr'><strong>ι</strong></span> <span class='ocrx_word' id='word_1_399' title='bbox 2593 2183 2852 2238; x_wconf 76' lang='lat' dir='ltr'><strong>Volumus</strong></span> <span class='ocrx_word' id='word_1_400' title='bbox 2900 2192 3080 2238; x_wconf 89' lang='lat' dir='ltr'><strong>autem</strong></span> <span class='ocrx_word' id='word_1_401' title='bbox 3133 2192 3192 2237; x_wconf 92' lang='lat' dir='ltr'><strong>ut</strong></span> <span class='ocrx_word' id='word_1_402' title='bbox 3240 2193 3587 2238; x_wconf 86' lang='lat' dir='ltr'><strong>memoratus</strong></span> <span class='ocrx_word' id='word_1_403' title='bbox 3639 2187 3802 2239; x_wconf 69' lang='lat' dir='ltr'><strong>frater</strong></span> 
     </span>
    </p>
   </div>
   <div class='ocr_carea' id='block_1_56' title="bbox 2210 2255 3803 2315">
    <p class='ocr_par' dir='ltr' id='par_1_56' title="bbox 2210 2255 3803 2315">
     <span class='ocr_line' id='line_1_56' title="bbox 2210 2255 3803 2315; baseline -0.002 -4"><span class='ocrx_word' id='word_1_404' title='bbox 2210 2266 2399 2312; x_wconf 91' lang='lat' dir='ltr'><strong>noster</strong></span> <span class='ocrx_word' id='word_1_405' title='bbox 2424 2255 2749 2311; x_wconf 85' lang='lat' dir='ltr'><strong>Paschasius</strong></span> <span class='ocrx_word' id='word_1_406' title='bbox 2773 2255 3169 2309; x_wconf 89' lang='lat' dir='ltr'><strong>vicedominnm</strong></span> <span class='ocrx_word' id='word_1_407' title='bbox 3203 2255 3306 2308; x_wconf 91' lang='lat' dir='ltr'><strong>sibi</strong></span> <span class='ocrx_word' id='word_1_408' title='bbox 3333 2256 3580 2315; x_wconf 84' lang='lat' dir='ltr'><strong>ordinet,</strong></span> <span class='ocrx_word' id='word_1_409' title='bbox 3614 2267 3671 2309; x_wconf 85' lang='lat' dir='ltr'><strong>et</strong></span> <span class='ocrx_word' id='word_1_410' title='bbox 3700 2273 3803 2309; x_wconf 78' lang='lat' dir='ltr'><strong>ma-</strong></span> 
     </span>
    </p>
   </div>
   <div class='ocr_carea' id='block_1_57' title="bbox 2204 2324 3798 2396">
    <p class='ocr_par' dir='ltr' id='par_1_57' title="bbox 2204 2324 3798 2396">
     <span class='ocr_line' id='line_1_57' title="bbox 2204 2324 3798 2396; baseline -0.001 -15"><span class='ocrx_word' id='word_1_411' title='bbox 2204 2325 2380 2396; x_wconf 89' lang='lat' dir='ltr'><strong>jorem</strong></span> <span class='ocrx_word' id='word_1_412' title='bbox 2413 2326 2627 2380; x_wconf 91' lang='lat' dir='ltr'><strong>domus.</strong></span> <span class='ocrx_word' id='word_1_413' title='bbox 2664 2345 2683 2378; x_wconf 73' lang='grc' dir='ltr'><strong>ι</strong></span> <span class='ocrx_word' id='word_1_414' title='bbox 2740 2324 2939 2396; x_wconf 77' lang='lat' dir='ltr'><strong>Paulus</strong></span> <span class='ocrx_word' id='word_1_415' title='bbox 2979 2326 3362 2394; x_wconf 88' lang='lat' dir='ltr'><strong>apothecarius</strong></span> <span class='ocrx_word' id='word_1_416' title='bbox 3408 2327 3717 2380; x_wconf 84' lang='lat' dir='ltr'><strong>monachus</strong></span> <span class='ocrx_word' id='word_1_417' title='bbox 3745 2326 3798 2379; x_wconf 87' lang='lat' dir='ltr'><strong>S.</strong></span> 
     </span>
    </p>
   </div>
   <div class='ocr_carea' id='block_1_58' title="bbox 2211 2393 3802 2466">
    <p class='ocr_par' dir='ltr' id='par_1_58' title="bbox 2211 2393 3802 2466">
     <span class='ocr_line' id='line_1_58' title="bbox 2211 2393 3802 2466; baseline -0.003 -14"><span class='ocrx_word' id='word_1_418' title='bbox 2211 2393 2358 2452; x_wconf 80' lang='lat' dir='ltr'><strong>Petri</strong></span> <span class='ocrx_word' id='word_1_419' title='bbox 2393 2399 2447 2452; x_wconf 93' lang='lat' dir='ltr'><strong>in</strong></span> <span class='ocrx_word' id='word_1_420' title='bbox 2479 2396 2631 2452; x_wconf 75' lang='lat' dir='ltr'><strong>Valle</strong></span> <span class='ocrx_word' id='word_1_421' title='bbox 2662 2396 2802 2466; x_wconf 89' lang='lat' dir='ltr'><strong>apud</strong></span> <span class='ocrx_word' id='word_1_422' title='bbox 2831 2393 3098 2451; x_wconf 80' lang='lat' dir='ltr'><strong>Carnutes</strong></span> <span class='ocrx_word' id='word_1_423' title='bbox 3127 2397 3179 2448; x_wconf 92' lang='lat' dir='ltr'><strong>in</strong></span> <span class='ocrx_word' id='word_1_424' title='bbox 3218 2395 3315 2449; x_wconf 89' lang='lat' dir='ltr'><strong>lib.</strong></span> <span class='ocrx_word' id='word_1_425' title='bbox 3347 2412 3453 2450; x_wconf 90' lang='lat' dir='ltr'><strong>ms.</strong></span> <span class='ocrx_word' id='word_1_426' title='bbox 3485 2412 3639 2465; x_wconf 84' lang='lat' dir='ltr'><strong>quem</strong></span> <span class='ocrx_word' id='word_1_427' title='bbox 3669 2412 3802 2465; x_wconf 76' lang='lat' dir='ltr'><strong>apo-</strong></span> 
     </span>
    </p>
   </div>
   <div class='ocr_carea' id='block_1_59' title="bbox 2213 2466 3795 2538">
    <p class='ocr_par' dir='ltr' id='par_1_59' title="bbox 2213 2466 3795 2538">
     <span class='ocr_line' id='line_1_59' title="bbox 2213 2466 3795 2538; baseline -0.002 -16"><span class='ocrx_word' id='word_1_428' title='bbox 2213 2469 2428 2523; x_wconf 86' lang='lat' dir='ltr'><strong>thecam</strong></span> <span class='ocrx_word' id='word_1_429' title='bbox 2460 2467 2780 2538; x_wconf 89' lang='lat' dir='ltr'><strong>appellavit,</strong></span> <span class='ocrx_word' id='word_1_430' title='bbox 2819 2482 2984 2538; x_wconf 81' lang='lat' dir='ltr'><strong>agens</strong></span> <span class='ocrx_word' id='word_1_431' title='bbox 3009 2468 3075 2521; x_wconf 89' lang='lat' dir='ltr'><strong>de</strong></span> <span class='ocrx_word' id='word_1_432' title='bbox 3099 2466 3344 2536; x_wconf 82' lang='lat' dir='ltr'><strong>Aydoino</strong></span> <span class='ocrx_word' id='word_1_433' title='bbox 3375 2469 3624 2537; x_wconf 81' lang='lat' dir='ltr'><strong>episcopo</strong></span> <span class='ocrx_word' id='word_1_434' title='bbox 3653 2467 3795 2521; x_wconf 82' lang='lat' dir='ltr'><strong>Car-</strong></span> 
     </span>
    </p>
   </div>
   <div class='ocr_carea' id='block_1_60' title="bbox 2213 2537 3797 2595">
    <p class='ocr_par' dir='ltr' id='par_1_60' title="bbox 2213 2537 3797 2595">
     <span class='ocr_line' id='line_1_60' title="bbox 2213 2537 3797 2595; baseline -0.003 -1"><span class='ocrx_word' id='word_1_435' title='bbox 2213 2541 2423 2595; x_wconf 80' lang='lat' dir='ltr'><strong>notensi</strong></span> <span class='ocrx_word' id='word_1_436' title='bbox 2464 2540 2578 2593; x_wconf 59' lang='lat' dir='ltr'><strong>haec</strong></span> <span class='ocrx_word' id='word_1_437' title='bbox 2613 2539 2813 2592; x_wconf 84' lang='lat' dir='ltr'><strong>habet:</strong></span> <span class='ocrx_word' id='word_1_438' title='bbox 2852 2556 2868 2588; x_wconf 79' lang='grc' dir='ltr'><strong>ι</strong></span> <span class='ocrx_word' id='word_1_439' title='bbox 2901 2537 3008 2591; x_wconf 90' lang='lat' dir='ltr'><strong>lste</strong></span> <span class='ocrx_word' id='word_1_440' title='bbox 3041 2538 3334 2591; x_wconf 87' lang='lat' dir='ltr'><strong>monachos</strong></span> <span class='ocrx_word' id='word_1_441' title='bbox 3365 2553 3564 2592; x_wconf 79' lang='lat' dir='ltr'><strong>exesos</strong></span> <span class='ocrx_word' id='word_1_442' title='bbox 3584 2538 3797 2592; x_wconf 79' lang='lat' dir='ltr'><strong>habuit.</strong></span> 
     </span>
    </p>
   </div>
   <div class='ocr_carea' id='block_1_61' title="bbox 2210 2608 3800 2666">
    <p class='ocr_par' dir='ltr' id='par_1_61' title="bbox 2210 2608 3800 2666">
     <span class='ocr_line' id='line_1_61' title="bbox 2210 2608 3800 2666; baseline -0.003 0"><span class='ocrx_word' id='word_1_443' title='bbox 2210 2609 2536 2666; x_wconf 88' lang='lat' dir='ltr'><strong>Comitatum</strong></span> <span class='ocrx_word' id='word_1_444' title='bbox 2557 2608 2945 2664; x_wconf 89' lang='lat' dir='ltr'><strong>Carnotensem</strong></span> <span class='ocrx_word' id='word_1_445' title='bbox 2967 2608 3242 2661; x_wconf 83' lang='lat' dir='ltr'><strong>fundavit:</strong></span> <span class='ocrx_word' id='word_1_446' title='bbox 3274 2608 3681 2662; x_wconf 86' lang='lat' dir='ltr'><strong>vicedominum</strong></span> <span class='ocrx_word' id='word_1_447' title='bbox 3703 2610 3800 2662; x_wconf 84' lang='lat' dir='ltr'><strong>sub</strong></span> 
     </span>
    </p>
   </div>
   <div class='ocr_carea' id='block_1_62' title="bbox 2213 2679 3798 2762">
    <p class='ocr_par' dir='ltr' id='par_1_62' title="bbox 2213 2679 3798 2762">
     <span class='ocr_line' id='line_1_62' title="bbox 2213 2679 3798 2762; baseline -0.003 -26"><span class='ocrx_word' id='word_1_448' title='bbox 2213 2683 2501 2762; x_wconf 46' lang='lat' dir='ltr'><strong>episcopo,-</strong></span> <span class='ocrx_word' id='word_1_449' title='bbox 2515 2690 2569 2735; x_wconf 92' lang='lat' dir='ltr'><strong>et</strong></span> <span class='ocrx_word' id='word_1_450' title='bbox 2595 2679 2969 2762; x_wconf 75' lang='lat' dir='ltr'><strong>vicecomitein</strong></span> <span class='ocrx_word' id='word_1_451' title='bbox 2998 2680 3098 2733; x_wconf 88' lang='lat' dir='ltr'><strong>sub</strong></span> <span class='ocrx_word' id='word_1_452' title='bbox 3127 2679 3656 2762; x_wconf 63' lang='lat' dir='ltr'><strong>comiteordiuavit.</strong></span> <span class='ocrx_word' id='word_1_453' title='bbox 3688 2700 3710 2760; x_wconf 55' lang='grc' dir='ltr'><strong>ι</strong></span> <span class='ocrx_word' id='word_1_454' title='bbox 3741 2680 3798 2732; x_wconf 82' lang='lat' dir='ltr'><strong>lu</strong></span> 
     </span>
    </p>
   </div>
   <div class='ocr_carea' id='block_1_63' title="bbox 2212 2750 3799 2813">
    <p class='ocr_par' dir='ltr' id='par_1_63' title="bbox 2212 2750 3799 2813">
     <span class='ocr_line' id='line_1_63' title="bbox 2212 2750 3799 2813; baseline -0.001 -7"><span class='ocrx_word' id='word_1_455' title='bbox 2212 2750 2334 2806; x_wconf 78' lang='lat' dir='ltr'><strong>Vita</strong></span> <span class='ocrx_word' id='word_1_456' title='bbox 2367 2751 2424 2806; x_wconf 93' lang='grc'>8.</span> <span class='ocrx_word' id='word_1_457' title='bbox 2457 2751 2658 2811; x_wconf 81' lang='lat' dir='ltr'><strong>Mauri,</strong></span> <span class='ocrx_word' id='word_1_458' title='bbox 2702 2765 2822 2813; x_wconf 88' lang='lat' dir='ltr'><strong>cap.</strong></span> <span class='ocrx_word' id='word_1_459' title='bbox 2851 2751 2901 2813; x_wconf 81' lang='grc'><strong>1,</strong></span> <span class='ocrx_word' id='word_1_460' title='bbox 2953 2758 3286 2804; x_wconf 87' lang='lat' dir='ltr'><strong>memoratur</strong></span> <span class='ocrx_word' id='word_1_461' title='bbox 3311 2750 3633 2804; x_wconf 74' lang='lat' dir='ltr'><strong>Arderadus</strong></span> <span class='ocrx_word' id='word_1_462' title='bbox 3660 2753 3799 2804; x_wconf 84' lang='lat' dir='ltr'><strong>vice-</strong></span> 
     </span>
    </p>
   </div>
   <div class='ocr_carea' id='block_1_64' title="bbox 2211 2819 3800 2891">
    <p class='ocr_par' dir='ltr' id='par_1_64' title="bbox 2211 2819 3800 2891">
     <span class='ocr_line' id='line_1_64' title="bbox 2211 2819 3800 2891; baseline -0.003 -13"><span class='ocrx_word' id='word_1_463' title='bbox 2211 2819 2462 2878; x_wconf 69' lang='lat' dir='ltr'><strong>dominus</strong></span> <span class='ocrx_word' id='word_1_464' title='bbox 2488 2822 2723 2891; x_wconf 85' lang='lat' dir='ltr'><strong>episcopi</strong></span> <span class='ocrx_word' id='word_1_465' title='bbox 2752 2819 3193 2876; x_wconf 85' lang='lat' dir='ltr'><strong>Cenomanensis.</strong></span> <span class='ocrx_word' id='word_1_466' title='bbox 3240 2819 3455 2874; x_wconf 86' lang='lat' dir='ltr'><strong>Dicitur</strong></span> <span class='ocrx_word' id='word_1_467' title='bbox 3483 2829 3542 2874; x_wconf 88' lang='lat' dir='ltr'><strong>et</strong></span> <span class='ocrx_word' id='word_1_468' title='bbox 3574 2821 3800 2888; x_wconf 81' lang='lat' dir='ltr'><strong>alicujus</strong></span> 
     </span>
    </p>
   </div>
   <div class='ocr_carea' id='block_1_65' title="bbox 2210 2894 3367 2963">
    <p class='ocr_par' dir='ltr' id='par_1_65' title="bbox 2210 2894 3367 2963">
     <span class='ocr_line' id='line_1_65' title="bbox 2210 2894 3367 2963; baseline -0.008 -15"><span class='ocrx_word' id='word_1_469' title='bbox 2210 2895 2361 2949; x_wconf 92' lang='lat' dir='ltr'><strong>urbis</strong></span> <span class='ocrx_word' id='word_1_470' title='bbox 2386 2894 2765 2963; x_wconf 70' lang='lat' dir='ltr'><strong>praepositus.__</strong></span> <span class='ocrx_word' id='word_1_471' title='bbox 3104 2960 3118 2963; x_wconf 29' lang='grc' dir='ltr'><strong>Α</strong></span> <span class='ocrx_word' id='word_1_472' title='bbox 3363 2938 3367 2939; x_wconf 64' lang='lat'><strong><em>,</em></strong></span> 
     </span>
    </p>
   </div>
   <div class='ocr_carea' id='block_1_66' title="bbox 2288 2960 3801 3031">
    <p class='ocr_par' dir='ltr' id='par_1_66' title="bbox 2288 2960 3801 3031">
     <span class='ocr_line' id='line_1_66' title="bbox 2288 2960 3801 3031; baseline -0.001 -14"><span class='ocrx_word' id='word_1_473' title='bbox 2288 2967 2302 3006; x_wconf 85' lang='lat' dir='ltr'><strong>i</strong></span> <span class='ocrx_word' id='word_1_474' title='bbox 2346 2960 2614 3017; x_wconf 70' lang='lat' dir='ltr'><strong>Villicitut.</strong></span> <span class='ocrx_word' id='word_1_475' title='bbox 2648 2961 2872 3017; x_wconf 75' lang='lat' dir='ltr'><strong>Villicus</strong></span> <span class='ocrx_word' id='word_1_476' title='bbox 2909 2969 2992 3015; x_wconf 90' lang='lat' dir='ltr'><strong>est</strong></span> <span class='ocrx_word' id='word_1_477' title='bbox 3033 2960 3370 3028; x_wconf 77' lang='lat' dir='ltr'><strong>gubernator</strong></span> <span class='ocrx_word' id='word_1_478' title='bbox 3400 2962 3580 3025; x_wconf 66' lang='lat' dir='ltr'><strong>villae,</strong></span> <span class='ocrx_word' id='word_1_479' title='bbox 3625 2963 3801 3031; x_wconf 84' lang='lat' dir='ltr'><strong>inquit</strong></span> 
     </span>
    </p>
   </div>
   <div class='ocr_carea' id='block_1_67' title="bbox 2212 3031 3797 3102">
    <p class='ocr_par' dir='ltr' id='par_1_67' title="bbox 2212 3031 3797 3102">
     <span class='ocr_line' id='line_1_67' title="bbox 2212 3031 3797 3102; baseline -0.002 -12"><span class='ocrx_word' id='word_1_480' title='bbox 2212 3035 2270 3090; x_wconf 88' lang='lat' dir='ltr'><strong>S.</strong></span> <span class='ocrx_word' id='word_1_481' title='bbox 2295 3035 2534 3091; x_wconf 87' lang='lat' dir='ltr'><strong>Isidorus</strong></span> <span class='ocrx_word' id='word_1_482' title='bbox 2562 3035 2653 3087; x_wconf 91' lang='lat' dir='ltr'><strong>lib.</strong></span> <span class='ocrx_word' id='word_1_483' title='bbox 2681 3049 2780 3087; x_wconf 83' lang='lat' dir='ltr'><strong>viii</strong></span> <span class='ocrx_word' id='word_1_484' title='bbox 2803 3031 2976 3102; x_wconf 86' lang='lat' dir='ltr'><strong>Orig.,</strong></span> <span class='ocrx_word' id='word_1_485' title='bbox 3010 3047 3127 3101; x_wconf 90' lang='lat' dir='ltr'><strong>cap.</strong></span> <span class='ocrx_word' id='word_1_486' title='bbox 3152 3033 3207 3086; x_wconf 69' lang='grc'><strong>4.</strong></span> <span class='ocrx_word' id='word_1_487' title='bbox 3237 3031 3449 3087; x_wconf 69' lang='lat' dir='ltr'><strong>Glossa:</strong></span> <span class='ocrx_word' id='word_1_488' title='bbox 3475 3033 3761 3087; x_wconf 75' lang='lat' dir='ltr'><strong>Philoxeni</strong></span> <span class='ocrx_word' id='word_1_489' title='bbox 3787 3054 3797 3087; x_wconf 94' lang='lat'><strong>:</strong></span> 
     </span>
    </p>
   </div>
   <div class='ocr_carea' id='block_1_68' title="bbox 516 3103 2106 3184">
    <p class='ocr_par' dir='ltr' id='par_1_68' title="bbox 516 3103 2106 3184">
     <span class='ocr_line' id='line_1_68' title="bbox 516 3103 2106 3184; baseline -0.002 -26"><span class='ocrx_word' id='word_1_490' title='bbox 516 3106 671 3167; x_wconf 89' lang='lat' dir='ltr'><strong>tissa,</strong></span> <span class='ocrx_word' id='word_1_491' title='bbox 706 3103 751 3184; x_wconf 78' lang='lat' dir='ltr'><strong>is</strong></span> <span class='ocrx_word' id='word_1_492' title='bbox 781 3105 864 3177; x_wconf 85' lang='lat' dir='ltr'><strong>vel</strong></span> <span class='ocrx_word' id='word_1_493' title='bbox 905 3121 967 3158; x_wconf 83' lang='lat' dir='ltr'><strong>ea</strong></span> <span class='ocrx_word' id='word_1_494' title='bbox 998 3107 1088 3184; x_wconf 85' lang='lat' dir='ltr'><strong>qui</strong></span> <span class='ocrx_word' id='word_1_495' title='bbox 1113 3106 1197 3184; x_wconf 79' lang='lat' dir='ltr'><strong>vel</strong></span> <span class='ocrx_word' id='word_1_496' title='bbox 1238 3119 1361 3184; x_wconf 77' lang='lat' dir='ltr'><strong>quae</strong></span> <span class='ocrx_word' id='word_1_497' title='bbox 1416 3112 1658 3184; x_wconf 73' lang='lat' dir='ltr'><strong>tempore</strong></span> <span class='ocrx_word' id='word_1_498' title='bbox 1679 3103 2106 3184; x_wconf 40' lang='lat' dir='ltr'><strong>antiquiorLaut</strong></span> 
     </span>
    </p>
   </div>
   <div class='ocr_carea' id='block_1_69' title="bbox 2206 3103 3797 3184">
    <p class='ocr_par' dir='ltr' id='par_1_69' title="bbox 2218 3103 3797 3184">
     <span class='ocr_line' id='line_1_69' title="bbox 2218 3103 3797 3184; baseline -0.001 -24"><span class='ocrx_word' id='word_1_499' title='bbox 2218 3106 2502 3184; x_wconf 32' lang='lat' dir='ltr'><strong>Yillicuskci</strong></span> <span class='ocrx_word' id='word_1_500' title='bbox 2527 3107 2637 3184; x_wconf 50' lang='grc' dir='ltr'><strong>κρεῇ</strong></span> <span class='ocrx_word' id='word_1_501' title='bbox 2660 3107 2810 3184; x_wconf 57' lang='grc' dir='ltr'><strong>ἀργὸν</strong></span> <span class='ocrx_word' id='word_1_502' title='bbox 2831 3106 3122 3184; x_wconf 59' lang='grc' dir='ltr'><strong>οξκονοριῶγ.</strong></span> <span class='ocrx_word' id='word_1_503' title='bbox 3141 3103 3194 3184; x_wconf 79' lang='lat' dir='ltr'><strong>id</strong></span> <span class='ocrx_word' id='word_1_504' title='bbox 3215 3105 3438 3184; x_wconf 73' lang='lat' dir='ltr'><strong>estagri</strong></span> <span class='ocrx_word' id='word_1_505' title='bbox 3461 3119 3797 3184; x_wconf 46' lang='lat' dir='ltr'><strong>(Bg-tumulis:</strong></span> 
     </span>
    </p>
   </div>
   <div class='ocr_carea' id='block_1_70' title="bbox 517 3172 2107 3243">
    <p class='ocr_par' dir='ltr' id='par_1_70' title="bbox 517 3172 2107 3243">
     <span class='ocr_line' id='line_1_70' title="bbox 517 3172 2107 3243; baseline -0.003 -13"><span class='ocrx_word' id='word_1_506' title='bbox 517 3175 810 3239; x_wconf 83' lang='lat' dir='ltr'><strong>secundus,</strong></span> <span class='ocrx_word' id='word_1_507' title='bbox 837 3172 1139 3232; x_wconf 82' lang='lat' dir='ltr'><strong>secundave</strong></span> <span class='ocrx_word' id='word_1_508' title='bbox 1167 3172 1420 3243; x_wconf 86' lang='lat' dir='ltr'><strong>deinceps</strong></span> <span class='ocrx_word' id='word_1_509' title='bbox 1441 3172 1711 3242; x_wconf 88' lang='lat' dir='ltr'><strong>eligantur</strong></span> <span class='ocrx_word' id='word_1_510' title='bbox 1747 3191 1765 3223; x_wconf 86' lang='grc'><strong>›</strong></span> <span class='ocrx_word' id='word_1_511' title='bbox 1796 3181 1901 3226; x_wconf 88' lang='lat' dir='ltr'><strong>etc.</strong></span> <span class='ocrx_word' id='word_1_512' title='bbox 1953 3172 2009 3226; x_wconf 85' lang='lat' dir='ltr'><strong>Si</strong></span> <span class='ocrx_word' id='word_1_513' title='bbox 2034 3181 2107 3226; x_wconf 91' lang='lat' dir='ltr'><strong>ta-</strong></span> 
     </span>
    </p>
   </div>
   <div class='ocr_carea' id='block_1_71' title="bbox 519 3243 2104 3312">
    <p class='ocr_par' dir='ltr' id='par_1_71' title="bbox 519 3243 2104 3312">
     <span class='ocr_line' id='line_1_71' title="bbox 519 3243 2104 3312; baseline -0.001 -13"><span class='ocrx_word' id='word_1_514' title='bbox 519 3261 643 3300; x_wconf 90' lang='lat' dir='ltr'><strong>men</strong></span> <span class='ocrx_word' id='word_1_515' title='bbox 670 3246 810 3302; x_wconf 90' lang='lat' dir='ltr'><strong>alter</strong></span> <span class='ocrx_word' id='word_1_516' title='bbox 836 3247 903 3301; x_wconf 88' lang='lat' dir='ltr'><strong>ab</strong></span> <span class='ocrx_word' id='word_1_517' title='bbox 924 3249 1117 3303; x_wconf 85' lang='lat' dir='ltr'><strong>abbate</strong></span> <span class='ocrx_word' id='word_1_518' title='bbox 1164 3255 1379 3301; x_wconf 92' lang='lat' dir='ltr'><strong>mortuo</strong></span> <span class='ocrx_word' id='word_1_519' title='bbox 1414 3245 1639 3298; x_wconf 86' lang='lat' dir='ltr'><strong>idoneus</strong></span> <span class='ocrx_word' id='word_1_520' title='bbox 1666 3251 1770 3308; x_wconf 91' lang='lat' dir='ltr'><strong>est,</strong></span> <span class='ocrx_word' id='word_1_521' title='bbox 1799 3243 1919 3297; x_wconf 91' lang='lat' dir='ltr'><strong>aliis</strong></span> <span class='ocrx_word' id='word_1_522' title='bbox 1961 3258 2104 3312; x_wconf 82' lang='lat' dir='ltr'><strong>prae-</strong></span> 
     </span>
    </p>
   </div>
   <div class='ocr_carea' id='block_1_72' title="bbox 515 3313 2105 3385">
    <p class='ocr_par' dir='ltr' id='par_1_72' title="bbox 515 3313 2105 3385">
     <span class='ocr_line' id='line_1_72' title="bbox 515 3313 2105 3385; baseline -0.001 -15"><span class='ocrx_word' id='word_1_523' title='bbox 515 3317 771 3373; x_wconf 88' lang='lat' dir='ltr'><strong>ferendus</strong></span> <span class='ocrx_word' id='word_1_524' title='bbox 797 3319 922 3385; x_wconf 89' lang='lat' dir='ltr'><strong>erit,</strong></span> <span class='ocrx_word' id='word_1_525' title='bbox 963 3327 1021 3372; x_wconf 92' lang='lat' dir='ltr'><strong>ut</strong></span> <span class='ocrx_word' id='word_1_526' title='bbox 1063 3319 1294 3373; x_wconf 85' lang='lat' dir='ltr'><strong>habetur</strong></span> <span class='ocrx_word' id='word_1_527' title='bbox 1337 3316 1523 3370; x_wconf 84' lang='lat' dir='ltr'><strong>eadem</strong></span> <span class='ocrx_word' id='word_1_528' title='bbox 1577 3314 1732 3382; x_wconf 87' lang='lat' dir='ltr'><strong>lege:</strong></span> <span class='ocrx_word' id='word_1_529' title='bbox 1775 3332 1795 3364; x_wconf 72' lang='grc' dir='ltr'><strong>ι</strong></span> <span class='ocrx_word' id='word_1_530' title='bbox 1833 3313 1910 3367; x_wconf 83' lang='lat' dir='ltr'><strong>ita</strong></span> <span class='ocrx_word' id='word_1_531' title='bbox 1953 3323 2013 3367; x_wconf 91' lang='lat' dir='ltr'><strong>ut</strong></span> <span class='ocrx_word' id='word_1_532' title='bbox 2059 3315 2105 3368; x_wconf 90' lang='lat' dir='ltr'><strong>si</strong></span> 
     </span>
    </p>
   </div>
   <div class='ocr_carea' id='block_1_73' title="bbox 517 3385 2107 3460">
    <p class='ocr_par' dir='ltr' id='par_1_73' title="bbox 517 3385 2107 3460">
     <span class='ocr_line' id='line_1_73' title="bbox 517 3385 2107 3460; baseline -0.001 -18"><span class='ocrx_word' id='word_1_533' title='bbox 517 3389 732 3458; x_wconf 86' lang='lat' dir='ltr'><strong>quidem</strong></span> <span class='ocrx_word' id='word_1_534' title='bbox 751 3391 957 3459; x_wconf 83' lang='lat' dir='ltr'><strong>primus</strong></span> <span class='ocrx_word' id='word_1_535' title='bbox 977 3399 1100 3460; x_wconf 88' lang='lat' dir='ltr'><strong>post</strong></span> <span class='ocrx_word' id='word_1_536' title='bbox 1119 3387 1430 3443; x_wconf 85' lang='lat' dir='ltr'><strong>defunctum</strong></span> <span class='ocrx_word' id='word_1_537' title='bbox 1449 3385 1596 3460; x_wconf 78' lang='lat' dir='ltr'><strong>utilis</strong></span> <span class='ocrx_word' id='word_1_538' title='bbox 1617 3385 1706 3451; x_wconf 87' lang='lat' dir='ltr'><strong>sit,</strong></span> <span class='ocrx_word' id='word_1_539' title='bbox 1740 3393 1795 3460; x_wconf 80' lang='lat' dir='ltr'><strong>et</strong></span> <span class='ocrx_word' id='word_1_540' title='bbox 1823 3386 2107 3460; x_wconf 83' lang='lat' dir='ltr'><strong>monachis</strong></span> 
     </span>
    </p>
   </div>
   <div class='ocr_carea' id='block_1_74' title="bbox 515 3457 2104 3532">
    <p class='ocr_par' dir='ltr' id='par_1_74' title="bbox 515 3457 2104 3532">
     <span class='ocr_line' id='line_1_74' title="bbox 515 3457 2104 3532; baseline -0.001 -20"><span class='ocrx_word' id='word_1_541' title='bbox 515 3457 994 3532; x_wconf 50' lang='lat' dir='ltr'><strong>prteesse&#39;digiitts,</strong></span> <span class='ocrx_word' id='word_1_542' title='bbox 1038 3460 1126 3515; x_wconf 90' lang='lat' dir='ltr'><strong>ille</strong></span> <span class='ocrx_word' id='word_1_543' title='bbox 1165 3461 1285 3532; x_wconf 79' lang='lat' dir='ltr'><strong>aliis</strong></span> <span class='ocrx_word' id='word_1_544' title='bbox 1327 3457 1679 3532; x_wconf 71' lang='lat' dir='ltr'><strong>praeferatur;</strong></span> <span class='ocrx_word' id='word_1_545' title='bbox 1740 3457 1789 3532; x_wconf 80' lang='lat' dir='ltr'><strong>si</strong></span> <span class='ocrx_word' id='word_1_546' title='bbox 1832 3471 1962 3532; x_wconf 82' lang='lat' dir='ltr'><strong>vero</strong></span> <span class='ocrx_word' id='word_1_547' title='bbox 2012 3457 2104 3526; x_wconf 92' lang='lat' dir='ltr'><strong>qui</strong></span> 
     </span>
    </p>
   </div>
   <div class='ocr_carea' id='block_1_75' title="bbox 554 3526 2106 3599">
    <p class='ocr_par' dir='ltr' id='par_1_75' title="bbox 554 3526 2106 3599">
     <span class='ocr_line' id='line_1_75' title="bbox 554 3526 2106 3599; baseline -0.001 -16"><span class='ocrx_word' id='word_1_548' title='bbox 554 3541 639 3585; x_wconf 87' lang='lat' dir='ltr'><strong>ost</strong></span> <span class='ocrx_word' id='word_1_549' title='bbox 669 3531 817 3586; x_wconf 92' lang='lat' dir='ltr'><strong>illum</strong></span> <span class='ocrx_word' id='word_1_550' title='bbox 836 3526 942 3598; x_wconf 72' lang='lat' dir='ltr'><strong>cst,</strong></span> <span class='ocrx_word' id='word_1_551' title='bbox 973 3532 1224 3587; x_wconf 86' lang='lat' dir='ltr'><strong>similiter</strong></span> <span class='ocrx_word' id='word_1_552' title='bbox 1252 3531 1306 3584; x_wconf 92' lang='lat' dir='ltr'><strong>in</strong></span> <span class='ocrx_word' id='word_1_553' title='bbox 1331 3526 1508 3599; x_wconf 86' lang='lat' dir='ltr'><strong>ipsum</strong></span> <span class='ocrx_word' id='word_1_554' title='bbox 1538 3526 1748 3582; x_wconf 88' lang='lat' dir='ltr'><strong>feratur</strong></span> <span class='ocrx_word' id='word_1_555' title='bbox 1774 3527 1941 3581; x_wconf 86' lang='lat' dir='ltr'><strong>luturi</strong></span> <span class='ocrx_word' id='word_1_556' title='bbox 1967 3544 2106 3598; x_wconf 71' lang='lat' dir='ltr'><strong>pra:-</strong></span> 
     </span>
    </p>
   </div>
   <div class='ocr_carea' id='block_1_76' title="bbox 533 3599 2100 3680">
    <p class='ocr_par' dir='ltr' id='par_1_76' title="bbox 533 3599 2100 3680">
     <span class='ocr_line' id='line_1_76' title="bbox 533 3599 2100 3680; baseline -0.003 -24"><span class='ocrx_word' id='word_1_557' title='bbox 533 3602 644 3680; x_wconf 76' lang='lat' dir='ltr'><strong>&#39;ec_ti_</strong></span> <span class='ocrx_word' id='word_1_558' title='bbox 687 3603 1006 3680; x_wconf 50' lang='lat' dir='ltr'><strong>calculus.)</strong></span> <span class='ocrx_word' id='word_1_559' title='bbox 1056 3602 1214 3680; x_wconf 81' lang='lat' dir='ltr'><strong>Quod</strong></span> <span class='ocrx_word' id='word_1_560' title='bbox 1252 3602 1324 3659; x_wconf 89' lang='lat' dir='ltr'><strong>ita</strong></span> <span class='ocrx_word' id='word_1_561' title='bbox 1356 3611 1534 3680; x_wconf 79' lang='lat' dir='ltr'><strong>tamen</strong></span> <span class='ocrx_word' id='word_1_562' title='bbox 1559 3599 1966 3680; x_wconf 81' lang='lat' dir='ltr'><strong>intelligendum</strong></span> <span class='ocrx_word' id='word_1_563' title='bbox 1998 3608 2100 3661; x_wconf 85' lang='lat' dir='ltr'><strong>est.</strong></span> 
     </span>
    </p>
   </div>
   <div class='ocr_carea' id='block_1_77' title="bbox 517 3671 2105 3744">
    <p class='ocr_par' dir='ltr' id='par_1_77' title="bbox 517 3671 2105 3744">
     <span class='ocr_line' id='line_1_77' title="bbox 517 3671 2105 3744; baseline -0.001 -20"><span class='ocrx_word' id='word_1_564' title='bbox 517 3674 561 3725; x_wconf 91' lang='lat' dir='ltr'><strong>si</strong></span> <span class='ocrx_word' id='word_1_565' title='bbox 594 3673 681 3744; x_wconf 85' lang='lat' dir='ltr'><strong>ille</strong></span> <span class='ocrx_word' id='word_1_566' title='bbox 734 3676 824 3743; x_wconf 92' lang='lat' dir='ltr'><strong>qui</strong></span> <span class='ocrx_word' id='word_1_567' title='bbox 852 3675 1040 3730; x_wconf 86' lang='lat' dir='ltr'><strong>ordine</strong></span> <span class='ocrx_word' id='word_1_568' title='bbox 1066 3674 1330 3744; x_wconf 71' lang='lat' dir='ltr'><strong>Sequitur,</strong></span> <span class='ocrx_word' id='word_1_569' title='bbox 1374 3671 1897 3744; x_wconf 77' lang='lat' dir='ltr'><strong>omniumoptimus</strong></span> <span class='ocrx_word' id='word_1_570' title='bbox 1942 3678 2105 3744; x_wconf 78' lang='lat' dir='ltr'><strong>atque</strong></span> 
     </span>
    </p>
   </div>
   <div class='ocr_carea' id='block_1_78' title="bbox 518 3740 2106 3816">
    <p class='ocr_par' dir='ltr' id='par_1_78' title="bbox 518 3740 2106 3816">
     <span class='ocr_line' id='line_1_78' title="bbox 518 3740 2106 3816; baseline 0.001 -23"><span class='ocrx_word' id='word_1_571' title='bbox 518 3740 833 3816; x_wconf 79' lang='lat' dir='ltr'><strong>aptissimus</strong></span> <span class='ocrx_word' id='word_1_572' title='bbox 876 3761 996 3800; x_wconf 89' lang='lat' dir='ltr'><strong>esse</strong></span> <span class='ocrx_word' id='word_1_573' title='bbox 1036 3740 1329 3816; x_wconf 62' lang='lat' dir='ltr'><strong>judicatur.</strong></span> <span class='ocrx_word' id='word_1_574' title='bbox 1384 3740 1538 3816; x_wconf 74' lang='lat' dir='ltr'><strong>Qtiod</strong></span> <span class='ocrx_word' id='word_1_575' title='bbox 1591 3741 1813 3816; x_wconf 72' lang='lat' dir='ltr'><strong>planius</strong></span> <span class='ocrx_word' id='word_1_576' title='bbox 1866 3740 2106 3816; x_wconf 82' lang='lat' dir='ltr'><strong>declarat</strong></span> 
     </span>
    </p>
   </div>
   <div class='ocr_carea' id='block_1_79' title="bbox 519 3811 2106 3884">
    <p class='ocr_par' dir='ltr' id='par_1_79' title="bbox 519 3811 2106 3884">
     <span class='ocr_line' id='line_1_79' title="bbox 519 3811 2106 3884; baseline 0.001 -19"><span class='ocrx_word' id='word_1_577' title='bbox 519 3815 729 3868; x_wconf 84' lang='lat' dir='ltr'><strong>novella</strong></span> <span class='ocrx_word' id='word_1_578' title='bbox 759 3811 1119 3880; x_wconf 71' lang='lat' dir='ltr'><strong>5Justiniaini,</strong></span> <span class='ocrx_word' id='word_1_579' title='bbox 1154 3831 1272 3884; x_wconf 88' lang='lat' dir='ltr'><strong>cap.</strong></span> <span class='ocrx_word' id='word_1_580' title='bbox 1300 3814 1353 3868; x_wconf 87' lang='lat'><strong>9.</strong></span> <span class='ocrx_word' id='word_1_581' title='bbox 1411 3811 1478 3866; x_wconf 83' lang='lat' dir='ltr'><strong>Et</strong></span> <span class='ocrx_word' id='word_1_582' title='bbox 1497 3811 1902 3884; x_wconf 73' lang='lat' dir='ltr'><strong>quantumlieri</strong></span> <span class='ocrx_word' id='word_1_583' title='bbox 1928 3819 2106 3884; x_wconf 87' lang='lat' dir='ltr'><strong>potest</strong></span> 
     </span>
    </p>
   </div>
   <div class='ocr_carea' id='block_1_80' title="bbox 520 3881 2106 3953">
    <p class='ocr_par' dir='ltr' id='par_1_80' title="bbox 520 3881 2106 3953">
     <span class='ocr_line' id='line_1_80' title="bbox 520 3881 2106 3953; baseline -0.002 -15"><span class='ocrx_word' id='word_1_584' title='bbox 520 3884 654 3938; x_wconf 86' lang='lat' dir='ltr'><strong>ordo</strong></span> <span class='ocrx_word' id='word_1_585' title='bbox 685 3887 942 3953; x_wconf 87' lang='lat' dir='ltr'><strong>temporis</strong></span> <span class='ocrx_word' id='word_1_586' title='bbox 995 3881 1292 3941; x_wconf 80' lang='lat' dir='ltr'><strong>servandus</strong></span> <span class='ocrx_word' id='word_1_587' title='bbox 1334 3891 1437 3938; x_wconf 88' lang='lat' dir='ltr'><strong>est.</strong></span> <span class='ocrx_word' id='word_1_588' title='bbox 1516 3881 1641 3936; x_wconf 88' lang='lat' dir='ltr'><strong>Non</strong></span> <span class='ocrx_word' id='word_1_589' title='bbox 1695 3881 1834 3953; x_wconf 75' lang='lat' dir='ltr'><strong>enim</strong></span> <span class='ocrx_word' id='word_1_590' title='bbox 1875 3883 2106 3935; x_wconf 76' lang='lat' dir='ltr'><strong>exhono-</strong></span> 
     </span>
    </p>
   </div>
   <div class='ocr_carea' id='block_1_81' title="bbox 523 3951 2106 4025">
    <p class='ocr_par' dir='ltr' id='par_1_81' title="bbox 523 3951 2106 4025">
     <span class='ocr_line' id='line_1_81' title="bbox 523 3951 2106 4025; baseline 0 -19"><span class='ocrx_word' id='word_1_591' title='bbox 523 3955 747 4025; x_wconf 73' lang='lat' dir='ltr'><strong>randum</strong></span> <span class='ocrx_word' id='word_1_592' title='bbox 783 3951 857 4009; x_wconf 77' lang='lat' dir='ltr'><strong>est</strong></span> <span class='ocrx_word' id='word_1_593' title='bbox 888 3958 1097 4009; x_wconf 86' lang='lat' dir='ltr'><strong>omnino</strong></span> <span class='ocrx_word' id='word_1_594' title='bbox 1134 3966 1357 4025; x_wconf 79' lang='lat' dir='ltr'><strong>tempus,</strong></span> <span class='ocrx_word' id='word_1_595' title='bbox 1387 3953 1476 4007; x_wconf 83' lang='lat' dir='ltr'><strong>sed</strong></span> <span class='ocrx_word' id='word_1_596' title='bbox 1517 3969 1582 4006; x_wconf 76' lang='lat' dir='ltr'><strong>ex</strong></span> <span class='ocrx_word' id='word_1_597' title='bbox 1614 3968 1675 4005; x_wconf 88' lang='lat' dir='ltr'><strong>eo</strong></span> <span class='ocrx_word' id='word_1_598' title='bbox 1725 3951 1888 4016; x_wconf 88' lang='lat' dir='ltr'><strong>ordo,</strong></span> <span class='ocrx_word' id='word_1_599' title='bbox 1929 3953 2106 4021; x_wconf 84' lang='lat' dir='ltr'><strong>inquit</strong></span> 
     </span>
    </p>
   </div>
   <div class='ocr_carea' id='block_1_82' title="bbox 523 4023 1710 4092">
    <p class='ocr_par' dir='ltr' id='par_1_82' title="bbox 523 4023 1710 4092">
     <span class='ocr_line' id='line_1_82' title="bbox 523 4023 1710 4092; baseline 0.004 -16"><span class='ocrx_word' id='word_1_600' title='bbox 523 4023 638 4092; x_wconf 87' lang='lat' dir='ltr'><strong>ipsa</strong></span> <span class='ocrx_word' id='word_1_601' title='bbox 664 4024 1010 4079; x_wconf 84' lang='lat' dir='ltr'><strong>Autlientica.</strong></span> <span class='ocrx_word' id='word_1_602' title='bbox 1238 4023 1246 4025; x_wconf 56' lang='grc'><em>’</em></span> <span class='ocrx_word' id='word_1_603' title='bbox 1708 4052 1710 4054; x_wconf 60' lang='grc' dir='ltr'><strong><em>τ</em></strong></span> 
     </span>
    </p>
   </div>
   <div class='ocr_carea' id='block_1_83' title="bbox 594 4091 2106 4165">
    <p class='ocr_par' dir='ltr' id='par_1_83' title="bbox 594 4091 2106 4165">
     <span class='ocr_line' id='line_1_83' title="bbox 594 4091 2106 4165; baseline 0.003 -21"><span class='ocrx_word' id='word_1_604' title='bbox 594 4095 618 4132; x_wconf 78' lang='lat' dir='ltr'><strong>b</strong></span> <span class='ocrx_word' id='word_1_605' title='bbox 661 4093 864 4165; x_wconf 82' lang='lat' dir='ltr'><strong>Quique</strong></span> <span class='ocrx_word' id='word_1_606' title='bbox 885 4097 1068 4149; x_wconf 82' lang='lat' dir='ltr'><strong>decani</strong></span> <span class='ocrx_word' id='word_1_607' title='bbox 1089 4095 1133 4149; x_wconf 89' lang='lat' dir='ltr'><strong>si</strong></span> <span class='ocrx_word' id='word_1_608' title='bbox 1153 4110 1218 4148; x_wconf 70' lang='lat' dir='ltr'><strong>ex</strong></span> <span class='ocrx_word' id='word_1_609' title='bbox 1244 4094 1339 4148; x_wconf 85' lang='lat' dir='ltr'><strong>eis.</strong></span> <span class='ocrx_word' id='word_1_610' title='bbox 1371 4093 1526 4163; x_wconf 80' lang='lat' dir='ltr'><strong>Apud</strong></span> <span class='ocrx_word' id='word_1_611' title='bbox 1561 4091 1917 4165; x_wconf 81' lang='lat' dir='ltr'><strong>smaragdum</strong></span> <span class='ocrx_word' id='word_1_612' title='bbox 1954 4093 2106 4148; x_wconf 88' lang='lat' dir='ltr'><strong>deest</strong></span> 
     </span>
    </p>
   </div>
   <div class='ocr_carea' id='block_1_84' title="bbox 523 4162 2105 4236">
    <p class='ocr_par' dir='ltr' id='par_1_84' title="bbox 523 4162 2105 4236">
     <span class='ocr_line' id='line_1_84' title="bbox 523 4162 2105 4236; baseline 0.001 -20"><span class='ocrx_word' id='word_1_613' title='bbox 523 4162 804 4236; x_wconf 67' lang='lat' dir='ltr'><strong>particula</strong></span> <span class='ocrx_word' id='word_1_614' title='bbox 836 4183 954 4236; x_wconf 81' lang='lat' dir='ltr'><strong>que.</strong></span> <span class='ocrx_word' id='word_1_615' title='bbox 1016 4166 1123 4221; x_wconf 77' lang='lat' dir='ltr'><strong>Sed</strong></span> <span class='ocrx_word' id='word_1_616' title='bbox 1164 4167 1248 4220; x_wconf 89' lang='lat' dir='ltr'><strong>his</strong></span> <span class='ocrx_word' id='word_1_617' title='bbox 1297 4162 1725 4236; x_wconf 39' lang='lat' dir='ltr'><strong>verbistquique</strong></span> <span class='ocrx_word' id='word_1_618' title='bbox 1764 4162 1972 4236; x_wconf 70' lang='lat' dir='ltr'><strong>decam’,</strong></span> <span class='ocrx_word' id='word_1_619' title='bbox 2010 4181 2105 4218; x_wconf 79' lang='lat' dir='ltr'><strong>ex-</strong></span> 
     </span>
    </p>
   </div>
   <div class='ocr_carea' id='block_1_85' title="bbox 518 4233 2103 4304">
    <p class='ocr_par' dir='ltr' id='par_1_85' title="bbox 518 4233 2103 4304">
     <span class='ocr_line' id='line_1_85' title="bbox 518 4233 2103 4304; baseline 0 -16"><span class='ocrx_word' id='word_1_620' title='bbox 518 4236 757 4304; x_wconf 87' lang='lat' dir='ltr'><strong>punctis,</strong></span> <span class='ocrx_word' id='word_1_621' title='bbox 787 4233 855 4292; x_wconf 74' lang='lat' dir='ltr'><strong>S.</strong></span> <span class='ocrx_word' id='word_1_622' title='bbox 887 4238 1215 4299; x_wconf 86' lang='lat' dir='ltr'><strong>Dunstanus,</strong></span> <span class='ocrx_word' id='word_1_623' title='bbox 1271 4234 1440 4289; x_wconf 91' lang='lat' dir='ltr'><strong>editio</strong></span> <span class='ocrx_word' id='word_1_624' title='bbox 1485 4233 1846 4297; x_wconf 83' lang='lat' dir='ltr'><strong>Coloniensis,</strong></span> <span class='ocrx_word' id='word_1_625' title='bbox 1892 4243 2103 4289; x_wconf 85' lang='lat' dir='ltr'><strong>vetusta</strong></span> 
     </span>
    </p>
   </div>
   <div class='ocr_carea' id='block_1_86' title="bbox 517 4304 2098 4379">
    <p class='ocr_par' dir='ltr' id='par_1_86' title="bbox 517 4304 2098 4379">
     <span class='ocr_line' id='line_1_86' title="bbox 517 4304 2098 4379; baseline 0 -21"><span class='ocrx_word' id='word_1_626' title='bbox 517 4307 860 4379; x_wconf 81' lang='lat' dir='ltr'><strong>Parisiensis,</strong></span> <span class='ocrx_word' id='word_1_627' title='bbox 884 4309 1109 4379; x_wconf 81' lang='lat' dir='ltr'><strong>aliaeque</strong></span> <span class='ocrx_word' id='word_1_628' title='bbox 1145 4306 1599 4379; x_wconf 74' lang='lat' dir='ltr'><strong>vulgareslegunt</strong></span> <span class='ocrx_word' id='word_1_629' title='bbox 1626 4318 1641 4356; x_wconf 88' lang='lat'><strong>:</strong></span> <span class='ocrx_word' id='word_1_630' title='bbox 1675 4304 1899 4379; x_wconf 62' lang='lat' dir='ltr'><strong>Quodsi</strong></span> <span class='ocrx_word' id='word_1_631' title='bbox 1922 4322 1985 4379; x_wconf 54' lang='lat' dir='ltr'><strong>es</strong></span> <span class='ocrx_word' id='word_1_632' title='bbox 2006 4307 2098 4379; x_wconf 72' lang='lat' dir='ltr'><strong>eis,</strong></span> 
     </span>
    </p>
   </div>
   <div class='ocr_carea' id='block_1_87' title="bbox 517 4375 2100 4450">
    <p class='ocr_par' dir='ltr' id='par_1_87' title="bbox 517 4375 2100 4450">
     <span class='ocr_line' id='line_1_87' title="bbox 517 4375 2100 4450; baseline 0.001 -21"><span class='ocrx_word' id='word_1_633' title='bbox 517 4378 917 4450; x_wconf 36' lang='grc' dir='ltr'><strong>ριοε8ιιρειυίυι</strong></span> <span class='ocrx_word' id='word_1_634' title='bbox 955 4375 1131 4436; x_wconf 80' lang='lat' dir='ltr'><strong>tamen</strong></span> <span class='ocrx_word' id='word_1_635' title='bbox 1186 4375 1436 4450; x_wconf 73' lang='lat' dir='ltr'><strong>loquendi</strong></span> <span class='ocrx_word' id='word_1_636' title='bbox 1473 4375 1620 4450; x_wconf 79' lang='lat' dir='ltr'><strong>ratio</strong></span> <span class='ocrx_word' id='word_1_637' title='bbox 1651 4376 1782 4450; x_wconf 81' lang='lat' dir='ltr'><strong>satis</strong></span> <span class='ocrx_word' id='word_1_638' title='bbox 1820 4375 2100 4450; x_wconf 83' lang='lat' dir='ltr'><strong>familiaris</strong></span> 
     </span>
    </p>
   </div>
   <div class='ocr_carea' id='block_1_88' title="bbox 517 4396 1272 4521">
    <p class='ocr_par' dir='ltr' id='par_1_88' title="bbox 517 4396 1272 4521">
     <span class='ocr_line' id='line_1_88' title="bbox 517 4396 1252 4450; baseline 0.004 -21"><span class='ocrx_word' id='word_1_639' title='bbox 517 4396 622 4433; x_wconf 84' lang='lat' dir='ltr'><strong>etc.</strong></span> <span class='ocrx_word' id='word_1_640' title='bbox 658 4396 917 4450; x_wconf 69' lang='lat' dir='ltr'><strong>anpermr</strong></span> <span class='ocrx_word' id='word_1_641' title='bbox 955 4396 1131 4436; x_wconf 90' lang='lat' dir='ltr'><strong>tamen</strong></span> <span class='ocrx_word' id='word_1_642' title='bbox 1187 4396 1252 4433; x_wconf 71' lang='grc' dir='ltr'>ιοι</span> 
     </span>
     <span class='ocr_line' id='line_1_89' title="bbox 517 4396 1272 4521; baseline 0.004 -19"><span class='ocrx_word' id='word_1_643' title='bbox 517 4460 599 4521; x_wconf 78' lang='lat' dir='ltr'><strong>est</strong></span> <span class='ocrx_word' id='word_1_644' title='bbox 621 4448 678 4502; x_wconf 88' lang='grc'>8.</span> <span class='ocrx_word' id='word_1_645' title='bbox 696 4451 1009 4514; x_wconf 83' lang='lat' dir='ltr'><strong>Benedicto,</strong></span> <span class='ocrx_word' id='word_1_646' title='bbox 1029 4463 1089 4506; x_wconf 90' lang='lat' dir='ltr'><strong>ut</strong></span> <span class='ocrx_word' id='word_1_647' title='bbox 1108 4450 1223 4521; x_wconf 79' lang='lat' dir='ltr'><strong>ejus</strong></span> <span class='ocrx_word' id='word_1_648' title='bbox 1253 4396 1272 4504; x_wconf 84' lang='lat' dir='ltr'><strong>i</strong></span> 
     </span>
    </p>
   </div>
   <div class='ocr_carea' id='block_1_89' title="bbox 517 4519 1331 4592">
    <p class='ocr_par' dir='ltr' id='par_1_89' title="bbox 517 4519 1331 4592">
     <span class='ocr_line' id='line_1_90' title="bbox 517 4519 1331 4592; baseline 0.004 -21"><span class='ocrx_word' id='word_1_649' title='bbox 517 4519 662 4583; x_wconf 83' lang='lat' dir='ltr'><strong>licet,</strong></span> <span class='ocrx_word' id='word_1_650' title='bbox 675 4532 756 4592; x_wconf 14' lang='lat' dir='ltr'><strong>get</strong></span> <span class='ocrx_word' id='word_1_651' title='bbox 774 4524 913 4592; x_wconf 86' lang='lat' dir='ltr'><strong>sapit</strong></span> <span class='ocrx_word' id='word_1_652' title='bbox 938 4519 1331 4577; x_wconf 78' lang='lat' dir='ltr'><strong>llebt&#39;aisiitutii.</strong></span> 
     </span>
    </p>
   </div>
   <div class='ocr_carea' id='block_1_90' title="bbox 595 4587 2107 4659">
    <p class='ocr_par' dir='ltr' id='par_1_90' title="bbox 595 4587 2107 4659">
     <span class='ocr_line' id='line_1_91' title="bbox 595 4587 2107 4659; baseline 0 -16"><span class='ocrx_word' id='word_1_653' title='bbox 595 4601 616 4627; x_wconf 71' lang='grc' dir='ltr'><em>ε</em></span> <span class='ocrx_word' id='word_1_654' title='bbox 661 4587 999 4659; x_wconf 69' lang='grc' dir='ltr'>διώνοξιριιιν.</span> <span class='ocrx_word' id='word_1_655' title='bbox 1029 4593 1084 4646; x_wconf 87' lang='grc' dir='ltr'><strong>ιιι</strong></span> <span class='ocrx_word' id='word_1_656' title='bbox 1113 4593 1230 4646; x_wconf 92' lang='lat' dir='ltr'><strong>eod.</strong></span> <span class='ocrx_word' id='word_1_657' title='bbox 1263 4607 1370 4645; x_wconf 90' lang='lat' dir='ltr'><strong>ma.</strong></span> <span class='ocrx_word' id='word_1_658' title='bbox 1403 4590 1460 4644; x_wconf 88' lang='grc'>8.</span> <span class='ocrx_word' id='word_1_659' title='bbox 1492 4589 1678 4645; x_wconf 87' lang='lat' dir='ltr'><strong>Germ.</strong></span> <span class='ocrx_word' id='word_1_660' title='bbox 1716 4595 1771 4641; x_wconf 92' lang='lat' dir='ltr'><strong>et</strong></span> <span class='ocrx_word' id='word_1_661' title='bbox 1796 4587 1850 4642; x_wconf 91' lang='lat' dir='ltr'><strong>in</strong></span> <span class='ocrx_word' id='word_1_662' title='bbox 1876 4595 2107 4658; x_wconf 88' lang='lat' dir='ltr'><strong>utroque</strong></span> 
     </span>
    </p>
   </div>
   <div class='ocr_carea' id='block_1_91' title="bbox 523 4659 1353 4731">
    <p class='ocr_par' dir='ltr' id='par_1_91' title="bbox 523 4659 1353 4731">
     <span class='ocr_line' id='line_1_92' title="bbox 523 4659 1353 4731; baseline -0.002 -16"><span class='ocrx_word' id='word_1_663' title='bbox 523 4659 798 4731; x_wconf 79' lang='lat' dir='ltr'><strong>Victorino</strong></span> <span class='ocrx_word' id='word_1_664' title='bbox 844 4664 1056 4731; x_wconf 83' lang='lat' dir='ltr'><strong>legitur,</strong></span> <span class='ocrx_word' id='word_1_665' title='bbox 1088 4663 1353 4716; x_wconf 76' lang='lat' dir='ltr'><strong>succedat.</strong></span> 
     </span>
    </p>
   </div>
   <div class='ocr_carea' id='block_1_92' title="bbox 591 4728 2105 4801">
    <p class='ocr_par' dir='ltr' id='par_1_92' title="bbox 591 4728 2105 4801">
     <span class='ocr_line' id='line_1_93' title="bbox 591 4728 2105 4801; baseline 0.001 -18"><span class='ocrx_word' id='word_1_666' title='bbox 591 4728 617 4768; x_wconf 77' lang='grc' dir='ltr'><em>ά</em></span> <span class='ocrx_word' id='word_1_667' title='bbox 645 4728 1017 4801; x_wconf 73' lang='lat' dir='ltr'><strong>Superioribus</strong></span> <span class='ocrx_word' id='word_1_668' title='bbox 1039 4734 1197 4801; x_wconf 81' lang='lat' dir='ltr'><strong>hujus</strong></span> <span class='ocrx_word' id='word_1_669' title='bbox 1222 4731 1434 4801; x_wconf 71' lang='lat' dir='ltr'><strong>[legulae</strong></span> <span class='ocrx_word' id='word_1_670' title='bbox 1457 4729 1684 4801; x_wconf 77' lang='lat' dir='ltr'><strong>paginis,</strong></span> <span class='ocrx_word' id='word_1_671' title='bbox 1701 4736 1809 4783; x_wconf 90' lang='lat' dir='ltr'><strong>etc.</strong></span> <span class='ocrx_word' id='word_1_672' title='bbox 1838 4728 2029 4783; x_wconf 86' lang='lat' dir='ltr'><strong>Exstat</strong></span> <span class='ocrx_word' id='word_1_673' title='bbox 2051 4730 2105 4784; x_wconf 90' lang='lat' dir='ltr'><strong>in</strong></span> 
     </span>
    </p>
   </div>
   <div class='ocr_carea' id='block_1_93' title="bbox 519 4799 1603 4871">
    <p class='ocr_par' dir='ltr' id='par_1_93' title="bbox 519 4799 1603 4871">
     <span class='ocr_line' id='line_1_94' title="bbox 519 4799 1603 4871; baseline 0 -17"><span class='ocrx_word' id='word_1_674' title='bbox 519 4799 728 4871; x_wconf 78' lang='lat' dir='ltr'><strong>Regula</strong></span> <span class='ocrx_word' id='word_1_675' title='bbox 757 4819 857 4857; x_wconf 87' lang='lat' dir='ltr'><strong>tus.</strong></span> <span class='ocrx_word' id='word_1_676' title='bbox 883 4804 1002 4858; x_wconf 91' lang='lat' dir='ltr'><strong>eod.</strong></span> <span class='ocrx_word' id='word_1_677' title='bbox 1029 4799 1190 4858; x_wconf 83' lang='lat' dir='ltr'><strong>Corb.</strong></span> <span class='ocrx_word' id='word_1_678' title='bbox 1217 4799 1338 4855; x_wconf 81' lang='lat' dir='ltr'><strong>eod.</strong></span> <span class='ocrx_word' id='word_1_679' title='bbox 1366 4799 1484 4870; x_wconf 86' lang='lat' dir='ltr'><strong>cap.</strong></span> <span class='ocrx_word' id='word_1_680' title='bbox 1519 4799 1603 4854; x_wconf 79' lang='lat' dir='ltr'><strong>ll.</strong></span> 
     </span>
    </p>
   </div>
   <div class='ocr_carea' id='block_1_94' title="bbox 597 4869 2105 4942">
    <p class='ocr_par' dir='ltr' id='par_1_94' title="bbox 597 4869 2105 4942">
     <span class='ocr_line' id='line_1_95' title="bbox 597 4869 2105 4942; baseline -0.001 -17"><span class='ocrx_word' id='word_1_681' title='bbox 597 4869 627 4910; x_wconf 65' lang='grc' dir='ltr'><em>ε</em></span> <span class='ocrx_word' id='word_1_682' title='bbox 648 4869 923 4942; x_wconf 78' lang='lat' dir='ltr'><strong>Perfectis.</strong></span> <span class='ocrx_word' id='word_1_683' title='bbox 959 4873 1036 4927; x_wconf 89' lang='lat' dir='ltr'><strong>lta</strong></span> <span class='ocrx_word' id='word_1_684' title='bbox 1068 4873 1122 4927; x_wconf 90' lang='lat' dir='ltr'><strong>in</strong></span> <span class='ocrx_word' id='word_1_685' title='bbox 1151 4871 1356 4942; x_wconf 83' lang='lat' dir='ltr'><strong>Regula</strong></span> <span class='ocrx_word' id='word_1_686' title='bbox 1385 4869 1486 4926; x_wconf 66' lang='lat' dir='ltr'><strong>nis.</strong></span> <span class='ocrx_word' id='word_1_687' title='bbox 1514 4886 1638 4937; x_wconf 88' lang='lat' dir='ltr'><strong>pro,</strong></span> <span class='ocrx_word' id='word_1_688' title='bbox 1665 4887 1698 4924; x_wconf 92' lang='lat' dir='ltr'><strong>a</strong></span> <span class='ocrx_word' id='word_1_689' title='bbox 1723 4869 1997 4941; x_wconf 75' lang='lat' dir='ltr'><strong>perfectis;</strong></span> <span class='ocrx_word' id='word_1_690' title='bbox 2023 4878 2105 4925; x_wconf 90' lang='lat' dir='ltr'><strong>est</strong></span> 
     </span>
    </p>
   </div>
   <div class='ocr_carea' id='block_1_95' title="bbox 517 4939 961 5000">
    <p class='ocr_par' dir='ltr' id='par_1_95' title="bbox 517 4939 961 5000">
     <span class='ocr_line' id='line_1_96' title="bbox 517 4939 961 5000; baseline -0.011 -2"><span class='ocrx_word' id='word_1_691' title='bbox 517 4939 900 5000; x_wconf 77' lang='lat' dir='ltr'><strong>Hellenisiuus.</strong></span> <span class='ocrx_word' id='word_1_692' title='bbox 952 4985 961 4993; x_wconf 91' lang='lat'><strong>.</strong></span> 
     </span>
    </p>
   </div>
   <div class='ocr_carea' id='block_1_96' title="bbox 597 5010 1776 5070">
    <p class='ocr_par' dir='ltr' id='par_1_96' title="bbox 597 5010 1776 5070">
     <span class='ocr_line' id='line_1_97' title="bbox 597 5010 1776 5070; baseline -0.002 -4"><span class='ocrx_word' id='word_1_693' title='bbox 597 5011 617 5052; x_wconf 72' lang='grc' dir='ltr'><strong>ι</strong></span> <span class='ocrx_word' id='word_1_694' title='bbox 653 5013 734 5066; x_wconf 87' lang='lat' dir='ltr'><strong>Ne</strong></span> <span class='ocrx_word' id='word_1_695' title='bbox 763 5016 1050 5070; x_wconf 84' lang='lat' dir='ltr'><strong>venenosis.</strong></span> <span class='ocrx_word' id='word_1_696' title='bbox 1088 5012 1365 5068; x_wconf 88' lang='lat' dir='ltr'><strong>Particula</strong></span> <span class='ocrx_word' id='word_1_697' title='bbox 1398 5028 1462 5066; x_wconf 87' lang='lat' dir='ltr'><strong>ne</strong></span> <span class='ocrx_word' id='word_1_698' title='bbox 1491 5010 1776 5065; x_wconf 87' lang='lat' dir='ltr'><strong>redundat.</strong></span> 
     </span>
    </p>
   </div>
   <div class='ocr_carea' id='block_1_97' title="bbox 597 5080 2106 5149">
    <p class='ocr_par' dir='ltr' id='par_1_97' title="bbox 597 5080 2106 5149">
     <span class='ocr_line' id='line_1_98' title="bbox 597 5080 2106 5149; baseline 0 -13"><span class='ocrx_word' id='word_1_699' title='bbox 597 5087 621 5124; x_wconf 77' lang='lat'><strong>8</strong></span> <span class='ocrx_word' id='word_1_700' title='bbox 647 5081 755 5138; x_wconf 87' lang='lat' dir='ltr'><strong>Per</strong></span> <span class='ocrx_word' id='word_1_701' title='bbox 774 5084 1101 5140; x_wconf 83' lang='lat' dir='ltr'><strong>oblivionem.</strong></span> <span class='ocrx_word' id='word_1_702' title='bbox 1133 5084 1342 5139; x_wconf 83' lang='lat' dir='ltr'><strong>Peccati</strong></span> <span class='ocrx_word' id='word_1_703' title='bbox 1377 5083 1650 5148; x_wconf 88' lang='lat' dir='ltr'><strong>videlicet,</strong></span> <span class='ocrx_word' id='word_1_704' title='bbox 1667 5080 1859 5149; x_wconf 90' lang='lat' dir='ltr'><strong>judicii</strong></span> <span class='ocrx_word' id='word_1_705' title='bbox 1886 5089 1944 5136; x_wconf 88' lang='lat' dir='ltr'><strong>et</strong></span> <span class='ocrx_word' id='word_1_706' title='bbox 1963 5097 2106 5137; x_wconf 84' lang='lat' dir='ltr'><strong>sem-</strong></span> 
     </span>
    </p>
   </div>
   <div class='ocr_carea' id='block_1_98' title="bbox 520 5155 1412 5226">
    <p class='ocr_par' dir='ltr' id='par_1_98' title="bbox 520 5155 1412 5226">
     <span class='ocr_line' id='line_1_99' title="bbox 520 5155 1412 5226; baseline -0.003 -17"><span class='ocrx_word' id='word_1_707' title='bbox 520 5155 718 5226; x_wconf 74' lang='lat' dir='ltr'><strong>piterni</strong></span> <span class='ocrx_word' id='word_1_708' title='bbox 747 5157 1039 5212; x_wconf 88' lang='lat' dir='ltr'><strong>cruciatus.</strong></span> <span class='ocrx_word' id='word_1_709' title='bbox 1070 5156 1203 5226; x_wconf 71' lang='lat' dir='ltr'><strong>Vide</strong></span> <span class='ocrx_word' id='word_1_710' title='bbox 1231 5170 1412 5224; x_wconf 85' lang='lat' dir='ltr'><strong>supra.</strong></span> 
     </span>
    </p>
   </div>
   <div class='ocr_carea' id='block_1_99' title="bbox 596 5223 2105 5292">
    <p class='ocr_par' dir='ltr' id='par_1_99' title="bbox 596 5223 2105 5292">
     <span class='ocr_line' id='line_1_100' title="bbox 596 5223 2105 5292; baseline 0.002 -16"><span class='ocrx_word' id='word_1_711' title='bbox 596 5226 622 5264; x_wconf 79' lang='grc' dir='ltr'><strong>ιι</strong></span> <span class='ocrx_word' id='word_1_712' title='bbox 649 5223 1454 5281; x_wconf 71' lang='lat' dir='ltr'><strong>Vicedominum.\v’icedominus</strong></span> <span class='ocrx_word' id='word_1_713' title='bbox 1465 5235 1548 5278; x_wconf 87' lang='lat' dir='ltr'><strong>est</strong></span> <span class='ocrx_word' id='word_1_714' title='bbox 1568 5237 1887 5278; x_wconf 88' lang='lat' dir='ltr'><strong>oeconomus</strong></span> <span class='ocrx_word' id='word_1_715' title='bbox 1909 5232 1964 5278; x_wconf 88' lang='lat' dir='ltr'><strong>et</strong></span> <span class='ocrx_word' id='word_1_716' title='bbox 1981 5239 2105 5292; x_wconf 92' lang='lat' dir='ltr'><strong>pro-</strong></span> 
     </span>
    </p>
   </div>
   <div class='ocr_carea' id='block_1_100' title="bbox 519 5294 2126 5367">
    <p class='ocr_par' dir='ltr' id='par_1_100' title="bbox 519 5294 2126 5367">
     <span class='ocr_line' id='line_1_101' title="bbox 519 5294 2126 5367; baseline -0.005 -16"><span class='ocrx_word' id='word_1_717' title='bbox 519 5302 744 5351; x_wconf 86' lang='lat' dir='ltr'><strong>curator</strong></span> <span class='ocrx_word' id='word_1_718' title='bbox 765 5297 954 5350; x_wconf 86' lang='lat' dir='ltr'><strong>domus</strong></span> <span class='ocrx_word' id='word_1_719' title='bbox 976 5296 1226 5367; x_wconf 90' lang='lat' dir='ltr'><strong>alicujus,</strong></span> <span class='ocrx_word' id='word_1_720' title='bbox 1245 5312 1340 5352; x_wconf 91' lang='lat' dir='ltr'><strong>seu</strong></span> <span class='ocrx_word' id='word_1_721' title='bbox 1364 5295 1602 5367; x_wconf 66' lang='lat' dir='ltr'><strong>familim.</strong></span> <span class='ocrx_word' id='word_1_722' title='bbox 1629 5294 1858 5367; x_wconf 84' lang='lat' dir='ltr'><strong>Gallice,</strong></span> <span class='ocrx_word' id='word_1_723' title='bbox 1877 5295 2100 5367; x_wconf 74' lang='lat' dir='ltr'><strong>tvidame.</strong></span> <span class='ocrx_word' id='word_1_724' title='bbox 2124 5341 2126 5343; x_wconf 71' lang='grc'><strong>,</strong></span> 
     </span>
    </p>
   </div>
   <div class='ocr_carea' id='block_1_101' title="bbox 521 5365 2101 5431">
    <p class='ocr_par' dir='ltr' id='par_1_101' title="bbox 521 5365 2101 5431">
     <span class='ocr_line' id='line_1_102' title="bbox 521 5365 2101 5431; baseline -0.001 -10"><span class='ocrx_word' id='word_1_725' title='bbox 521 5367 777 5422; x_wconf 68' lang='grc' dir='ltr'><strong>Εοειεδίτθ</strong></span> <span class='ocrx_word' id='word_1_726' title='bbox 825 5368 991 5422; x_wconf 83' lang='lat' dir='ltr'><strong>etiam</strong></span> <span class='ocrx_word' id='word_1_727' title='bbox 1039 5365 1165 5423; x_wconf 86' lang='lat' dir='ltr'><strong>suos</strong></span> <span class='ocrx_word' id='word_1_728' title='bbox 1209 5368 1410 5422; x_wconf 88' lang='lat' dir='ltr'><strong>habent</strong></span> <span class='ocrx_word' id='word_1_729' title='bbox 1439 5365 1838 5428; x_wconf 86' lang='lat' dir='ltr'><strong>vicedominos,</strong></span> <span class='ocrx_word' id='word_1_730' title='bbox 1891 5366 1943 5418; x_wconf 91' lang='lat' dir='ltr'><strong>id</strong></span> <span class='ocrx_word' id='word_1_731' title='bbox 1989 5375 2101 5431; x_wconf 87' lang='lat' dir='ltr'><strong>est,</strong></span> 
     </span>
    </p>
   </div>
   <div class='ocr_carea' id='block_1_102' title="bbox 521 5435 2100 5510">
    <p class='ocr_par' dir='ltr' id='par_1_102' title="bbox 521 5435 2100 5510">
     <span class='ocr_line' id='line_1_103' title="bbox 521 5435 2100 5510; baseline 0.001 -21"><span class='ocrx_word' id='word_1_732' title='bbox 521 5452 854 5510; x_wconf 61' lang='lat' dir='ltr'><strong>oeconomos,</strong></span> <span class='ocrx_word' id='word_1_733' title='bbox 877 5453 970 5493; x_wconf 89' lang='lat' dir='ltr'><strong>seu</strong></span> <span class='ocrx_word' id='word_1_734' title='bbox 994 5447 1396 5510; x_wconf 73' lang='lat' dir='ltr'><strong>procuratores.</strong></span> <span class='ocrx_word' id='word_1_735' title='bbox 1422 5435 1764 5510; x_wconf 77' lang='lat' dir='ltr'><strong>Flodoardus</strong></span> <span class='ocrx_word' id='word_1_736' title='bbox 1787 5435 1877 5489; x_wconf 93' lang='lat' dir='ltr'><strong>lib.</strong></span> <span class='ocrx_word' id='word_1_737' title='bbox 1900 5451 1938 5489; x_wconf 89' lang='lat' dir='ltr'><strong>ll</strong></span> <span class='ocrx_word' id='word_1_738' title='bbox 1958 5435 2100 5510; x_wconf 81' lang='lat' dir='ltr'><strong>l-list.</strong></span> 
     </span>
    </p>
   </div>
   <div class='ocr_carea' id='block_1_103' title="bbox 523 5507 2128 5580">
    <p class='ocr_par' dir='ltr' id='par_1_103' title="bbox 523 5507 2128 5580">
     <span class='ocr_line' id='line_1_104' title="bbox 523 5507 2128 5580; baseline 0 -21"><span class='ocrx_word' id='word_1_739' title='bbox 523 5507 668 5580; x_wconf 73' lang='lat' dir='ltr'><strong>Eccl.</strong></span> <span class='ocrx_word' id='word_1_740' title='bbox 699 5508 882 5580; x_wconf 66' lang='lat' dir='ltr'><strong>Bonn,</strong></span> <span class='ocrx_word' id='word_1_741' title='bbox 932 5507 1052 5580; x_wconf 85' lang='lat' dir='ltr'><strong>cap.</strong></span> <span class='ocrx_word' id='word_1_742' title='bbox 1085 5511 1189 5564; x_wconf 72' lang='lat'><strong>15:</strong></span> <span class='ocrx_word' id='word_1_743' title='bbox 1226 5527 1244 5560; x_wconf 76' lang='grc' dir='ltr'><strong>ι</strong></span> <span class='ocrx_word' id='word_1_744' title='bbox 1279 5508 1516 5578; x_wconf 86' lang='lat' dir='ltr'><strong>Contigit</strong></span> <span class='ocrx_word' id='word_1_745' title='bbox 1563 5507 1745 5580; x_wconf 87' lang='lat' dir='ltr'><strong>itaque</strong></span> <span class='ocrx_word' id='word_1_746' title='bbox 1789 5507 2128 5580; x_wconf 74' lang='lat' dir='ltr'><strong>quondam,</strong></span> 
     </span>
    </p>
   </div>
   <div class='ocr_carea' id='block_1_104' title="bbox 523 5577 2129 5650">
    <p class='ocr_par' dir='ltr' id='par_1_104' title="bbox 523 5577 2129 5650">
     <span class='ocr_line' id='line_1_105' title="bbox 523 5577 2129 5650; baseline -0.002 -20"><span class='ocrx_word' id='word_1_747' title='bbox 523 5579 756 5650; x_wconf 64' lang='lat' dir='ltr'><strong>dumad</strong></span> <span class='ocrx_word' id='word_1_748' title='bbox 797 5577 1057 5634; x_wconf 79' lang='lat' dir='ltr'><strong>Sanctum</strong></span> <span class='ocrx_word' id='word_1_749' title='bbox 1087 5579 1338 5650; x_wconf 87' lang='lat' dir='ltr'><strong>Cyricum</strong></span> <span class='ocrx_word' id='word_1_750' title='bbox 1370 5587 1581 5631; x_wconf 89' lang='lat' dir='ltr'><strong>oratum</strong></span> <span class='ocrx_word' id='word_1_751' title='bbox 1611 5577 1850 5650; x_wconf 72' lang='lat' dir='ltr'><strong>venisset</strong></span> <span class='ocrx_word' id='word_1_752' title='bbox 1898 5577 1949 5650; x_wconf 86' lang='lat' dir='ltr'><strong>in</strong></span> <span class='ocrx_word' id='word_1_753' title='bbox 1980 5577 2129 5630; x_wconf 14' lang='lat' dir='ltr'><strong>Cul-t</strong></span> 
     </span>
    </p>
   </div>
   <div class='ocr_carea' id='block_1_105' title="bbox 524 5645 2103 5704">
    <p class='ocr_par' dir='ltr' id='par_1_105' title="bbox 524 5645 2103 5704">
     <span class='ocr_line' id='line_1_106' title="bbox 524 5645 2103 5704; baseline 0 -4"><span class='ocrx_word' id='word_1_754' title='bbox 524 5645 842 5702; x_wconf 86' lang='lat' dir='ltr'><strong>tnisciacum</strong></span> <span class='ocrx_word' id='word_1_755' title='bbox 889 5645 1145 5704; x_wconf 56' lang='lat' dir='ltr'><strong>locutum&#39;</strong></span> <span class='ocrx_word' id='word_1_756' title='bbox 1175 5667 1297 5703; x_wconf 85' lang='lat' dir='ltr'><strong>cum</strong></span> <span class='ocrx_word' id='word_1_757' title='bbox 1344 5663 1626 5703; x_wconf 72' lang='lat' dir='ltr'><strong>meonomo</strong></span> <span class='ocrx_word' id='word_1_758' title='bbox 1659 5647 1981 5700; x_wconf 80' lang='lat' dir='ltr'><strong>Rhemensis</strong></span> <span class='ocrx_word' id='word_1_759' title='bbox 2011 5662 2103 5700; x_wconf 88' lang='lat' dir='ltr'><strong>ec-</strong></span> 
     </span>
    </p>
   </div>
   <div class='ocr_carea' id='block_1_106' title="bbox 518 5713 2127 5786">
    <p class='ocr_par' dir='ltr' id='par_1_106' title="bbox 518 5713 2127 5786">
     <span class='ocr_line' id='line_1_107' title="bbox 518 5713 2127 5786; baseline 0.002 -19"><span class='ocrx_word' id='word_1_760' title='bbox 518 5713 733 5781; x_wconf 51' lang='grc' dir='ltr'><strong>αιω,</strong></span> <span class='ocrx_word' id='word_1_761' title='bbox 771 5719 861 5782; x_wconf 87' lang='lat' dir='ltr'><strong>qui</strong></span> <span class='ocrx_word' id='word_1_762' title='bbox 891 5721 1115 5784; x_wconf 86' lang='lat' dir='ltr'><strong>aderat,</strong></span> <span class='ocrx_word' id='word_1_763' title='bbox 1165 5727 1495 5786; x_wconf 71' lang='lat' dir='ltr'><strong>rogatusque</strong></span> <span class='ocrx_word' id='word_1_764' title='bbox 1524 5718 1590 5771; x_wconf 84' lang='lat' dir='ltr'><strong>ad</strong></span> <span class='ocrx_word' id='word_1_765' title='bbox 1619 5717 1907 5785; x_wconf 85' lang='lat' dir='ltr'><strong>prandium</strong></span> <span class='ocrx_word' id='word_1_766' title='bbox 1937 5731 2127 5776; x_wconf 24' lang='lat' dir='ltr'><strong>excua,</strong></span> 
     </span>
    </p>
   </div>
   <div class='ocr_carea' id='block_1_107' title="bbox 1273 4446 2180 4525">
    <p class='ocr_par' dir='ltr' id='par_1_107' title="bbox 1273 4446 2180 4525">
     <span class='ocr_line' id='line_1_108' title="bbox 1273 4446 2180 4525; baseline -0.002 -23"><span class='ocrx_word' id='word_1_767' title='bbox 1273 4448 1513 4518; x_wconf 74' lang='lat' dir='ltr'><strong>tegulam</strong></span> <span class='ocrx_word' id='word_1_768' title='bbox 1537 4446 1798 4501; x_wconf 88' lang='lat' dir='ltr'><strong>volvendo</strong></span> <span class='ocrx_word' id='word_1_769' title='bbox 1811 4449 2101 4502; x_wconf 89' lang='lat' dir='ltr'><strong>observare</strong></span> <span class='ocrx_word' id='word_1_770' title='bbox 2127 4465 2180 4525; x_wconf 82' lang='lat' dir='ltr'><strong>D</strong></span> 
     </span>
    </p>
   </div>
   <div class='ocr_carea' id='block_1_108' title="bbox 2210 3175 3798 3249">
    <p class='ocr_par' dir='ltr' id='par_1_108' title="bbox 2210 3175 3798 3249">
     <span class='ocr_line' id='line_1_109' title="bbox 2210 3175 3798 3249; baseline -0.001 -19"><span class='ocrx_word' id='word_1_771' title='bbox 2210 3175 2416 3234; x_wconf 63' lang='lat' dir='ltr'><strong>Glossaz</strong></span> <span class='ocrx_word' id='word_1_772' title='bbox 2445 3176 2628 3248; x_wconf 73' lang='lat' dir='ltr'><strong>Cyrilli</strong></span> <span class='ocrx_word' id='word_1_773' title='bbox 2657 3195 2668 3229; x_wconf 95' lang='lat'>:</span> <span class='ocrx_word' id='word_1_774' title='bbox 2694 3175 2969 3249; x_wconf 19' lang='grc' dir='ltr'><strong>ίᾳνξκονόμος</strong></span> <span class='ocrx_word' id='word_1_775' title='bbox 2998 3175 3094 3228; x_wconf 14' lang='lat' dir='ltr'><strong>Virri</strong></span> <span class='ocrx_word' id='word_1_776' title='bbox 3129 3183 3222 3236; x_wconf 80' lang='grc' dir='ltr'><strong>τῆς·</strong></span> <span class='ocrx_word' id='word_1_777' title='bbox 3256 3178 3450 3249; x_wconf 75' lang='grc' dir='ltr'><strong>κώμης,</strong></span> <span class='ocrx_word' id='word_1_778' title='bbox 3483 3175 3705 3240; x_wconf 66' lang='lat' dir='ltr'><strong>rit/itu,</strong></span> <span class='ocrx_word' id='word_1_779' title='bbox 3743 3177 3798 3230; x_wconf 88' lang='lat' dir='ltr'><strong>id</strong></span> 
     </span>
    </p>
   </div>
   <div class='ocr_carea' id='block_1_109' title="bbox 2209 3246 2817 3303">
    <p class='ocr_par' dir='ltr' id='par_1_109' title="bbox 2209 3246 2817 3303">
     <span class='ocr_line' id='line_1_110' title="bbox 2209 3246 2817 3303; baseline -0.003 0"><span class='ocrx_word' id='word_1_780' title='bbox 2209 3257 2293 3303; x_wconf 87' lang='lat' dir='ltr'><strong>est</strong></span> <span class='ocrx_word' id='word_1_781' title='bbox 2321 3246 2634 3302; x_wconf 73' lang='lat' dir='ltr'><strong>(nconomus</strong></span> <span class='ocrx_word' id='word_1_782' title='bbox 2660 3246 2817 3301; x_wconf 60' lang='lat' dir='ltr'><strong>villa}.</strong></span> 
     </span>
    </p>
   </div>
   <div class='ocr_carea' id='block_1_110' title="bbox 2285 3313 3780 3388">
    <p class='ocr_par' dir='ltr' id='par_1_110' title="bbox 2285 3313 3780 3388">
     <span class='ocr_line' id='line_1_111' title="bbox 2285 3313 3780 3388; baseline 0.001 -20"><span class='ocrx_word' id='word_1_783' title='bbox 2285 3317 2298 3368; x_wconf 90' lang='lat' dir='ltr'><strong>i</strong></span> <span class='ocrx_word' id='word_1_784' title='bbox 2339 3318 2690 3373; x_wconf 85' lang='lat' dir='ltr'><strong>Satutarium.</strong></span> <span class='ocrx_word' id='word_1_785' title='bbox 2725 3317 2883 3388; x_wconf 85' lang='lat' dir='ltr'><strong>Lege,</strong></span> <span class='ocrx_word' id='word_1_786' title='bbox 2913 3316 3250 3380; x_wconf 88' lang='lat' dir='ltr'><strong>saltuarium,</strong></span> <span class='ocrx_word' id='word_1_787' title='bbox 3280 3325 3343 3370; x_wconf 90' lang='lat' dir='ltr'><strong>ut</strong></span> <span class='ocrx_word' id='word_1_788' title='bbox 3367 3316 3419 3388; x_wconf 11' lang='lat' dir='ltr'><strong>in,</strong></span> <span class='ocrx_word' id='word_1_789' title='bbox 3442 3313 3780 3388; x_wconf 57' lang='lat' dir='ltr'><strong>Regulam.</strong></span> 
     </span>
    </p>
   </div>
   <div class='ocr_carea' id='block_1_111' title="bbox 2212 3385 3796 3458">
    <p class='ocr_par' dir='ltr' id='par_1_111' title="bbox 2212 3385 3796 3458">
     <span class='ocr_line' id='line_1_112' title="bbox 2212 3385 3796 3458; baseline -0.002 -12"><span class='ocrx_word' id='word_1_790' title='bbox 2212 3390 2520 3446; x_wconf 87' lang='lat' dir='ltr'><strong>Saltuarins</strong></span> <span class='ocrx_word' id='word_1_791' title='bbox 2548 3399 2633 3444; x_wconf 86' lang='lat' dir='ltr'><strong>est</strong></span> <span class='ocrx_word' id='word_1_792' title='bbox 2662 3385 2878 3456; x_wconf 77' lang='lat' dir='ltr'><strong>quidam</strong></span> <span class='ocrx_word' id='word_1_793' title='bbox 2910 3389 3262 3458; x_wconf 86' lang='lat' dir='ltr'><strong>magistratus</strong></span> <span class='ocrx_word' id='word_1_794' title='bbox 3294 3402 3388 3442; x_wconf 89' lang='lat' dir='ltr'><strong>seu</strong></span> <span class='ocrx_word' id='word_1_795' title='bbox 3411 3387 3586 3458; x_wconf 55' lang='lat' dir='ltr'><strong>judex.</strong></span> <span class='ocrx_word' id='word_1_796' title='bbox 3609 3385 3741 3440; x_wconf 80' lang='lat' dir='ltr'><strong>Lib.</strong></span> <span class='ocrx_word' id='word_1_797' title='bbox 3769 3403 3796 3443; x_wconf 81' lang='grc' dir='ltr'><strong>ι</strong></span> 
     </span>
    </p>
   </div>
   <div class='ocr_carea' id='block_1_112' title="bbox 2209 3456 3803 3531">
    <p class='ocr_par' dir='ltr' id='par_1_112' title="bbox 2209 3456 3803 3531">
     <span class='ocr_line' id='line_1_113' title="bbox 2209 3456 3803 3531; baseline -0.003 -16"><span class='ocrx_word' id='word_1_798' title='bbox 2209 3461 2368 3530; x_wconf 84' lang='lat' dir='ltr'><strong>Legis</strong></span> <span class='ocrx_word' id='word_1_799' title='bbox 2399 3460 2878 3531; x_wconf 86' lang='lat' dir='ltr'><strong>Lougobardorum</strong></span> <span class='ocrx_word' id='word_1_800' title='bbox 2897 3499 2912 3524; x_wconf 95' lang='lat'><strong>,</strong></span> <span class='ocrx_word' id='word_1_801' title='bbox 2955 3456 3038 3531; x_wconf 82' lang='lat' dir='ltr'><strong>tit.</strong></span> <span class='ocrx_word' id='word_1_802' title='bbox 3068 3459 3159 3531; x_wconf 72' lang='grc'><strong>25,</strong></span> <span class='ocrx_word' id='word_1_803' title='bbox 3194 3459 3230 3512; x_wconf 96' lang='lat' dir='ltr'><strong>l.</strong></span> <span class='ocrx_word' id='word_1_804' title='bbox 3260 3458 3332 3531; x_wconf 71' lang='lat'><strong>50</strong></span> <span class='ocrx_word' id='word_1_805' title='bbox 3357 3477 3368 3510; x_wconf 93' lang='lat'>:</span> <span class='ocrx_word' id='word_1_806' title='bbox 3409 3477 3427 3507; x_wconf 84' lang='grc' dir='ltr'><strong>ι</strong></span> <span class='ocrx_word' id='word_1_807' title='bbox 3457 3456 3607 3511; x_wconf 74' lang='lat' dir='ltr'><strong>Tune</strong></span> <span class='ocrx_word' id='word_1_808' title='bbox 3635 3459 3803 3531; x_wconf 68' lang='lat' dir='ltr'><strong>deca-</strong></span> 
     </span>
    </p>
   </div>
   <div class='ocr_carea' id='block_1_113' title="bbox 2210 3528 3800 3599">
    <p class='ocr_par' dir='ltr' id='par_1_113' title="bbox 2210 3528 3800 3599">
     <span class='ocr_line' id='line_1_114' title="bbox 2210 3528 3800 3599; baseline -0.003 -13"><span class='ocrx_word' id='word_1_809' title='bbox 2210 3528 2333 3596; x_wconf 79' lang='lat' dir='ltr'><strong>nus,</strong></span> <span class='ocrx_word' id='word_1_810' title='bbox 2382 3541 2474 3585; x_wconf 89' lang='lat' dir='ltr'><strong>aut</strong></span> <span class='ocrx_word' id='word_1_811' title='bbox 2505 3528 2778 3595; x_wconf 73' lang='lat' dir='ltr'><strong>saltarius,</strong></span> <span class='ocrx_word' id='word_1_812' title='bbox 2822 3531 2912 3599; x_wconf 91' lang='lat' dir='ltr'><strong>qui</strong></span> <span class='ocrx_word' id='word_1_813' title='bbox 2963 3529 3016 3582; x_wconf 92' lang='lat' dir='ltr'><strong>in</strong></span> <span class='ocrx_word' id='word_1_814' title='bbox 3067 3530 3186 3584; x_wconf 87' lang='lat' dir='ltr'><strong>loco</strong></span> <span class='ocrx_word' id='word_1_815' title='bbox 3216 3529 3505 3584; x_wconf 86' lang='lat' dir='ltr'><strong>ordinatus</strong></span> <span class='ocrx_word' id='word_1_816' title='bbox 3531 3539 3634 3582; x_wconf 85' lang='lat' dir='ltr'><strong>est.</strong></span> <span class='ocrx_word' id='word_1_817' title='bbox 3669 3550 3689 3580; x_wconf 76' lang='grc' dir='ltr'><strong>ι</strong></span> <span class='ocrx_word' id='word_1_818' title='bbox 3745 3528 3800 3582; x_wconf 77' lang='lat' dir='ltr'><strong>In</strong></span> 
     </span>
    </p>
   </div>
   <div class='ocr_carea' id='block_1_114' title="bbox 2212 3600 3794 3672">
    <p class='ocr_par' dir='ltr' id='par_1_114' title="bbox 2212 3600 3794 3672">
     <span class='ocr_line' id='line_1_115' title="bbox 2212 3600 3794 3672; baseline -0.003 -16"><span class='ocrx_word' id='word_1_819' title='bbox 2212 3604 2318 3658; x_wconf 91' lang='lat' dir='ltr'><strong>alio</strong></span> <span class='ocrx_word' id='word_1_820' title='bbox 2347 3603 2534 3657; x_wconf 87' lang='lat' dir='ltr'><strong>codice</strong></span> <span class='ocrx_word' id='word_1_821' title='bbox 2560 3601 2780 3672; x_wconf 85' lang='lat' dir='ltr'><strong>legitur,</strong></span> <span class='ocrx_word' id='word_1_822' title='bbox 2811 3600 3121 3672; x_wconf 76' lang='lat' dir='ltr'><strong>salutarius.</strong></span> <span class='ocrx_word' id='word_1_823' title='bbox 3174 3601 3241 3672; x_wconf 85' lang='lat' dir='ltr'><strong>Et</strong></span> <span class='ocrx_word' id='word_1_824' title='bbox 3277 3600 3442 3668; x_wconf 87' lang='lat' dir='ltr'><strong>paulo</strong></span> <span class='ocrx_word' id='word_1_825' title='bbox 3479 3608 3644 3672; x_wconf 77' lang='lat' dir='ltr'><strong>post:</strong></span> <span class='ocrx_word' id='word_1_826' title='bbox 3680 3619 3700 3672; x_wconf 66' lang='grc' dir='ltr'><em>ᾳ</em></span> <span class='ocrx_word' id='word_1_827' title='bbox 3738 3601 3794 3653; x_wconf 78' lang='lat' dir='ltr'><strong>Si</strong></span> 
     </span>
    </p>
   </div>
   <div class='ocr_carea' id='block_1_115' title="bbox 2211 3669 3794 3729">
    <p class='ocr_par' dir='ltr' id='par_1_115' title="bbox 2211 3669 3794 3729">
     <span class='ocr_line' id='line_1_116' title="bbox 2211 3669 3794 3729; baseline -0.003 -3"><span class='ocrx_word' id='word_1_828' title='bbox 2211 3689 2340 3729; x_wconf 88' lang='lat' dir='ltr'><strong>vero</strong></span> <span class='ocrx_word' id='word_1_829' title='bbox 2377 3669 2636 3727; x_wconf 72' lang='lat' dir='ltr'><strong>salturius</strong></span> <span class='ocrx_word' id='word_1_830' title='bbox 2668 3681 2757 3725; x_wconf 92' lang='lat' dir='ltr'><strong>aut</strong></span> <span class='ocrx_word' id='word_1_831' title='bbox 2792 3671 3030 3725; x_wconf 85' lang='lat' dir='ltr'><strong>decanus</strong></span> <span class='ocrx_word' id='word_1_832' title='bbox 3076 3672 3177 3726; x_wconf 90' lang='lat' dir='ltr'><strong>hoc</strong></span> <span class='ocrx_word' id='word_1_833' title='bbox 3223 3671 3402 3725; x_wconf 82' lang='lat' dir='ltr'><strong>facere</strong></span> <span class='ocrx_word' id='word_1_834' title='bbox 3447 3669 3742 3725; x_wconf 86' lang='lat' dir='ltr'><strong>distulerit.</strong></span> <span class='ocrx_word' id='word_1_835' title='bbox 3777 3691 3794 3721; x_wconf 77' lang='grc' dir='ltr'><strong>ι</strong></span> 
     </span>
    </p>
   </div>
   <div class='ocr_carea' id='block_1_116' title="bbox 2211 3740 3795 3809">
    <p class='ocr_par' dir='ltr' id='par_1_116' title="bbox 2211 3740 3795 3809">
     <span class='ocr_line' id='line_1_117' title="bbox 2211 3740 3795 3809; baseline -0.003 -10"><span class='ocrx_word' id='word_1_836' title='bbox 2211 3745 2278 3798; x_wconf 87' lang='lat' dir='ltr'><strong>Et</strong></span> <span class='ocrx_word' id='word_1_837' title='bbox 2307 3745 2400 3799; x_wconf 89' lang='lat' dir='ltr'><strong>lib.</strong></span> <span class='ocrx_word' id='word_1_838' title='bbox 2431 3760 2493 3807; x_wconf 88' lang='lat' dir='ltr'><strong>ll,</strong></span> <span class='ocrx_word' id='word_1_839' title='bbox 2523 3743 2607 3797; x_wconf 89' lang='lat' dir='ltr'><strong>tit.</strong></span> <span class='ocrx_word' id='word_1_840' title='bbox 2631 3742 2723 3807; x_wconf 79' lang='lat'><strong>58,</strong></span> <span class='ocrx_word' id='word_1_841' title='bbox 2753 3741 2881 3795; x_wconf 70' lang='lat'><strong>1.9.:</strong></span> <span class='ocrx_word' id='word_1_842' title='bbox 2917 3761 2935 3792; x_wconf 76' lang='grc' dir='ltr'><strong>ι</strong></span> <span class='ocrx_word' id='word_1_843' title='bbox 2966 3740 3023 3795; x_wconf 90' lang='lat' dir='ltr'><strong>Si</strong></span> <span class='ocrx_word' id='word_1_844' title='bbox 3053 3744 3174 3809; x_wconf 88' lang='lat' dir='ltr'><strong>quis</strong></span> <span class='ocrx_word' id='word_1_845' title='bbox 3197 3741 3387 3809; x_wconf 74' lang='lat' dir='ltr'><strong>judex,</strong></span> <span class='ocrx_word' id='word_1_846' title='bbox 3421 3750 3518 3794; x_wconf 89' lang='lat' dir='ltr'><strong>aut</strong></span> <span class='ocrx_word' id='word_1_847' title='bbox 3548 3742 3795 3801; x_wconf 75' lang='lat' dir='ltr'><strong>setildais,</strong></span> 
     </span>
    </p>
   </div>
   <div class='ocr_carea' id='block_1_117' title="bbox 2211 3811 3800 3876">
    <p class='ocr_par' dir='ltr' id='par_1_117' title="bbox 2211 3811 3800 3876">
     <span class='ocr_line' id='line_1_118' title="bbox 2211 3811 3800 3876; baseline -0.003 -7"><span class='ocrx_word' id='word_1_848' title='bbox 2211 3825 2304 3870; x_wconf 90' lang='lat' dir='ltr'><strong>ant</strong></span> <span class='ocrx_word' id='word_1_849' title='bbox 2318 3814 2504 3870; x_wconf 84' lang='lat' dir='ltr'><strong>saltari</strong></span> <span class='ocrx_word' id='word_1_850' title='bbox 2512 3831 2590 3876; x_wconf 88' lang='lat' dir='ltr'><strong>us,</strong></span> <span class='ocrx_word' id='word_1_851' title='bbox 2609 3822 2701 3868; x_wconf 92' lang='lat' dir='ltr'><strong>aut</strong></span> <span class='ocrx_word' id='word_1_852' title='bbox 2723 3814 2960 3868; x_wconf 87' lang='lat' dir='ltr'><strong>deeanus</strong></span> <span class='ocrx_word' id='word_1_853' title='bbox 2982 3813 3047 3868; x_wconf 90' lang='lat' dir='ltr'><strong>de</strong></span> <span class='ocrx_word' id='word_1_854' title='bbox 3068 3811 3205 3876; x_wconf 88' lang='lat' dir='ltr'><strong>loco,</strong></span> <span class='ocrx_word' id='word_1_855' title='bbox 3224 3813 3313 3866; x_wconf 89' lang='lat' dir='ltr'><strong>ubi</strong></span> <span class='ocrx_word' id='word_1_856' title='bbox 3336 3813 3495 3866; x_wconf 90' lang='lat' dir='ltr'><strong>arioli</strong></span> <span class='ocrx_word' id='word_1_857' title='bbox 3515 3811 3607 3866; x_wconf 85' lang='lat' dir='ltr'><strong>vel</strong></span> <span class='ocrx_word' id='word_1_858' title='bbox 3626 3812 3800 3865; x_wconf 53' lang='lat' dir='ltr'><strong>arioli</strong></span> 
     </span>
    </p>
   </div>
   <div class='ocr_carea' id='block_1_118' title="bbox 2210 3884 3799 3955">
    <p class='ocr_par' dir='ltr' id='par_1_118' title="bbox 2210 3884 3799 3955">
     <span class='ocr_line' id='line_1_119' title="bbox 2210 3884 3799 3955; baseline -0.002 -16"><span class='ocrx_word' id='word_1_859' title='bbox 2210 3885 2448 3948; x_wconf 88' lang='lat' dir='ltr'><strong>fuerint,</strong></span> <span class='ocrx_word' id='word_1_860' title='bbox 2499 3884 2798 3955; x_wconf 78' lang='lat' dir='ltr'><strong>neglexerit</strong></span> <span class='ocrx_word' id='word_1_861' title='bbox 2843 3900 2871 3938; x_wconf 90' lang='lat' dir='ltr'><strong>a</strong></span> <span class='ocrx_word' id='word_1_862' title='bbox 2919 3884 3076 3937; x_wconf 86' lang='lat' dir='ltr'><strong>modo</strong></span> <span class='ocrx_word' id='word_1_863' title='bbox 3116 3885 3258 3937; x_wconf 89' lang='lat' dir='ltr'><strong>intra</strong></span> <span class='ocrx_word' id='word_1_864' title='bbox 3286 3891 3417 3955; x_wconf 82' lang='lat' dir='ltr'><strong>tres</strong></span> <span class='ocrx_word' id='word_1_865' title='bbox 3432 3897 3680 3955; x_wconf 12' lang='lat' dir='ltr'><strong>imenses</strong></span> <span class='ocrx_word' id='word_1_866' title='bbox 3717 3898 3799 3936; x_wconf 78' lang='lat' dir='ltr'><strong>eos</strong></span> 
     </span>
    </p>
   </div>
   <div class='ocr_carea' id='block_1_119' title="bbox 2209 3953 3798 4027">
    <p class='ocr_par' dir='ltr' id='par_1_119' title="bbox 2209 3953 3798 4027">
     <span class='ocr_line' id='line_1_120' title="bbox 2209 3953 3798 4027; baseline -0.003 -17"><span class='ocrx_word' id='word_1_867' title='bbox 2209 3957 2503 4027; x_wconf 86' lang='lat' dir='ltr'><strong>inquirere.</strong></span> <span class='ocrx_word' id='word_1_868' title='bbox 2539 3976 2556 4005; x_wconf 79' lang='grc' dir='ltr'><strong>ι</strong></span> <span class='ocrx_word' id='word_1_869' title='bbox 2577 3953 2856 4027; x_wconf 66' lang='lat' dir='ltr'><strong>&#39;Sculdais</strong></span> <span class='ocrx_word' id='word_1_870' title='bbox 2886 3962 3064 4027; x_wconf 77' lang='lat' dir='ltr'><strong>autem</strong></span> <span class='ocrx_word' id='word_1_871' title='bbox 3096 3953 3514 4027; x_wconf 66' lang='lat' dir='ltr'><strong>Longoliirdieo</strong></span> <span class='ocrx_word' id='word_1_872' title='bbox 3551 3954 3798 4027; x_wconf 76' lang='lat' dir='ltr'><strong>idiomate</strong></span> 
     </span>
    </p>
   </div>
   <div class='ocr_carea' id='block_1_120' title="bbox 2209 4023 3796 4092">
    <p class='ocr_par' dir='ltr' id='par_1_120' title="bbox 2209 4023 3796 4092">
     <span class='ocr_line' id='line_1_121' title="bbox 2209 4023 3796 4092; baseline -0.004 -10"><span class='ocrx_word' id='word_1_873' title='bbox 2209 4023 2299 4082; x_wconf 74' lang='lat' dir='ltr'><strong>est</strong></span> <span class='ocrx_word' id='word_1_874' title='bbox 2321 4037 2501 4081; x_wconf 87' lang='lat' dir='ltr'><strong>rector</strong></span> <span class='ocrx_word' id='word_1_875' title='bbox 2531 4040 2622 4079; x_wconf 90' lang='lat' dir='ltr'><strong>seu</strong></span> <span class='ocrx_word' id='word_1_876' title='bbox 2647 4023 2815 4092; x_wconf 77' lang='lat' dir='ltr'><strong>judex</strong></span> <span class='ocrx_word' id='word_1_877' title='bbox 2846 4024 2969 4078; x_wconf 89' lang='lat' dir='ltr'><strong>loci.</strong></span> <span class='ocrx_word' id='word_1_878' title='bbox 3021 4023 3235 4078; x_wconf 84' lang='lat' dir='ltr'><strong>Paulus</strong></span> <span class='ocrx_word' id='word_1_879' title='bbox 3258 4024 3536 4077; x_wconf 88' lang='lat' dir='ltr'><strong>Diaconus</strong></span> <span class='ocrx_word' id='word_1_880' title='bbox 3563 4064 3581 4088; x_wconf 92' lang='lat'><strong>,</strong></span> <span class='ocrx_word' id='word_1_881' title='bbox 3633 4024 3724 4077; x_wconf 89' lang='lat' dir='ltr'><strong>lib.</strong></span> <span class='ocrx_word' id='word_1_882' title='bbox 3753 4039 3796 4076; x_wconf 82' lang='lat' dir='ltr'><strong>vi</strong></span> 
     </span>
    </p>
   </div>
   <div class='ocr_carea' id='block_1_121' title="bbox 2209 4093 3796 4166">
    <p class='ocr_par' dir='ltr' id='par_1_121' title="bbox 2209 4093 3796 4166">
     <span class='ocr_line' id='line_1_122' title="bbox 2209 4093 3796 4166; baseline -0.004 -13"><span class='ocrx_word' id='word_1_883' title='bbox 2209 4097 2347 4153; x_wconf 84' lang='lat' dir='ltr'><strong>Hist.</strong></span> <span class='ocrx_word' id='word_1_884' title='bbox 2402 4095 2767 4166; x_wconf 87' lang='lat' dir='ltr'><strong>Longobard.,</strong></span> <span class='ocrx_word' id='word_1_885' title='bbox 2821 4110 2940 4166; x_wconf 86' lang='lat' dir='ltr'><strong>cap.</strong></span> <span class='ocrx_word' id='word_1_886' title='bbox 2972 4094 3089 4160; x_wconf 24' lang='lat'><strong>“24:,</strong></span> <span class='ocrx_word' id='word_1_887' title='bbox 3125 4114 3143 4145; x_wconf 76' lang='grc' dir='ltr'><strong>ι</strong></span> <span class='ocrx_word' id='word_1_888' title='bbox 3189 4094 3390 4166; x_wconf 82' lang='lat' dir='ltr'><strong>Rector</strong></span> <span class='ocrx_word' id='word_1_889' title='bbox 3441 4093 3552 4149; x_wconf 89' lang='lat' dir='ltr'><strong>loci</strong></span> <span class='ocrx_word' id='word_1_890' title='bbox 3583 4135 3598 4155; x_wconf 89' lang='lat'><strong>.</strong></span> <span class='ocrx_word' id='word_1_891' title='bbox 3651 4109 3796 4162; x_wconf 71' lang='lat' dir='ltr'><strong>quem</strong></span> 
     </span>
    </p>
   </div>
   <div class='ocr_carea' id='block_1_122' title="bbox 2206 4163 3794 4236">
    <p class='ocr_par' dir='ltr' id='par_1_122' title="bbox 2206 4163 3794 4236">
     <span class='ocr_line' id='line_1_123' title="bbox 2206 4163 3794 4236; baseline -0.003 -15"><span class='ocrx_word' id='word_1_892' title='bbox 2206 4168 2441 4221; x_wconf 82' lang='lat' dir='ltr'><strong>sculdais</strong></span> <span class='ocrx_word' id='word_1_893' title='bbox 2469 4163 2768 4234; x_wconf 66' lang='lat' dir='ltr'><strong>nominant.</strong></span> <span class='ocrx_word' id='word_1_894' title='bbox 2804 4186 2821 4218; x_wconf 85' lang='grc' dir='ltr'><strong>ι</strong></span> <span class='ocrx_word' id='word_1_895' title='bbox 2861 4163 2937 4218; x_wconf 91' lang='lat' dir='ltr'><strong>Illi</strong></span> <span class='ocrx_word' id='word_1_896' title='bbox 2971 4167 3282 4236; x_wconf 75' lang='lat' dir='ltr'><strong>subjacebat</strong></span> <span class='ocrx_word' id='word_1_897' title='bbox 3311 4163 3612 4230; x_wconf 87' lang='lat' dir='ltr'><strong>saltarius,</strong></span> <span class='ocrx_word' id='word_1_898' title='bbox 3653 4175 3709 4218; x_wconf 87' lang='lat' dir='ltr'><strong>ut</strong></span> <span class='ocrx_word' id='word_1_899' title='bbox 3739 4180 3794 4217; x_wconf 71' lang='lat' dir='ltr'><strong>ex</strong></span> 
     </span>
    </p>
   </div>
   <div class='ocr_carea' id='block_1_123' title="bbox 2207 4236 3796 4308">
    <p class='ocr_par' dir='ltr' id='par_1_123' title="bbox 2207 4236 3796 4308">
     <span class='ocr_line' id='line_1_124' title="bbox 2207 4236 3796 4308; baseline -0.005 -15"><span class='ocrx_word' id='word_1_900' title='bbox 2207 4240 2397 4293; x_wconf 90' lang='lat' dir='ltr'><strong>eadem</strong></span> <span class='ocrx_word' id='word_1_901' title='bbox 2423 4237 2539 4308; x_wconf 84' lang='lat' dir='ltr'><strong>lege</strong></span> <span class='ocrx_word' id='word_1_902' title='bbox 2561 4247 2748 4292; x_wconf 89' lang='lat' dir='ltr'><strong>notum</strong></span> <span class='ocrx_word' id='word_1_903' title='bbox 2773 4245 2888 4292; x_wconf 87' lang='lat' dir='ltr'><strong>est:</strong></span> <span class='ocrx_word' id='word_1_904' title='bbox 2921 4256 2939 4287; x_wconf 73' lang='grc' dir='ltr'><strong>ι</strong></span> <span class='ocrx_word' id='word_1_905' title='bbox 2963 4236 3052 4300; x_wconf 85' lang='lat' dir='ltr'><strong>Et,</strong></span> <span class='ocrx_word' id='word_1_906' title='bbox 3075 4237 3119 4290; x_wconf 92' lang='lat' dir='ltr'><strong>si</strong></span> <span class='ocrx_word' id='word_1_907' title='bbox 3149 4237 3404 4308; x_wconf 83' lang='lat' dir='ltr'><strong>decanus,</strong></span> <span class='ocrx_word' id='word_1_908' title='bbox 3433 4245 3532 4288; x_wconf 89' lang='lat' dir='ltr'><strong>aut</strong></span> <span class='ocrx_word' id='word_1_909' title='bbox 3556 4236 3796 4308; x_wconf 68' lang='lat' dir='ltr'><strong>saltaris:</strong></span> 
     </span>
    </p>
   </div>
   <div class='ocr_carea' id='block_1_124' title="bbox 2157 4307 3792 4378">
    <p class='ocr_par' dir='ltr' id='par_1_124' title="bbox 2157 4307 3792 4378">
     <span class='ocr_line' id='line_1_125' title="bbox 2157 4307 3792 4378; baseline 0.001 -21"><span class='ocrx_word' id='word_1_910' title='bbox 2157 4354 2160 4357; x_wconf 31' lang='grc' dir='ltr'>κ</span> <span class='ocrx_word' id='word_1_911' title='bbox 2207 4310 2353 4378; x_wconf 90' lang='lat' dir='ltr'><strong>ipsos</strong></span> <span class='ocrx_word' id='word_1_912' title='bbox 2376 4307 2578 4362; x_wconf 89' lang='lat' dir='ltr'><strong>ariolos</strong></span> <span class='ocrx_word' id='word_1_913' title='bbox 2606 4317 2698 4362; x_wconf 92' lang='lat' dir='ltr'><strong>aut</strong></span> <span class='ocrx_word' id='word_1_914' title='bbox 2725 4310 2948 4373; x_wconf 90' lang='lat' dir='ltr'><strong>ariolas,</strong></span> <span class='ocrx_word' id='word_1_915' title='bbox 2973 4308 3056 4361; x_wconf 89' lang='lat' dir='ltr'><strong>vel</strong></span> <span class='ocrx_word' id='word_1_916' title='bbox 3081 4307 3486 4378; x_wconf 79' lang='lat' dir='ltr'><strong>suprascripr</strong></span> <span class='ocrx_word' id='word_1_917' title='bbox 3511 4307 3792 4374; x_wconf 73' lang='lat' dir='ltr'><strong>sacrilegas</strong></span> 
     </span>
    </p>
   </div>
   <div class='ocr_carea' id='block_1_125' title="bbox 2207 4376 3623 4443">
    <p class='ocr_par' dir='ltr' id='par_1_125' title="bbox 2207 4376 3623 4443">
     <span class='ocr_line' id='line_1_126' title="bbox 2207 4376 3623 4443; baseline -0.004 -9"><span class='ocrx_word' id='word_1_918' title='bbox 2207 4376 2498 4443; x_wconf 82' lang='lat' dir='ltr'><strong>invenerit,</strong></span> <span class='ocrx_word' id='word_1_919' title='bbox 2525 4387 2581 4432; x_wconf 89' lang='lat' dir='ltr'><strong>et</strong></span> <span class='ocrx_word' id='word_1_920' title='bbox 2605 4379 2810 4432; x_wconf 80' lang='lat' dir='ltr'><strong>sculdai</strong></span> <span class='ocrx_word' id='word_1_921' title='bbox 2841 4393 2937 4432; x_wconf 86' lang='lat' dir='ltr'><strong>suo</strong></span> <span class='ocrx_word' id='word_1_922' title='bbox 2967 4376 3412 4438; x_wconf 73' lang='lat' dir='ltr'><strong>manifestaverit,</strong></span> <span class='ocrx_word' id='word_1_923' title='bbox 3445 4389 3564 4430; x_wconf 82' lang='lat' dir='ltr'><strong>etc.</strong></span> <span class='ocrx_word' id='word_1_924' title='bbox 3602 4398 3623 4429; x_wconf 74' lang='grc' dir='ltr'><strong>ι</strong></span> 
     </span>
    </p>
   </div>
   <div class='ocr_carea' id='block_1_126' title="bbox 2279 4444 3793 4520">
    <p class='ocr_par' dir='ltr' id='par_1_126' title="bbox 2279 4444 3793 4520">
     <span class='ocr_line' id='line_1_127' title="bbox 2279 4444 3793 4520; baseline -0.006 -16"><span class='ocrx_word' id='word_1_925' title='bbox 2279 4451 2306 4490; x_wconf 69' lang='lat' dir='ltr'><strong>k</strong></span> <span class='ocrx_word' id='word_1_926' title='bbox 2337 4449 2596 4520; x_wconf 83' lang='lat' dir='ltr'><strong>Majorem</strong></span> <span class='ocrx_word' id='word_1_927' title='bbox 2623 4450 2832 4520; x_wconf 83' lang='lat' dir='ltr'><strong>domus.</strong></span> <span class='ocrx_word' id='word_1_928' title='bbox 2867 4447 3035 4520; x_wconf 85' lang='lat' dir='ltr'><strong>Major</strong></span> <span class='ocrx_word' id='word_1_929' title='bbox 3059 4449 3248 4504; x_wconf 87' lang='lat' dir='ltr'><strong>domus</strong></span> <span class='ocrx_word' id='word_1_930' title='bbox 3273 4455 3360 4502; x_wconf 91' lang='lat' dir='ltr'><strong>est</strong></span> <span class='ocrx_word' id='word_1_931' title='bbox 3378 4447 3629 4520; x_wconf 76' lang='lat' dir='ltr'><strong>quidam</strong></span> <span class='ocrx_word' id='word_1_932' title='bbox 3653 4444 3793 4514; x_wconf 65' lang='lat' dir='ltr'><strong>judex</strong></span> 
     </span>
    </p>
   </div>
   <div class='ocr_carea' id='block_1_127' title="bbox 2210 4518 3794 4592">
    <p class='ocr_par' dir='ltr' id='par_1_127' title="bbox 2210 4518 3794 4592">
     <span class='ocr_line' id='line_1_128' title="bbox 2210 4518 3794 4592; baseline -0.002 -17"><span class='ocrx_word' id='word_1_933' title='bbox 2210 4522 2302 4592; x_wconf 86' lang='lat' dir='ltr'><strong>qui</strong></span> <span class='ocrx_word' id='word_1_934' title='bbox 2333 4518 2514 4592; x_wconf 77' lang='lat' dir='ltr'><strong>domui</strong></span> <span class='ocrx_word' id='word_1_935' title='bbox 2547 4519 2774 4592; x_wconf 72' lang='lat' dir='ltr'><strong>alicujus</strong></span> <span class='ocrx_word' id='word_1_936' title='bbox 2802 4519 3082 4592; x_wconf 82' lang='lat' dir='ltr'><strong>principis,</strong></span> <span class='ocrx_word' id='word_1_937' title='bbox 3121 4528 3283 4587; x_wconf 89' lang='lat' dir='ltr'><strong>atque</strong></span> <span class='ocrx_word' id='word_1_938' title='bbox 3317 4518 3492 4592; x_wconf 77' lang='lat' dir='ltr'><strong>etiam</strong></span> <span class='ocrx_word' id='word_1_939' title='bbox 3525 4520 3794 4592; x_wconf 77' lang='lat' dir='ltr'><strong>episcop&#39;.</strong></span> 
     </span>
    </p>
   </div>
   <div class='ocr_carea' id='block_1_128' title="bbox 2250 4588 3798 4660">
    <p class='ocr_par' dir='ltr' id='par_1_128' title="bbox 2250 4588 3798 4660">
     <span class='ocr_line' id='line_1_129' title="bbox 2250 4588 3798 4660; baseline -0.006 -13"><span class='ocrx_word' id='word_1_940' title='bbox 2250 4600 2427 4647; x_wconf 70' lang='lat' dir='ltr'><strong>mest.</strong></span> <span class='ocrx_word' id='word_1_941' title='bbox 2457 4589 2513 4645; x_wconf 90' lang='lat' dir='ltr'><strong>S.</strong></span> <span class='ocrx_word' id='word_1_942' title='bbox 2547 4588 2841 4660; x_wconf 84' lang='lat' dir='ltr'><strong>Gregorius</strong></span> <span class='ocrx_word' id='word_1_943' title='bbox 2871 4604 3004 4660; x_wconf 90' lang='lat' dir='ltr'><strong>papa</strong></span> <span class='ocrx_word' id='word_1_944' title='bbox 3032 4590 3151 4644; x_wconf 91' lang='lat' dir='ltr'><strong>loco</strong></span> <span class='ocrx_word' id='word_1_945' title='bbox 3189 4604 3353 4658; x_wconf 88' lang='lat' dir='ltr'><strong>supra</strong></span> <span class='ocrx_word' id='word_1_946' title='bbox 3385 4588 3572 4660; x_wconf 68' lang='lat' dir='ltr'><strong>citato</strong></span> <span class='ocrx_word' id='word_1_947' title='bbox 3603 4608 3617 4641; x_wconf 90' lang='lat'><strong>:</strong></span> <span class='ocrx_word' id='word_1_948' title='bbox 3656 4609 3674 4638; x_wconf 71' lang='grc' dir='ltr'><strong>ε</strong></span> <span class='ocrx_word' id='word_1_949' title='bbox 3709 4591 3798 4638; x_wconf 78' lang='lat' dir='ltr'><strong>\‘e—</strong></span> 
     </span>
    </p>
   </div>
   <div class='ocr_carea' id='block_1_129' title="bbox 2231 4659 3798 4716">
    <p class='ocr_par' dir='ltr' id='par_1_129' title="bbox 2231 4659 3798 4716">
     <span class='ocr_line' id='line_1_130' title="bbox 2231 4659 3798 4716; baseline -0.001 0"><span class='ocrx_word' id='word_1_950' title='bbox 2231 4677 2386 4716; x_wconf 83' lang='lat' dir='ltr'><strong>uinus</strong></span> <span class='ocrx_word' id='word_1_951' title='bbox 2406 4670 2587 4716; x_wconf 90' lang='lat' dir='ltr'><strong>autem</strong></span> <span class='ocrx_word' id='word_1_952' title='bbox 2611 4659 2677 4714; x_wconf 82' lang='lat' dir='ltr'><strong>ut</strong></span> <span class='ocrx_word' id='word_1_953' title='bbox 2692 4659 3023 4715; x_wconf 85' lang='lat' dir='ltr'><strong>memoratus</strong></span> <span class='ocrx_word' id='word_1_954' title='bbox 3046 4660 3215 4715; x_wconf 82' lang='lat' dir='ltr'><strong>frater</strong></span> <span class='ocrx_word' id='word_1_955' title='bbox 3237 4669 3425 4713; x_wconf 88' lang='lat' dir='ltr'><strong>noster</strong></span> <span class='ocrx_word' id='word_1_956' title='bbox 3451 4659 3798 4715; x_wconf 73' lang='lat' dir='ltr'><strong>Paschasius.</strong></span> 
     </span>
    </p>
   </div>
   <div class='ocr_carea' id='block_1_130' title="bbox 2207 4729 3799 4799">
    <p class='ocr_par' dir='ltr' id='par_1_130' title="bbox 2207 4729 3799 4799">
     <span class='ocr_line' id='line_1_131' title="bbox 2207 4729 3799 4799; baseline -0.004 -12"><span class='ocrx_word' id='word_1_957' title='bbox 2207 4742 2262 4788; x_wconf 93' lang='lat' dir='ltr'><strong>et</strong></span> <span class='ocrx_word' id='word_1_958' title='bbox 2302 4733 2701 4787; x_wconf 87' lang='lat' dir='ltr'><strong>vicedominum</strong></span> <span class='ocrx_word' id='word_1_959' title='bbox 2751 4732 2850 4785; x_wconf 92' lang='lat' dir='ltr'><strong>sibi</strong></span> <span class='ocrx_word' id='word_1_960' title='bbox 2899 4732 3108 4785; x_wconf 86' lang='lat' dir='ltr'><strong>ordinet</strong></span> <span class='ocrx_word' id='word_1_961' title='bbox 3159 4739 3215 4783; x_wconf 90' lang='lat' dir='ltr'><strong>et</strong></span> <span class='ocrx_word' id='word_1_962' title='bbox 3258 4729 3533 4799; x_wconf 79' lang='lat' dir='ltr'><strong>majorem</strong></span> <span class='ocrx_word' id='word_1_963' title='bbox 3585 4733 3799 4799; x_wconf 73' lang='lat' dir='ltr'><strong>domus,</strong></span> 
     </span>
    </p>
   </div>
   <div class='ocr_carea' id='block_1_131' title="bbox 2207 4798 3800 4874">
    <p class='ocr_par' dir='ltr' id='par_1_131' title="bbox 2207 4798 3800 4874">
     <span class='ocr_line' id='line_1_132' title="bbox 2207 4798 3800 4874; baseline -0.005 -18"><span class='ocrx_word' id='word_1_964' title='bbox 2207 4813 2477 4874; x_wconf 90' lang='lat' dir='ltr'><strong>quatenus</strong></span> <span class='ocrx_word' id='word_1_965' title='bbox 2504 4803 2677 4872; x_wconf 87' lang='lat' dir='ltr'><strong>possit</strong></span> <span class='ocrx_word' id='word_1_966' title='bbox 2704 4802 2787 4857; x_wconf 89' lang='lat' dir='ltr'><strong>vel</strong></span> <span class='ocrx_word' id='word_1_967' title='bbox 2819 4802 3121 4874; x_wconf 62' lang='lat' dir='ltr'><strong>hospitibus</strong></span> <span class='ocrx_word' id='word_1_968' title='bbox 3149 4798 3704 4874; x_wconf 79' lang='lat' dir='ltr'><strong>supervenientilms,</strong></span> <span class='ocrx_word' id='word_1_969' title='bbox 3728 4798 3800 4852; x_wconf 76' lang='lat' dir='ltr'><strong>vel</strong></span> 
     </span>
    </p>
   </div>
   <div class='ocr_carea' id='block_1_132' title="bbox 2207 4872 3796 4944">
    <p class='ocr_par' dir='ltr' id='par_1_132' title="bbox 2207 4872 3796 4944">
     <span class='ocr_line' id='line_1_133' title="bbox 2207 4872 3796 4944; baseline -0.006 -16"><span class='ocrx_word' id='word_1_970' title='bbox 2207 4872 2408 4937; x_wconf 77' lang='lat' dir='ltr'><strong>causis,</strong></span> <span class='ocrx_word' id='word_1_971' title='bbox 2441 4888 2561 4944; x_wconf 69' lang='lat' dir='ltr'><strong>quae</strong></span> <span class='ocrx_word' id='word_1_972' title='bbox 2591 4874 2864 4944; x_wconf 87' lang='lat' dir='ltr'><strong>eveniant,</strong></span> <span class='ocrx_word' id='word_1_973' title='bbox 2898 4872 3124 4927; x_wconf 87' lang='lat' dir='ltr'><strong>idoneus</strong></span> <span class='ocrx_word' id='word_1_974' title='bbox 3151 4881 3203 4926; x_wconf 91' lang='lat' dir='ltr'><strong>et</strong></span> <span class='ocrx_word' id='word_1_975' title='bbox 3231 4880 3461 4944; x_wconf 83' lang='lat' dir='ltr'><strong>paratus</strong></span> <span class='ocrx_word' id='word_1_976' title='bbox 3487 4872 3750 4944; x_wconf 75' lang='lat' dir='ltr'><strong>existere.</strong></span> <span class='ocrx_word' id='word_1_977' title='bbox 3769 4889 3796 4944; x_wconf 68' lang='lat' dir='ltr'><strong>_n</strong></span> 
     </span>
    </p>
   </div>
   <div class='ocr_carea' id='block_1_133' title="bbox 2209 4940 3804 5010">
    <p class='ocr_par' dir='ltr' id='par_1_133' title="bbox 2209 4940 3804 5010">
     <span class='ocr_line' id='line_1_134' title="bbox 2209 4940 3804 5010; baseline -0.004 -10"><span class='ocrx_word' id='word_1_978' title='bbox 2209 4945 2310 5000; x_wconf 90' lang='lat' dir='ltr'><strong>Ubi</strong></span> <span class='ocrx_word' id='word_1_979' title='bbox 2335 4940 2706 4999; x_wconf 73' lang='lat' dir='ltr'><strong>viceilominus</strong></span> <span class='ocrx_word' id='word_1_980' title='bbox 2731 4952 2815 5000; x_wconf 89' lang='lat' dir='ltr'><strong>est</strong></span> <span class='ocrx_word' id='word_1_981' title='bbox 2839 4959 3157 4998; x_wconf 75' lang='lat' dir='ltr'><strong>meonomus</strong></span> <span class='ocrx_word' id='word_1_982' title='bbox 3181 4943 3272 5010; x_wconf 87' lang='lat' dir='ltr'><strong>qni</strong></span> <span class='ocrx_word' id='word_1_983' title='bbox 3303 4942 3605 5010; x_wconf 84' lang='lat' dir='ltr'><strong>provideat</strong></span> <span class='ocrx_word' id='word_1_984' title='bbox 3637 4940 3804 5009; x_wconf 79' lang='lat' dir='ltr'><strong>hospi—</strong></span> 
     </span>
    </p>
   </div>
   <div class='ocr_carea' id='block_1_134' title="bbox 2206 5011 3806 5083">
    <p class='ocr_par' dir='ltr' id='par_1_134' title="bbox 2206 5011 3806 5083">
     <span class='ocr_line' id='line_1_135' title="bbox 2206 5011 3806 5083; baseline -0.004 -14"><span class='ocrx_word' id='word_1_985' title='bbox 2206 5017 2382 5080; x_wconf 89' lang='lat' dir='ltr'><strong>tibus;</strong></span> <span class='ocrx_word' id='word_1_986' title='bbox 2435 5022 2490 5068; x_wconf 90' lang='lat' dir='ltr'><strong>et</strong></span> <span class='ocrx_word' id='word_1_987' title='bbox 2534 5014 2706 5078; x_wconf 84' lang='lat' dir='ltr'><strong>major</strong></span> <span class='ocrx_word' id='word_1_988' title='bbox 2732 5017 2953 5073; x_wconf 89' lang='lat' dir='ltr'><strong>domus.</strong></span> <span class='ocrx_word' id='word_1_989' title='bbox 2986 5014 3077 5083; x_wconf 91' lang='lat' dir='ltr'><strong>qui</strong></span> <span class='ocrx_word' id='word_1_990' title='bbox 3104 5013 3282 5068; x_wconf 90' lang='lat' dir='ltr'><strong>causis</strong></span> <span class='ocrx_word' id='word_1_991' title='bbox 3309 5013 3529 5083; x_wconf 53' lang='lat' dir='ltr'><strong>praesit.</strong></span> <span class='ocrx_word' id='word_1_992' title='bbox 3571 5011 3692 5066; x_wconf 72' lang='lat' dir='ltr'><strong>Lex</strong></span> <span class='ocrx_word' id='word_1_993' title='bbox 3721 5011 3806 5064; x_wconf 70' lang='grc' dir='ltr'>ιιι-</span> 
     </span>
    </p>
   </div>
   <div class='ocr_carea' id='block_1_135' title="bbox 2205 5081 3807 5157">
    <p class='ocr_par' dir='ltr' id='par_1_135' title="bbox 2205 5081 3807 5157">
     <span class='ocr_line' id='line_1_136' title="bbox 2205 5081 3807 5157; baseline -0.004 -18"><span class='ocrx_word' id='word_1_994' title='bbox 2205 5087 2518 5157; x_wconf 81' lang='lat' dir='ltr'><strong>puariorum</strong></span> <span class='ocrx_word' id='word_1_995' title='bbox 2548 5125 2562 5148; x_wconf 91' lang='lat'><strong>,</strong></span> <span class='ocrx_word' id='word_1_996' title='bbox 2613 5085 2695 5138; x_wconf 91' lang='lat' dir='ltr'><strong>tit.</strong></span> <span class='ocrx_word' id='word_1_997' title='bbox 2724 5086 2793 5141; x_wconf 90' lang='lat'>88</span> <span class='ocrx_word' id='word_1_998' title='bbox 2820 5103 2832 5116; x_wconf 71' lang='grc' dir='ltr'><strong><em>ο</em></strong></span> <span class='ocrx_word' id='word_1_999' title='bbox 2866 5101 2894 5157; x_wconf 13' lang='grc' dir='ltr'><strong>«ξ</strong></span> <span class='ocrx_word' id='word_1_1000' title='bbox 2921 5081 3166 5154; x_wconf 65' lang='grc' dir='ltr'>ΕιῚρείε</span> <span class='ocrx_word' id='word_1_1001' title='bbox 3206 5081 3616 5157; x_wconf 83' lang='lat' dir='ltr'><strong>consuetudine</strong></span> <span class='ocrx_word' id='word_1_1002' title='bbox 3649 5097 3807 5157; x_wconf 79' lang='lat' dir='ltr'><strong>super</strong></span> 
     </span>
    </p>
   </div>
   <div class='ocr_carea' id='block_1_136' title="bbox 2122 5152 3806 5225">
    <p class='ocr_par' dir='ltr' id='par_1_136' title="bbox 2122 5152 3806 5225">
     <span class='ocr_line' id='line_1_137' title="bbox 2122 5152 3806 5225; baseline -0.003 -14"><span class='ocrx_word' id='word_1_1003' title='bbox 2122 5193 2124 5196; x_wconf 52' lang='grc' dir='ltr'>μ</span> <span class='ocrx_word' id='word_1_1004' title='bbox 2205 5152 2386 5211; x_wconf 76' lang='lat' dir='ltr'><strong>omnia</strong></span> <span class='ocrx_word' id='word_1_1005' title='bbox 2418 5154 2674 5223; x_wconf 88' lang='lat' dir='ltr'><strong>jubemus</strong></span> <span class='ocrx_word' id='word_1_1006' title='bbox 2703 5163 2763 5209; x_wconf 93' lang='lat' dir='ltr'><strong>ut</strong></span> <span class='ocrx_word' id='word_1_1007' title='bbox 2789 5152 3106 5225; x_wconf 70' lang='lat' dir='ltr'><strong>optimates,</strong></span> <span class='ocrx_word' id='word_1_1008' title='bbox 3151 5153 3387 5225; x_wconf 84' lang='lat' dir='ltr'><strong>majores</strong></span> <span class='ocrx_word' id='word_1_1009' title='bbox 3429 5152 3675 5214; x_wconf 85' lang='lat' dir='ltr'><strong>domus,</strong></span> <span class='ocrx_word' id='word_1_1010' title='bbox 3716 5155 3806 5206; x_wconf 88' lang='lat' dir='ltr'><strong>do-</strong></span> 
     </span>
    </p>
   </div>
   <div class='ocr_carea' id='block_1_137' title="bbox 2206 5223 3808 5297">
    <p class='ocr_par' dir='ltr' id='par_1_137' title="bbox 2206 5223 3808 5297">
     <span class='ocr_line' id='line_1_138' title="bbox 2206 5223 3808 5297; baseline -0.002 -16"><span class='ocrx_word' id='word_1_1011' title='bbox 2206 5228 2439 5289; x_wconf 89' lang='lat' dir='ltr'><strong>mestici,</strong></span> <span class='ocrx_word' id='word_1_1012' title='bbox 2470 5226 2716 5289; x_wconf 90' lang='lat' dir='ltr'><strong>comites,</strong></span> <span class='ocrx_word' id='word_1_1013' title='bbox 2746 5223 3036 5297; x_wconf 81' lang='lat' dir='ltr'><strong>graflones,</strong></span> <span class='ocrx_word' id='word_1_1014' title='bbox 3073 5223 3533 5297; x_wconf 73' lang='lat' dir='ltr'><strong>cancellarii,_vel</strong></span> <span class='ocrx_word' id='word_1_1015' title='bbox 3577 5225 3808 5297; x_wconf 76' lang='lat' dir='ltr'><strong>quibus-</strong></span> 
     </span>
    </p>
   </div>
   <div class='ocr_carea' id='block_1_138' title="bbox 2207 5292 3809 5375">
    <p class='ocr_par' dir='ltr' id='par_1_138' title="bbox 2207 5292 3809 5375">
     <span class='ocr_line' id='line_1_139' title="bbox 2207 5292 3809 5375; baseline -0.002 -25"><span class='ocrx_word' id='word_1_1016' title='bbox 2207 5299 2336 5375; x_wconf 84' lang='lat' dir='ltr'><strong>l_i_be_t</strong></span> <span class='ocrx_word' id='word_1_1017' title='bbox 2368 5297 2622 5375; x_wconf 78' lang='lat' dir='ltr'><strong>gradibus</strong></span> <span class='ocrx_word' id='word_1_1018' title='bbox 2657 5292 2962 5360; x_wconf 75' lang='lat' dir='ltr'><strong>subiimati,</strong></span> <span class='ocrx_word' id='word_1_1019' title='bbox 2995 5297 3059 5375; x_wconf 38' lang='lat' dir='ltr'><strong>in.</strong></span> <span class='ocrx_word' id='word_1_1020' title='bbox 3088 5296 3368 5375; x_wconf 70' lang='lat' dir='ltr'><strong>provincia</strong></span> <span class='ocrx_word' id='word_1_1021' title='bbox 3411 5292 3809 5375; x_wconf 77' lang='lat' dir='ltr'><strong>Ripiiaria_ju-</strong></span> 
     </span>
    </p>
   </div>
   <div class='ocr_carea' id='block_1_139' title="bbox 2207 5366 3807 5433">
    <p class='ocr_par' dir='ltr' id='par_1_139' title="bbox 2207 5366 3807 5433">
     <span class='ocr_line' id='line_1_140' title="bbox 2207 5366 3807 5433; baseline -0.004 -10"><span class='ocrx_word' id='word_1_1022' title='bbox 2207 5369 2348 5423; x_wconf 90' lang='lat' dir='ltr'><strong>dicio</strong></span> <span class='ocrx_word' id='word_1_1023' title='bbox 2376 5366 2705 5431; x_wconf 74' lang='lat' dir='ltr'><strong>i&#39;esidentes,</strong></span> <span class='ocrx_word' id='word_1_1024' title='bbox 2736 5383 2962 5422; x_wconf 88' lang='lat' dir='ltr'><strong>munera</strong></span> <span class='ocrx_word' id='word_1_1025' title='bbox 2994 5368 3059 5421; x_wconf 92' lang='lat' dir='ltr'><strong>ad</strong></span> <span class='ocrx_word' id='word_1_1026' title='bbox 3079 5366 3340 5433; x_wconf 89' lang='lat' dir='ltr'><strong>judicium</strong></span> <span class='ocrx_word' id='word_1_1027' title='bbox 3368 5366 3807 5433; x_wconf 79' lang='lat' dir='ltr'><strong>pervertendum</strong></span> 
     </span>
    </p>
   </div>
   <div class='ocr_carea' id='block_1_140' title="bbox 2205 5434 3810 5506">
    <p class='ocr_par' dir='ltr' id='par_1_140' title="bbox 2205 5434 3810 5506">
     <span class='ocr_line' id='line_1_141' title="bbox 2205 5434 3810 5506; baseline -0.003 -14"><span class='ocrx_word' id='word_1_1028' title='bbox 2205 5456 2311 5492; x_wconf 90' lang='lat' dir='ltr'><strong>non</strong></span> <span class='ocrx_word' id='word_1_1029' title='bbox 2339 5438 2622 5505; x_wconf 88' lang='lat' dir='ltr'><strong>recipiant.</strong></span> <span class='ocrx_word' id='word_1_1030' title='bbox 2645 5457 2662 5488; x_wconf 77' lang='grc' dir='ltr'><strong>ι</strong></span> <span class='ocrx_word' id='word_1_1031' title='bbox 2699 5436 3077 5492; x_wconf 86' lang='lat' dir='ltr'><strong>Gundebaldus</strong></span> <span class='ocrx_word' id='word_1_1032' title='bbox 3106 5453 3196 5490; x_wconf 71' lang='lat' dir='ltr'><strong>rex</strong></span> <span class='ocrx_word' id='word_1_1033' title='bbox 3230 5434 3648 5506; x_wconf 81' lang='lat' dir='ltr'><strong>in_pr:efatione</strong></span> <span class='ocrx_word' id='word_1_1034' title='bbox 3675 5437 3810 5506; x_wconf 72' lang='lat' dir='ltr'><strong>legis</strong></span> 
     </span>
    </p>
   </div>
   <div class='ocr_carea' id='block_1_141' title="bbox 2206 5503 3808 5578">
    <p class='ocr_par' dir='ltr' id='par_1_141' title="bbox 2206 5503 3808 5578">
     <span class='ocr_line' id='line_1_142' title="bbox 2206 5503 3808 5578; baseline -0.002 -15"><span class='ocrx_word' id='word_1_1035' title='bbox 2206 5503 2646 5578; x_wconf 80' lang='lat' dir='ltr'><strong>Burgundionum</strong></span> <span class='ocrx_word' id='word_1_1036' title='bbox 2676 5527 2687 5562; x_wconf 94' lang='lat'><strong>:</strong></span> <span class='ocrx_word' id='word_1_1037' title='bbox 2723 5527 2739 5558; x_wconf 79' lang='grc' dir='ltr'><strong>ι</strong></span> <span class='ocrx_word' id='word_1_1038' title='bbox 2773 5508 2957 5562; x_wconf 85' lang='lat' dir='ltr'><strong>Sciant</strong></span> <span class='ocrx_word' id='word_1_1039' title='bbox 2987 5511 3166 5576; x_wconf 90' lang='lat' dir='ltr'><strong>itaque</strong></span> <span class='ocrx_word' id='word_1_1040' title='bbox 3194 5503 3508 5576; x_wconf 87' lang='lat' dir='ltr'><strong>Optiinatcs,</strong></span> <span class='ocrx_word' id='word_1_1041' title='bbox 3542 5503 3808 5567; x_wconf 67' lang='lat' dir='ltr'><strong>comites,</strong></span> 
     </span>
    </p>
   </div>
   <div class='ocr_carea' id='block_1_142' title="bbox 2206 5577 3809 5648">
    <p class='ocr_par' dir='ltr' id='par_1_142' title="bbox 2206 5577 3809 5648">
     <span class='ocr_line' id='line_1_143' title="bbox 2206 5577 3809 5648; baseline -0.002 -15"><span class='ocrx_word' id='word_1_1042' title='bbox 2206 5577 2501 5633; x_wconf 73' lang='lat' dir='ltr'><strong>consiliarii</strong></span> <span class='ocrx_word' id='word_1_1043' title='bbox 2527 5587 2581 5630; x_wconf 92' lang='lat' dir='ltr'><strong>et</strong></span> <span class='ocrx_word' id='word_1_1044' title='bbox 2605 5578 2839 5648; x_wconf 85' lang='lat' dir='ltr'><strong>majores</strong></span> <span class='ocrx_word' id='word_1_1045' title='bbox 2865 5580 3055 5632; x_wconf 88' lang='lat' dir='ltr'><strong>domus</strong></span> <span class='ocrx_word' id='word_1_1046' title='bbox 3080 5584 3425 5648; x_wconf 68' lang='lat' dir='ltr'><strong>nostrze,_etc.</strong></span> <span class='ocrx_word' id='word_1_1047' title='bbox 3454 5598 3473 5628; x_wconf 73' lang='grc' dir='ltr'><strong>ι</strong></span> <span class='ocrx_word' id='word_1_1048' title='bbox 3510 5577 3744 5629; x_wconf 78' lang='lat' dir='ltr'><strong>Additio</strong></span> <span class='ocrx_word' id='word_1_1049' title='bbox 3769 5590 3809 5629; x_wconf 79' lang='grc' dir='ltr'><strong>ιι</strong></span> 
     </span>
    </p>
   </div>
   <div class='ocr_carea' id='block_1_143' title="bbox 2208 5646 3813 5721">
    <p class='ocr_par' dir='ltr' id='par_1_143' title="bbox 2208 5646 3813 5721">
     <span class='ocr_line' id='line_1_144' title="bbox 2208 5646 3813 5721; baseline -0.002 -17"><span class='ocrx_word' id='word_1_1050' title='bbox 2208 5651 2340 5721; x_wconf 86' lang='lat' dir='ltr'><strong>legis</strong></span> <span class='ocrx_word' id='word_1_1051' title='bbox 2365 5646 2828 5720; x_wconf 85' lang='lat' dir='ltr'><strong>Burgundionum,</strong></span> <span class='ocrx_word' id='word_1_1052' title='bbox 2861 5650 2942 5704; x_wconf 91' lang='lat' dir='ltr'><strong>tit.</strong></span> <span class='ocrx_word' id='word_1_1053' title='bbox 2970 5649 3066 5703; x_wconf 70' lang='lat'><strong>1&#39;5:</strong></span> <span class='ocrx_word' id='word_1_1054' title='bbox 3099 5668 3127 5721; x_wconf 10' lang='grc' dir='ltr'><strong>«ξ</strong></span> <span class='ocrx_word' id='word_1_1055' title='bbox 3148 5646 3453 5721; x_wconf 80' lang='lat' dir='ltr'><strong>Consiliarii</strong></span> <span class='ocrx_word' id='word_1_1056' title='bbox 3480 5657 3535 5702; x_wconf 88' lang='lat' dir='ltr'><strong>et</strong></span> <span class='ocrx_word' id='word_1_1057' title='bbox 3557 5647 3813 5721; x_wconf 71' lang='lat' dir='ltr'><strong>majores</strong></span> 
     </span>
    </p>
   </div>
   <div class='ocr_carea' id='block_1_144' title="bbox 2207 5717 3812 5789">
    <p class='ocr_par' dir='ltr' id='par_1_144' title="bbox 2207 5717 3812 5789">
     <span class='ocr_line' id='line_1_145' title="bbox 2207 5717 3812 5789; baseline -0.001 -14"><span class='ocrx_word' id='word_1_1058' title='bbox 2207 5717 2402 5778; x_wconf 74' lang='lat' dir='ltr'><strong>domus</strong></span> <span class='ocrx_word' id='word_1_1059' title='bbox 2430 5717 2522 5789; x_wconf 83' lang='lat' dir='ltr'><strong>qui</strong></span> <span class='ocrx_word' id='word_1_1060' title='bbox 2568 5730 2865 5787; x_wconf 59' lang='lat' dir='ltr'><strong>prasente:</strong></span> <span class='ocrx_word' id='word_1_1061' title='bbox 2902 5728 3068 5782; x_wconf 76' lang='lat' dir='ltr'><strong>sunt,</strong></span> <span class='ocrx_word' id='word_1_1062' title='bbox 3116 5719 3260 5789; x_wconf 76' lang='lat' dir='ltr'><strong>ipsas</strong></span> <span class='ocrx_word' id='word_1_1063' title='bbox 3309 5717 3528 5774; x_wconf 76' lang='lat' dir='ltr'><strong>litteras</strong></span> <span class='ocrx_word' id='word_1_1064' title='bbox 3577 5719 3812 5774; x_wconf 74' lang='lat' dir='ltr'><strong>comitis</strong></span> 
     </span>
    </p>
   </div>
  </div>
