4088 6330
246 324 333 388 953
1121 319 1512 379 CONCORDIA
1552 319 2006 378 REGULARUM.
2050 349 2120 364 —-
2158 321 2308 378 CAP.
2347 320 2581 379 XXVIII.
3376 333 3478 391 934

243 445 502 503 minoribus
524 441 756 514 majores
784 439 1116 514 prmposuit,’
1153 440 1358 512 ignaris
1381 439 1607 512 peritos,
1633 447 1784 493 astu-
1813 440 1868 500 Λ
1890 440 2067 510 egisse
2099 450 2456 510 monstratur,
2501 451 2562 498 ut
2595 453 2836 512 prOJecta
2867 443 2936 499 de
2972 445 3220 502 manibus
3263 449 3320 504 in
3353 459 3478 524 (ter-

239 547 311 595 tos
329 536 661 609 simplicibus,
692 541 746 590 et
775 533 968 590 divina:
1018 532 1154 588 artis
1201 531 1481 603 discipulis
1508 530 1784 587 ordinavit

238 630 524 701 magistros:
581 627 634 682 id
663 634 765 693 est,
798 626 852 681 in
875 625 1136 682 Eeelesiis
1169 626 1469 697 episcopus,
1494 627 1784 697 rpresbyte-

235 740 327 788 ros,
360 722 600 777 diaconos
655 735 887 790 quorum
917 721 1033 776 vice
1067 717 1280 773 Domini
1325 719 1549 789 imperia
1579 718 1782 783 audiat,

232 825 281 870 et
323 814 487 868 timeat
525 813 718 882 plebs,
788 821 843 867 et
891 813 1139 868 notitiam
1184 812 1477 867 salutiferae
1537 811 1671 885 legis
1715 811 1783 866 ab

228 907 298 962 eis
325 906 609 961 addiscant.
660 905 718 958 ln
753 906 1099 961 monasteriis
1134 921 1264 960 vero
1292 905 1518 960 abbates
1551 913 1604 958 et
1645 920 1783 975 prm-

224 1001 378 1073 positi,
424 1015 559 1070 quos
619 1014 717 1068 pro
747 1000 919 1055 salute
955 1001 1150 1054 animae
1204 1015 1316 1054 suae
1355 999 1576 1054 audiant
1607 1010 1632 1038 α
1667 1014 1782 1052 ma-

216 1092 371 1162 jores,
428 1101 484 1148 et
547 1092 668 1146 vice
722 1092 814 1147 Dei
865 1093 1124 1164 propositi
1184 1092 1434 1147 militiam
1499 1091 1776 1154 timeant;

221 1185 330 1254 quia
377 1183 484 1237 sive
531 1182 902 1237 sacerdotibus
943 1184 997 1237 in
1040 1182 1326 1247 Ecclesia,
1395 1183 1508 1236 sive
1567 1181 1778 1236 abbati-

220 1279 309 1332 bus
357 1286 405 1332 et
450 1277 755 1348 prmpositis
805 1277 856 1331 in
909 1278 1241 1333 monasterio
1273 1278 1378 1332 hoc
1411 1275 1548 1330 dixit
1590 1274 1773 1330 Deus:

219 1366 312 1432 Qui
335 1384 409 1422 vos
438 1368 586 1422 audit
607 1385 687 1422 me
712 1369 860 1422 audit
881 1386 902 1435 ;
928 1380 976 1423 et
997 1371 1086 1440 qui
1114 1386 1204 1424 vos
1233 1371 1452 1439 spernit,
1475 1384 1556 1422 me
1579 1367 1778 1438 spernit

214 1455 348 1528 (Luc.
379 1458 460 1531 x);
494 1468 550 1514 ct
575 1460 700 1514 item
729 1460 1035 1517 dicitnobis
1060 1477 1157 1532 per
1191 1460 1383 1516 Isaiam
1410 1461 1770 1530 prophetam:

213 1550 238 1591 δ
261 1551 392 1606 Dabo
414 1553 551 1607 vobis
572 1567 806 1624 pastores
827 1563 874 1607 et
900 1554 1137 1608 doctores
1158 1553 1442 1609 secundum
1465 1569 1555 1606 cor
1579 1567 1773 1614 meum,

203 1652 251 1696 et
269 1653 461 1712 pascent
485 1661 573 1698 vos
601 1654 868 1716 pascentes
892 1662 1007 1699 cum
1033 1645 1309 1717 disciplina
1333 1644 1469 1718 (Jer.
1497 1643 1602 1715 ιιι).
1629 1643 1775 1732 εει-ευ

200 1737 476 1790 secundum
522 1735 668 1790 illam
716 1736 946 1807 ﬁguram
994 1738 1246 1792 humanae
1292 1738 1518 1801 domus,
1569 1742 1773 1805 quanto

196 1829 359 1899 magis
391 1829 442 1882 in
464 1828 647 1884 divina
676 1828 836 1885 domo
859 1846 960 1900 pro
978 1846 1142 1886 causa
1170 1831 1266 1886 Dei
1285 1831 1485 1902 gradus
1510 1828 1769 1884 doctrinae
1797 1805 1844 1865 Β

193 1920 276 1974 vel
302 1921 502 1978 timoris
531 1922 731 1978 debent
763 1926 989 1989 servari,
1026 1933 1087 1979 ut
1113 1926 1179 1980 ad
1210 1926 1485 1996 purganda
1516 1925 1644 1979 vilia
1682 1924 1768 1978 vel

186 2023 400 2083 peccata
428 2013 678 2080 fratrum,
723 2033 844 2072 cum
870 2018 1144 2090 praepositi
1175 2018 1376 2073 fuerint
1400 2018 1658 2082 ordinati,
1683 2017 1768 2070 vel

184 2114 440 2175 quantum
488 2109 656 2164 abbas
695 2107 764 2165 de
802 2109 1104 2164 animarum
1144 2109 1199 2164 in
1233 2124 1291 2164 se
1318 2107 1547 2163 fratrum
1577 2123 1764 2162 susce-

179 2208 397 2267 ptarum
444 2201 814 2258 custodiendis
861 2201 1160 2258 ratiociniis
1207 2203 1465 2258 reddatur
1520 2217 1761 2257 securus.

180 2287 348 2358 Cujus
371 2305 501 2361 ergo
528 2293 748 2348 honoris
776 2294 1044 2350 ordinatio
1067 2295 1182 2349 haec
1211 2294 1299 2348 sit.
1327 2293 1648 2349 Convocatis
1673 2292 1766 2346 iis-

172 2379 299 2435 dem
327 2381 512 2437 decem
542 2383 800 2441 fratribus
829 2388 898 2442 ab
943 2388 1135 2442 abbate
1166 2387 1418 2456 praasenti
1447 2385 1593 2440 omni
1637 2400 1765 2440 eon-

171 2475 486 2545 gregatione
536 2476 589 2530 iu
631 2478 871 2532 oratorio
913 2490 934 2518 ε
971 2479 1312 2548 susceptione
1363 2479 1527 2548 virga:
1575 2477 1762 2531 decem

167 2565 281 2619 illis
310 2575 694 2636 pra-ponantur
714 2582 845 2624 voce
865 2570 1094 2632 abbatis,
1129 2568 1426 2640 Scriptura:
1452 2568 1762 2622 testimonio

165 2659 404 2715 dicentis
433 2679 444 2713 :
485 2659 645 2732 Reges
687 2679 773 2717 eos
806 2664 860 2717 in
894 2664 1062 2734 uirga,
1091 2665 1194 2719 hoc
1219 2672 1322 2731 est,
1350 2665 1404 2718 in
1437 2663 1648 2718 timoris
1677 2663 1760 2718 vi-

162 2765 320 2820 gore.
351 2750 484 2805 Item
513 2752 726 2807 dicente
771 2753 1030 2824 Apostolo
1070 2773 1083 2808 :
1135 2753 1276 2819 Quid
1322 2753 1478 2808 vultis
1517 2755 1573 2807 in
1614 2754 1761 2825 virga

156 2842 372 2896 veniam
401 2843 471 2897 ad
499 2860 610 2910 vos,
654 2861 724 2898 an
761 2845 816 2897 in
857 2845 1110 2898 clraritate
1141 2844 1192 2916 (I
1235 2843 1356 2898 Cor.
1393 2844 1501 2915 tv);
1545 2859 1674 2898 nam
1707 2851 1764 2898 et

156 2933 345 2989 Moses
391 2935 570 2989 divina
621 2937 772 3007 virga
825 2937 1042 2991 virtutis
1091 2937 1382 2991 commisso
1424 2935 1525 2991 sibi
1564 2927 1773 3006 populo

151 3042 262 3098 per
302 3026 634 3098 profundum
681 3028 853 3082 maris
895 3028 1084 3082 salutis
1121 3029 1264 3082 viam
1293 3028 1529 3083 ostendit
1559 3026 1754 3098 (Exod.

1887 548 2004 586 ram
2052 540 2106 587 et
2159 542 2364 588 mutata
2395 533 2421 572 ἀ
2451 535 2505 588 in
2538 534 2804 605 bestiam;
2849 536 2979 590 item
3025 537 3091 592 de
3125 537 3303 594 bestia
3332 556 3480 600 reas-

1887 633 2100 694 sumpta
2125 627 2297 681 sacris
2332 626 2480 698 virga
2516 618 2772 682 manibus
2801 628 3116 684 redderetur
3143 629 3341 702 (Exod.
3377 631 3476 708 tv).

1886 718 2027 790 Ergo
2079 721 2373 774 secundum
2423 720 2564 776 hanc
2615 722 3090 789 constitutionem,
3152 724 3198 778 si
3252 727 3476 797 grandis

1885 810 2049 865 fuerit
2089 813 2455 883 congregatio,
2497 813 2649 869 denis
2694 813 2952 870 fratribus
3001 817 3158 873 binos
3207 829 3230 857 ε
3275 820 3474 878 debere

1882 904 2142 973 praeponi,
2173 903 2333 972 hujus
2358 905 2561 960 scilicet
2592 907 2770 962 meriti
2827 909 3055 963 ardinari
3087 907 3107 947 ί
3132 909 3283 979 cujus
3306 926 3471 982 supra

1886 995 2207 1050 taxavimus.
2243 995 2310 1049 Et
2338 997 2457 1052 ideo
2493 997 2677 1053 decem
2708 1014 2812 1054 non
2845 999 3076 1070 amplius
3100 1000 3470 1060 ordinavimus

1883 1085 2112 1140 duorum
2147 1102 2332 1142 curam
2370 1090 2782 1159 praepositorum
2830 1091 3026 1146 debere
3073 1094 3364 1163 suscipere,
3412 1103 3472 1148 ut

1882 1181 2206 1250 sequestrati
2234 1195 2333 1251 per
2372 1181 2572 1238 laboris
2604 1182 2722 1238 loca
2755 1183 2952 1238 fratres
2981 1183 3219 1254 singulos
3263 1201 3472 1256 praepo-

1881 1272 2015 1328 sitos
2044 1273 2112 1326 ad
2136 1273 2485 1328 custodienda
2518 1276 2646 1329 vitia
2683 1285 2978 1346 praesentes
3004 1277 3240 1331 habeant
3263 1293 3466 1343 secum,

1879 1372 1934 1418 et
1969 1365 2021 1418 in
2057 1365 2246 1434 paucis
2283 1365 2506 1421 creditis
2540 1369 2564 1407 ε
2595 1367 2819 1425 idoneor
2860 1369 2932 1423 sit
2979 1369 3258 1440 diligentia
3293 1378 3473 1424 custo-

1878 1454 2094 1510 dientis.
2123 1455 2260 1511 Nam
2291 1457 2342 1511 in
2372 1458 2556 1514 multis
2583 1460 2726 1528 quod
2757 1475 2864 1514 non
2892 1462 3217 1527 occurritur,
3247 1469 3472 1532 praeter-

1878 1547 2116 1602 mittitur
2141 1549 2479 1621 negligenter
2515 1569 2528 1604 :
2566 1551 2691 1621 quia
2730 1553 2783 1606 in
2820 1553 3008 1622 paucis
3036 1552 3295 1609 fratribus
3324 1569 3472 1608 corn-

1876 1640 2058 1696 missis
2110 1641 2316 1697 alterna
2363 1643 2593 1698 duorum
2644 1646 3055 1716 prtepositorum
3114 1655 3294 1701 exstat
3351 1647 3470 1701 dili-

1877 1732 2085 1801 gentior
2126 1749 2255 1788 eura
2287 1753 2299 1788 :
2333 1744 2387 1789 et
2427 1735 2568 1805 apud
2599 1736 2850 1791 abbatem
2893 1735 3066 1792 facilis
3113 1737 3173 1791 ﬁt
3221 1738 3361 1792 ratio
3403 1738 3469 1792 de

1871 1825 2059 1893 paucis
2104 1835 2313 1882 exacta.
2351 1827 2517 1898 Cujus
2548 1829 2575 1868 ιι
2611 1829 2676 1883 de
2711 1829 3000 1899 paucitatis
3040 1831 3294 1886 idoneum
3326 1831 3468 1885 desi-

1871 1925 2000 1986 gnat
2040 1903 2301 1974 Dominus
2350 1928 2722 1986 servatorem;
2769 1930 2825 1977 et
2859 1920 2976 1989 ejus
3002 1923 3278 1994 diligentia
3323 1937 3466 1977 cura:

1871 2010 2091 2080 ampliat
2115 2011 2378 2066 creditum
2406 2013 2592 2068 dicens
2618 2031 2630 2067 :
2662 2012 2832 2084 Euge,
2863 2031 3004 2070 serve
3027 2016 3156 2069 bone
3184 2025 3232 2068 et
3253 2014 3424 2084 ﬁdelis
3445 2027 3465 2068 ε

1869 2101 1992 2172 quia
2016 2103 2071 2155 in
2098 2120 2269 2172 pauca
2291 2103 2440 2172 fuisti
2467 2103 2661 2172 ﬁdelis,
2686 2120 2847 2174 supra
2877 2104 3043 2158 multa
3075 2116 3122 2158 te
3148 2106 3464 2159 constituam

1871 2191 2085 2263 (Matth.
2119 2195 2267 2264 xxv).
2299 2193 2440 2265 Ergo
2469 2195 2525 2249 hi
2556 2195 2834 2265 prarpositi
2863 2210 2987 2250 eum
3015 2195 3218 2269 decem‘
3239 2208 3466 2248 numero

1867 2281 2067 2337 fratres
2092 2284 2192 2338 sub
2221 2299 2318 2338 sua
2345 2300 2474 2338 cura
2519 2286 2839 2356 suscipiunt,
2883 2287 3023 2340 hanc
3058 2287 3113 2340 in
3152 2286 3233 2340 eis
3267 2285 3466 2341 debent

1868 2375 2284 2431 sollicitudinem
2325 2392 2582 2433 exercere
2617 2379 2731 2434 sive
2780 2379 2836 2433 in
2883 2379 2987 2444 die,
3030 2379 3142 2434 sive
3189 2381 3241 2434 in
3282 2387 3463 2446 nocte,

1868 2467 1982 2522 sive
2012 2467 2064 2520 in
2096 2470 2290 2538 quovis
2317 2485 2484 2540 opere
2510 2487 2634 2526 cum
2670 2473 2770 2537 eis,
2801 2481 2861 2526 ut
2891 2474 3001 2528 sint
3027 2473 3204 2542 primo
3230 2487 3465 2543 praesen-

1869 2569 1966 2625 tes,
1999 2569 2053 2615 et
2086 2578 2208 2618 cum
2249 2565 2330 2619 eis
2376 2575 2667 2634 operantes
2698 2567 2751 2620 in
2783 2566 2974 2636 quovis
3009 2582 3210 2636 opere:
3243 2574 3297 2620 et
3335 2581 3460 2621 cum

1867 2658 2080 2722 sedent,
2113 2656 2389 2712 ambulant
2416 2658 2500 2712 vel
2531 2667 2696 2724 stant,
2728 2658 2968 2728 diligenti
2995 2673 3091 2712 sua
3117 2656 3459 2713 observantia

1859 2749 1949 2803 vel
1979 2749 2194 2804 curioso
2234 2751 2430 2825 intuitu
2468 2750 2663 2806 diaboli
2693 2751 2762 2805 ab
2785 2753 2864 2806 eis
2901 2751 3098 2807 debent
3130 2760 3284 2806 actus
3314 2767 3461 2807 com-

1863 2856 2087 2911 pescere
2122 2863 2135 2895 :
2174 2843 2289 2896 sive
2319 2843 2450 2897 vitia
2489 2843 2575 2898 vel
2612 2854 2834 2914 peccata
2863 2844 2995 2909 oris,
3026 2860 3149 2899 cum
3191 2844 3459 2900 voluerint

1865 2946 2150 2998 exercere,
2205 2948 2326 2988 mox
2370 2933 2422 2988 in
2476 2934 2554 2988 eis
2611 2934 2999 2989 monitionibus
3047 2936 3354 3000 emendare,
3404 2944 3461 2990 et

1863 3038 2024 3078 omne
2053 3024 2108 3077 in
2138 3024 2217 3078 eis
2242 3024 2385 3093 quod
2421 3034 2609 3079 contra
2653 3033 2982 3096 praeceptum
3011 3025 3223 3079 Domini
3252 3032 3336 3080 est
3365 3041 3453 3080 re-

150 3117 308 3190 xrv);
339 3135 450 3190 quo
473 3118 679 3190 judicio
699 3119 862 3189 virga:
885 3133 1106 3174 causam
1132 3117 1227 3174 Dei
1265 3127 1389 3174 ante
1416 3119 1755 3174 Pharaonem
1785 3168 1827 3190 η
1863 3130 2102 3181 movere,
2138 3131 2302 3188 agens
2328 3115 2458 3170 illud
2487 3115 2631 3186 quod
2664 3117 2679 3156 ί
2714 3125 2898 3171 sancta
2932 3115 3194 3187 Eugenia,
3228 3132 3349 3186 quae
3381 3116 3456 3170 ita

145 3296 337 3367 ipsius
367 3296 652 3367 aspiciant.
680 3314 698 3346 ›
735 3292 876 3367 Olim
906 3293 958 3347 in
987 3291 1240 3367 Francia,
1271 3300 1332 3346 ut
1360 3299 1545 3367 notum
1577 3299 1660 3346 est
1688 3306 1756 3345 ex

145 3315 162 3352 I
215 3313 337 3352 Slus
367 3313 652 3367 aspretant.
680 3314 698 3346 ι
735 3313 876 3349 Ullm
906 3313 958 3347 II]
990 3313 1240 3357 ιἰνῑιιιειιι,
1272 3313 1332 3346 ιιι
1360 3313 1545 3346 ιιοιιιιιι
1577 3313 1660 3346 εει
1688 3313 1756 3345 CX

137 3313 422 3422 {uncino
463 3375 518 3422 ct
559 3366 678 3420 aliis
704 3406 718 3430 ,
768 3363 941 3432 major
969 3365 1160 3419 domus
1189 3373 1344 3425 erat,
1396 3363 1488 3432 qui
1520 3371 1756 3431 praeerat

134 3439 371 3510 palatio
407 3438 581 3508 regis,
626 3437 878 3510 illiusque
908 3437 1029 3510 vice
1062 3435 1313 3510 universa
1351 3435 1500 3510 regni
1538 3435 1754 3510 negotia

134 3503 608 3562 Zidministrabat.
657 3503 887 3570 Gallice,
922 3507 1088 3560 maire
1116 3505 1189 3558 du
1222 3503 1424 3574 palais;
1466 3503 1627 3572 quem
1657 3504 1757 3559 Ce-

131 3580 373 3651 rlrenus
404 3578 506 3649 (Ad
535 3593 626 3651 an.
659 3577 687 3630 Ἰ
709 3577 901 3651 Leonis
922 3576 1122 3644 Isauri)
1140 3579 1396 3651 πραξρικον,
1425 3574 1478 3628 id
1507 3584 1589 3628 est
1618 3585 1756 3643 pra:-

131 3648 390 3712 fcetum,
413 3647 520 3704 seu
548 3650 846 3719 principem
873 3649 1064 3703 domus
1089 3647 1340 3717 appellat.

222 3753 252 3811 ει
283 3738 546 3811 Majores.
584 3739 661 3794 Ita
691 3741 743 3794 in
772 3739 978 3811 Regula
1006 3753 1108 3794 ms.
1145 3738 1272 3809 Leg.
1303 3738 1552 3793 minores.

219 3809 249 3850 ι)
280 3809 444 3863 Dabo
485 3820 739 3881 pastores.
794 3809 892 3866 Hie
937 3811 1087 3866 locus
1135 3826 1241 3864 non
1290 3819 1373 3864 est
1416 3811 1604 3872 Isaiae,
1656 3810 1752 3866 sed

120 3880 439 3941 Ieremiae;
464 3883 770 3951 citaturque
788 3882 942 3948 juxta
964 3891 1203 3935 veterem
1227 3881 1748 3951 interpretationem,

120 3968 252 4022 qua
293 3953 561 4024 utiturS.
592 3953 894 4024 Cyprianus
924 3953 976 4006 in
1007 3953 1265 4006 citatione
1292 3953 1451 4024 hujus
1486 3953 1584 4006 loci
1613 3951 1704 4006 lib.
1732 3971 1749 4008 ι

120 4019 352 4077 contra
385 4019 649 4088 Judasos,
675 4019 735 4077 ιι.
771 4023 860 4088 14,
893 4032 948 4077 et
979 4025 1140 4077 etiam
1167 4024 1319 4092 juxta
1355 4022 1747 4093 Septuaginta:

125 4114 147 4144 ι
180 4099 288 4148 Καὶ
320 4101 665 4164 ποιμανοῦσεν
696 4095 833 4165 ὑμᾶς
857 4098 1198 4167 ποιμαίπντες
1219 4095 1329 4167 μςτ⁹
1359 4098 1666 4167 interimus,
1697 4095 1750 4148 id

115 4175 245 4226 est,
283 4175 510 4236 pascant
532 4182 619 4219 vos
648 4176 913 4236 pascentes
941 4164 1178 4236 scientia.
1211 4183 1229 4214 ι
1257 4164 1310 4218 lu
1332 4166 1546 4234 vulgata
1577 4166 1748 4218 inter-

113 4235 467 4304 pretatione
494 4234 656 4304 juxta
680 4235 1006 4290 Ilcbraicum
1035 4254 1046 4288 :
1088 4235 1309 4289 Pascent
1339 4251 1425 4289 vos
1455 4236 1674 4289 scientia
1702 4245 1750 4289 et

116 4306 430 4358 doctrina.

209 4392 849 4479 f.Su_s.ceptione.virgte.
907 4395 1154 4479 Notanda
1202 4403 1288 4450 est
1333 4395 1749 4479 praepositorum

109 4465 568 4538 ordinatio'per
603 4465 810 4538 virgam
838 4509 851 4532 ,
905 4467 1057 4536 cujus
1106 4477 1284 4522 tamen
1333 4465 1463 4538 ipse
1488 4467 1750 4538 Magister

110 4535 358 4608 nullam
384 4538 440 4591 in
460 4535 670 4592 abbatis
685 4535 1021 4593 ordinatione
1045 4535 1374 4593 mentionem
1396 4537 1525 4593 facit
1544 4552 1664 4608 cap.
1681 4537 1749 4591 93
1775 4535 1828 4596 D

109 4617 176 4680 et
207 4607 452 4680 9§,‘etsi
477 4608 604 4662 olim
627 4624 691 4664 ea
713 4608 936 4664 abbates
962 4618 1265 4674 uterentur,
1291 4607 1744 4680 quemadnodum

112 4678 184 4730 S.
227 4678 619 4734 Columbath
645 4720 660 4745 ,
713 4688 772 4734 ut
819 4681 1005 4735 videre
1052 4689 1135 4735 est
1185 4681 1238 4734 in
1269 4678 1405 4736 Vitis
1432 4688 1744 4735 sanctorum

109 4747 298 4822 Galli-
324 4756 381 4802 et
428 4747 724 4819 Magnoaldi
751 4791 765 4814 ,
814 4751 904 4805 ubi
955 4750 1218 4819 ejusmodi
1254 4751 1406 4822 virga
1447 4750 1746 4821 appellatur

109 4817 454 4893 Cambuta,
492 4817 594 4875 ἁέτὸ
625 4829 722 4893 τοῦν
747 4817 1034 4893 aitait-rita,
1067 4823 1119 4876 id
1156 4830 1265 4885 est,
1308 4817 1568 4884 curvare,
1616 4823 1742 4891 quia

109 4889 447 4955 abbatum,
488 4902 547 4944 ut
576 4900 631 4946 et
658 4889 887 4946 aliorum
916 4891 1171 4947 Ecclesia:
1202 4893 1546 4961 praelatorum
1577 4889 1742 4961 virgte

109 4968 268 5014 sunt
299 4961 362 5013 in
397 4964 710 5017 summitate
739 4978 940 5027 curvas,
964 4963 1030 5016 ad
1061 4972 1338 5032 pastorum
1365 4963 1742 5027 imitationem,

109 5045 389 5100 quorum
426 5034 590 5103 virgas
634 5034 688 5088 in
729 5033 944 5103 fastigio
980 5048 1157 5087 curvae
1191 5042 1383 5098 erant;
1421 5047 1543 5087 eum
1576 5033 1744 5104 magi-

109 5110 431 5174 s_tratuum
459 5105 622 5174 virgae
651 5116 832 5159 essent
863 5113 1130 5174 rectae,ut
1157 5112 1309 5158 notat
1337 5113 1525 5158 auctor
1548 5105 1746 5174 veteris

109 5171 521 5298 Etymologliei
548 5171 568 5227 ἶ
607 5184 664 5230 et
692 5176 745 5229 in
778 5175 1000 5244 antiquo
1025 5173 1226 5228 Ordine
1262 5173 1504 5228 Romano
1540 5190 1606 5229 ex
1637 5173 1742 5228 Ca-

109 5258 285 5298 none
325 5243 391 5297 S.
470 5243 688 5298 heodori
722 5245 1112 5298 arcliieniscooi
1143 5244 1553 5298 Cautuariensis
1582 5246 1742 5298 abba-

109 5258 285 5300 none
325 5243 391 5297 S.
423 5243 688 5300 Theodori
722 5243 1112 5315 archiepiscopi
1143 5244 1553 5300 Cautuariensis
1582 5246 1745 5300 abba-

109 5325 210 5369 tes
267 5329 387 5384 per
433 5317 596 5385 virgae
643 5317 1041 5385 susceptionem
1070 5317 1409 5370 ordinantur.
1469 5315 1745 5382 Ejusmodi

109 5385 306 5455 pnela
320 5393 509 5442 torum
531 5389 693 5458 virga:
715 5387 841 5440 olim
872 5389 1081 5458 ligneze,
1103 5386 1392 5456 aliquando
1416 5387 1745 5458 cypressinze

109 5460 418 5528 luerunt,
471 5467 530 5512 ut
575 5456 756 5513 videre
799 5456 987 5512 estin
1038 5457 1263 5526 epistola
1311 5459 1522 5511 abbatis
1571 5456 1746 5528 Sylva:

109 5526 373 5595 lfajoris
401 5530 470 5581 ad
496 5528 826 5598 Stephanum
849 5531 1156 5598 episcopum
1181 5526 1745 5598 Toruacensem.‘quae

109 5610 198 5655 ’δι
237 5599 372 5652 253
413 5601 556 5653 inter
590 5600 844 5669 epistolas
889 5601 1055 5669 ipsius
1094 5600 1393 5670 Stephani:
1432 5620 1449 5649 ι
1485 5599 1773 5655 Μίιιὶιιιιιε⁴

110 5680 330 5726 uitem
365 5682 568 5725 vestrm
605 5672 933 5726 charissima:
966 5671 1277 5741 paternitati
1319 5671 1372 5724 in
1412 5671 1622 5740 signum
1655 5671 1745 5724 de-

109 5760 170 5798 ’0
182 5741 392 5815 tionis
423 5749 477 5795 et
505 5743 740 5815 pignoris
766 5750 1038 5813 perpetua
1064 5742 1342 5815 servitutis
1367 5742 1745 5797 munusculum

109 5813 444 5882 indignum
477 5811 738 5869 servitute
763 5811 948 5870 vestra
972 5848 987 5877 .
1038 5812 1135 5870 sed
1178 5811 1360 5894 ofﬁcio
1389 5821 1700 5892 congruum
1723 5823 1769 5882 ,‘

1860 3291 2109 3346 baculum
2147 3290 2401 3364 videlicet
2436 3293 2832 3362 cypressinum.
2868 3313 2887 3346 ι
2943 3294 3009 3348 Ει
3045 3308 3160 3364 seq.
3192 3293 3351 3363 epist.
3382 3296 3450 3348 ad

1860 3363 2170 3432 episcopum
2196 3362 2673 3418 Aurelianensem:
2706 3383 2724 3414 ι
2759 3362 3137 3420 Munusculum
3158 3362 3311 3418 vobis
3334 3364 3453 3417 mit-
3551 3416 3562 3431 ,

1856 3435 2047 3496 timus,
2078 3434 2144 3487 de
2176 3442 2400 3488 remot‘s
2443 3434 2687 3501 partibus
2727 3436 2882 3489 nobis
2927 3436 3154 3490 missum
3201 3433 3451 3488 baculum

1856 3502 2187 3573 pastoralem
2218 3506 2593 3574 cypressinurn
2613 3544 2629 3574 ε
2673 3503 2856 3558 officio
2883 3515 3062 3560 vestro
3097 3513 3152 3558 et
3187 3503 3449 3574 qualitate

1857 3573 2104 3644 mysterii
2151 3573 2469 3642 congruum.
2525 3593 2545 3626 ι
2607 3573 2753 3630 Sane
2802 3575 2930 3628 olim
2979 3584 3253 3644 sceptrum
3301 3573 3450 3629 Iovis

1856 3645 2233 3767 capressinum
2270 3645 2404 3710 fuit;
2445 3647 2800 3714 quamobrem
2840 3645 3159 3718 Pythagora:
3191 3645 3443 3714 discipuli

1856 3731 1884 3767 a
1929 3731 2080 3767 -arca
2126 3713 2338 3767 funebri
2373 3716 2687 3767 cvnressina
2723 3717 3070 3767 abstinebant
3105 3716 3122 3767 (
3147 3717 3249 3767 etsi
3294 3717 3443 3767 iuxta

1855 3713 2098 3789 tib-area
2125 3713 2338 3789 funebri
2373 3716 2687 3789 cypressina
2723 3713 3070 3789 abstinebant
3105 3716 3249 3789 (etsi
3289 3713 3447 3786 juxta

1856 3785 2228 3856 Thucydidem
2256 3785 2465 3858 eorum,
2496 3787 2589 3855 qui
2615 3802 2715 3858 pro
2743 3788 2917 3855 patria
2950 3785 3178 3843 mortem
3206 3785 3446 3857 oppetie-

1856 3865 1998 3929 rant,
2043 3871 2273 3929 corpora
2319 3857 2375 3929 i_n
2419 3872 2564 3929 arcis
2590 3857 2923 3928 cypressinis
2954 3859 3360 3929 conderentur),
3387 3867 3446 3912 ut

1854 3927 2014 3982 docet
2041 3927 2304 3999 Diogenes
2334 3927 2586 4002 Laertius
2612 3927 2704 3984 lib.
2731 3944 2826 3984 vui
2857 3948 2868 3982 :
2905 3949 2923 3980 c
2956 3931 3244 4002 Ἀπέχοντο
3279 3927 3334 3985 δὲ
3366 3933 3451 3984 mi

1854 4006 2012 4072 σοροῦ
2051 4003 2423 4079 κγπαριᾳσίνης
2461 3999 2546 4079 διᾴ
2573 4003 2633 4079 eo
2665 4007 2757 4079 τρῦ
2790 4005 2903 4079 Διὸς
2929 3999 3188 4079 σκῆπεὲρον
3218 4002 3443 4079 iurabant

1852 4071 2258 4136 πεποῐησθαι,’ἱ‹1
2287 4079 2390 4133 est,
2427 4089 2444 4122 ε
2481 4071 2827 4126 abstinebant
2853 4074 2921 4126 ab
2949 4087 3074 4127 area
3099 4071 3317 4126 't'unebri
3350 4085 3444 4140 cy-

1852 4144 2117 4264 BreSsilla,
2135 4143 2277 4212 quod
2300 4140 2585 4198 indeJovis
2605 4151 2876 4212 sceptrum
2899 4143 3218 4199 fabricatum
3241 4153 3403 4196 esset.
3419 4161 3438 4195 ι

1902 4228 1928 4264 e
1958 4213 2124 4264 virttis
2165 4212 2512 4264 nrmlatorum
2557 4214 2710 4264 nlura
2747 4214 2869 4264 vide
2914 4216 3055 4264 annd
3102 4215 3400 4264 llunertum
3425 4253 3438 4264 .

1902 4228 1928 4265 e
1958 4213 2124 4283 virgis
2149 4212 2512 4284 iprzelatorurm
2555 4214 2710 4283 plura
2747 4214 2869 4268 vide
2914 4216 3055 4284 apud
3102 4215 3400 4282 Rupertum
3425 4253 3440 4278 ,

1852 4282 1947 4355 lib.
1980 4299 2029 4355 ιν
2052 4282 2117 4355 in
2147 4283 2336 4354 Regul.
2356 4283 2427 4355 _S.
2455 4282 2756 4349 Benedicti,
2784 4299 2904 4355 cap.
2932 4282 2986 4350 Ξ,
3015 4288 3048 4340 5
3075 4299 3131 4355 et
3153 4285 3208 4337 4.

1921 4351 1950 4392 ἀ
1977 4352 2044 4406 In
2073 4351 2320 4436 bestiam:
2355 4353 2412 4409 ld
2440 4363 2554 4420 est,
2598 4356 2654 4410 in
2691 4351 3017 4425 serpentem.
3066 4353 3440 4425 Synecdoebe,

1853 4437 2024 4494 genus
2051 4440 2150 4493 pro
2176 4438 2378 4493 speete.

1930 4506 1953 4532 θ
1980 4493 2176 4566 Debere
2202 4495 2458 4566 μναιροηὶ.
2498 4493 2576 4549 Ita
2606 4495 2658 4549 in
2691 4494 2822 4566 Reg.
2845 4510 2948 4550 ms.
2973 4509 3072 4564 pro
3095 4493 3280 4549 debent
3306 4510 3443 4566 ρτῳτ

1852 4567 1997 4635 poni.
2052 4563 2210 4620 Solet
2243 4565 2332 4620 hic
2373 4573 2564 4619 auctor
2593 4580 2734 4635 stupe
2760 4563 2835 4620 ita
2865 4563 3043 4637 loqui;
3095 4580 3266 4636 quare
3305 4563 3446 4619 nihil

1848 4645 2020 4690 muto.

1926 4706 2481 4779 fiCujustargavimus.
2536 4705 2614 4760 Ita
2665 4706 2719 4779 in
2766 4707 2972 4779 Regula
3013 4723 3115 4763 ms.
3145 4722 3246 4778 pro
3275 4709 3433 4778 quod.

1848 4778 1943 4832 Est
1978 4775 2192 4848 phrasis
2218 4775 2436 4840 Gneca,
2469 4792 2593 4832 eum
2622 4775 2907 4833 relativum
2939 4775 3437 4848 subsequeus'oono

1849 4850 1994 4903 venit
2025 4849 2077 4902 in
2105 4850 2294 4903 eodem
2320 4863 2448 4903 casu
2476 4864 2598 4902 cum
2625 4851 3001 4915 antecedente,
3029 4860 3085 4904 ut
3112 4849 3311 4904 Psaltn.
3340 4864 3392 4902 tx
3418 4866 3431 4901 :

1847 4919 2360 4991 comprehenduntur
2389 4920 2444 4972 in
2472 4919 2729 4991 consiliis,
2761 4921 2947 4991 quibus
2978 4921 3228 4990 cogitant,
3252 4919 3306 4973 id
3328 4927 3430 4984 est,

1848 5005 1967 5064 qua;
2015 4992 2277 5064 cogitant.
2306 4989 2393 5064 ΔΙιι
2438 4997 2586 5044 textu
2625 4989 2813 5046 ϐιωςό
2852 5010 2864 5045 :
2907 4989 3338 5064 Συὶλὰμςάνονται
3386 4991 3435 5043 ἰν

1847 5059 2175 5133 διαϐῳλίόις,
2199 5059 2280 5133 οἶς-
2301 5059 2682 5133 διαλογξζονται.

1924 5134 1947 5171 δ
1972 5131 2222 5185 Idoneor.
2262 5131 2342 5185 Ita
2372 5133 2425 5185 in
2445 5130 2664 5202 "Regula
2691 5147 2793 5186 ms.
2819 5147 2918 5202 pro
2943 5132 3111 5202 magis
3136 5130 3375 5186 idoneus.

1849 5294 1883 5347 (ἰ
1918 5223 1947 5262 h
1963 5221 2051 5346 ch
2075 5221 2378 5292 paucitatis.
2427 5221 2505 5275 Ita
2534 5222 2588 5276 in
2617 5221 2818 5291 Regula
2846 5237 2987 5287 ms.;
3035 5221 3130 5277 sed
3157 5223 3216 5277 τὸ
3242 5220 3307 5275 de
3339 5238 3426 5277 re—

1887 5309 1956 5347 un
1999 5302 2075 5347 at.

1887 5302 2075 5347 undat.

1926 5391 1943 5429 i
1976 5388 2036 5444 S.
2071 5388 2332 5458 Eugenia.
2370 5387 2497 5445 Haec
2518 5399 2617 5462 gest
2652 5390 2710 5446 S.
2743 5391 2983 5462 Eugenia
3013 5393 3164 5462 virgo
3197 5401 3253 5448 et
3287 5407 3434 5448 mar-

1849 5468 1954 5534 tyr,
2008 5476 2128 5534 qua:
2176 5473 2377 5534 sexum
2408 5461 2637 5534 virilem,
2669 5461 2928 5518 simulans
2955 5461 3435 5534 pnefuit‘mujier

1848 5529 2151 5608 monachis,
2185 5530 2303 5608 lilia
2324 5529 2551 5608 Philippi
2578 5532 2917 5608 Alexandriae
2941 5529 3273 5608 Augustalis.
3306 5531 3435 5608 Elo-

1849 5602 1958 5658 ruit
1996 5600 2544 5676 temporecommodi
2586 5600 2966 5676 imperatoris:
3010 5600 3126 5676 ejus
3154 5606 3288 5676 Acta
3320 5604 3430 5676 ha-

1848 5676 2046 5748 bentur
2078 5671 2128 5726 in
2154 5671 2558 5748 VAit_is_Patru_m,
2599 5671 2677 5729 De
2701 5690 2772 5748 ea
2793 5685 2961 5748 agunt
2987 5671 3430 5748 Martyrologium

1849 5744 2151 5817 Batnannm
2177 5742 2248 5798 25
2277 5741 2602 5817 Decembris,
2641 5755 2698 5803 et
2727 5741 3084 5817 Metiologium
3116 5741 3429 5803 Graecorum

1849 5813 1921 5872 24
1948 5813 2192 5886 ejusdem
2220 5810 2442 5870 mensis.

3963 5407 3977 5780 ti

3963 5627 3970 5646 r

3959 5759 3962 5780 Ι
