4088 6330
606 321 713 431 959¹

603 487 878 554 detrahat,
906 487 1033 558 quia
1072 487 1331 558 scriptum
1365 494 1484 542 est:
1517 496 1543 526 ι
1569 483 1754 539 Omnis
1785 485 2050 539 detractor
2070 501 2184 538 era-
2209 488 2257 545 Α

602 581 886 638 dicabitur.
921 581 948 619 δ
972 578 1124 636 Unus
1154 581 1224 635 ab
1268 578 1372 634 alio
1396 577 1540 649 quod
1572 593 1681 632 non
1717 575 1902 642 habet,
1929 575 2180 646 accipiat.

607 671 759 731 Unus
775 673 842 727 ab
856 671 963 727 alio
977 671 1148 728 discat
1170 671 1552 737 humiiitatem,
1579 686 1719 724 unus
1741 670 1810 724 ab
1822 669 1927 724 alio
1948 668 2185 723 Charita-

602 771 737 831 tetn,
758 781 900 820 unus
921 765 988 820 ab
1009 765 1115 819 alio
1137 765 1476 834 patientiam,
1503 778 1645 818 unus
1675 762 1742 816 ab
1763 763 1868 816 alio
1887 761 2180 826 silentium,

602 873 744 912 unus
765 858 834 911 ab
859 856 966 910 alio
987 856 1477 911 mansuetudinem.
1503 853 1802 910 Comedant
1826 855 1943 909 sine
1962 853 2185 924 querela

602 949 858 1019 quidquid
901 949 980 1002 eis
1025 949 1326 1019 appositum
1377 947 1569 1011 fuerit,
1594 947 1830 1002 vestiant
1865 947 1994 1017 quid
2032 961 2186 1001 acce-

600 1042 799 1112 perint.
835 1041 950 1096 Non
983 1041 1162 1096 celent
1183 1040 1382 1095 fratres
1407 1032 1636 1096 decanis'
1653 1040 1766 1095 suis
1791 1039 2053 1110 quidquid
2087 1054 2186 1108 per

601 1136 842 1207 singulos
861 1136 984 1190 dies
1022 1136 1398 1206 cogitaverint.
1426 1134 1626 1190 Decani
1652 1123 1780 1190 vero
1815 1135 1926 1190 sint
1950 1135 2030 1188 eis
2054 1148 2186 1204 qua-

598 1228 642 1283 si
678 1237 916 1283 rectores
941 1236 995 1283 et
1024 1229 1295 1291 custodes,
1345 1236 1600 1297 tanquam
1638 1242 1736 1296 pro
1763 1226 1894 1296 ipsis
1917 1226 2184 1280 rationem

596 1319 825 1375 Domino
859 1321 1139 1375 reddituri.
1171 1320 1536 1392 Negligentias
1567 1328 1885 1374 cunctorum
1917 1318 2020 1388 ipsi
2049 1333 2184 1386 pra:-

532 1482 534 1484 ν
594 1414 833 1478 videant,
861 1421 916 1468 et
945 1414 1270 1469 emendandi
1300 1420 1622 1482 potestatem
1664 1410 1938 1475 habeant;
1975 1417 2028 1463 et
2053 1408 2184 1479 quid

535 1493 538 1500 ’
592 1503 695 1575 ipsi
737 1520 843 1559 non
882 1504 1151 1559 valuerint
1175 1499 1806 1570 emendare,.pr:eposito
1837 1515 1943 1554 non
1975 1514 2185 1554 moren-

591 1602 682 1650 tur
707 1610 988 1650 accusare.
1023 1595 1125 1663 Qui
1173 1595 1273 1664 ipsi
1306 1592 1578 1664 praepositi
1615 1593 1695 1646 sic
1722 1592 1826 1646 hoc
1853 1591 2099 1645 districte
2129 1597 2184 1645 ct

591 1686 995 1741 rationabiliter
1050 1694 1232 1756 agant,
1283 1693 1344 1739 ut
1396 1683 1620 1739 abbates
1665 1699 1794 1739 suos
1838 1683 1984 1738 nullo
2020 1684 2183 1738 modo

588 1789 920 1849 presumant
967 1780 1290 1848 inquietare,
1349 1788 1577 1850 excepto
1635 1780 1779 1848 quod
1822 1781 2038 1848 utrique
2071 1795 2180 1834 non

1601 369 1660 424 8.
1683 365 2066 422 'BENEDICTI
2102 363 2395 422 ABBATIS
2431 361 2840 420 ANIANENSIS

2585 480 2723 553 διν.
2753 508 2823 520 --
2848 479 2981 535 Item
3011 482 3246 552 ejusdem
3281 483 3418 555 (cap.
3448 483 3560 555 13).

2359 586 2383 614 ο
2412 573 2613 630 Omnes
2638 573 2828 629 decani
2859 589 2890 627 a
2917 574 3030 629 suis
3053 576 3357 646 praepositis
3398 586 3878 643 commoueantur,

2284 674 2343 720 ut
2365 667 2548 721 cuncti
2565 665 2760 720 fratres
2781 681 2810 719 a
2839 667 3063 721 minimo
3077 669 3329 737 usquead
3353 670 3660 724 maximum
3688 669 3882 727 diebus

2285 759 2580 814 Dominicis
2610 759 2662 813 in
2691 759 3023 814 monasterio
3055 776 3165 814 uno
3191 759 3310 815 loco
3339 769 3784 832 congregemur,
3814 763 3881 818 ita

2285 861 2346 907 ut
2369 860 2494 906 ante
2513 853 2798 906 missarum
2813 852 3074 907 solemnia
3096 853 3323 908 sollicite
3344 855 3413 908 ab
3428 855 3638 909 abbate
3659 870 3881 924 percun-

2285 953 2500 999 ctentur
2539 963 2551 998 :
2589 962 2658 999 ne
2694 943 2833 1000 forte
2869 945 3068 1014 aliquis
3103 947 3365 1001 adversus
3395 947 3642 1017 aliquem
3672 948 3806 1001 odio
3830 948 3879 1002 li-

2284 1039 2429 1093 voris
2451 1038 2775 1102 stimuletur,
2800 1049 2890 1093 aut
2909 1039 3320 1109 malitiaajaculo
3337 1040 3704 1104 vulneretur;
3725 1056 3794 1095 ne
3819 1043 3879 1095 in-

2285 1130 2537 1213 testinum
2553 1130 2702 1184 virus
2727 1131 3046 1200 quandoque
3063 1141 3248 1201 aperte
3273 1132 3327 1184 in
3353 1130 3725 1200 superficiem
3755 1133 3879 1185 cutis

2273 1229 2626 1298 prorumpat;
2653 1230 2708 1276 et
2731 1223 2872 1276 inter
2899 1222 3197 1292 palmarum
3223 1221 3435 1276 fructus
3456 1223 3720 1293 myrrhae
3749 1239 3876 1276 ama-

2284 1310 2460 1365 ritudo
2493 1311 2914 1368 demonstretur.
2938 1313 3179 1369 Primum
3207 1331 3336 1386 ergo
3367 1316 3470 1385 ipsi
3501 1317 3751 1370 abbates
3773 1332 3874 1370 cum

2285 1406 2394 1459 suis
2417 1407 2722 1475 praepositis
2758 1407 3168 1476 atquedccanis
3207 1411 3538 1478 semctipsos
3571 1409 3872 1474 discutiant,

2282 1504 2336 1550 et
2369 1497 2434 1551 ad
2458 1497 2636 1551 instar
2666 1512 2794 1552 suos
2813 1499 3058 1569 juniores
3083 1501 3328 1554 subditos
3353 1511 3624 1570 arguant,
3656 1511 3716 1554 et
3740 1518 3874 1556 omne

2283 1588 2500 1643 malitia:
2533 1588 2860 1644 fermentum
2891 1593 3167 1660 praedictis
3211 1592 3400 1646 diebus
3431 1593 3726 1646 radicitus
3756 1596 3874 1647 επεὶ·

2283 1679 2414 1734 lant.
2444 1681 2630 1735 Solent
2673 1684 2815 1737 enim
2856 1683 3098 1737 nonnulli
3131 1699 3227 1754 pro
3258 1685 3371 1738 suis
3396 1684 3709 1747 uxoribus,
3739 1697 3872 1754 atque

2284 1770 2428 1836 ﬁliis,
2459 1781 2552 1825 aut
2577 1773 2741 1827 etiam
2767 1774 3070 1843 quibusque
3098 1775 3420 1845 propinquis
3446 1791 3655 1830 curam
3694 1775 3874 1830 habere

588 1868 857 1924 valuerint
889 1881 913 1924 εὶ
953 1872 1282 1926 accelerare.
1323 1871 1391 1926 Et
1435 1887 1489 1924 in
1535 1872 1640 1925 hoc
1683 1887 1822 1926 unus
1861 1871 2016 1925 alteri
2062 1879 2180 1926 tan-
2207 1861 2255 1921 B
2285 1880 2432 1919 more
2457 1865 2693 1935 pietatis.
2725 1865 2976 1935 Plerique
3001 1880 3150 1933 vero,
3181 1867 3271 1936 qui
3300 1882 3406 1921 non
3440 1877 3580 1921 sunt
3608 1867 3669 1920 in
3701 1868 3874 1920 talibus

589 1968 704 2014 tam
741 1961 1101 2016 humilitatem
1144 1962 1360 2047 habeat,
1397 1970 1458 2016 ut
1505 1977 1780 2031 nunquam
1835 1961 1975 2016 ullus
2009 1961 2177 2016 ullum

496 2119 506 2126 _
585 2051 840 2119 offendat,
871 2054 965 2109 sed
999 2069 1140 2108 unus
1164 2054 1217 2107 in
1244 2047 1416 2108 altero
1444 2065 1698 2122 tanquam
1730 2051 1757 2091 ά
1784 2053 1836 2106 in
1865 2069 2032 2124 penso
2056 2069 2178 2124 per-

586 2145 762 2200 sistat.
788 2145 844 2201 ld
863 2155 965 2212 est,
993 2146 1240 2218 juniores
1273 2147 1328 2201 in
1351 2146 1591 2211 decanis,
1618 2145 1809 2201 decani
1837 2145 1890 2200 in
1921 2147 2178 2216 praeposi-

586 2237 675 2301 tis,
703 2239 978 2308 praepositi
1009 2239 1066 2294 in
1097 2240 1405 2305 abbatibus,
1432 2256 1573 2295 unus
1601 2239 1764 2294 alium
1787 2249 2030 2310 portans,
2055 2248 2176 2294 tan-

587 2346 748 2400 quam
773 2332 825 2385 in
848 2349 1004 2388 muro
1033 2333 1241 2404 lapides
1268 2335 1544 2406 quadrati,
1569 2333 1827 2404 Apostolo
1859 2343 2172 2398 attestante,

587 2425 730 2480 sicut
759 2442 919 2496 supra
953 2445 964 2479 :
998 2427 1148 2482 Unus
1195 2428 1410 2483 alterius
1460 2446 1621 2483 onera
1668 2439 1957 2499 portantes,
2004 2437 2055 2483 et
2100 2429 2175 2483 sic

590 2512 940 2588 adimplebitis
963 2520 1126 2591 legem
1148 2521 1347 2575 Christi
1371 2520 1515 2587 (Gal.
1543 2521 1637 2591 γι).

586 2729 958 2789 Tabennensis
981 2750 1147 2806 prope
1167 2736 1472 2792 Cordubam
1499 2739 1948 2803 sanctimonialis,
1974 2741 2175 2797 doctri—

584 2817 876 2880 n_a,__quam
909 2807 1077 2860 refert
1107 2807 1164 2862 S.
1215 2807 1700 2880 Eulogiusima'rtyr
1743 2811 1836 2864 lib.
1881 2827 1938 2865 ιιι
1973 2811 2175 2868 Μειιιο-

582 2872 1094 2952 rialis‘sanctorum,
1132 2893 1250 2949 cap.
1279 2872 1395 2952 :1sz
1430 2899 1446 2929 ‹
1479 2872 1690 2934 Nullum
1719 2898 1954 2952 unquam
1979 2898 2174 2952 pecca-

581 2951 780 3010 torem,
841 2949 1101 3023 quamvis,
1141 2951 1480 3023 gravioribus
1541 2949 1858 3023 oppressum
1910 2949 2168 3023 peccatis,

581 3031 832 3092 sermone
869 3035 966 3073 suo
996 3019 1260 3092 lzesitiide
1301 3021 1498 3075 nullius
1531 3019 1741 3078 actibus
1782 3019 2073 3092 judicavit,
2105 3019 2172 3081 de

582 3086 746 3142 nullis
775 3089 1082 3163 desperavit
1115 3091 1307 3157 salute,
1349 3107 1450 3147 nec
1480 3086 1805 3163 quemquam
1843 3094 2000 3150 foedis
2033 3086 2173 3150 infa-

582 3166 790 3230 matum
821 3159 1067 3230 despexit
1097 3165 1426 3217 rumoribus.
1459 3159 1607 3227 scio,
1656 3159 1940 3229 referebat,
1987 3182 2172 3221 versu-

583 3225 688 3304 tias
709 3223 1037 3304 daemonum,
1068 3248 1163 3304 seu
1195 3232 1538 3288 insolentiam
1564 3223 1865 3300 hominum,
1893 3223 1985 3304 qui
2009 3237 2177 3292 inter—
2204 3223 2248 3286 (ἶ

577 3295 709 3362 dum
762 3299 936 3378 ipsum
975 3302 1369 3378 maledictiouis
1417 3295 2170 3378 subsannatione'iinpetnnt,

581 3381 740 3449 quem
763 3371 1062 3449 probatum
1108 3375 1683 3449 dignioribusmeritis
1727 3377 1887 3432 habet
1928 3371 2176 3449 oinnipoé

581 3445 720 3494 tens.
762 3440 926 3516 Multa
958 3455 1085 3500 sunt
1120 3440 1263 3500 enim
1298 3445 1501 3514 judicio
1527 3447 1887 3503 condemnata
1915 3440 2172 3516 humano,

579 3523 701 3633 qua:
765 3512 949 3568 divino
990 3525 1117 3572 sunt
1166 3512 1393 3586 probata
1433 3525 1488 3572 et
1537 3518 1877 3573 sanctificata
1923 3512 2169 3577 consilio.

629 3588 647 3633 t
697 3581 1018 3633 Dlerummte
1069 3588 1476 3633 nninatinnihng
1538 3589 1651 3633 suis
1701 3591 2169 3633 ιιτειηςσνράἰιιηιηιι

629 3588 647 3634 ι
697 3581 1018 3660 plerumque
1069 3581 1476 3658 opinationibus
1538 3589 1651 3644 suis
1701 3591 2174 3660 transgrediuntur

579 3649 830 3742 homines
854 3649 1092 3737 divinam
1105 3649 1468 3742 'sententiatn,
1499 3660 1624 3742 dum
1650 3659 1802 3742 cujus
1829 3649 2008 3716 meriti
2032 3665 2173 3742 apud

579 3721 735 3800 illum
775 3727 1005 3797 quisque
1045 3741 1380 3798 permaneat,
1427 3721 1729 3796 ιιεεείιιιιις⁷
1750 3742 1804 3786 ει
1857 3743 2034 3787 tamen
2057 3721 2173 3800 iam

581 3795 992 3872 quasiprazsagj
1017 3795 1351 3855 occultorum
1380 3801 1466 3856 vel
1490 3802 1711 3872 dignum
1739 3795 2169 3872 praedicent,'vel

579 3865 870 3933 reprobum
903 3865 1167 3943 infament
1195 3888 1363 3943 scum
1387 3865 1576 3941 utique
1602 3865 2002 3943 incnl'pabilius.
2032 3865 2076 3928 si
2102 3876 2170 3928 ad

582 3947 641 3988 se
668 3945 1092 4014 reverterentur,
1113 3941 1426 4014 judicarent
1457 3960 1469 3995 :
1499 3943 1645 4014 etsi,
1681 3941 1886 4012 quanto
1911 3945 1995 3998 vel
2022 3945 2169 4014 quali

579 4007 731 4086 oneri
752 4007 1134 4086 unusquisque
1161 4011 1470 4086 subiaceat,
1485 4013 1572 4086 vel
1586 4007 1713 4086 Aquo'
1727 4015 1798 4086 sit
1819 4014 2001 4069 debito
2025 4007 2166 4080 rcus,

579 4076 942 4156 intenderent,
1002 4076 1310 4156 nullatenus
1365 4076 1709 4156 culpabili'ter
1755 4085 1821 4138 de
1880 4076 2171 4155 incognitis

575 4145 902 4226 iudicarent.
949 4169 967 4201 ι
1001 4150 1113 4205 Hoc
1137 4151 1416 4226 judicandi
1450 4145 1641 4207 vitium
1677 4163 1761 4207 cst
1791 4145 2169 4224 superborum,

579 4217 671 4292 qui
704 4230 762 4270 se
791 4217 1002 4292 aliquos
1030 4217 1152 4277 esse
1179 4223 1495 4277 existimant
1526 4243 1538 4277 :
1573 4239 1680 4292 quo
1703 4241 1806 4279 non
1835 4217 2011 4279 caruit
2031 4217 2172 4280 Pha;

579 4287 773 4364 ris-.eus
802 4288 1276 4364 illeevangelicus,
1308 4310 1430 4347 cum
1457 4294 1524 4348 de
1556 4287 1644 4348 illo
1671 4295 1816 4350 dicat
1836 4296 1892 4350 S.
1922 4297 2171 4354 Asterius

579 4357 766 4444 1.10m“.
821 4360 875 4414 in
905 4357 1429 4444 lianciparaliolam;
1459 4369 1803 4442 Μετριώτερον
1826 4367 1877 4423 δὲ
1900 4378 2171 4444 pupugit):

578 4429 890 4511 éaépraatv,
942 4437 987 4488 εἰ
1013 4429 1096 4511 [ὀξυ
1126 4437 1367 4511 τιλὼνιιιιΔ
1389 4429 1684 4511 ἀφῆκ’τῆς
1716 4429 1984 4511 impervia;
2038 4439 2171 4511 ἐλεύ-

577 4501 741 4571 θερόν,
769 4503 821 4555 id
839 4515 943 4568 εει,
972 4524 989 4555 ι
1020 4505 1327 4580 Pharisreus
1356 4501 1526 4580 levius
1545 4501 1840 4576 peccasset,
1863 4511 1908 4564 si
1936 4501 2173 4580 publica-

2282 1959 2563 2028 implicati,
2597 1975 2696 2030 pro
2722 1960 2978 2015 alimento
3005 1969 3132 2015 sunt
3163 1959 3404 2015 soiliciti.
3439 1961 3555 2015 Alii
3600 1977 3742 2016 vero
3788 1962 3869 2014 tri-

2279 2053 2440 2106 stitiae
2488 2053 2677 2107 morbo
2737 2053 2965 2107 interius
3021 2061 3439 2119 consumuntur,
3514 2064 3574 2108 et
3629 2063 3870 2123 tanquam

2278 2145 2660 2200 vestimentum
2690 2163 2720 2200 a
2759 2146 2904 2200 tinea
2949 2147 3277 2201 intrinsecus
3307 2147 3515 2200 mentis
3543 2162 3666 2200 sua:
3718 2147 3867 2200 avidi-

2279 2243 2388 2290 tate
2427 2237 2774 2304 devorantur,
2809 2246 2863 2292 et
2914 2253 3038 2292 cum
3070 2231 3186 2307 ipso
3235 2238 3484 2292 rancoris
3516 2237 3714 2292 labore
3753 2239 3868 2291 dila-

2277 2327 2477 2382 buntur
2513 2329 2567 2382 in
2599 2329 3054 2400 desperationem.
3099 2329 3203 2383 Alii
3243 2343 3484 2397 namque
3539 2330 3739 2398 spiritu
3779 2328 3869 2382 fer-

2278 2420 2568 2477 nicationis
2607 2423 2786 2477 acrius
2813 2421 3236 2487 inflammantur,
3269 2430 3326 2475 et
3351 2436 3502 2491 szepe
3537 2421 3630 2474 tali
3664 2422 3869 2475 stimulo

2277 2513 2456 2567 carnis
2486 2514 2718 2579 incitati,
2749 2514 3008 2569 interiore
3033 2513 3192 2568 oculo
3221 2514 3414 2568 caecati
3447 2514 3643 2583 captivi
3664 2519 3868 2567 ducun-

2277 2617 2365 2660 tur
2391 2607 2607 2662 vinculo
2647 2607 2970 2678 perditionis
3017 2606 3190 2678 ligati.
3228 2606 3334 2661 Alii
3367 2607 3390 2645 ί
3434 2608 3632 2662 acetlize
3672 2607 3866 2676 spiritu

2276 2738 2405 2811 mihi
2438 2738 2593 2793 factae
2630 2741 2971 2794 recordatum
3020 2755 3162 2804 esse,
3213 2756 3303 2795 me
3350 2740 3544 2811 itaque
3572 2756 3789 2810 cupere.
3811 2753 3864 2794 ιιι

2275 2808 2329 2862 in
2362 2825 2447 2863 me
2479 2820 2724 2864 servetur
2768 2814 2996 2865 verbum
3049 2811 3274 2872 Christi,
3316 2813 3411 2880 qui
3452 2808 3656 2865 'dixitf
3703 2812 3865 2865 Nolite

2266 2880 2516 2950 judicare
2531 2891 2577 2934 et
2597 2898 2700 2934 non
2719 2881 3130 2950 judicabimini;
3157 2891 3211 2936 et
3231 2882 3482 2936 dimittite
3506 2894 3558 2936 et
3583 2883 3864 2935 dimittetur

2276 2950 2436 3004 vobis.
2475 2953 2647 3021 thue
2683 2951 2798 3006 hzec
2821 2953 3028 3022 angelis
3050 2953 3180 3010 dixi.
3208 2968 3238 3007 e
3263 2955 3496 3024 vestigio
3529 2953 3764 3007 fractum
3790 2964 3864 3007 est

2275 3033 2621 3090 peccatorum
2668 3038 2910 3078 meorum
2955 3023 3522 3092 chirograplmm.’£t
3572 3040 3702 3078 ecce
3727 3025 3863 3077 omni

2276 3107 2406 3146 cura
2447 3093 2652 3147 solutus
2675 3102 2729 3147 et
2754 3093 3057 3149 incredibili
3105 3095 3303 3162 gaudio
3325 3094 3588 3163 perfusus
3613 3095 3681 3148 ad
3706 3093 3864 3149 Deum

2280 3163 2512 3235 abscedo
2539 3182 2551 3217 :
2583 3165 2776 3233 hisque
2805 3165 2967 3220 dictis
2991 3167 3042 3218 in
3066 3181 3198 3234 pace
3229 3166 3506 3235 migravit.

2357 3245 2382 3274 α
2413 3233 2595 3288 Omnis
2641 3236 2925 3298 detractor,
2982 3233 3088 3290 etc.
3123 3235 3222 3289 Hic
3269 3233 3422 3289 locus
3470 3251 3576 3290 non
3605 3244 3784 3289 exstat
3817 3238 3863 3290 in

2289 3305 2570 3376 Scriptura
2599 3303 2785 3370 sacra;
2823 3308 2914 3360 sed
2943 3322 3232 3376 expressus
3254 3317 3338 3361 est
3367 3323 3432 3361 ex
3453 3308 3538 3361 illo
3564 3305 3726 3376 Prov.
3759 3323 3865 3360 xx:

2286 3375 2414 3428 Noli
2463 3376 2680 3446 diligere
2735 3375 3072 3430 detrahere:
3129 3394 3192 3430 ne
3243 3378 3529 3430 eradicen's.
3578 3375 3865 3439 Quantum

2281 3447 2404 3518 quis
2453 3447 2806 3518 detractionis
2858 3447 3046 3518 vitium
3096 3448 3284 3518 fugere
3338 3448 3530 3508 debeat,
3582 3455 3738 3512 patet
3789 3461 3866 3518 ex

2279 3514 2438 3570 Prov.
2497 3533 2626 3571 XXIV
2656 3536 2668 3570 :
2713 3517 2780 3571 Et
2811 3517 3129 3572 abominatio
3161 3514 3449 3571 'ltominum
3487 3518 3770 3569 detractor.
3799 3517 3866 3571 Et

2279 3586 2422 3640 infra
2459 3607 2472 3640 :
2507 3587 2574 3640 Et
2608 3605 2725 3642 cum
2767 3588 3150 3642 detractoribus
3199 3605 3262 3642 ne
3288 3588 3702 3650 commiscearis,
3738 3605 3859 3657 que-

2279 3657 2654 3728 niamirepente
2675 3669 2948 3728 consurget
2983 3660 3204 3728 perditio
3237 3675 3442 3712 eorum.

2350 3728 2378 3766 ιι
2420 3727 2566 3783 Unus
2617 3729 2681 3782 ab
2719 3729 2825 3782 alio
2852 3727 2998 3799 quod
3036 3746 3140 3782 non
3179 3730 3353 3793 liabet,
3405 3731 3658 3798 accipiat.
3705 3731 3780 3786 ita
3809 3731 3855 3784 S.

2277 3797 2638 3870 Hieronymus
2665 3801 2716 3853 in
2751 3797 2911 3868 epist.
2939 3798 3004 3852 ad
3034 3799 3363 3854 Rusticum”:
3405 3819 3423 3849 ι
3472 3797 3770 3857 Henachus
3797 3803 3856 3855 τι-

2275 3878 2365 3922 vat
2392 3871 2444 3922 in
2470 3871 2799 3924 monasterio
2822 3871 2922 3924 sub
2951 3871 3110 3924 unius
3131 3870 3419 3939 disciplina
3443 3871 3630 3926 Patris
3658 3889 3854 3927 consero

2275 3941 2457 4009 tiuque
2489 3941 2809 4005 multorum;
2853 3950 2914 3994 ut
2941 3943 3009 3994 ab
3038 3941 3143 3996 alio
3173 3943 3346 3995 discat
3386 3942 3774 4004 humilitatem,
3802 3943 3854 3996 ab

2274 4011 2381 4065 alio
2426 4011 2764 4080 patientiam,
2797 4027 2936 4065 unus
2986 4011 3282 4075 silentium,
3328 4011 3473 4066 alter
3497 4016 3696 4068 doceat
3729 4032 3852 4068 man.

2275 4084 2642 4154 suetudinem.
2673 4102 2690 4133 ι
2719 4081 3077 4154 δκιῗείιιιάειι,
3108 4083 3201 4135 lih.
3227 4085 3294 4137 de
3325 4083 3692 4139 Institutione
3711 4087 3846 4154 virgi-

2275 4167 2426 4216 num,
2455 4169 2555 4221 cap
2587 4152 2652 4206 16
2688 4171 2699 4206 :
2735 4172 2751 4202 ι
2794 4151 2864 4207 Ut
2889 4153 2942 4206 in
2977 4154 3310 4207 monasterio
3348 4170 3709 4222 permaneas,
3733 4151 3847 4210 sutili-

2274 4223 2383 4296 cite
2414 4225 2698 4296 admoneo,
2735 4224 3027 4296 multarum
3055 4225 3200 4279 enim
3226 4226 3495 4279 societate
3521 4227 3782 4296 proficies.
3803 4237 3844 4277 ει

2272 4294 2502 4348 virtutes
2529 4295 2758 4348 aliarum
2800 4295 3034 4348 videndo
3059 4297 3168 4349 eris
3186 4296 3346 4366 virgo
3371 4294 3674 4350 virtutum.
3712 4320 3726 4348 ι
3755 4298 3843 4349 Sel

2274 4379 2430 4419 secus
2459 4380 2523 4418 ac
2554 4381 2703 4434 apes,
2735 4381 2854 4434 qua:
2875 4367 3149 4419 variorum
3173 4365 3365 4419 florum
3399 4367 3633 4421 libando
3659 4381 3844 4422 sna-em

2273 4436 2582 4508 gratissima
2607 4436 2816 4508 lingunt
2843 4435 3022 4490 mella.
3054 4435 3319 4508 Quares.
3338 4435 3597 4508 Publius
3621 4441 3843 4508 Zeugm-

2274 4506 2465 4570 tensis,
2488 4515 2548 4559 ut
2571 4506 2737 4560 refert
2756 4506 3130 4561 Theodoretns
3150 4507 3217 4562 de
3239 4507 3379 4560 Vilis
3403 4506 3665 4569 Patrum,
3679 4506 3779 4576 cap.
3798 4507 3844 4568 5.

580 4586 707 4651 num
757 4587 787 4624 a
833 4577 1158 4651 contumelia
1198 4579 1428 4633 liberum
1459 4578 1774 4651 dimisisset.
1809 4602 1827 4633 ι
1865 4577 2036 4648 Quam
2073 4597 2168 4634 au-
2193 4585 2246 4646 1)
2274 4580 2607 4651 monachost
2651 4593 2786 4646 quos
2826 4578 2883 4651 ξι)
2937 4577 3146 4632 cellulis
3199 4578 3489 4646 dispersos
3553 4582 3844 4651 regebat}!

579 4649 689 4722 tem
737 4654 1019 4722 acceptum
1069 4647 1180 4701 Deo
1227 4651 1498 4722 neminem
1542 4649 1790 4717 judicare
1833 4652 2168 4721 subsequens

575 4710 803 4794 historia
847 4710 1172 4794 manifestat.
1227 4719 1453 4785 Quidam
1505 4710 1804 4794 monachus
1834 4710 2169 4794 negligenter

576 4786 631 4836 in
691 4786 1024 4839 monasterio
1055 4789 1280 4852 vixerat,
1322 4800 1377 4843 ιιι
1407 4801 1596 4846 narrat
1627 4791 1684 4846 S.
1735 4786 2053 4848 Anastasius
2083 4792 2168 4846 Si-

578 4856 724 4907 na'ila
757 4854 808 4908 in
837 4859 1176 4936 sermonede'
1208 4861 1392 4914 sancta
1427 4860 1656 4936 Synaxi,
1681 4864 1771 4932 qui
1800 4864 1947 4936 gravi
1978 4865 2167 4936 morbo

577 4937 870 5002 oppressus
887 4929 1260 5002 jamanimam
1288 4945 1448 5002 agere
1471 4929 1772 4996 videbatur,
1793 4929 1964 4988 nihilo
1993 4934 2165 5002 magis

579 4995 646 5051 de
673 4997 786 5050 suis
811 5000 1048 5067 peccatis
1085 5009 1141 5055 et
1182 4995 1522 5073 negligentiis
1548 4995 1812 5058 sollicitus
1843 5023 1854 5056 :
1896 5005 1991 5060 sed
2020 4995 2167 5059 nullo

581 5073 772 5146 mortis
794 5079 936 5146 metu
970 5086 1264 5146 percussus
1298 5087 1507 5146 summa
1535 5090 1655 5128 cum
1679 5076 1972 5146 gratiarum
1997 5076 2168 5130 actio-

580 5151 648 5210 ne
671 5138 1036 5210 singularique
1080 5143 1245 5196 animi
1287 5144 1570 5199 alacritate
1600 5138 1707 5199 vita
1739 5146 2055 5200 excedebat.
2109 5146 2166 5200 1d

579 5209 814 5288 miratus
828 5209 966 5266 unus
987 5214 1266 5268 seniorum
1293 5215 1672 5278 assidentium,
1705 5232 1826 5288 eum
1858 5217 2165 5287 interroga-

579 5281 659 5331 vit
688 5281 815 5358 quid
848 5297 1026 5338 causze
1073 5293 1219 5358 esset
1248 5293 1307 5338 ut
1337 5294 1459 5358 post
1507 5295 1584 5340 tot
1636 5287 1993 5358 negligentias
2022 5281 2168 5341 nullo

579 5352 772 5404 mortis
798 5367 996 5428 pavore
1033 5352 1368 5428 afﬁceretur?
1396 5356 1486 5411 Ille
1532 5352 1828 5428 resputidit,
1878 5359 2166 5428 Equidem,

577 5423 864 5495 reverendi
912 5423 1123 5490 Patres,
1183 5427 1523 5495 negligenter
1567 5423 1856 5481 admodum
1901 5423 2032 5492 vixi,
2073 5430 2166 5484 sed

577 5505 724 5548 nunc
763 5494 866 5567 hac
904 5495 1018 5564 ipsa
1048 5497 1178 5550 hora
1209 5494 1513 5553 attulerunt
1541 5499 1673 5553 mihi
1711 5500 1888 5567 angeli
1922 5500 2017 5555 Dei
2048 5500 2166 5554 chi-

577 5565 904 5639 rographum
933 5577 1298 5636 peccatorum,
1329 5585 1466 5639 quae,
1506 5583 1574 5623 ex
1602 5583 1708 5638 quo
1737 5565 1982 5625 nuntium
2013 5587 2169 5625 mun-

581 5631 886 5701 do'reinisi,
920 5631 1383 5710 perpetraverani,
1415 5631 1792 5710 hisque-lectis
1816 5641 2070 5697 dixerunt
2097 5657 2166 5695 an

579 5717 652 5783 ea;
699 5720 1069 5774 agnoscerem.
1115 5709 1388 5783 Respondi
1444 5709 1630 5783 utique
1683 5726 1768 5766 me
1812 5727 2108 5783 agnoscere
2150 5731 2162 5766 :

580 5781 841 5838 attamen,
889 5790 957 5853 ex
999 5793 1107 5853 quo
1156 5781 1453 5853 monachus
1498 5781 1673 5839 factus
1719 5781 1869 5853 sum,
1889 5797 2067 5853 neque
2103 5783 2170 5853 de

582 5855 856 5913 quoquam
896 5843 1117 5902 homine
1147 5861 1235 5903 me
1261 5847 1554 5917 iudicasse,
1602 5863 1706 5907 nec
1758 5843 1917 5908 uittas
1956 5843 2169 5917 iniuria

2272 4662 2437 4700 unum
2463 4649 2640 4718 coegit
2667 4649 2994 4711 cmnobium,
3033 4658 3091 4702 ut
3118 4658 3262 4703 esset
3292 4652 3394 4703 hac
3420 4649 3640 4704 sancta
3658 4650 3844 4704 :emala-

2273 4718 2418 4772 tione
2444 4720 2584 4773 inter
2614 4733 2708 4772 eos
2729 4719 2893 4772 veluti
2921 4719 3308 4774 commercium
3331 4725 3844 4789 communicatecqe:

2271 4789 2554 4863 virtutum,
2586 4797 2645 4863 ut
2671 4806 2810 4844 unus
2833 4791 2902 4844 ab
2932 4790 3039 4863 alio
3067 4791 3552 4863 mansuetudinem
3583 4796 3842 4863 acciperet.

2271 4860 2409 4933 alter
2454 4861 2838 4933 humilitatem,
2895 4861 3209 4928 patientiam
3249 4860 3356 4926 ille,
3416 4864 3507 4916 hic
3564 4860 3842 4933 tempera-

2272 4931 2401 5003 tiam
2427 4945 2441 4983 :
2471 4932 2613 5003 haud
2645 4947 2805 4986 secus
2833 4947 2897 4985 ac
2918 4943 3251 4986 mercatores
3278 4933 3336 4987 in
3372 4931 3735 5000 nundinis,'a
3762 4933 3844 5003 qi

2270 5001 2371 5056 bus
2399 5002 2550 5054 varia
2583 5003 2814 5056 mercari
2838 5003 3032 5071 possis.

2343 5083 2364 5109 ο
2396 5071 2720 5126 Accelerare.
2749 5072 2804 5127 Id
2827 5082 2930 5136 est,
2953 5073 3202 5128 celeriter
3234 5089 3457 5141 curare,
3479 5079 3798 5134 emendate.

2339 5141 2365 5181 ά
2393 5141 2459 5195 In
2484 5159 2662 5212 penso.
2702 5143 2758 5198 ld
2781 5155 2887 5209 est,
2912 5145 2965 5198 in
3005 5144 3334 5214 aequalitate.

2346 5225 2396 5291 e__
2410 5215 2601 5267 Omnes
2626 5214 2836 5291 decani,
2862 5225 2967 5291 e_tc.
3010 5214 3134 5270 Haec
3157 5215 3507 5291 habehtnrin
3538 5218 3750 5291 [tegula
3771 5218 3846 5274 Νι

2272 5283 2330 5340 S.
2355 5283 2640 5339 Fructuosi
2671 5286 2838 5354 episc.
2871 5286 3053 5348 Brac.,
3083 5302 3204 5356 cap.
3238 5286 3332 5352 25,
3357 5289 3485 5343 cod.
3533 5283 3729 5348 Crass.
3758 5305 3847 5345 ne

2272 5356 2515 5410 nasterii.

2347 5426 2367 5464 τ
2411 5426 2624 5510 Ace‘dite
2647 5427 2857 5510 spiritu.
2908 5427 3134 5510 ‘Anndia,
3165 5428 3643 5510 inquqitkSuidas,
3663 5438 3700 5510 qi

2271 5499 2395 5569 μία,
2420 5497 2685 5569 ἀχθηδὼν,
2720 5499 2877 5558 λύπη.
2926 5499 3103 5555 Δὰϐιδ⁶
3153 5497 3558 5561 καὶίήκηόἰασεν
3588 5508 3676 5561 ἐπ’
3707 5497 3787 5561 ἔίὲ
3810 5505 3854 5558 τί

2272 5573 2472 5642 πνεῦμά
2495 5591 2615 5641 μου,
2644 5570 2820 5633 idest,
2855 5589 2874 5619 ι
2905 5571 3132 5633 desidia,
3167 5571 3338 5630 dolor.
3375 5574 3636 5629 tristitia.
3667 5570 3852 5630 David:

2273 5639 2341 5694 Et
2386 5639 2639 5712 anxiatus
2679 5650 2761 5712 est
2799 5654 2962 5710 super
2998 5656 3089 5712 me
3119 5643 3342 5712 spiritus
3368 5658 3552 5698 meus.
3591 5667 3612 5693 ι
3673 5647 3747 5700 De
3771 5648 3854 5697 hor

2272 5711 2532 5782 vocabulo
2554 5711 2676 5766 vide
2698 5711 3104 5782 Moschopulum
3129 5715 3180 5767 iu
3214 5714 3465 5779 Schedis,
3501 5726 3560 5771 et
3591 5727 3854 5773 auctoren

2271 5781 2482 5855 veteris
2528 5781 2931 5855 Etymologici.’
2971 5782 3083 5855 Hoc
3121 5785 3314 5855 vitium
3352 5789 3603 5843 maxime
3652 5789 3854 5843 infestat

2272 5850 2614 5910 monachosi'
2671 5850 2835 5909 Vinia
2878 5857 3008 5919 est,
3052 5851 3232 5925 inquit
3274 5854 3537 5913 Babanu
3581 5859 3682 5914 tib.
3713 5857 3854 5913 md-
