4088 6330
233 359 310 415 961

1060 353 1449 411 CONCORDIA
1487 351 1943 411 aesomnes.
1979 383 2049 393 —
2085 351 2238 410 car.
2280 305 2512 410 ιιχνιιι.

3337 351 3442 409 962
3457 425 3471 442 ν

233 468 392 532 inﬂati,
415 465 511 524 otio
532 473 588 523 et
605 480 796 523 somno
825 481 1020 523 vacare
1046 469 1290 539 cupiunt,
1329 475 1384 523 et
1409 467 1640 523 curiosis
1673 465 1754 521 fa-
1779 469 1833 530 Α
1857 475 2044 522 contra
2074 466 2251 537 ipsum
2275 466 2464 521 vitium
2507 465 2665 521 debet
2705 479 2969 538 pugnare,
2994 465 3049 520 in
3077 465 3220 535 quod
3258 481 3318 524 se
3351 483 3443 524 co-

233 560 349 616 bulis
371 559 722 624 sollicitantur,
746 568 800 614 et
822 560 964 628 quod
991 557 1141 631 pejus
1163 569 1268 625 est,
1285 572 1309 600 α
1337 575 1366 613 a
1389 559 1605 630 proprio
1635 574 1752 613 mo-

232 649 432 704 nasterio
449 665 502 705 se
534 648 748 705 auferre
783 650 1096 722 disponunt.
1128 651 1232 707 Alii
1257 668 1408 707 vanae
1432 651 1615 724 glorize
1641 650 1748 706 ela-

231 742 368 797 tionis
393 741 480 796 telo
520 742 572 796 in
595 742 828 798 diversis
856 744 1104 813 partibus
1123 743 1528 810 confodiuntur,
1579 751 1634 798 et
1664 741 1757 797 alii

229 831 319 886 alia
339 831 678 894 defendentes.
705 843 761 890 et
786 851 913 891 suas
938 852 1132 892 causas
1163 836 1600 908 magnificantes,
1631 835 1759 890 dum

226 923 387 979 volunt
415 923 600 1006 Christi
630 927 958 996 pauperibus
986 927 1190 983 similes
1214 945 1358 994 esse,
1388 929 1763 998 unusquisque

227 1016 279 1071 in
305 1017 428 1071 vanis
454 1016 565 1071 istis
595 1018 1014 1088 cogitationibus
1036 1020 1344 1086 elabuntur,
1369 1027 1422 1074 et
1442 1021 1596 1090 quasi
1631 1019 1707 1074 nil
1731 1034 1763 1074 a

226 1109 325 1166 Deo
369 1112 687 1182 acceperint,
751 1113 817 1168 de
867 1115 1106 1185 propriis
1155 1115 1363 1170 viribus
1399 1113 1758 1177 extolluntur;

222 1211 406 1260 etcum
439 1204 736 1260 laudatores
783 1221 888 1260 non
940 1207 1240 1271 inveniunt,
1284 1207 1386 1277 ipsi
1423 1207 1526 1262 sibi
1566 1207 1618 1260 in
1650 1204 1765 1261 suis

219 1296 436 1353 laudibus
454 1297 754 1369 prosiliunt.
781 1298 934 1354 Alius
965 1299 1031 1355 de
1059 1299 1398 1371 genealogia,
1429 1307 1484 1353 et
1506 1299 1572 1354 de
1603 1305 1766 1370 gente

218 1405 309 1448 sua
332 1391 502 1446 fatetur
526 1406 647 1446 esse
673 1391 969 1462 principes,
1011 1392 1150 1447 alius
1172 1393 1240 1447 de
1265 1392 1599 1463 parentibus,
1626 1390 1766 1446 alius

218 1483 282 1538 de
306 1481 565 1553 germanis,
606 1481 744 1538 alitis
773 1483 838 1536 de
859 1483 1125 1554 cognatis,
1153 1482 1292 1538 alius
1330 1484 1397 1538 de
1423 1481 1685 1537 fratribus
1713 1488 1771 1536 et

216 1572 613 1644 consanguineis,
660 1581 716 1627 et
756 1573 784 1613 δ
816 1573 1047 1639 idoneis,
1082 1573 1220 1629 alius
1271 1573 1337 1628 de
1378 1573 1604 1638 divitiis,
1631 1572 1768 1628 alius

215 1665 280 1721 de
318 1665 472 1736 specie
499 1663 821 1733 jnventutis,
853 1664 990 1719 alius
1029 1665 1094 1720 de
1116 1664 1244 1720 belli
1269 1663 1605 1728 fortitudine,
1634 1662 1771 1719 alius

214 1759 277 1812 de
298 1758 692 1830 perlustratione
719 1769 1009 1822 terrarum,
1038 1759 1178 1813 alius
1219 1758 1286 1814 de
1314 1759 1602 1828 sapientia,
1634 1758 1772 1813 alius

213 1850 276 1905 de
297 1850 517 1914 artificio,
542 1850 680 1904 alius
701 1851 765 1905 de

214 1947 573 2009 taciturnitate,
608 1946 746 2001 alius
771 1946 836 2000 de
859 1946 1186 2011 humilitate,
1218 1946 1359 2002 alius
1385 1947 1454 2002 de
1481 1946 1771 2011 charitate,

211 2039 340 2096 alius
359 2041 418 2094 de
455 2040 701 2112 largitate
734 2054 1046 2105 munerum,
1076 2040 1216 2094 alius
1245 2041 1312 2096 de
1335 2040 1605 2101 castitate,
1640 2038 1777 2093 alius

206 2131 273 2185 de
315 2131 620 2202 virginitate,
669 2131 810 2187 alius
842 2133 907 2186 de
939 2141 1278 2203 paupertate,
1319 2132 1459 2186 alius
1505 2132 1572 2186 de
1605 2130 1778 2184 absti-

201 2223 399 2287 nentia,
428 2223 561 2277 alius
589 2223 656 2277 de
679 2225 988 2278 orationum
1020 2222 1344 2293 frequentia,
1373 2223 1512 2277 alius
1547 2223 1613 2277 de
1645 2221 1780 2293 vigi-

197 2313 387 2379 lantia,
409 2314 538 2368 alius
577 2314 642 2368 de
669 2315 1002 2377 obedientia,
1033 2315 1171 2370 alius
1202 2315 1269 2370 de
1304 2314 1780 2369 abl-enuntiatione

194 2419 398 2468 rerum,
425 2405 557 2460 alius
583 2405 649 2459 de
671 2406 918 2476 legendo,
947 2405 1085 2458 alius
1107 2406 1173 2459 de
1194 2405 1506 2467 scribendo,
1539 2405 1678 2458 alius
1715 2404 1782 2459 de

191 2497 346 2552 vocis
373 2496 746 2552 modulatione.
787 2497 912 2552 Ilmc
938 2498 1144 2561 omnia,
1173 2513 1294 2567 quae
1324 2512 1486 2564 supra
1514 2495 1778 2566 perstrin-

192 2588 373 2645 ximus
410 2587 772 2658 unusquisque
813 2589 941 2643 dum
988 2588 1279 2658 aliquOties
1329 2587 1456 2642 talia
1493 2603 1602 2642 non
1641 2585 1781 2656 jussi

195 2679 538 2735 immoderate
567 2678 884 2750 loquuntur,
908 2679 1071 2735 toties
1089 2680 1144 2733 in
1171 2679 1463 2734 elationem
1493 2695 1647 2734 vana:
1670 2678 1783 2749 glo-

193 2769 299 2826 ria:
338 2769 613 2836 labuntur;
660 2778 716 2825 et
756 2786 824 2825 ex
857 2770 976 2840 ipso
1010 2771 1222 2835 morbo,
1252 2770 1379 2824 dum
1406 2768 1550 2838 quod
1578 2769 1781 2834 dicunt,

189 2863 228 2904 ά
259 2863 526 2919 vindicare
551 2864 908 2930 contendunt,
941 2864 994 2918 in
1016 2863 1323 2934 superbiam
1352 2863 1782 2933 praecipitantur.

191 2957 420 3027 Propter
454 2958 559 3012 hoc
579 2972 710 3026 ergo
734 2956 938 3028 jugiter
960 2954 1216 3024 jnbemus
1243 2955 1296 3010 in
1326 2954 1555 3009 collecta
1589 2955 1787 3010 fratres

189 3048 404 3114 adesse,
437 3057 492 3104 et
531 3065 638 3104 non
669 3049 955 3119 plusquam
1007 3057 1215 3118 septem
1265 3048 1378 3103 dies
1417 3048 1784 3117 interponere,

187 3151 254 3197 et
274 3158 368 3213 per
394 3157 582 3197 omnes
622 3140 739 3196 dies
773 3140 1082 3195 Dominicos
1108 3155 1287 3194 mores
1316 3139 1577 3209 pristinos
1603 3147 1658 3193 et
1700 3139 1783 3193 vi-

1857 559 2108 628 gnoverit
2139 567 2420 614 certamen
2451 557 2672 614 habere.
2703 557 2771 611 Et
2805 557 2947 630 quod
2976 557 3208 613 fortasse
3237 559 3302 613 ab
3323 558 3446 616 aliis

1859 641 2300 725 deprehenditur,
2322 655 2522 724 absque
2541 651 2865 708 verecundia
2891 651 3050 707 debet
3070 651 3442 720 manifestare,

1859 747 1950 818 qui
1971 746 2073 800 hoc
2095 745 2318 816 patitur.
2347 744 2500 812 Quod
2528 743 2573 800 si
2601 744 2824 799 minime
2849 743 3053 809 fecerit,
3077 758 3186 798 non
3212 758 3269 798 se
3294 750 3450 814 putet

1859 835 2097 908 effugere
2145 835 2443 900 diabolum,
2481 835 2501 876 ί
2531 844 2586 891 et
2624 851 2682 892 se
2730 835 3006 892 existimet
3032 834 3320 900 victorem,
3351 833 3448 891 sed

1861 926 2086 980 victum.
2134 925 2286 992 Quod
2317 925 2360 980 si
2394 923 2844 990 manifestaverit,
2875 933 2930 979 et
2974 941 3032 980 se
3056 941 3154 996 per
3179 923 3448 996 pteniten-

1863 1017 1994 1072 tiam
2026 1025 2120 1072 aut
2165 1016 2373 1088 flagella
2405 1017 2798 1084 emendaverit,
2847 1018 3106 1075 continuo
3132 1019 3346 1076 hostem
3389 1018 3454 1077 in

1865 1107 2075 1166 foveam
2095 1111 2457 1181 praecipitabit
2476 1118 2532 1166 et
2561 1110 2821 1183 impellet.

1926 1247 1954 1320 §
1988 1247 2052 1303 ν.
2077 1246 2248 1301 -Εχ
2281 1249 2308 1287 ε
2337 1244 2560 1303 Renum
2595 1261 2786 1302 SANCTI
2825 1245 3077 1302 Cassam
3109 1246 3250 1318 (cap.
3271 1244 3387 1320 28).

1938 1360 2138 1416 Decani
2169 1368 2352 1415 autem
2382 1360 2688 1416 sollicitudo
2719 1369 2774 1414 et
2799 1360 3034 1415 eruditio
3055 1360 3173 1416 haec
3191 1361 3297 1416 erit
3317 1374 3445 1431 erga

1868 1467 1992 1508 eum
2038 1467 2198 1520 quem
2249 1452 2351 1506 sibi
2396 1452 2464 1506 ab
2513 1451 2710 1507 abbate
2747 1452 3005 1507 traditum
3046 1452 3371 1524 susceperit,
3398 1457 3458 1505 ut

1873 1545 2066 1600 doceat
2092 1561 2214 1599 eum
2247 1543 2501 1614 primitus
2530 1558 2656 1598 suas
2685 1543 2904 1598 vincere
2945 1543 3288 1608 voluntates;
3339 1543 3461 1614 qui-

1871 1639 1972 1692 bus
2003 1653 2126 1692 eum
2156 1637 2445 1708 diligenter
2468 1651 2730 1692 exercens
2767 1636 2858 1690 illa
2886 1635 2936 1690 ei
2967 1635 3034 1691 de
3065 1635 3329 1691 industria
3363 1634 3464 1690 im-

1873 1738 2051 1800 peret.
2083 1745 2204 1800 quae
2261 1712 2493 1785 senserit
2534 1729 2716 1784 animo
2773 1727 2890 1797 ejus
2945 1745 3066 1785 esse
3121 1729 3395 1785 contraria
3445 1747 3459 1784 :

793 1862 813 1888 ο
847 1821 1164 1905 assemonis
1186 1821 1513 1920 eloque'nﬁa’
1542 1821 1680 1906 anus
1708 1852 1774 1906 de
1800 1838 1849 1898 Β
1876 1821 2006 1892 quia
2041 1822 2228 1876 multis
2255 1821 2647 1892 experimentis
2672 1821 2889 1875 doctum
2917 1827 3002 1899 est
3035 1835 3311 1889 nunquam
3339 1834 3466 1889 pos-

1877 1930 1935 1970 se
1958 1915 2286 1970 monachum
2324 1929 2452 1969 suas
2495 1913 2968 1984 concupiscentias
2997 1910 3309 1976 refrenare,
3360 1910 3466 1968 nisi

1879 2006 2033 2077 prius
2064 2022 2161 2077 per
2185 2006 2548 2060 obedientiam
2577 2005 2907 2060 mortificare
2932 2019 3062 2060 snas
3097 2003 3351 2059 didicerit
3372 2018 3467 2057 vo-

1887 2096 2159 2162 luntates;
2201 2112 2301 2151 nec
2331 2097 2529 2168 poterit
2558 2095 2696 2150 iram
2717 2137 2730 2162 ,
2780 2105 2874 2151 aut
2904 2097 3204 2161 tristitiam,
3235 2105 3330 2151 aut
3359 2096 3470 2166 spi-

1881 2190 2050 2244 ritum
2080 2189 2460 2245 fornicationis
2498 2191 2841 2261 exstinguere
2865 2231 2878 2254 ,
2924 2205 3025 2244 nec
3051 2205 3178 2246 cum
3208 2189 3472 2245 fratribus

1882 2281 2244 2337 humilitatem
2278 2281 2492 2336 firmam
2519 2289 2948 2352 perpetuamque
2969 2282 3206 2337 retinere
3227 2322 3242 2346 ,
3291 2297 3390 2336 nec
3416 2281 3470 2335 in

1882 2374 2306 2445 congregatione
2343 2373 2546 2428 diutius
2574 2389 2896 2442 permanere
2917 2415 2932 2440 ,
2975 2374 3070 2443 qui
3096 2373 3248 2444 prius
3276 2373 3470 2430 volun-

1883 2474 2024 2522 tates
2051 2483 2178 2521 suas
2205 2482 2311 2521 non
2344 2466 2601 2521 didicerit
2626 2482 2904 2536 superare.

2203 2576 2231 2649 ς
2261 2577 2348 2632 γι.
2372 2608 2443 2617 --
2469 2577 2544 2631 Ex
2577 2576 2795 2632 Rasum
2830 2576 3154 2634 Omen-nu.

1953 2668 2011 2724 In
2041 2670 2379 2724 monasterio
2411 2668 2656 2723 seniores
2681 2667 2791 2722 sint
2813 2667 2940 2733 duo,
2970 2669 3036 2724 ad
3057 2684 3196 2739 quos
3221 2669 3305 2724 vel
3328 2685 3466 2740 prm-

1884 2771 2042 2817 sente
2072 2762 2267 2817 abbate
2296 2762 2378 2836 vel
2407 2762 2631 2817 absente
2651 2761 2892 2816 omnium
2922 2759 3150 2817 fratrum
3177 2763 3464 2835 disciplina

1888 2862 1944 2908 et
1969 2853 2149 2907 omnis
2195 2869 2327 2908 cura
2362 2852 2678 2907 monasterii
2723 2853 3012 2922 pertineat,
3057 2855 3245 2910 dantes
3268 2854 3370 2910 sibi
3401 2855 3478 2912 vi-

1887 2962 1980 3004 ces
2001 2961 2099 3016 per
2127 2947 2263 3011 dies,
2315 2954 2371 3000 et
2409 2946 2711 3001 dividentes
2748 2947 2774 2987 ιι
2814 2963 2980 3002 υιιιιιιι
3018 2948 3163 3004 inter
3182 2963 3239 3004 se
3267 2949 3478 3018 pondus

1886 3057 1950 3098 ac
1998 3040 2382 3097 necessitatem
2428 3039 2788 3094 monasterii:
2824 3040 2840 3080 ί
2871 3055 2940 3094 ex
2983 3039 3182 3109 quibus
3233 3048 3476 3112 tempore

1891 3151 1990 3190 suo
2019 3150 2260 3204 prmsens
2286 3134 2338 3188 in
2368 3131 2698 3187 monasterio
2725 3146 2940 3201 semper
2976 3131 3080 3186 erit
3117 3133 3185 3186 ad
3211 3141 3476 3202 praestan-

193 3205 607 3292 tia-emendare.
653 3233 720 3297 Et
746 3233 868 3303 quis
898 3233 952 3287 in
999 3248 1106 3302 quo
1141 3243 1163 3271 ο
1189 3205 1558 3302 deprehensus
1597 3229 1779 3298 fuerit,
1811 3205 1856 3268 Ο
1887 3229 2015 3284 dum
2047 3226 2229 3281 abbati
2259 3224 2541 3290 solatium,
2582 3223 2668 3279 vel
2706 3223 3026 3294 obsequium
3053 3225 3468 3280 advenientibus

180 3368 377 3439 Agone
419 3367 752 3430 Christiano,
801 3381 898 3434 per
941 3365 1088 3439 quod
1114 3373 1270 3439 tepor
1294 3365 1496 3439 mentis
1517 3365 1781 3439 et_segni-

182 3435 300 3494 tiés
347 3439 505 3492 noxia
552 3439 746 3499 oritur,
790 3452 910 3505 qua!
947 3437 1219 3490 hominem
1251 3435 1495 3489 inutilem
1528 3437 1594 3489 ad
1619 3435 1781 3491 omne

173 3510 583 3581 opusghonum,
615 3509 984 3581 etproclivem
1013 3507 1087 3581 ad
1118 3507 1365 3581 inertiam
1397 3507 1591 3581 reddit.
1646 3506 1782 3581 [Iino

175 3575 448 3638 nascitur
478 3575 855 3642 somnolentia,
889 3578 1102 3648 pigritia
1128 3577 1310 3648 operis
1344 3575 1488 3648 boni,
1519 3576 1783 3630 instabili-

171 3659 278 3709 tas
309 3650 439 3709 loci.
469 3651 777 3720 pervagatio
801 3652 868 3704 de
896 3658 1012 3702 loco
1039 3648 1090 3701 in
1123 3647 1320 3720 locum,
1356 3647 1608 3720 tepiditas
1637 3648 1784 3720 labo-

175 3722 374 3787 randi,
411 3717 871 3778 taedium-cordis.
905 3718 1260 3773 murmuratio
1300 3726 1355 3770 et
1392 3717 1779 3786 vaniloqnium.

170 3794 395 3850 Acedia
420 3794 580 3862 juxta
607 3791 926 3847 Cassianum
949 3801 1032 3845 est
1061 3790 1277 3843 tmdium
1309 3797 1363 3841 et
1393 3789 1641 3862 anxietas
1667 3805 1784 3862 cor-

173 3865 296 3927 dis,
325 3860 450 3934 qua:
476 3864 697 3917 infestat
732 3863 1088 3934 anaclioretas
1117 3869 1169 3914 et
1203 3874 1367 3934 vagos
1403 3860 1459 3912 in
1494 3861 1783 3934 solitudine

165 3931 492 3991 monachos
517 3975 531 3996 ,
562 3935 796 3988 maxime
840 3933 985 3987 circa
1031 3933 1219 3985 horam
1248 3931 1353 3984 diei
1385 3939 1598 3984 sextam
1619 3971 1633 3995 ,
1680 3932 1784 3987 hoc

165 4016 294 4070 est,
330 4007 640 4066 meridiem,
673 4007 725 4059 in
752 4006 867 4075 ipso
898 4004 1029 4058 solis
1056 4004 1252 4075 ardore
1282 4001 1780 4075 vehementissimo,

164 4093 350 4148 quam
398 4070 1154 4148 quidamputantseniores
1202 4073 1253 4148 in
1295 4070 1430 4148 psal.
1479 4089 1545 4148 xc
1585 4074 1784 4148 daemo-

163 4143 341 4204 riium
387 4143 1079 4217 appellari'meridianum.
1130 4143 1470 4217 Astipulatur
1500 4144 1560 4197 ὃ.
1589 4145 1783 4217 Antio-

159 4221 325 4274 chus
353 4213 548 4290 ΙιοῖίιιιΪ
577 4217 642 4271 10
666 4235 680 4270 :
716 4222 803 4272 Bai
831 4217 1027 4289 σφόδρα
1049 4213 1609 4290 βαρύτατος-(δαίμων)
1641 4215 1784 4290 ὅστις

155 4293 308 4365 περὶ
340 4293 484 4365 iing
524 4288 670 4365 ἕκτην
702 4285 1310 4365 ἕμτςὶπξτείτῷμόναχῷ,
1345 4285 1396 4365 id
1427 4295 1543 4364 est,
1579 4287 1784 4354 gravis-

159 4355 654 4432 sit'nus'(tlaemon)
709 4355 802 4429 qui
834 4355 1456 4432 circahoram'sextam
1502 4355 1784 4432 impugnat

158 4425 528 4488 monachum
561 4449 574 4484 :
611 4425 772 4501 quem
818 4429 940 4484 vide
989 4429 1095 4501 ibi,
1150 4436 1206 4481 et
1246 4425 1562 4501 Cassianum
1600 4425 1690 4501 lib.
1725 4443 1779 4501 at.

153 4503 242 4558 Et
287 4512 448 4557 recte
485 4497 655 4556 sane':
689 4502 813 4556 licet
847 4501 989 4555 enim
1027 4499 1170 4554 hunc
1205 4499 1449 4552 morbum
1485 4497 1683 4567 partim
1713 4498 1781 4552 ab

1885 3360 2133 3484 homibnfs
2155 3367 2281 3414 sunt
2301 3356 2423 3428 vagi
2452 3366 2508 3412 et
2543 3356 2855 3422 instabiles,
2900 3365 3064 3428 atque
3091 3356 3261 3411 etiam
3288 3370 3353 3411 ex
3394 3353 3479 3409 ni-

1885 3446 1994 3484 mia
2055 3447 2124 3484 Ie

1885 3446 1994 3486 mia
2016 3446 2124 3484 DIle

2070 3542 2524 3604 Bellerophonteis
2544 3539 2956 3591 sollicitudinibus

1884 3648 2050 3720 pleni,
2076 3648 2178 3717 ipsi
2207 3647 2608 3720 Bellerophonti
2634 3646 2778 3701 haud
2804 3645 3119 3702 dissimiles.
3169 3644 3306 3702 Nam
3337 3653 3464 3719 post

1889 3735 2079 3774 casum
2106 3733 2235 3774 vere
2258 3719 2562 3773 acediosus.

2072 3837 2185 3900 Ipse
2207 3849 2348 3886 suum
2373 3848 2457 3885 cor
2481 3835 2639 3886 edens
2660 3837 2846 3900 campis
2871 3836 3072 3887 errabat
3092 3836 3255 3890 Maris.

1884 3938 2040 4010 Apud
2070 3937 2303 3994 Tullium
2337 3937 2507 4010 libr.t
2535 3937 2599 3992 de
2629 3937 2994 3993 Divinatione.
3044 3937 3170 3993 Han:
3199 3937 3470 3991 instabili.

1886 4009 1972 4065 tas
2015 4019 2198 4064 manat
2243 4025 2311 4063 ex
2360 4009 2520 4064 taedio
2559 4009 2820 4073 acediosi,
2871 4010 2962 4077 qui
3003 4026 3034 4063 a
3085 4010 3248 4064 rebus
3277 4010 3478 4064 creatis

1884 4081 2312 4136 consolationem
2337 4121 2352 4144 ,
2385 4096 2491 4134 non
2540 4095 2571 4133 a
2616 4081 2724 4135 Deo
2760 4081 3111 4142 emendicans
3131 4121 3146 4146 ,
3175 4078 3309 4134 nihil
3337 4079 3482 4148 quod

1885 4153 1988 4207 sibi
2013 4153 2245 4222 placeat,
2274 4151 2521 4222 invenire
2546 4159 2747 4220 potest.

1957 4224 1985 4263 δ
2015 4221 2261 4278 Ἰάοηείδ.
2305 4221 2487 4277 Idonei
2515 4230 2640 4276 sunt
2663 4225 2840 4288 servi,
2879 4224 2993 4278 sive
3034 4222 3214 4278 liberti
3244 4222 3482 4276 honora-

1884 4295 2124 4366 biliores.
2161 4293 2218 4348 Id
2242 4300 2394 4366 patet
2422 4307 2487 4347 ex
2514 4293 2606 4347 lib.
2646 4310 2705 4349 ιιι
2740 4295 2874 4366 legis
2907 4295 3359 4366 Wisigotharum,
3389 4293 3473 4366 tit.

1884 4365 1939 4429 5,
1967 4364 2002 4416 I.
2031 4366 2063 4419 9
2091 4383 2102 4418 :
2146 4383 2163 4414 ‹
2206 4361 2262 4418 Si
2294 4365 2518 4420 idoneus
2545 4381 2736 4420 servus
2761 4361 2862 4428 est,
2900 4365 2992 4434 qui
3023 4361 3362 4434 commisisw
3389 4363 3479 4434 de-_

1887 4436 2138 4506 tegitur,
2160 4445 2214 4506 et
2251 4435 2500 4506 idoneum
2542 4435 2794 4506 libertum
2827 4431 3071 4504 rapuisse
3098 4431 3483 4506 invenitur;_si

1892 4501 2125 4560 voluerit
2167 4505 2430 4558 Dominus
2472 4521 2502 4559 e
2533 4505 2705 4560 solido
2752 4501 2983 4558 cum'eo
3018 4511 3327 4570 componat.
3356 4524 3372 4553 ›
3419 4501 3489 4555 Et

153 4575 302 4643 ipsa
333 4575 594 4648 corporis
625 4573 1008 4648 constitutione
1036 4582 1101 4648 et.
1115 4569 1432 4625 humoribus
1452 4608 1467 4632 ,
1515 4569 1735 4648 partim_
1757 4583 1789 4623 a
1813 4574 1868 4635 1)
1896 4577 2057 4648 paulo
2085 4585 2206 4646 post
2232 4593 2246 4633 ς
2282 4593 2312 4648 ‹Δ
2333 4573 2427 4629 Sin
2454 4584 2636 4631 autem
2664 4576 2898 4648 rusticus
2920 4615 2934 4634 .
2966 4583 3022 4648 et
3044 4569 3337 4648 vilissimus
3367 4587 3484 4648 ser-

149 4641 354 4707 nimie,
385 4641 596 4713 partim
624 4644 693 4699 ab
719 4654 851 4699 testu
885 4641 1174 4697 immodico
1202 4655 1426 4696 manare
1457 4648 1666 4713 certum
1692 4641 1785 4706 sit,

145 4711 455 4770 diabolus
482 4724 686 4780 tamen,
720 4716 876 4784 cujus
905 4713 1235 4784 praecipuum
1272 4720 1354 4784 est
1382 4726 1520 4781 opus
1549 4711 1789 4784 homini:

144 4788 279 4841 bus
308 4787 485 4858 juxta
517 4802 706 4841 eorum
749 4783 1163 4858 dispoSitionem
1195 4783 1487 4858 insultare,
1523 4783 1787 4858 ejusmodi

141 4852 449 4912 morbum
476 4867 536 4913 et
559 4852 870 4928 languorem
889 4873 1000 4928 Anon
1018 4853 1370 4928 mediocriter
1385 4852 1678 4928 intendere
1703 4869 1791 4908 so-

135 4929 272 4991 let,
311 4929 587 4984 humores
615 4923 802 4983 noxios
833 4926 900 4981 ad
943 4924 1100 4993 hujus
1140 4923 1334 4978 veneni
1385 4923 1788 4979 instillattonem

139 5001 502 5055 irritando.
558 4999 687 5068 Ejus
728 4998 1026 5054 remedium
1067 4995 1344 5068 optimum
1371 5003 1452 5048 est
1485 4995 1789 5068 divinorum

133 5071 470 5126 librorum
505 5064 698 5134 lectio,
731 5085 838 5140 qua
877 5068 1051 5123 fervor
1079 5065 1378 5140 devotionis
1408 5064 1666 5140 paulatim
1692 5081 1790 5140 ex-

133 5142 420 5197 citatur.
469 5142 628 5209 Quod
657 5134 785 5196 olim
817 5147 1072 5210 expertus
1115 5145 1198 5210 est
1233 5136 1296 5210 Βἶ
1320 5134 1592 5210 Gosuinus
1619 5136 1788 5191 abbas

127 5207 610 5282 Aquicinensis,
655 5213 746 5283 qui
777 5207 908 5283 ctuti
925 5208 1186 5283 ejusmodi
1229 5207 1351 5283 tbe
1382 5207 1787 5283 eorroderetur,

130 5277 496 5356 Μόισιιιὶιιιιι
525 5277 863 5356 ὃζϐἐθεοισίἱ
900 5277 1128 5356 ιεὺιίοιιθ
1165 5277 1586 5356 Ιιιιιιο”ιιιοι·1›υιιι
1609 5279 1786 5356 ¹ςιεξριιέ

128 5357 242 5416 Iit,
298 5364 370 5408 ut
409 5353 542 5424 ejus
573 5365 692 5411 acta
719 5347 1010 5424 tEstantur.
1042 5350 1190 5424 ‘Sunt
1214 5356 1269 5402 et
1308 5347 1409 5401 alia
1427 5347 1697 5424 remedia,
1732 5355 1790 5402 ut

124 5417 510 5482 assiduitas
531 5428 654 5482 boni
683 5425 883 5495 operis,
903 5421 1229 5495 desiderium
1256 5417 1612 5495 praemiorum
1630 5427 1790 5495 teter-

123 5512 390 5552 norum
423 5539 442 5563 ,
502 5488 1249 5569 titanifestatio_tentationis,
1292 5488 1792 5569 stabilitasdociet

118 5560 472 5639 propositi
503 5571 622 5633 sui,
656 5562 1293 5639 exercitiumcujuslibet
1319 5560 1450 5613 artis
1480 5569 1534 5614 et
1571 5560 1786 5639 laboris,

121 5630 469 5695 inst-autin
502 5630 762 5696 orationis
796 5647 852 5695 et
877 5630 1177 5709 vigiliarum
1197 5673 1212 5700 ,
1260 5647 1379 5703 qum
1409 5641 1654 5686 recenset
1686 5630 1792 5686 Ra-

117 5712 269 5764 han
280 5725 365 5766 us
397 5711 537 5768 loco
566 5713 747 5768 citato.

226 5792 262 5819 ⁸
318 5780 382 5835 Α
412 5784 646 5848 praprio
670 5782 983 5839 monasterio
1013 5795 1068 5834 se
1089 5777 1297 5848 auferre
1319 5775 1624 5848 disponunt.
1651 5773 1794 5848 Idem

226 5798 262 5819 ⁸
318 5798 382 5835 Α
462 5800 528 5839 ro
569 5800 646 5838 r10
670 5798 983 5839 monasterio
1013 5798 1068 5834 se
1089 5798 1297 5848 aujerre
1319 5798 1624 5844 αιδρυηιυιι.
1651 5798 1794 5829 luctu

122 5858 349 5911 notat
517 5802 815 5914 Kntiochus
860 5851 1044 5912 homil.
1103 5849 1297 5915 citata;
1343 5845 1604 5920 ejusmodi
1652 5847 1794 5905 enim

1899 4643 1996 4703 vus
2016 4643 2138 4703 esse
2166 4645 2428 4709 noscitur,
2458 4656 2565 4702 etc.
2599 4667 2618 4698 ι
2665 4644 2766 4702 Ubi
2794 4646 2944 4701 vides
2966 4643 3372 4699 distinctionem
3404 4643 3485 4697 in-

1897 4727 1982 4774 ter
2037 4720 2288 4774 idoneum
2344 4733 2600 4780 servum,
2650 4724 2705 4772 et
2767 4716 3090 4772 vilissimum
3143 4731 3383 4778 servum,
3429 4721 3486 4767 et

1897 4791 2232 4865 mentionem
2263 4789 2452 4865 idonei
2471 4787 2673 4865 liberti,
2699 4788 2792 4858 qui
2825 4787 3136 4865 necessario
3157 4804 3186 4841 a
3211 4784 3484 4865 conu'nuni

1900 4869 1955 4916 et
1979 4863 2068 4916 vili
2103 4862 2298 4917 liberto
2329 4855 2742 4931 distinguendus
2765 4871 2876 4922 est,
2907 4861 3064 4931 juxta
3106 4873 3287 4912 mores
3319 4855 3486 4910 Wisi-

1897 4933 2210 5004 gothorum,
2239 4933 2382 4986 inter
2404 4947 2547 5004 quos
2574 4929 2792 5004 vivebat
2820 4929 2990 5004 hic‘S.
3019 4929 3375 4984 Fructuosus.
3457 4989 3463 4997 ί

1968 5015 1989 5043 ο
2034 5004 2372 5058 Assertionis.
2403 5001 2459 5056 Id
2491 5010 2598 5067 est,
2623 5003 2906 5056 orationis.
3400 5065 3410 5067 _
3458 5044 3461 5048 .

1964 5073 1991 5114 ἀ
2041 5075 2342 5129 Vindicare.
2405 5072 2462 5127 Id
2503 5065 2608 5137 est,
2661 5087 2927 5137 asserere,
2975 5069 3228 5143 probare,
3279 5065 3483 5124 confir-

1894 5161 2064 5201 mare.

1969 5227 1992 5288 f
2032 5217 2393 5288 Deprehensus
2421 5219 2600 5288 fuerit.
2631 5214 2870 5288 Alterius
2905 5213 3192 5288 delatione.

1969 5286 1989 5325 ί
2033 5281 2179 5342 Είδρ
2203 5281 2482 5343 existimet.
2529 5289 2670 5359 Lege
2689 5328 2704 5352 ,
2762 5283 2870 5359 Nec
2896 5302 2950 5359 se
2973 5284 3230 5359 existimet
3249 5323 3264 5347 ,
3285 5290 3354 5359 _ut
3384 5281 3480 5336 ha-

1891 5357 2127 5430 beturin
2161 5359 2362 5430 Regula
2395 5376 2495 5414 ms.
2528 5352 2642 5413 Non
2675 5365 2762 5412 est
2787 5355 2878 5410 ille
2906 5356 3095 5430 victor,
3128 5355 3220 5408 sed
3241 5352 3423 5430 victus
3445 5367 3478 5407 a

1892 5428 2128 5494 diabolo,
2159 5425 2423 5498 qui'juste
2448 5438 2734 5485 accusatus
2775 5442 2882 5481 non
2913 5425 3131 5491 fatetur,
3161 5425 3255 5480 sed
3284 5439 3478 5495 proca-

1893 5499 2030 5554 citer
2061 5517 2218 5554 suum
2246 5501 2487 5554 defendit
2515 5513 2778 5554 errorem.

1975 5573 2002 5613 ⁸
2039 5570 2231 5641 Regula
2259 5571 2317 5626 S.
2343 5570 2605 5625 Cassiani.
2638 5568 2755 5624 Lib.
2789 5567 3219 5641 tvlnstitq‘rap».
3251 5568 3304 5620 8.

1971 5644 1998 5683 ιι
2041 5637 2218 5696 Utinm
2244 5643 2467 5712 pondus.
2496 5644 2554 5696 τὸ
2582 5655 2742 5694 unum
2766 5640 2980 5712 videtur
3002 5637 3323 5712 redundare.

1978 5715 1990 5754 ί
2039 5712 2125 5767 Ea:
2151 5707 2337 5784 quibus
2377 5723 2604 5783 tempore
2631 5727 2748 5766 suo.
2794 5709 2936 5782 Lege
2970 5727 2982 5764 :
3014 5708 3101 5764 Ea:
3129 5707 3315 5779 quibus
3350 5720 3487 5762 unus

1902 5794 2131 5856 tempore
2152 5801 2268 5839 suo.

3264 5933 3326 5944 '7..—
