4088 6330
292 372 391 431 977

395 485 423 557 §
451 481 544 539 IX.
565 511 636 523 —
658 477 739 537 Ex
765 474 989 536 Renum
1019 490 1208 534 SANCTI
1238 477 1444 532 BASILII
1477 475 1615 548 (cap.
1647 472 1783 547 16)..

359 576 624 646 Interrog.
649 584 676 615 ι
714 574 1038 628 Peccantem
1081 570 1351 641 quomodo
1381 569 1756 639 corripiemus,
1787 565 1873 622 vel

291 665 726 726 emendabimus‘!
745 694 817 706 —
841 663 998 735 Resp.
1024 662 1359 732 Praeceptum
1391 660 1550 716 sicuti
1580 667 1664 715 est
1690 674 1722 713 a
1767 659 1872 714 Do-

290 759 435 814 mino
463 756 676 812 dicente
699 769 714 808 :
743 752 801 810 Si
827 752 1110 824 peccaverit
1139 752 1194 805 in
1220 761 1268 805 te
1307 751 1473 821 frater
1494 761 1638 816 tuus,
1665 749 1793 804 uade
1821 756 1872 802 et

290 863 449 918 argue
493 862 612 900 eum
646 846 784 900 inter
821 853 871 898 te
897 852 946 898 et
989 843 1162 913 ipsum
1204 840 1394 896 solum.
1438 841 1500 898 Si
1534 841 1759 896 audierit
1799 849 1869 905 te,

289 937 524 992 lucratus
549 954 602 992 es
635 936 854 1007 fratrem
902 943 1070 989 tuum.
1119 933 1181 989 Si
1221 951 1337 989 vero
1375 950 1480 988 non
1521 944 1572 988 te
1609 933 1868 998 audierit,

289 1044 496 1083 assume
524 1035 694 1082 tecum
730 1025 894 1080 alium
919 1024 993 1080 vel
1026 1025 1190 1090 duos,
1215 1035 1272 1078 ut
1310 1026 1365 1078 in
1396 1041 1484 1078 ore
1518 1023 1763 1090 duorum,
1791 1021 1872 1076 vel

289 1119 446 1174 trium
474 1119 684 1174 testium
710 1126 808 1172 stet
853 1133 1004 1171 omne
1032 1118 1262 1172 verbum.
1308 1115 1462 1182 Quod
1495 1117 1541 1170 si
1569 1117 1728 1170 etiam
1763 1115 1872 1186 ipse

289 1225 391 1264 non
426 1209 671 1272 audierit,
708 1208 794 1262 dic
824 1206 1119 1262 Ecclesiae:
1149 1208 1196 1261 si
1220 1216 1394 1260 autem
1433 1204 1726 1260 Ecclesiam
1768 1221 1873 1260 non

287 1302 542 1366 audierit,
573 1302 641 1356 sit
678 1301 770 1354 tibi
805 1301 938 1355 sicut
975 1299 1185 1368 gentilis
1217 1308 1265 1354 et
1301 1298 1611 1370 publicanus
1653 1297 1868 1371 (Matth.

286 1391 471 1465 xvm).
504 1391 563 1447 Si
591 1391 730 1446 forte
767 1390 1066 1460 increpatio
1100 1391 1240 1455 haec,
1270 1405 1391 1461 qua:
1431 1405 1461 1444 a
1490 1387 1738 1458 pluribus
1775 1389 1870 1456 ﬁt,

286 1483 498 1540 eveniat
521 1483 572 1538 ei
599 1483 654 1538 in
679 1481 907 1538 salutem
941 1499 954 1535 :
984 1488 1040 1537 et
1065 1481 1208 1535 sicut
1239 1479 1371 1536 dicit
1402 1478 1732 1550 Apostolus:
1767 1479 1870 1534 Ar-

285 1591 404 1646 gue,
425 1575 658 1645 increpa,
679 1573 706 1613 1³
721 1571 994 1628 consolare
1013 1572 1068 1626 in
1088 1571 1228 1626 omni
1250 1571 1502 1642 patientia
1519 1569 1606 1643 (II
1622 1569 1867 1642 Timuv).

285 1664 354 1720 Et
395 1679 653 1720 rursum:
687 1663 749 1720 Si
793 1665 910 1735 quis
954 1679 1056 1717 non
1107 1663 1321 1716 obaudit
1363 1661 1516 1716 uerbo
1556 1671 1737 1716 nostro
1781 1679 1875 1732 per

285 1755 578 1827 epistolam,
605 1756 744 1810 hunc
767 1762 978 1819 notate;
1002 1763 1051 1808 et
1083 1770 1187 1808 non
1209 1754 1648 1808 commisceamini
1669 1770 1788 1808 cum
1811 1770 1873 1809 eo

285 1848 397 1903 sine
423 1847 582 1902 dubio
606 1858 630 1888 α
658 1847 728 1902 ad
753 1862 987 1902 mensam
1013 1844 1101 1916 (II
1126 1844 1307 1900 Thess.
1333 1843 1419 1914 ιι).

597 1942 627 2014 §
655 1941 725 1997 Χ.
747 1973 820 1983 —
839 1941 975 1997 Item
998 1941 1237 2011 ejusdem
1269 1939 1412 2012 (cap.
1437 1939 1550 2010 22).

359 2036 387 2076 ἀ
414 2035 518 2105 Qui
547 2035 866 2108 paenituerit
910 2050 1009 2106 pro
1035 2034 1220 2105 aliquo
1247 2043 1496 2103 peccato,
1523 2042 1580 2089 et
1605 2049 1791 2091 rursus
1820 2033 1878 2090 in

286 2124 390 2181 boc
436 2125 614 2196 ipsum
645 2133 931 2196 peccatum
978 2123 1254 2189 inciderit,
1299 2122 1430 2193 quid
1473 2122 1672 2179 faciet?
1701 2123 1752 2179 Is
1782 2123 1876 2194 qui

285 2217 451 2273 semel
481 2217 708 2286 deliquit
732 2223 787 2270 et
812 2216 1012 2271 iterum
1036 2215 1092 2270 in
1135 2220 1419 2285 peccatum
1456 2214 1711 2281 incurrit,
1738 2213 1876 2270 indi-

288 2321 416 2363 care
438 2307 503 2362 de
528 2321 587 2362 se
615 2306 831 2361 videtur
859 2306 964 2360 hoc
989 2303 1245 2377 primum,
1270 2304 1416 2375 quod
1442 2305 1508 2359 ab
1535 2303 1627 2359 illo
1652 2311 1875 2375 peccato

284 2398 453 2467 priori
482 2413 590 2453 non
621 2397 788 2453 fuerit
815 2404 1161 2467 expurgatus,
1193 2410 1262 2450 ex
1301 2410 1409 2464 quo
1439 2394 1588 2450 velut
1616 2409 1649 2449 a
1691 2395 1874 2451 radice

285 2494 518 2562 quadam
564 2493 805 2564 pessima
851 2494 1073 2558 eadem,
1108 2505 1229 2561 quae
1277 2498 1470 2556 antea,
1520 2488 1868 2560 pullularunt.

286 2582 379 2639 Sic
413 2593 498 2639 est
541 2584 686 2639 enim
732 2582 888 2653 quasi
916 2583 1039 2652 quis
1068 2583 1322 2638 arborum
1365 2596 1545 2636 ramos
1589 2581 1870 2647 excidens,

285 2675 332 2732 si
361 2675 602 2732 radicem
625 2675 904 2746 relinquit,
930 2675 1025 2730 ubi
1051 2674 1207 2730 radix
1243 2673 1402 2729 ﬁrma
1428 2679 1731 2744 permanet,
1761 2672 1874 2728 vir-

286 2769 432 2842 gulta
458 2770 634 2826 denuo
675 2767 920 2838 ejusdem
965 2766 1189 2823 seminis
1216 2766 1560 2838 geminabit,
1588 2765 1666 2820 ita
1706 2765 1870 2820 etiam

283 2871 588 2933 peccatum.
622 2862 889 2931 Quoniam
919 2875 1024 2917 non
1064 2875 1256 2917 omnes
1295 2859 1389 2931 qui
1427 2860 1766 2931 delinquunt,
1804 2873 1874 2913 ex

285 2955 373 3012 his
408 2954 647 3026 peccatis
673 2954 886 3012 initium
925 2961 1164 3019 sumant,
1195 2953 1293 3008 sed
1332 2968 1400 3009 ex
1435 2952 1558 3007 aliis
1600 2951 1874 3007 interdum

359 3101 384 3130 α
427 3085 761 3154 Peccantem,
788 3094 894 3143 etc.
922 3087 1115 3143 Exstat
1140 3087 1280 3156 apud
1307 3085 1366 3140 S.
1390 3084 1650 3156 Basiliam
1677 3085 1868 3141 interr.

285 3160 321 3214 3
348 3157 536 3229 Regul.
565 3159 740 3224 brev.,
767 3165 822 3229 et
867 3158 1009 3229 apud
1041 3155 1324 3221 Ruﬁnum,
1354 3171 1474 3226 cap.
1509 3155 1596 3229 17.
1628 3155 1687 3210 In
1720 3164 1870 3211 textu

287 3225 476 3303 Graio
512 3229 770 3303 additur:
796 3228 826 3288 ἢ
852 3225 922 3298 pri
967 3228 1336 3303 ἐπιστρέφοντα
1380 3225 1492 3303 πῖις
1533 3225 1676 3297 ἔχειν
1733 3232 1868 3303 χρῇ,

287 3300 342 3355 id
369 3307 468 3366 est,
503 3317 522 3350 ‹
551 3297 636 3352 vel
663 3313 792 3369 erga
821 3297 945 3354 eum
967 3298 1060 3367 qui
1082 3297 1190 3352 non
1219 3297 1571 3360 convertitur,
1601 3297 1872 3368 quomodo

287 3385 349 3407 cn
376 3384 562 3407 oar-aro
584 3369 829 3407 nnnrtnl?
858 3388 874 3407 ι

286 3385 349 3429 se
375 3384 562 3440 gerere
584 3375 829 3439 oportet?
857 3388 874 3421 ι

362 3441 388 3479 b
427 3437 728 3492 Consolare.
769 3437 924 3508 Apud
955 3437 1208 3492 Ruﬁnum
1244 3455 1257 3491 :
1291 3437 1541 3508 Obsecra,
1577 3437 1870 3493 consolare.

285 3509 349 3582 l_n
399 3516 548 3563 textu
563 3507 784 3582 _Gr:eco,
801 3507 1188 3582 perpetualia-3v,
1217 3507 1676 3582 quod‘utrumque
1706 3508 1874 3577 signi-

289 3580 455 3643 ﬁcat;
486 3578 581 3632 sed
610 3593 773 3632 unum
801 3577 993 3633 horum
1023 3577 1240 3643 suﬁicit,
1266 3585 1328 3631 ut
1355 3577 1412 3632 in
1453 3577 1703 3632 versione
1731 3592 1876 3633 com-

286 3648 467 3713 muni,
495 3647 588 3702 ubi
616 3655 700 3702 est
728 3656 953 3713 tantum,
983 3648 1215 3702 obsecra.

363 3729 386 3757 ο
427 3718 509 3771 Ad
549 3733 802 3772 mensam.
832 3718 890 3772 1n
922 3718 1116 3788 Ruﬁno
1149 3731 1349 3772 excuso
1375 3716 1489 3788 :Ad
1516 3733 1717 3788 mensa:
1750 3734 1875 3788 par-

287 3788 668 3858 ticipationem.
699 3788 806 3842 Sed
835 3797 1019 3842 textus
1058 3787 1277 3842 Grmcus
1303 3787 1453 3840 Pauli
1481 3787 1639 3842 aliter
1676 3787 1755 3842 se
1777 3788 1874 3841 ba-

283 3857 419 3914 bet:
450 3862 538 3916 καὶ
565 3865 636 3929 μή
663 3863 1048 3935 σιξναμήγηυᾳθι
1083 3861 1348 3935 αὐτῴρ-ἶνα
1376 3859 1425 3912 ἐν
1454 3857 1738 3935 τρα-πῇηὶᾱ
1766 3866 1870 3924 est,

293 3948 315 3980 ι
346 3940 400 3983 et
427 3945 497 3984 ne
538 3927 994 3984 cummisceamini
1032 3944 1154 3983 cum
1192 3927 1306 3994 illo,
1336 3937 1396 3982 ut
1433 3927 1812 3983 cdnlundatur.
1848 3949 1866 3980 ι

287 3999 398 4054 Sed
430 3999 624 4069 legisse
669 3998 882 4053 videtur
924 3999 1171 4064 Ruﬁnus,
1205 4002 1256 4055 ἐν
1279 4001 1531 4072 «punita,
1578 3998 1634 4053 id
1668 4006 1784 4064 est,
1816 3999 1874 4054 in

283 4085 474 4126 mensa
483 4109 497 4123 .

360 4138 388 4178 ἀ
423 4139 523 4205 Qui
575 4139 905 4209 paenituerit,
943 4147 1049 4194 etc.
1093 4139 1382 4208 Reperitur
1422 4139 1563 4209 apud
1613 4137 1874 4209 S.,Basi-

284 4210 454 4275 lium,
488 4208 691 4280 interr.
720 4210 826 4266 289
870 4209 1063 4280 Regul.
1098 4209 1284 4276 Brev.,
1313 4218 1369 4265 et
1398 4208 1538 4280 apud
1583 4208 1870 4275 Ruﬁnum,

284 4296 412 4390 cae.
583 4351 813 4405 radicem
847 4349 1000 4406 habet
1035 4367 1101 4405 ea:
1143 4351 1446 4421 arrogantia
1485 4359 1535 4404 et
1568 4349 1872 4421 cupiditate,

277 4428 397 4477 etc.
429 4420 589 4492 Lege,
616 4431 677 4475 ut
705 4421 844 4492 apud
875 4421 1166 4476 Ruﬁnum:
1197 4420 1303 4475 Sed
1341 4420 1571 4492 radicem
1597 4420 1750 4473 habet
1787 4437 1877 4473 ar-

280 4490 594 4563 rogantiam
633 4508 698 4546 ea:
739 4490 1026 4563 cupiditate
1065 4492 1310 4545 humana:
1344 4490 1517 4563 laudis
1564 4492 1869 4546 venientem.

556 4561 784 4648 Graece}
809 4560 937 4648 iure
1132 4571 1233 4648 τῆς
1253 4560 1539 4648 φιλοδᾼοξξςις.
1573 4563 1869 4648 βλαστάνει,
1896 4587 1952 4648 D

281 4632 350 4689 id
376 4640 479 4703 est,
512 4650 530 4683 ‹
561 4634 630 4687 ab
656 4632 837 4703 radice
867 4632 1138 4703 appetitus
1162 4632 1346 4703 gloriae
1374 4632 1621 4703 pullulat.
1646 4651 1665 4684 ι

371 4701 390 4740 ί
425 4703 527 4756 Aut
567 4702 979 4756 contentionibus
1009 4701 1204 4768 studet,
1229 4711 1335 4758 etc.
1367 4701 1445 4756 Ita
1473 4702 1702 4757 habetur
1731 4702 1873 4771 apud

280 4772 588 4849 Ruﬁnum;
620 4774 714 4828 sed
736 4771 1183 4849 parumAdellectit
1203 4789 1230 4825 a
1259 4781 1408 4849 textu
1429 4771 1619 4828 Graeco
1643 4791 1666 4849 :_
1685 4773 1875 4849 ξερίζει

276 4850 368 4914 τῷ
411 4840 795 4925 ιῦδοκεξιοῦναςὶ,
823 4843 854 4903 ἦ
897 4843 1065 4912 φθονεῖ
1112 4842 1607 4925 παρευδοκιμοῡνει,
1651 4842 1708 4898 id
1742 4840 1871 4924 ἐξει,

289 4931 313 4964 ι
338 4912 626 4969 contendit
670 4913 928 4967 adversus
955 4926 1075 4966 eum
1095 4953 1110 4979 ,
1136 4912 1229 4982 qui
1274 4921 1358 4968 est
1386 4912 1439 4967 in
1484 4913 1662 4982 aliqua
1690 4912 1877 4967 existi-

279 4983 554 5049 matione,
595 4983 677 5039 vel
708 4982 912 5038 invidet
937 4982 1020 5048 ei,
1051 4999 1082 5037 a
1110 4997 1216 5052 quo
1247 4998 1304 5037 se
1348 4983 1494 5036 videt
1540 4982 1682 5037 fama
1720 4997 1878 5051 supe-

281 5053 430 5111 rari.
454 5073 474 5108 ι
500 5054 664 5109 Recte
689 5051 936 5122 quidem;
965 5069 1090 5108 nam
1117 5051 1480 5122 imprudentes
1503 5059 1664 5122 atque
1683 5052 1870 5122 invidi,

279 5133 358 5178 ut
386 5125 574 5180 scribit
601 5124 656 5179 S.
682 5121 920 5193 Isidorus
943 5121 1212 5178 Pelusiota
1238 5123 1332 5179 lib.
1357 5139 1412 5187 v,
1439 5123 1595 5193 epist.
1633 5121 1776 5193 256;
1807 5124 1873 5193 'ljb

279 5202 449 5270 μῖσος
468 5191 845 5270 τρέφᾳυσιγᾳοῦἑκ
865 5193 961 5270 Δάφξ
980 5193 1045 5249 ὧν
1068 5193 1375 5270 ἠδικήᾷηᾳαν
1408 5187 1590 5270 (iicreat
1606 5196 1706 5270 σγᾴρ
1730 5187 1788 5270 ειν
1813 5191 1871 5252 ἦν

277 5264 422 5339 ἴσως
442 5264 630 5339 quantis)
657 5265 764 5339 ἀλλξ
799 5265 878 5336 ἀφ’
917 5264 1109 5339 einunc
1139 5265 1459 5339 xar‘uc'msrriu
1492 5264 1715 5324 σύκλιίάς
1743 5265 1873 5318 ἀπο-

278 5334 659 5406 λιμπάνονται;
704 5335 758 5390 id
799 5334 902 5401 est,
940 5353 958 5386 ‹
985 5335 1150 5390 Alunt
1188 5334 1370 5406 odiu'm
1410 5349 1514 5406 non
1551 5349 1676 5406 erga
1707 5348 1802 5406 eos
1841 5346 1872 5386 a

283 5402 496 5478 quibus
529 5406 1099 5478 adeeti‘suntiinjuria
1145 5405 1345 5478 (minus
1387 5404 1544 5478 enim
1574 5402 1635 5478 id
1671 5402 1872 5458 malum

284 5473 531 5533 fortasse
575 5475 764 5550 foret),
796 5477 890 5532 sed
927 5473 977 5530 a'
1000 5473 1196 5547 quibus
1235 5475 1452 5530 virtutis
1497 5473 1667 5546 gloria
1709 5487 1872 5544 supe-

285 5555 510 5604 rantur.
535 5567 554 5600 ο
1531 5569 1534 5571 λ

376 5619 401 5656 ε
441 5615 498 5672 Si
523 5620 638 5688 quis
665 5627 860 5685 autem,
894 5626 997 5674 etc.
1027 5618 1221 5673 Exstat
1250 5616 1392 5687 apud
1423 5615 1482 5672 S.
1511 5615 1766 5688 Basilium
1794 5615 1878 5670 in—

290 5696 436 5760 terr.
453 5703 520 5760 _1_v
536 5687 738 5760 Regul.
766 5689 945 5755 Brev.,
973 5698 1030 5745 et
1055 5690 1196 5760 apud
1223 5688 1498 5752 Ruﬁnum,
1522 5702 1651 5760 cap;
1673 5687 1758 5760 l8.

371 5758 399 5832 ξ
442 5755 591 5812 Nihil
625 5755 822 5830 dportet
851 5755 1106 5832 tanquam
1128 5774 1345 5829 parvum
1379 5755 1875 5832 sperniJExiguum

291 5827 492 5884 vitium
533 5844 628 5886 seu
658 5827 965 5902 peccatum
995 5846 1102 5888 non
1129 5827 1544 5900 spernendum,
1589 5828 1714 5898 quia
1757 5843 1875 5883 ser-

1214 358 1605 421 couconnu
1642 356 2102 418 REGULARUM.
2134 336 2214 399 ⁷-
2250 357 2402 415 CAP.
2443 356 2612 414 xxx.

1893 474 2152 542 Adelicti
2195 473 2410 530 occasio
2440 474 2703 529 nascitur.
2756 471 3133 530 Necessarium
3167 487 3298 546 ergo
3345 473 3396 531 ei
3446 483 3550 542 cst,

3444 363 3552 420 973

1975 566 2067 638 qui
2112 565 2227 620 vult
2256 565 2404 621 omni
2441 566 2602 621 modo
2638 580 2873 638 purgare
2910 581 2969 620 se
3007 581 3036 619 a
3079 573 3305 635 peccato
3343 567 3556 636 primas

1973 658 2143 730 ipsius
2185 673 2378 713 causas
2405 656 2575 728 culpze
2620 657 2918 713 succidere.
2957 653 3122 713 Verbi
3160 659 3356 729 gratia,
3397 659 3444 714 si
3487 674 3557 715 ex

1974 749 2317 806 contentione
2362 749 2448 804 vel
2490 764 2558 804 ex
2599 748 2798 804 invidia
2842 748 3036 814 fuerit,
3076 763 3184 804 non
3223 763 3256 803 a
3287 763 3347 804 se
3389 750 3560 806 sumit

1972 841 2287 908 exordium,
2316 852 2339 880 θ
2377 839 2473 896 sed
2514 839 2750 898 radicem
2805 840 2968 895 habet
3005 855 3073 894 ex
3116 840 3465 912 arrogantia,
3502 852 3562 896 et

1972 933 2266 1005 cupiditate
2306 933 2558 988 humanae
2623 931 2809 1004 gloriae
2854 932 3182 987 venientem.
3229 933 3365 988 Dum
3413 932 3560 987 enim

1972 1028 2200 1102 gloriam
2241 1027 2471 1097 quisque
2514 1026 2708 1097 quaerit
2749 1026 2819 1082 ab
2863 1026 3192 1092 hominibus,
3240 1025 3259 1065 τ
3295 1033 3389 1081 aut
3431 1041 3561 1082 con-

1973 1122 2306 1180 tentionibus
2329 1122 2530 1189 studet,
2563 1129 2658 1177 aut
2682 1130 2829 1179 recte
2859 1122 3143 1195 agentibus
3177 1122 3400 1189 invidet,
3431 1122 3561 1178 huic

1973 1217 2182 1274 scilicet
2224 1231 2324 1287 per
2361 1230 2523 1287 quem
2557 1215 2772 1271 videtur
2800 1215 2916 1287 ipse
2945 1216 3126 1270 minus
3165 1215 3221 1270 in
3257 1215 3436 1281 laude,
3474 1214 3562 1269 vel

1974 1309 2030 1364 in
2076 1307 2434 1363 admiratione
2496 1306 2706 1362 haberi.
2758 1305 2816 1362 Si
2868 1307 2991 1377 quis
3034 1321 3166 1379 ergo
3209 1306 3375 1362 semel
3405 1314 3562 1362 nota-

1975 1408 2062 1455 tus
2097 1398 2262 1454 fuerit
2294 1398 2508 1454 invidias
2543 1398 2630 1453 vel
2666 1398 3032 1454 contentionis
3069 1399 3222 1463 vitio,
3255 1407 3312 1454 et
3344 1413 3562 1453 rursum

1975 1490 2030 1546 in
2065 1490 2168 1546 hoc
2196 1491 2369 1562 ipsum
2411 1489 2681 1555 inciderit,
2714 1490 2852 1544 sciat
2895 1505 2955 1546 se
2981 1489 3212 1561 primam
3249 1490 3396 1545 illam
3428 1505 3564 1545 cau-

1975 1597 2114 1649 sam,
2143 1582 2211 1638 de
2233 1581 2342 1652 qua
2369 1597 2534 1653 supra
2561 1581 2818 1647 diximus,
2847 1597 2914 1636 ex
2942 1597 3048 1652 qua
3078 1582 3281 1638 invidia
3309 1583 3397 1639 vel
3434 1598 3564 1638 con-

1977 1673 2146 1730 tentio
2205 1672 2479 1738 nascitur,
2523 1674 2578 1728 in
2637 1672 2987 1729 interioribus
3042 1673 3294 1730 medullis
3361 1675 3565 1731 habere

1976 1765 2331 1821 reconditam.
2381 1764 2609 1837 Oportet
2663 1780 2794 1836 ergo
2854 1780 2980 1820 eum
3026 1772 3083 1820 et
3128 1781 3228 1836 per
3285 1766 3564 1822 contraria

1907 1846 1956 1908 Β
1984 1871 2146 1931 atque
2182 1861 2412 1918 adversa
2441 1859 2645 1926 curari,
2684 1860 2740 1916 id
2766 1867 2880 1927 est,
2915 1873 3016 1932 per
3041 1859 3368 1916 humilitatis
3407 1872 3566 1915 exer-

1979 1951 2186 2007 citium.

2285 2044 2313 2116 §
2340 2043 2432 2099 XI.
2455 2074 2526 2084 —
2545 2042 2681 2099 Item
2718 2043 2954 2114 ejusdem
2979 2043 3119 2118 (cap.
3145 2043 3256 2117 i7).

2047 2136 2309 2206 Interrog.
2341 2137 2370 2177 ⁸
2397 2135 2456 2190 Si
2487 2135 2610 2206 quis
2644 2143 2825 2191 autem
2869 2135 2924 2191 in
2966 2137 3148 2207 parvis
3183 2135 3396 2192 delictis
3423 2135 3564 2191 allii-

1977 2241 2104 2298 gere
2130 2226 2368 2282 voluerit
2409 2224 2629 2292 fratres,
2661 2226 2866 2292 dicens,
2904 2227 3031 2298 quia
3060 2226 3268 2282 debetis
3302 2227 3571 2298 pmnitere

1974 2334 2075 2388 per
2103 2317 2335 2389 singula,
2366 2332 2436 2371 ne
2466 2316 2608 2375 forte
2635 2324 2691 2372 et
2720 2317 2836 2388 ipse
2863 2316 3254 2374 immisericors
3297 2317 3574 2386 videatur,

1975 2416 2030 2463 et
2066 2408 2364 2464 dissolvere
2406 2408 2864 2462 cbaritatem?-—
2898 2406 3058 2479 Resp.
3103 2407 3237 2463 Cum
3287 2407 3571 2465 afﬁrmarit

1975 2501 2258 2565 Dominus,
2308 2497 2429 2553 Iota
2459 2515 2655 2565 unum,
2691 2509 2785 2552 aut
2821 2516 2958 2553 unus
2990 2515 3125 2570 apex
3151 2515 3258 2554 non
3282 2500 3570 2570 prteteribit

1975 2609 2008 2646 a
2038 2591 2148 2661 lege
2187 2606 2451 2662 usquequo
2493 2590 2672 2644 omnia
2708 2588 2842 2658 ﬁant
2871 2588 3091 2661 (Matth.
3115 2588 3206 2660 v),
3250 2595 3308 2642 et
3351 2605 3570 2644 rursum

1975 2681 2243 2738 deﬁnierit
2267 2699 2280 2736 ε
2310 2679 2450 2747 Quia
2475 2680 2540 2736 de
2564 2680 2707 2734 omni
2725 2696 2966 2735 sermone
2991 2681 3182 2747 otioso,
3205 2696 3568 2754 quemcunque

1976 2774 2138 2828 locuti
2184 2773 2382 2844 fuerint
2419 2773 2675 2839 homines,
2714 2770 2935 2826 reddent
2973 2760 3070 2844 pro
3113 2788 3174 2827 eo
3213 2772 3473 2828 rationem
3511 2774 3570 2828 in

1975 2867 2059 2922 die
2084 2866 2274 2938 iudicii
2312 2865 2474 2938 (Ibid.
2505 2864 2626 2937 xu),
2657 2866 2687 2906 ιι
2710 2864 2844 2920 nihil
2873 2873 3090 2935 oportet
3133 2873 3389 2936 tanquam
3436 2881 3568 2936 par-

1974 2975 2102 3014 vum
2147 2957 2348 3028 sperni.
2385 2958 2402 2998 i
2436 2955 2541 3023 Qui
2591 2955 2736 3011 enim
2778 2956 2975 3027 spernit
3023 2956 3274 3023 minima,
3308 2954 3568 3032 paulatim

1973 3093 2151 3165 pendo
2180 3093 2395 3159 crescit,

2325 3242 2338 3255 .
2405 3177 2638 3269 viresque
2657 3208 2864 3271 acquirit
2887 3207 3049 3259 eundo

1975 3287 2136 3384 Ita‘S.
2155 3289 2699 3382 IsidorusPelusiota,
2719 3291 2877 3384 epist.
2899 3291 2989 3382 l7,
3014 3292 3052 3381 1'.
3070 3307 3102 3346 v
3122 3289 3282 3384 :"teec
3309 3289 3388 3346 ὅτι
3410 3289 3568 3384 {pagg

1973 3364 2030 3418 τὸ
2051 3361 2235 3444 δοκοῦη
2251 3365 2428 3444 μικρρν
2453 3371 2688 3445 «reliqua
2714 3361 2856 3445 εἶναι,
2879 3366 2952 3445 εἷς
2977 3365 3109 3445 μέγα
3131 3364 3280 3437 ἕρπει
3307 3361 3488 3445 naxon;
3513 3361 3568 3416 id

1975 3441 2078 3496 est,
2110 3434 2299 3503 ascito
2321 3432 2575 3503 exiguum
2605 3432 2660 3486 in
2688 3434 2866 3503 specie
2895 3432 3086 3487 vitium
3117 3432 3570 3503 sérpendogran-

1975 3503 2096 3573 dius
2124 3501 2240 3573 ﬁeri
2283 3522 2301 3553 ι
2343 3500 2507 3573 Et'S.
2538 3500 2694 3556 Joan.
2720 3500 3149 3573 'Clirysostomus
3177 3517 3344 3556 serm.
3375 3500 3494 3556 8'in
3521 3501 3566 3556 l.

1974 3571 2275 3650 Epistolam
2295 3573 2367 3650 ad
2385 3570 2697 3650 Corinthios
2725 3592 2738 3626 :
2771 3570 2957 3650 'O—yaip
2984 3575 3164 3650 μικρὸν
3190 3574 3452 3639 ἀποστὰς,
3481 3575 3570 3650 διαὶ

1973 3645 2100 3698 πολὺ
2126 3647 2316 3714 προῖὼν
2345 3646 2713 3714 ἀποστήσεται,
2740 3643 2872 3708 οιο.;
2905 3643 2959 3698 id
2978 3643 3102 3714 fest',
3141 3662 3160 3693 ί
3196 3658 3388 3713 parum
3411 3643 3568 3714 enim

1975 3712 2233 3770 deﬁciens
2269 3714 2499 3784 multum
2537 3713 2590 3768 in
2626 3729 2918 3784 progressu
2956 3712 3314 3784 deﬁcietlEt
3333 3713 3480 3784 enim
3519 3712 3568 3768 si

1975 3799 2172 3855 corpus
2191 3785 2368 3856 gladio
2384 3781 2820 3856 vulnusia—ccipit,
2840 3785 3228 3856 corrumpitur.
3250 3781 3566 3856 Ediﬁcium

1976 3856 2023 3911 si
2050 3853 2243 3925 parum
2272 3854 2897 3925 dehiscittdissolvitur.
2929 3853 2985 3908 Si
3019 3855 3172 3909 radix
3207 3869 3396 3924 parum
3424 3854 3567 3908 scin-

1977 3924 2142 3990 ditur,
2170 3925 2376 3980 inutilis
2402 3932 2506 3979 est.
2541 3924 2718 3991 Quare
2753 3926 2856 3981 hoc
2883 3940 3070 3995 parum
3101 3941 3209 3980 non
3237 3935 3320 3980 est
3347 3939 3563 3994 parum,

1975 3999 2070 4053 sed
2095 3996 2486 4066 propemodum
2509 4004 2681 4050 totum
2708 4005 2810 4052 est.
2845 3995 2979 4052 Cum
3009 3996 3172 4065 igitur
3207 4011 3400 4065 parum
3429 3995 3566 4066 deli-

1976 4065 2272 4138 querimus,
2305 4066 2390 4122 vel
2427 4067 2810 4138 torpuerimus,
2856 4083 2922 4122 ne
2957 4081 3278 4138 spernamus
3312 4065 3442 4120 illud
3469 4081 3568 4138 pa-

1975 4136 2097 4194 rum
2130 4152 2144 4191 :
2178 4138 2434 4206 quoniam
2466 4137 2525 4208 id,
2549 4138 2691 4208 quod
2726 4136 3030 4207 neglectum
3058 4145 3160 4202 est,
3194 4153 3450 4208 magnum
3481 4136 3564 4191 ﬁt.

1978 4208 2070 4264 Sic
2094 4209 2479 4263 vestimentum
2506 4207 2678 4279 frangi
2704 4209 2988 4279 incipiens,
3013 4217 3068 4263 et
3091 4207 3414 4279 neglectum,
3448 4215 3567 4279 tan-

1977 4281 2098 4335 dem
2119 4279 2340 4332 omnino
2367 4277 2674 4334 scinditur':
2703 4288 2759 4334 et
2782 4277 2984 4334 téctum
3006 4294 3130 4332 cum
3158 4277 3343 4348 paucae
3372 4277 3566 4348 tegulae

1978 4349 2312 4419 ceciderunt,
2347 4350 2652 4419 neglectum
2680 4350 2948 4419 integram
2979 4347 3196 4402 domum
3227 4347 3560 4416 pessumdat.

1977 4417 2105 4474 Hinc
2126 4419 2293 4489 igitur
2312 4417 2718 4474 considerantes
2740 4417 3011 4489 nunquam
3036 4431 3198 4484 parva
3222 4431 3560 4489 spernamus,

1977 4505 2049 4560 ne
2077 4489 2130 4542 in
2155 4487 2351 4560 magna
2373 4489 2698 4544 dilabamur.
2733 4507 2752 4539 ι
2786 4488 3131 4560 Et_sermone
3165 4501 3240 4560 xu
3277 4487 3332 4540 in
3358 4487 3566 4554 Episto-

1979 4558 2084 4634 lam
2110 4559 2176 4612 ad
2201 4557 2474 4634 Romanos
2492 4562 2591 4634 ζΤὰ
2627 4560 2786 4634 μικρὰ
2809 4557 3042 4634 φ’ξγωμξςδ
3062 4559 3196 4634 ἔοικὰ
3214 4596 3228 4622 ,
3253 4559 3319 4634 rei
3351 4560 3451 4634 γὰρ
3473 4579 3566 4629 με-

1975 4629 2108 4718 γαῖια
2133 4632 2235 4718 ἀπὸ
2253 4632 2448 4685 τούτων
2462 4625 2785 4718 ςξιξτηίαιίςο
2803 4625 2904 4704 7a,}
2925 4625 3029 4682 κάθ⁹
3051 4625 3263 4716 ἕκαςτον
3281 4625 3561 4718 aucupantes:

1971 4701 2140 4776 pacat
2161 4701 2340 4772 λέγειν,
2365 4702 2570 4776 *ιμούἓὶν
2603 4701 2749 4776 ποερά
2782 4701 2979 4776 fatifer
2996 4717 3014 4751 ι
3042 4703 3172 4756 κατὰ
3191 4701 3366 4776 paup?»
3396 4704 3564 4756 πάντα

1973 4768 2165 4836 amnt,
2203 4768 2332 4834 etc.;
2363 4772 2417 4825 id
2456 4779 2569 4836 est;
2609 4789 2628 4821 ι
2660 4768 2832 4841 Parva
2868 4768 3142 4841 fugiamus
3172 4768 3334 4836 mala,
3367 4786 3560 4840 magna

1974 4843 2120 4897 enim
2150 4842 2218 4895 ab
2248 4842 2332 4895 his
2362 4842 2672 4912 gignuntur.
2706 4839 2809 4907 Qui
2839 4839 2983 4896 enim
3012 4840 3068 4912 in
3105 4841 3330 4912 singulis
3366 4839 3562 4912 pecca-

1974 4913 2047 4967 tis
2075 4913 2227 4982 novit
2253 4911 2454 4978 dicere,
2494 4911 2633 4977 Quid
2665 4921 2775 4965 tum
2802 4911 3019 4982 postea?
3054 4911 3211 4965 brevi
3231 4911 3410 4964 omnia
3438 4925 3563 4982 per-

1977 4983 2087 5044 det.
2128 4981 2241 5037 lloc
2277 4982 2421 5037 enim
2452 4982 2716 5036 malitiam
2757 4982 3089 5046 introduxit,
3130 4983 3234 5035 hoc
3268 4989 3454 5049 portas
3483 4981 3562 5034 la-

1977 5053 2119 5109 troni
2151 5053 2391 5122 aperuit,
2434 5053 2538 5107 hoc
2571 5053 2722 5108 urbis
2762 5067 2948 5107 muros
2976 5050 3200 5122 deiecit,
3240 5050 3292 5104 in
3333 5050 3560 5122 singulis

1971 5120 2211 5193 peccatis
2234 5124 2430 5187 dicere,
2456 5121 2596 5188 Quid
2619 5131 2730 5176 tum
2752 5135 2927 5193 postea
2943 5123 2969 5174 ?
2993 5120 3145 5175 Sicut
3165 5121 3216 5174 in
3239 5121 3558 5190 corporibus

1975 5193 2196 5247 maximi
2244 5202 2514 5262 augentur
2557 5193 2768 5257 morbi,
2817 5207 2939 5247 cum
2986 5205 3154 5262 parva
3205 5200 3551 5262 spernuntur.

1973 5263 2107 5317 Illud
2129 5259 2339 5327 autem,
2359 5263 2497 5328 Quid
2526 5273 2636 5317 tum
2664 5263 2882 5333 postea?
2903 5259 3024 5316 erat
3048 5259 3297 5333 loquendi
3321 5259 3556 5333 formula

1974 5349 2192 5400 eorum,
2237 5335 2328 5403 qui
2379 5334 2591 5390 modica
2641 5331 2997 5403 spernebant,
3039 5347 3208 5403 quam
3245 5331 3427 5387 videre
3471 5343 3560 5387 est

1974 5405 2140 5461 etiam
2179 5402 2316 5474 apud
2358 5403 2416 5458 S.
2447 5402 2710 5460 lsidorum
2741 5402 3063 5458 Pelusiotam
3086 5402 3284 5474 ,fepist.
3317 5403 3500 5474 citata.
3532 5423 3551 5454 ι

2052 5476 2068 5514 i
2112 5472 2228 5540 Qui
2267 5476 2405 5528 enim
2445 5476 2638 5544 spernit
2691 5473 2929 5544 minima,
2962 5481 3066 5544 etc.
3105 5472 3162 5544 lin
3191 5481 3337 5544 textu
3366 5473 3558 5544 Grzcco

1975 5543 2033 5601 S.
2077 5544 2261 5602 Basilii
2307 5562 2414 5600 non
2454 5541 2653 5601 citatur
2689 5543 2778 5597 hic
2825 5541 2975 5597 locus
3013 5543 3410 5607 Ecclesiastici,
3461 5543 3555 5597 sed

1976 5615 2113 5670 alius
2139 5632 2206 5671 ex
2232 5631 2351 5685 cap.
2380 5631 2478 5670 xm
2505 5613 2948 5674 Proverbiorum,
2988 5613 3092 5669 hoc
3129 5613 3318 5685 modo:
3341 5625 3429 5685 _'O;
3463 5636 3555 5666 κα-

1973 5695 2229 5763 ςᾳφρονῶν
2249 5682 2576 5763 ιιι-βάγματοῇ
2591 5686 2735 5756 φησὶ,
2751 5685 3244 5763 ιςαταςξρονηθήσιται
3263 5682 3352 5738 ὑπ’
3373 5684 3550 5763 acut-ou,

1975 5757 2031 5812 id
2049 5753 2159 5822 'e'st,
2189 5757 2278 5826 qui
2290 5753 2737 5826 'contemnitjrem,
2765 5753 2968 5826 inquit,
3000 5757 3440 5826 contemneturab
3465 5767 3549 5804 ea.

1975 5826 2034 5883 In
2063 5821 2308 5883 versione
2347 5824 2725 5895 Septuaginta,
2767 5821 3014 5893 habetur,
3053 5825 3104 5890 ἐξ
3137 5825 3317 5888 aurci“),
3358 5821 3413 5877 id
3443 5829 3550 5881 est,
