4088 6330
294 323 402 382 981

1214 300 1604 363 CONCORDIA
1642 296 2096 356 BEGULARUM.
2133 327 2206 338 -—
2240 295 2392 352 CAP.
2433 294 2602 354 XXX.

3451 283 3557 342 982

292 438 387 498 cui
415 437 464 490 si
488 431 712 488 ne'c‘hoc
737 424 1030 498 profuerit,
1065 428 1375 494 postremus
1401 416 1541 472 inter
1567 429 1756 469 omnes
1784 429 1875 468 or-
1902 426 1957 488 Α
1977 413 2122 478 bem,
2147 419 2204 467 et
2223 408 2486 465 elliciatur
2510 407 2689 462 anima
2715 404 3002 461 homicida.
3044 403 3137 460 Sic
3162 403 3306 461 enim
3333 402 3510 474 legitis
3545 421 3558 458 :

292 529 422 586 dine
443 527 695 596 pdnatur.
723 517 878 587 Quod
910 517 956 572 si
983 516 1038 570 in
1061 511 1332 585 pravitate
1355 514 1688 580 perseverat,
1715 505 1879 561 etiam

1983 504 2088 572 Qui
2109 503 2218 558 odit
2244 502 2461 572 fratrem
2489 516 2641 555 suum
2669 497 2931 564 homicida
2963 505 3038 551 est
3063 495 3117 569 (Ι
3141 495 3302 550 Joan.
3328 494 3432 569 ιιι).
3455 493 3521 549 Et
3546 510 3562 548 :

294 632 325 661 ιι
355 585 616 688 psallendi
650 585 881 665 facultas
917 606 970 662 ei
993 602 1300 671 (auferatur.
1344 599 1515 668 Quem
1551 598 1597 653 si
1641 596 1724 652 vel
1765 596 1882 651 hzec
1973 594 2230 656 Levantes
2277 601 2486 648 sanctas
2517 607 2703 645 manus
2742 589 2854 644 sine
2890 590 2974 644 ira
3012 596 3062 644 et
3098 586 3474 658 disceptatione
3505 585 3566 658 (I

293 687 548 766 confusio
576 719 683 759 non
707 697 1089 762 commoverit,
1127 693 1398 750 abstineat
1421 708 1453 746 a
1481 696 1747 747 conventu
1774 687 1885 742 fra-

299 813 444 857 trum
482 817 497 855 :
538 799 613 854 ita
645 803 708 851 ut
741 810 842 850 nec
869 802 1102 858 mensae,
1130 803 1231 845 nec
1257 788 1288 829 ι»
1315 786 1494 843 missae
1522 784 1767 850 intersit,
1794 796 1888 838 ne-

295 909 406 965 que
441 905 567 948 cum
595 902 662 945 eo
696 887 840 942 ullus
875 884 1045 941 frater
1080 881 1150 936 de
1179 879 1488 950 junioribus
1528 877 1884 948 colloquatur.

297 981 610 1041 Abstinebit
634 987 818 1034 autem
845 975 1052 1041 tandiu,
1083 972 1323 1043 quandiu
1350 971 1436 1027 vel
1464 969 1699 1042 qualitas
1723 965 1892 1037 culpae

299 1073 614 1146 poposcerit
653 1068 951 1126 secundum
996 1065 1208 1123 abbatis
1266 1065 1352 1120 vel
1400 1065 1678 1118 seniorum
1744 1057 1892 1114 arbi-

309 1165 472 1220 trium
489 1201 506 1229 ,
535 1161 620 1218 vel
652 1175 710 1216 se
736 1175 805 1214 ex
830 1158 992 1214 corde
1025 1171 1127 1228 pro
1158 1155 1315 1225 culpa
1343 1155 1615 1225 paenitens
1639 1149 1894 1207 humilia-

305 1255 468 1320 verit,
519 1261 575 1309 et
614 1251 828 1306 veniam
873 1247 1076 1304 erroris
1115 1247 1198 1301 sui
1243 1244 1494 1300 omnibus
1539 1240 1896 1314 praesentibus

309 1344 546 1418 petierit.
580 1354 603 1382 ε
635 1339 790 1408 Quod
817 1339 864 1394 si
897 1338 953 1394 in
987 1336 1214 1409 fratrem
1247 1333 1589 1406 peccaverit,
1628 1332 1793 1387 etiam
1829 1329 1896 1384 ab

311 1449 378 1490 eo
404 1432 574 1488 fratre
602 1429 1011 1500 veniam'petat,
1035 1427 1122 1483 cui
1154 1425 1406 1498 injuriam
1433 1423 1582 1480 fecit.

452 1550 481 1623 ᾗ
513 1548 633 1606 XV.
669 1577 742 1590 —
776 1548 860 1604 Ex
894 1547 1116 1604 Recens
1149 1559 1414 1601 CUJDSDAI
1455 1540 1594 1613 (cap.
1634 1537 1745 1611 19).

383 1666 411 1705 ά
459 1663 518 1721 Si
562 1663 684 1734 quis
725 1678 858 1718 vero
897 1661 1070 1718 frater
1112 1659 1405 1730 instigante
1447 1647 1663 1714 diabolo
1708 1658 1902 1708 contu»

315 1774 474 1824 max,
499 1757 586 1813 vel
616 1758 910 1828 superbus,
943 1770 1039 1810 seu
1068 1753 1410 1819 inobediens,
1442 1749 1528 1805 vel
1555 1762 1902 1804 murmurans

318 1849 663 1922 apparuerit;
699 1846 784 1902 vel
823 1846 989 1902 etiam
1018 1845 1070 1900 in
1100 1833 1423 1916 quocunque
1446 1857 1576 1899 casu
1605 1840 1788 1912 lapsus
1816 1829 1904 1895 se-

311 1945 531 2022 _niorum
557 1951 826 2016 praecepta
847 1943 931 1998 vel
955 1950 1156 1998 sancta:
1180 1940 1400 2012 Regula:
1431 1953 1678 1994 normam
1705 1935 1912 1991 violare

320 2037 631 2102 tentaverit,
664 2033 754 2091 hic
781 2035 1075 2091 secundum
1101 2041 1428 2105 praeceptum
1457 2029 1672 2085 Domini
1700 2033 1912 2086 secreto

318 2143 354 2182 a
384 2129 686 2184 senioribus
714 2140 736 2168 θ
758 2127 924 2184 semel
945 2129 1014 2182 ab
1036 2128 1122 2183 his
1141 2125 1464 2197 corripiatur
1487 2122 1700 2196 (Matth.
1725 2119 1907 2192 xviii).

315 2219 383 2277 Si
420 2222 712 2278 emendare
747 2221 1010 2287 noluerit,
1044 2229 1171 2276 tunc
1209 2217 1370 2273 simul
1412 2216 1479 2272 ab
1507 2215 1655 2271 omni
1687 2229 1913 2286 congre-

327 2313 544 2385 gatione
571 2311 883 2384 objurgetur
907 2331 918 2365 :
944 2321 998 2367 et
1025 2311 1071 2367 si
1095 2307 1174 2366 sic
1195 2308 1483 2365 emendare
1507 2306 1761 2372 noluerit,
1787 2313 1914 2360 tunc

321 2411 486 2474 prout
517 2404 684 2476 culpa
711 2395 1024 2476 magnitudo
1049 2401 1376 2476 poposcerit,
1406 2401 1702 2456 secundum
1732 2399 1913 2469 Regu-

326 2493 434 2550 lam
455 2495 748 2566 judicetur,
790 2497 842 2551 id
871 2505 982 2563 est,
1020 2505 1115 2551 aut
1155 2485 1697 2551 excommunicationi
1736 2492 1918 2562 suhja-

329 2581 468 2652 ceat,
511 2586 530 2624 ί
566 2587 611 2642 si
641 2587 758 2657 ejus
792 2595 951 2642 antea
982 2586 1288 2642 intellectus
1316 2584 1484 2656 viguit
1513 2603 1524 2638 :
1559 2593 1651 2638 aut
1679 2585 1725 2638 si
1749 2583 1918 2638 obsti-

330 2685 470 2734 nata:
507 2684 564 2732 et
597 2677 747 2732 dura:
782 2678 979 2734 mentis
1013 2678 1277 2734 tenacitas
1313 2679 1340 2718 ε
1378 2677 1577 2748 culpa},
1613 2673 1669 2732 et
1717 2675 1919 2746 impro-

329 2767 472 2825 bitas
511 2776 858 2839 perseveret.
901 2778 1033 2826 tunc
1075 2769 1347 2840 corporali
1393 2767 1690 2840 disciplinae
1738 2767 1920 2838 subja-

332 2861 498 2921 cebit.
1776 2869 1780 2872 '

406 2970 601 3046 §XVL
629 3002 698 3013 —
718 2972 800 3028 Ex
825 2971 1048 3029 Recens
1078 2987 1265 3028 ssnon
1300 2971 1535 3028 Caesar!
1566 2969 1702 3043 (cap.
1735 2967 1847 3041 51).

405 3084 434 3124 ιι
473 3084 623 3140 Lites
646 3084 820 3140 nullas
846 3085 1090 3140 habeatis
1107 3125 1122 3152 ,
1153 3083 1446 3140 secundum
1474 3081 1604 3137 illud
1627 3079 1870 3152 Apostoli
1903 3097 1916 3134 :

1927 1802 1980 1866 B

1987 687 2124 744 Tim.
2170 686 2254 758 ιι).
2307 685 2628 755 Quicunque
2665 683 2940 750 convicio,
2985 682 3071 739 vel
3109 681 3431 745 maledicto,
3483 679 3570 736 vel

1987 783 2152 840 etiam
2177 783 2194 834 l
2224 780 2468 838 criminis
2486 776 2700 847 obiectu
2718 777 2918 834 laeserit
2944 775 3171 838 fratrem
3197 789 3379 840 suum,
3403 773 3431 813 ¹ι
3454 787 3570 829 me-

1987 875 2209 932 minerit
2245 873 2460 945 culpam
2493 869 2864 928 satisfactione
2901 884 3150 942 purgare.
3194 867 3346 935 Quod
3382 865 3575 921 vitium

1991 969 2036 1026 si
2071 969 2273 1025 iterare
2299 965 2733 1041 praesumpserit,
2762 963 3100 1021 districtione
3126 961 3466 1018 severissima
3494 959 3574 1014 fe-

1991 1058 2182 1124 riatur,
2213 1073 2495 1129 usquequo
2522 1071 2620 1128 per
2641 1054 3067 1113 satisfactionem
3090 1053 3257 1126 recipi
3278 1065 3574 1110 mereatur.

1992 1146 2245 1204 Iuniores
2274 1146 2545 1216 praecipue
2571 1145 2875 1202 senioribus
2900 1141 3165 1201 deferant.

2137 1241 2166 1313 §
2201 1238 2364 1296 XVII.
2402 1268 2473 1280 ——
2510 1238 2590 1293 Ex
2628 1239 2848 1294 Renum
2881 1252 3072 1294 SANC'I'I
3107 1235 3435 1292 COLUIIBANI.

2074 1329 2094 1369 ι
2134 1331 2238 1397 Qui
2285 1337 2568 1400 peccatum
2617 1329 2929 1398 pudendum
2957 1340 2997 1367 ω
3028 1325 3223 1383 alicubi
3267 1324 3585 1396 exprobrat,

1998 1432 2028 1464 ιι
2052 1423 2368 1494 priusquam
2391 1421 2534 1478 inter
2557 1421 2904 1489 semetipsum
2923 1419 3098 1475 solum
3119 1417 3169 1490 [ο
3192 1415 3428 1489 arguat,]
3449 1417 3590 1472 sicut

2002 1512 2260 1570 Dominus
2288 1509 2662 1591 dicit.(llatth.
2694 1509 2884 1582 xviii),
2913 1510 3261 1580 corripiatur,
3292 1508 3466 1564 donec
3499 1523 3592 1563 ex-

1999 1607 2256 1677 probrato
2279 1601 2610 1668 satisfaciat;
2631 1609 2688 1656 et
2711 1601 2891 1658 tribus
2916 1600 3106 1656 diebus
3132 1601 3186 1655 in
3208 1614 3349 1671 pane
3370 1607 3426 1655 et
3452 1613 3593 1669 aqua

1998 1699 2284 1770 poeniteat.
3128 1704 3136 1710 ·

2007 1792 2037 1867 δ
2072 1791 2256 1849 XVIII.
2297 1821 2368 1833 -—
2405 1791 2487 1848 Ex
2524 1790 2748 1846 Renum
2794 1803 2982 1844 SANCTI
3033 1786 3238 1844 Bssrur
3289 1785 3441 1860 (cap.
3467 1784 3596 1859 52).

2083 1885 2347 1956 Interrog.
2371 1895 2399 1934 P
2425 1883 2484 1941 Si
2509 1890 2724 1954 oportet
2749 1882 3099 1954 peccantibus
3124 1880 3387 1937 fratribus
3413 1880 3597 1947 silere,

2011 1985 2069 2035 et
2091 1975 2470 2047 acquiescere?
2496 2005 2568 2015 -—
2593 1974 2753 2045 Resp.
2785 1973 2920 2040 Quia
2955 1988 3063 2028 non
3091 1981 3337 2045 oportet,
3368 1970 3601 2027 manife—

2011 2081 2158 2128 stum
2182 2077 2267 2124 est
2290 2084 2358 2124 ex
2379 2067 2548 2138 ipsius
2567 2066 2781 2122 Domini
2803 2065 3109 2137 praeceptis,
3133 2065 3330 2135 quibus
3349 2063 3405 2118 in
3419 2061 3603 2118 Veteri

2012 2163 2233 2233 quidem
2258 2160 2608 2216 Testamento
2634 2159 2765 2214 dicit
2798 2176 2810 2212 :
2839 2168 2872 2210 ιι
2898 2158 3071 2229 Argue
3099 2157 3396 2229 proximum
3429 2165 3602 2221 tuum,

2013 2264 2063 2310 et
2092 2271 2198 2308 non
2233 2257 2467 2307 assumes
2502 2267 2567 2307 ea:
2594 2267 2654 2305 eo
2681 2259 2949 2321 peccatum
2988 2246 3135 2321 (Lev.
3165 2247 3302 2320 xxx).
3342 2248 3401 2302 In
3429 2247 3608 2302 Evan-

2015 2344 2157 2416 gelio
2179 2350 2360 2398 autem
2387 2342 2554 2398 dicit:
2583 2340 2643 2396 Si
2664 2336 3034 2412 peccaverit'in
3054 2351 3102 2395 te
3128 2340 3296 2410 frater
3313 2349 3456 2405 tuus,
3479 2338 3608 2394 uade

2014 2443 2065 2490 et
2090 2435 2294 2504 corripe
2329 2449 2478 2499 eum,
2517 2433 2654 2486 inter
2688 2441 2738 2485 te
2769 2441 2817 2485 et
2847 2431 3018 2501 ipsum
3057 2429 3247 2485 solum.
3287 2429 3346 2485 Si
3381 2429 3610 2484 audierit

2017 2537 2096 2594 te,
2136 2526 2374 2581 lucratus
2414 2542 2468 2580 es
2506 2524 2726 2594 fratrem
2751 2532 2899 2577 tuum
2933 2539 2950 2577 :
2981 2524 3026 2577 si
3061 2539 3179 2579 vero
3222 2539 3328 2578 non
3359 2523 3608 2589 audierit,

2017 2636 2228 2676 assume
2257 2617 2430 2673 adhuc
2457 2627 2626 2672 tecum
2652 2615 2820 2671 alium
2845 2631 3032 2683 unum,
3063 2625 3155 2671 aut
3184 2617 3336 2683 duos,
3362 2625 3420 2671 ut
3443 2616 3496 2671 in
3524 2634 3613 2671 ore

2017 2713 2248 2768 duorum
2269 2711 2345 2767 vel
2374 2712 2535 2766 trium
2557 2709 2766 2765 testium
2787 2718 2883 2764 stet
2911 2724 3065 2764 omne
3090 2708 3320 2763 verbum.
3347 2705 3410 2764 Si
3436 2718 3617 2763 autem

2021 2813 2072 2860 et
2094 2805 2233 2876 ipsos
2259 2820 2365 2858 non
2385 2803 2633 2868 audierit,
2661 2802 2748 2855 dic
2775 2799 3046 2856 Ecclesite.
3073 2798 3134 2857 Si
3156 2817 3278 2856 vero
3303 2817 3398 2856 nec
3425 2800 3616 2856 Eccle-

2020 2895 2160 2951 siam
2203 2893 2470 2958 audierit,
2521 2893 2590 2947 sit
2631 2891 2726 2945 tibi
2767 2891 2903 2946 sicut
2951 2891 3160 2962 gentilis
3203 2901 3256 2947 et
3303 2892 3617 2964 publicanus

2025 2983 2244 3056 (Matth.
2287 2981 2464 3055 xviii).
2505 2982 2777 3051 Quantum
2816 2981 2890 3037 sit
2923 2991 2945 3019 τ
2975 2981 3184 3037 crimen
3224 2982 3385 3052 hujus
3406 2981 3620 3058 peccati

2027 3075 2363 3147 dignoscitur
2392 3093 2406 3130 :
2439 3075 2678 3146 primum
2709 3073 2927 3143 quidem
2968 3089 3036 3129 ex
3073 3075 3342 3131 sententia
3381 3075 3617 3142 Domini,

335 3172 556 3230 Servum
601 3174 701 3230 Dei
745 3191 849 3229 non
897 3183 1095 3245 oportet
1147 3173 1352 3244 litigare
1396 3170 1495 3244 (II
1541 3171 1674 3225 Tim.
1720 3170 1812 3242 ιι).
1856 3170 1927 3225 Et
1949 3158 1996 3222 C
2026 3185 2149 3242 quae
2167 3171 2298 3227 dicit
2323 3187 2338 3226 :
2366 3180 2388 3209 ³
2415 3169 2554 3236 Quia
2575 3169 2665 3238 qui
2685 3167 2988 3224 incredulus
3007 3167 3119 3238 ﬁlio
3141 3169 3322 3239 fuerit,
3347 3185 3451 3224 non
3483 3170 3501 3207 ⁸
3525 3169 3623 3222 ha-

339 3265 469 3321 illud
498 3284 511 3322 :
549 3267 566 3308 ί
609 3266 826 3321 Abstine
861 3275 910 3321 te
947 3282 982 3320 a
1016 3264 1134 3330 lite,
1179 3273 1227 3318 et
1259 3263 1461 3317 minuas
1494 3271 1706 3334 peccata
1749 3259 1920 3333 (Eccl.

340 3373 402 3423 ιι,
433 3357 510 3431 8).
543 3358 650 3413 Aut
687 3358 733 3414 si
773 3356 1006 3423 fuerint,
1040 3371 1205 3427 quam
1231 3355 1462 3411 celerius
1488 3355 1819 3419 minuantur,
1856 3368 1926 3409 ne

341 3451 426 3506 ira
449 3459 662 3507 crescat
695 3451 752 3505 in
773 3451 991 3518 odium,
1027 3456 1082 3505 et
1109 3448 1316 3505 festuca
1351 3455 1697 3503 c0nvertatur
1729 3448 1786 3502 in
1814 3456 1928 3502 tra-

418 3575 444 3604 ι
485 3560 753 3617 Psallendi
791 3563 1017 3633 facultas
1053 3562 1106 3633 ei
1141 3560 1436 3633 auferatur.
1467 3557 1523 3633 Id
1556 3566 1669 3624 est,
1697 3571 1801 3633 non
1829 3558 1928 3633 im-

341 3644 511 3704 ponat
543 3627 806 3704 psalmuni
828 3675 843 3699 ,
873 3645 968 3688 aut
999 3627 1346 3701 antiphonam
1379 3629 1454 3704 im
1464 3630 1662 3704 choro,
1684 3637 1762 3704 Ant
1790 3627 1930 3704 infra

345 3698 578 3758 videtur.
609 3703 742 3758 Nam
788 3698 876 3759 hic
923 3719 1029 3758 non
1076 3698 1322 3773 privatur
1371 3698 1545 3773 cilicio
1590 3699 1771 3773 divino
1799 3717 1810 3753 :
1837 3700 1931 3754 sed

346 3783 541 3845 postea,
563 3775 846 3845 duntaxat,
873 3775 918 3829 si
942 3769 1416 3845 ultra-perseveret
1446 3770 1498 3822 in
1527 3769 1751 3822 malitia.

418 3846 444 3885 ι)
486 3844 685 3899 Missaz.
713 3844 827 3900 Hoc
854 3845 975 3901 loco
999 3839 1162 3899 missa
1198 3841 1428 3897 sumitur
1455 3849 1568 3894 tam
1597 3855 1695 3909 pro
1721 3839 1932 3896 sacriﬁ-

348 3915 433 3997 cip
471 3915 718 3997 corporis
755 3924 810 3970 et
839 3910 1398 3997 (sanguinisjlhristi,
1433 3925 1596 3997 quam
1632 3927 1738 3992 pro
1764 3927 1934 3990 cursu

349 3984 507 4052 cilicii
537 3983 706 4040 divini
745 3983 1038 4050 canonico,
1070 3983 1268 4054 quibus
1302 3991 1519 4037 arcetur
1555 3983 1648 4050 qui
1676 3983 1935 4051 majorem

349 4056 962 4112 excommunicationem
990 4053 1239 4110 incurrit.
1453 4109 1458 4118 ,
1595 4097 1598 4100 .

424 4138 446 4166 ε
491 4126 644 4198 Quod
673 4127 729 4198 si
749 4127 804 4182 in
829 4124 1044 4198 fratrem
1068 4124 1387 4198 peccaverit,
1417 4131 1529 4198 etc.
1553 4121 1634 4198 Ita
1666 4121 1724 4179 S.
1749 4122 1935 4194 Augu-

353 4191 528 4253 stinus
557 4197 612 4252 in
650 4197 809 4267 epist.
829 4191 973 4262 '109,
1001 4191 1144 4251 et'S.
1184 4191 1450 4250 Caesarius
1494 4192 1636 4249 infra
1678 4209 1708 4248 a
1753 4191 1940 4250 nostro

354 4276 578 4322 auctore
602 4268 822 4323 citatus.

425 4338 451 4376 ά
493 4335 552 4392 Si
584 4338 700 4409 quis
737 4355 856 4394 vero
893 4337 1081 4407 frater,
1114 4342 1220 4390 etc.
1262 4331 1388 4389 Haec
1417 4332 1584 4388 refert
1612 4333 1770 4402 Smar
1843 4335 1944 4391 dus

425 4423 461 4462 lc
497 4409 707 4462 canite.
735 4424 854 4462 uua:
886 4423 1018 4462 sane
1055 4413 1268 4462 summa
1302 4413 1428 4460 sunt
1455 4421 1524 4460 ex
1562 4351 1851 4462 Regula?
1877 4406 1941 4460 P.

356 4408 461 4535 ξος
473 4403 707 4533 Θῇιιρἰθ,
735 4424 854 4480 qua:
886 4403 1018 4464 sane
1055 4413 1428 4478 sumptasunt
1455 4421 1524 4460 ex
1562 4403 1767 4478 Regula

403 4494 468 4533 en
544 4489 658 4534 ιειι.
935 4527 938 4530 .

403 4494 658 4534 enemctt.

436 4527 672 4618 335.124
703 4549 766 4603 ab
798 4547 902 4618 his.
931 4527 1088 4614 Male,
1124 4555 1184 4618 ut.
1215 4543 1945 4618 apud_Smaragdum,7apud
1968 4540 2023 4602 D

359 4635 523 4690 quem
549 4611 749 4689 legitur
780 4639 796 4674 :
833 4615 1006 4678 Semel
1044 4611 1227 4690 verbis.
1250 4611 1379 4690 'Sed
1413 4611 1699 4690 legentium
1729 4611 1947 4690 {Semel

363 4677 424 4745 de
452 4691 558 4752 bis,
590 4677 650 4744 ιῖι
685 4691 741 4746 in
769 4677 952 4747 codice
982 4677 1384 4752 Vindocinensi,
1409 4677 1564 4758 juEta
1597 4677 1856 4759 Regulam
1885 4687 1944 4743 S.

362 4749 640 4817 Benedicti
675 4777 835 4832 quam
875 4763 966 4817 hic
999 4760 1160 4820 Pater
1201 4749 1475 4832 sequitur;
1521 4759 1614 4816 ubi
1657 4749 1890 4832 habetur
1931 4777 1944 4814 :

363 4829 727 4914 Admoneatur
771 4832 930 4888 semel
975 4848 1036 4885 ac
1082 4829 1309 4884 secundo
1351 4840 1541 4885 secrete
1587 4849 1619 4886 a
1659 4831 1950 4886 senioribus

364 4919 494 4957 διιω.

446 4972 461 5010 ί
505 4969 563 5028 Si
593 4973 705 5041 ejus
739 4983 894 5029 antea
921 4969 1210 5041 intellectus
1247 4971 1427 5041 uiguit.
1457 4969 1516 5025 Id
1544 4979 1629 5041 est
1640 5011 1657 5039 ,
1689 4980 1748 5026 ut
1785 4971 1956 5041 loqui-

370 5051 458 5098 tur
507 5042 564 5098 S.
612 5039 960 5125 Benedictus.
1133 5039 1377 5112 intelligit
1431 5040 1603 5112 qualis
1648 5042 1714 5097 sit
1764 5039 1952 5112 poena,

371 5129 568 5185 nempe
593 5121 1098 5170 excommunicatio.

373 5251 387 5266 ‘
445 5184 472 5225 ⁸
507 5181 713 5266 Culpw.
749 5183 865 5266 Hoc
892 5181 1213 5266 vocabulum
1244 5179 1459 5238 videtur
1486 5181 1814 5237 redundare.
1848 5182 1958 5237 Aut

373 5251 502 5364 legi”
534 5251 792 5336 Et'culpce
815 5254 1138 5378 imrrobitus.

512 5323 651 5378 Lites
679 5325 852 5378 nullas
915 5325 1138 5378 abeatis.

512 5323 651 5379 Lites
679 5323 852 5379 nullas
877 5323 1144 5394 habeatis,
1171 5333 1276 5380 etc.
1305 5323 1432 5378 Haec
1464 5323 1732 5394 habentur
1765 5323 1820 5378 in
1853 5323 1959 5380 Re-

377 5394 498 5463 gula
531 5395 588 5449 8.
620 5394 840 5451 Οωειιτίἰ
871 5393 1094 5461 excusa,
1121 5396 1308 5450 eodem
1331 5409 1451 5463 cap.
1479 5393 1571 5460 51,
1600 5402 1656 5447 ct
1678 5393 1790 5449 fere
1815 5411 1959 5449 sum-

378 5472 468 5535 pta
489 5474 616 5520 sunt
637 5483 703 5521 ex
729 5467 888 5537 epist.
912 5465 978 5537 AS.
1008 5466 1295 5537 Augustini
1323 5465 1447 5518 109.

457 5538 473 5576 ί
519 5537 732 5591 Abstine
758 5535 806 5590 te
843 5555 875 5590 a
902 5535 990 5590 lite
1011 5575 1027 5602 ,
1056 5545 1160 5591 etc.
1193 5535 1292 5591 llic
1321 5543 1500 5591 textus
1526 5550 1633 5591 non
1663 5543 1745 5590 est
1771 5535 1823 5590 in
1854 5535 1958 5591 Re-

381 5607 503 5676 gula
529 5605 586 5661 8.
619 5607 835 5663 Caesarii
858 5606 1020 5662 edita.

456 5678 468 5727 i
517 5676 765 5748 Criminis
797 5677 1019 5748 objectu.
1060 5677 1140 5732 Ita
1181 5678 1234 5732 in
1273 5679 1430 5748 epist.
1470 5677 1528 5732 S.
1569 5675 1852 5748 Augustini
1888 5679 1961 5733 ci-

456 5693 468 5727 ι
517 5693 765 5732 criminis
797 5693 1019 5801 ooﬁectu.
1060 5693 1140 5732 Ila
1181 5695 1234 5732 ιιι
1273 5693 1430 5748 epist.
1470 5693 1528 5732 8.
1569 5693 1852 5804 Λιιξιιδῑιιιι
1888 5695 1958 5733 οι-

387 5756 519 5821 tata,
549 5756 603 5803 et
628 5749 686 5821 in
712 5747 829 5821 ejus
900 5748 1073 5821 egula.
1099 5750 1156 5804 In
1188 5749 1393 5821 Regula
1423 5764 1621 5805 excusa
1696 5789 1708 5802 .
1735 5748 1958 5805 Cmsarii

382 5816 578 5890 legitur
606 5837 620 5874 :
647 5817 874 5874 Crimine
902 5819 1118 5889 obiecto.

2026 3263 2162 3317 bebit
2183 3274 2212 3303 ιι
2236 3263 2396 3316 vitam
2418 3270 2670 3316 wternam
2684 3277 2703 3325 ;
2724 3260 2813 3314 sed
2834 3260 2917 3313 ira
2937 3256 3035 3313 Dei
3055 3269 3230 3313 manet
3251 3259 3308 3312 in
3329 3276 3408 3312 eo.
3435 3257 3620 3329 (Joan.

2023 3354 2132 3427 ιιι).
2172 3353 2323 3409 Tunc
2351 3352 2545 3408 deinde
2571 3365 2638 3405 ex
2668 3349 2942 3414 historiis,
2974 3363 3095 3419 quae
3130 3349 3185 3403 in
3220 3347 3400 3404 Veteri
3429 3347 3624 3404 Testa-

2027 3456 2248 3513 mento,
2293 3446 2408 3502 sive
2448 3444 2598 3500 Novo
2641 3443 2970 3500 referuntur.
3017 3441 3154 3496 Nam
3201 3450 3230 3478 ν
3269 3440 3454 3497 Achar
3495 3441 3623 3507 ille,

2101 3563 2130 3603 ιι
2161 3562 2458 3617 Meminerit
2479 3560 2687 3631 culpam
2705 3560 3067 3631 satisfactione
3082 3559 3318 3631 purgari.
3341 3557 3418 3631 Ita
3445 3559 3497 3615 in
3520 3557 3628 3631 Re-

2029 3633 2154 3705 gula
2183 3634 2241 3687 S.
2274 3633 2496 3705 Caesarii
2509 3629 2742 3705 excusa.
2775 3629 2845 3687 In
2872 3631 3049 3705 epist.‘
3077 3630 3135 3684 S.
3165 3629 3450 3705 Augustini
3483 3630 3629 3699 ejus-

2033 3701 2139 3775 que
2169 3705 2372 3775 Regula
2416 3723 2428 3756 :
2469 3702 2764 3758 Meminerit
2801 3701 3116 3774 quantocius
3149 3701 3510 3772 satisfactione
3537 3719 3630 3756 cu-

2037 3792 2156 3829 rare
2180 3775 2318 3844 quod
2343 3775 2485 3844 fecit.

2037 3914 2058 3971 1
2113 3844 2127 3883 1
2152 3840 2277 3970 boui
2323 3840 2630 3916 peccatum,
2659 3850 2764 3898 etc.
2794 3843 2877 3900 Ex
2905 3841 3271 3899 Pmnitentiali
3303 3858 3407 3899 ms.
3437 3840 3496 3899 8.
3527 3843 3631 3899 Co-

2061 3933 2148 3970 um
2190 3933 2299 3971 ani.

2061 3933 2299 3971 umnam.

2109 3999 2150 4058 ιξι
2182 3986 2408 4058 ΑΙὶεαὺὶ.
2439 3985 2615 4058 Lege,
2645 3983 2854 4054 Alicui,
2883 3993 2944 4041 ut
2978 3983 3034 4041 in
3057 3985 3226 4042 citato
3261 3984 3632 4043 Pmnitentiali

1966 4071 1968 4073 ‘
2039 4057 2158 4114 cod.
2190 4057 2339 4113 Flor.

2111 4138 2141 4167 ιι
2181 4127 2522 4202 Priusquam.
2563 4125 2725 4202 Lege,
2758 4123 2941 4202 Prius.
3159 4200 3172 4202 _
3271 4191 3290 4202 _.

2115 4205 2140 4234 ο
2176 4197 2402 4272 ᾼνσυιίι.
2441 4197 2558 4255 Hoc
2581 4197 2809 4272 verbum
2837 4197 3052 4272 videtur
3081 4199 3404 4272 redundare.

2111 4279 2142 4320 ι)
2183 4267 2239 4326 Si
2255 4267 2494 4338 'oportet,
2525 4277 2630 4326 etc.
2659 4270 2850 4326 Exstat
2886 4270 3025 4338 apud
3074 4268 3131 4326 S.
3173 4268 3434 4324 Basilium
3464 4267 3631 4323 inter.

2115 4289 2142 4320 ιι
2183 4289 2238 4326 Si
2266 4289 2295 4325 ο
2335 4289 2494 4338 ortet,
2525 4289 2630 4326 etc.
2660 4289 2850 4326 exstat
2886 4289 2916 4325 a
2955 4289 3025 4326 uo
3074 4289 3131 4326 8.
3173 4289 3362 4324 nasuu

2043 4340 2113 4395 47
2145 4289 2336 4413 Regni).
2369 4342 2552 4407 Brev.,
2583 4351 2638 4396 et
2659 4341 2801 4413 apud
2826 4289 3105 4413 Rufinum,
3131 4339 3362 4413 (διαρκεῖ).

2116 4422 2146 4486 ft
2183 4407 2357 4486 Argue
2375 4413 2676 4482 proximum
2692 4407 2875 4486 tuum.
2912 4409 3192 4464 Levium:
3209 4407 3472 4486 things?
3499 4411 3635 4486 ξ).ςῆ-

2048 4483 2150 4548 ξιις
2169 4480 2485 4541 tanta-to.
2503 4490 2622 4545 σοῦ,
2647 4491 2776 4544 etc.,
2795 4480 2847 4534 id
2863 4480 3346 4547 est,¢correptione
3371 4480 3633 4548 corripies

2048 4551 2354 4624 proximum
2394 4561 2596 4606 tuum.»
2630 4553 2684 4605 ln
2707 4551 2964 4624 versione
2993 4551 3267 4624 communi
3287 4567 3299 4602 :
3320 4548 3443 4604 Non
3462 4548 3635 4605 oderis

2051 4619 2272 4695 fratrem
2311 4633 2458 4677 tuum
2497 4624 2552 4675 in
2573 4621 2747 4695 __c_orde
2780 4629 2901 4685 tuo,
2935 4620 3026 4674 sed
3052 4619 3258 4691 publice
3280 4636 3443 4690 argue
3480 4636 3634 4685 eum;

2052 4692 2145 4749 nec
2167 4693 2358 4763 habeas
2383 4703 2539 4762 super
2565 4692 2656 4747 illo
2677 4700 2972 4763 peccatum.

2125 4775 2149 4852 ι·
2184 4761 2421 4852 ’σηριεηῖ
2447 4760 2735 4852 ’ξωνεοριιό
2778 4762 3052 4852 Βιιίὶιιιιιῐι.
3099 4761 3160 4817 In
3210 4771 3360 4818 textu
3404 4760 3634 4828 Grteeo,

2052 4835 2230 4912 κρίμα,
2259 4833 2312 4890 id
2342 4842 2448 4898 est,
2466 4833 2764 4903 judicium;
2797 4835 3019 4892 rectius.

2128 4919 2149 4943 ³
2194 4904 2332 4970 Quia
2375 4905 2465 4975 qui
2515 4903 2836 4975 incredulus.
2875 4909 2947 4960 Τὸ
2999 4905 3161 4975 quiaA
3186 4902 3496 4975 redundat:
3535 4917 3639 4975 nec

2054 4973 2400 5046 exstatapud
2430 4973 2487 5029 8.
2520 4974 2808 5041 Basilium,
2838 4991 2938 5032 nec
2965 4973 3106 5046 apud
3131 4973 3385 5029 Ruﬁnum
3404 5013 3418 5036 .
3451 4988 3553 5029 nec
3579 4973 3637 5028 in

2055 5054 2205 5101 textu
2235 5045 2532 5115 Evangelii.

2133 5119 2153 5153 ι
2197 5112 2444 5174 Habebit.
2482 5118 2561 5172 Ita
2600 5114 3053 5186 apudJ’tulinum.
3093 5113 3153 5168 In
3178 5121 3329 5169 textu
3355 5113 3546 5171 Graeco
3575 5112 3636 5169 S.

2056 5183 2280 5260 Joanng
2303 5194 2408 5251 est,
2437 5183 2650 5260 ὄψεταιξ
2669 5184 2723 5260 ibi
2746 5192 2853 5250 est,
2884 5186 3104 5260 videbit.
3356 5255 3368 5260 Δ
3403 5257 3414 5260 Δ
3574 5207 3578 5214 ’

2128 5267 2158 5295 ιι
2205 5255 2379 5312 Vitam
2399 5254 2666 5312 teternam.
2693 5256 2769 5310 Ita
2791 5258 2933 5324 apud
2962 5254 3245 5322 Ruﬁnum;
3279 5255 3372 5313 sed
3401 5257 3455 5311 in
3487 5263 3641 5310 textu

2059 5323 2248 5382 Grzeco
2277 5327 2552 5397 Evangelii
2584 5342 2693 5382 non
2719 5323 2847 5397 est}
2877 5330 3106 5397 «terra»,
3132 5327 3186 5382 id
3211 5335 3326 5394 est,
3349 5336 3636 5397 sternam.

2131 5406 2156 5434 ν
2194 5399 2386 5452 Achar.
2415 5395 2490 5451 Ita
2521 5398 2576 5451 in
2602 5405 2752 5466 textu
2781 5395 2969 5451 Graeco
2995 5395 3052 5450 S.
3080 5395 3284 5464 Basilii,
3312 5400 3388 5453 ita
3412 5397 3553 5466 apud
3575 5396 3635 5450 S.

2059 5468 2384 5549 Antiochum
2413 5469 2560 5549 hom:
2583 5466 2648 5549 41
2680 5485 2692 5520 :
2721 5464 2897 5549 τΑχαρ
2921 5469 3228 5549 napo:th
3251 5471 3424 5549 νρμᾳυ,
3445 5464 3638 5549 idest,

2067 5557 2084 5590 ι
2121 5538 2300 5594 Achar
2319 5535 2876 5609 praevaricatorlegis;
2908 5557 2926 5590 ι
2957 5535 3014 5592 εἰ
3037 5546 3260 5593 caeteros
3279 5535 3467 5592 Patres
3492 5535 3638 5609 Crte:

2060 5621 2190 5674 cos,
2229 5607 2657 5680 qui'sequuntur
2701 5607 3052 5680 Septuaginta
3095 5610 3450 5680 interpretes,
3496 5607 3637 5676 apud

2061 5696 2198 5750 quos
2217 5675 2448 5752 habetur
2463 5675 2667 5752 Ἀχαρ.
2689 5675 2844 5752 Apud
2870 5675 3143 5752 lfulinum,
3168 5689 3217 5734 et
3237 5675 3296 5734 in
3311 5675 3543 5752 Yulgata’
3561 5692 3638 5730 m-

2060 5747 2446 5820 terpretatione
2494 5747 2836 5820 est,'_Achan,
2871 5747 3029 5820 juxta
3070 5757 3276 5807 textum
3314 5747 3636 5806 Hebraicum

2059 5817 2210 5876 Jos'u.
2239 5834 2313 5875 vn
2349 5827 2501 5897 :py,
2536 5817 2735 5877 Athan.
