4088 6330
461 279 568 339 985

1467 273 1524 330 8.
1558 272 1918 332 BENEDICTI
1953 268 2243 328 ABBATIS
2279 266 2688 327 ANIANENSIS

3610 275 3729 333 984

459 391 601 467 [qui]
629 404 752 449 cum
788 387 999 446 furatus
1025 393 1169 445 esset
1193 387 1434 461 regulam
1462 403 1705 453 auream,
1739 402 1901 459 super
1925 401 2040 443 om-
2064 395 2118 457 Α
2142 383 2438 438 sanandum
2466 383 2688 453 prodat,
2718 378 3024 452 quicunque
3047 379 3287 452 potuerit
3321 378 3426 439 hoc
3449 380 3729 454 invenire,

454 501 584 542 nem
611 483 885 557 populum,
916 481 1058 538 facta
1085 488 1169 537 est
1195 481 1276 537 ira
1312 480 1428 536 Dei.
1466 479 1537 536 Et
1571 481 1788 552 quidem
1811 481 2041 553 populus

453 585 743 648 peccatum
791 575 936 646 quod
977 573 1360 641 commiserat,
1401 559 1720 645 ignorabat,
1758 589 2040 646 usquequo

453 680 484 708 ιι
513 664 918 721 manifestatum
947 673 1030 720 est
1059 680 1076 719 :
1107 673 1161 720 et
1187 663 1410 736 pertulit
1433 679 1558 720 cum
1589 665 1736 721 omni
1763 667 1922 722 domo
1941 683 2038 722 sua

452 755 787 812 horrendum
801 755 951 811 illum
963 762 1018 812 et
1032 755 1452 811 famosissimum
1465 755 1740 812 interitum
1757 756 1895 830 (Ias.
1913 757 2035 832 vn).

454 847 565 904 Sed
591 857 647 903 et
672 847 792 904 Heli
827 848 1115 914 sacerdos,
1153 856 1208 902 et
1244 848 1463 919 quidem
1499 863 1621 904 cum
1661 864 1768 904 non
1803 849 2040 906 siluisset

450 938 806 1008 peccantibus
846 937 968 992 ﬁliis
1007 939 1100 1009 qui
1141 946 1299 994 erant
1336 937 1431 993 ﬁlii
1461 938 1810 1009 pestilentiae,
1848 939 1957 993 imo
1985 946 2040 994 ct

449 1029 763 1098 frequenter
801 1043 1150 1084 commonens
1191 1037 1249 1084 et
1292 1030 1562 1102 castigans
1599 1029 1739 1084 dixit
1776 1047 1790 1083 :
1835 1028 2031 1093 Nolite,

453 1119 584 1190 ﬁlii,
616 1135 720 1173 non
761 1117 896 1173 bona
936 1119 1099 1173 audio
1133 1119 1199 1174 de
1223 1119 1398 1186 vobis,
1431 1128 1536 1176 etc.
1581 1119 1634 1192 (Ι
1660 1119 1788 1191 Reg.
1820 1119 1903 1192 ιι).
1933 1118 2036 1187 Qui

449 1225 573 1264 cum
602 1217 883 1280 peccatum
912 1219 1200 1282 argueret,
1229 1219 1286 1266 et
1313 1211 1407 1266 Dei
1433 1211 1694 1282 judicium
1729 1227 2037 1266 commone-

445 1308 553 1365 ret,
582 1307 758 1355 tamen
787 1302 1043 1370 quoniam
1069 1318 1177 1356 non
1196 1301 1513 1369 vindicavit,
1536 1318 1709 1372 neque
1736 1303 1896 1373 digno
1919 1303 2034 1358 zelo

443 1390 542 1445 Dei
577 1390 837 1448 adversus
863 1407 959 1447 eos
990 1401 1170 1448 motus
1203 1399 1321 1459 est,
1363 1394 1417 1448 in
1458 1401 1666 1448 tantum
1697 1394 2034 1450 iracundiam

443 1480 540 1536 Dei
565 1483 898 1552 provocavit,
924 1494 985 1540 ut
1011 1485 1177 1540 etiam
1196 1485 1484 1542 universus
1502 1487 1732 1558 populus
1754 1503 1878 1544 cum
1909 1487 2034 1545 ﬁliis

442 1574 558 1629 suis
586 1576 1046 1646 exstingueretur,
1070 1585 1126 1632 et
1143 1593 1269 1632 arca
1291 1580 1600 1634 testamenti
1627 1581 1696 1634 ab
1720 1580 2033 1650 alienigenis

440 1675 748 1735 raperetur,
784 1675 839 1722 ct
873 1668 988 1738 ipse
1019 1669 1241 1740 insuper
1281 1664 1531 1725 omnibus
1562 1671 1839 1727 subversis
1863 1672 2030 1729 mise-

2139 476 2290 548 prius
2315 485 2495 532 tamen
2533 483 2588 532 et
2626 474 2784 532 alteri
2821 474 2908 532 vel
2936 475 3098 532 tertio
3126 485 3150 515 ο
3186 476 3330 532 hanc
3365 476 3731 548 petulantiam

2139 568 2280 624 oculi
2303 569 2724 624 demonstratam
2741 607 2757 634 ,
2784 575 2842 622 ut
2871 567 3102 624 duorum
3126 567 3213 623 vel
3237 568 3401 624 trium
3429 571 3601 640 possit
3621 587 3732 627 ore

2138 667 2416 733 convinci,
2445 673 2502 720 et
2538 663 2863 736 competenti
2895 663 3000 737 [se]
3041 663 3270 721 veritate
3306 665 3567 721 coerceri.
3609 664 3734 720 Nec

2134 775 2234 817 vos
2261 757 2516 831 iudicetis
2541 773 2662 814 esse
2689 756 2980 813 malevolos
2999 797 3016 823 ,
3049 758 3264 827 quando
3302 757 3408 813 hoc
3444 757 3728 813 indicatis.

2135 850 2164 892 ἀ
2193 851 2360 922 Magis
2389 851 2585 921 quippe
2624 851 2938 906 innocentes
2977 866 3088 906 non
3125 850 3286 915 estis,
3325 849 3373 905 si
3401 847 3598 904 fratres
3635 865 3736 905 ve-

2135 953 2306 1009 stros,
2349 959 2486 1014 quos
2524 943 2812 1000 indicando
2855 944 3128 1014 corrigere
3173 942 3429 1014 potestis,
3475 936 3731 1013 deperire

2133 1038 2467 1109 permittitis.
2520 1036 2579 1092 Si
2620 1037 2768 1093 enim
2805 1035 2974 1091 frater
3013 1043 3138 1090 tuus
3177 1035 3369 1090 vulnus
3402 1035 3633 1091 haberet
3670 1037 3732 1090 in

2135 1144 2376 1199 corpore,
2403 1128 2544 1198 quod
2569 1127 2732 1184 vellet
2756 1126 3050 1193 occultare,
3074 1143 3197 1183 cum
3221 1127 3440 1182 timeret
3466 1137 3490 1165 ο
3514 1127 3731 1193 sanari,

2134 1235 2316 1275 nonne
2350 1217 2644 1274 crudeliter
2685 1216 2782 1272 abs
2819 1225 2872 1272 te
2903 1216 3175 1282 sileretur,
3201 1225 3257 1271 et
3299 1215 3734 1271 misericorditer

2134 1313 2499 1369 indicaretur?
2536 1311 2750 1378 Quanto
2778 1325 2908 1382 ergo
2935 1311 3108 1381 magis
3149 1309 3312 1364 debes
3352 1306 3730 1373 manifestare,

2133 1423 2205 1464 ne
2245 1405 2264 1445 ί
2294 1405 2654 1477 perniciosius
2683 1409 2963 1474 putrescat
3000 1402 3055 1456 in
3089 1400 3270 1457 corde.
3303 1399 3409 1454 Sed
3439 1407 3734 1468 antequam

2133 1496 2254 1554 aliis
2276 1498 2694 1559 demonstretur,
2721 1509 2819 1565 per
2845 1509 2979 1566 quos
3003 1491 3402 1548 convincendus
3421 1496 3526 1555 est,
3554 1491 3598 1544 si
3634 1504 3736 1544 ne-

2131 1589 2360 1662 gaverit,
2394 1587 2546 1659 prius
2572 1585 2864 1657 praeposito
2889 1585 3050 1641 debet
3075 1582 3306 1645 ostendi,
3340 1581 3733 1636 si-admonitus

2131 1679 2434 1753 neglexerit
2468 1678 2668 1748 corrigi
2707 1695 2722 1730 :
2765 1692 2833 1732 ne
2866 1675 3016 1731 forte
3047 1674 3218 1746 possit
3255 1673 3518 1728 secretius
3547 1687 3734 1727 corre-

438 1757 609 1812 randa
637 1766 811 1814 morte
839 1767 1136 1815 corrueret.
1161 1760 1315 1828 Quod
1339 1761 1385 1816 si
1414 1760 1467 1816 in
1496 1762 1750 1833 populum
1778 1764 2030 1834 ignoran-
2055 1762 2105 1823 B
2132 1784 2258 1846 pius
2293 1789 2400 1830 non
2441 1772 2782 1828 innotescere
2821 1768 3052 1824 ueteris.
3105 1765 3164 1821 Si
3204 1772 3387 1821 autem
3423 1765 3730 1836 negaverit,

438 1856 551 1902 tem
569 1888 583 1913 ,
616 1849 701 1903 vel
724 1850 790 1904 de
822 1851 981 1906 unius
1007 1861 1262 1923 peccato,
1291 1853 1377 1908 vel
1414 1853 1470 1908 in
1497 1862 1706 1924 patrem
1733 1856 1825 1925 qui
1856 1856 2030 1912 corri-

437 1947 635 2008 puerat
664 1949 718 1995 et
747 1951 1154 2000 commonuerat
1177 1944 1316 2000 ﬁlios
1350 1961 1450 2016 pro
1473 1954 1696 2017 peccato
1714 1987 1730 2013 ,
1760 1956 1906 2003 tanta
1936 1947 2030 2003 Dei

437 2027 525 2088 ira
563 2028 782 2086 incensa
813 2040 929 2100 est,
961 2035 1091 2105 quid
1121 2037 1449 2106 sperandum
1478 2046 1562 2094 est
1600 2038 1667 2096 de
1707 2039 1794 2095 his
1818 2039 1912 2111 qui
1941 2056 2034 2097 co-

439 2128 710 2187 gnoscunt
745 2120 976 2178 aliorum
1011 2123 1205 2180 delicta
1226 2165 1240 2191 ,
1270 2134 1326 2182 et
1360 2127 1619 2194 reticent,
1658 2145 1761 2185 nec
1786 2129 2030 2200 qualem-

437 2226 653 2281 cunque
686 2213 946 2270 adhibent
979 2218 1415 2288 correptionem?
1450 2218 1596 2286 Quos
1622 2220 1811 2291 utique
1836 2235 2034 2276 conve-

438 2312 597 2359 uerat
623 2307 915 2363 observare
946 2307 1074 2364 illud
1092 2350 1105 2374 ,
1137 2311 1281 2380 quod
1311 2310 1602 2382 Apostolus
1627 2311 1695 2366 ad
1722 2311 2031 2370 Corinthios

437 2395 572 2451 dicit
603 2415 616 2451 :
647 2397 822 2464 Quare
846 2416 950 2454 non
968 2402 1140 2472 potius
1160 2401 1358 2458 luctum
1379 2404 1659 2471 habuistis,
1684 2415 1740 2459 ut
1765 2405 2033 2462 tolleretur

436 2503 466 2539 e
493 2489 665 2543 medio
693 2501 952 2557 vestrum,
989 2494 1078 2564 qui
1119 2494 1216 2548 hoc
1257 2511 1386 2565 opus
1425 2495 1546 2565 fecit
1581 2495 1666 2568 (II
1708 2496 1829 2552 Cor.
1855 2497 1951 2569 v)?
1979 2507 2035 2555 et

435 2576 571 2632 illud
601 2599 614 2633 :
652 2579 790 2634 Ecce
816 2583 954 2635 enim
980 2592 1029 2638 et
1067 2584 1164 2637 hoc
1188 2585 1358 2655 ipsum
1388 2587 1673 2642 secundum
1708 2588 1872 2644 Deum
1903 2607 2032 2644 con-

435 2669 640 2728 tristari
663 2681 914 2742 quantam
941 2684 1210 2744 operatum
1242 2677 1396 2730 estin
1426 2677 1573 2733 nobis
1604 2678 2030 2748 sollicitudinem,

436 2764 530 2818 sed
560 2765 971 2836 indignationem
990 2808 1005 2834 ,
1034 2769 1126 2823 sed
1153 2769 1423 2836 timorem,
1451 2772 1543 2826 sed
1567 2773 1882 2828 desiderium
1899 2815 1914 2840 ,
1941 2775 2032 2829 sed

436 2857 865 2926 «mulationem,
907 2863 999 2918 sed
1034 2864 1315 2920 vindictam
1346 2865 1434 2938 (II
1475 2867 1599 2922 Cor.
1627 2868 1764 2941 vn)?
1793 2869 1945 2925 Unde
1979 2875 2035 2924 et

437 2956 685 3006 metuere
722 2952 950 3020 debent,
979 2968 1048 3008 ne
1083 2954 1223 3010 forte
1251 2957 1414 3012 etiam
1446 2973 1590 3012 nunc
1627 2959 1857 3013 similem
1887 2968 2035 3014 vete-

432 3040 589 3095 ribus
618 3042 895 3097 interitum
936 3055 1185 3113 sumant,
1223 3047 1280 3102 hi
1310 3049 1400 3118 qui
1429 3049 1680 3105 similiter
1706 3051 1984 3121 negligunt
2015 3069 2028 3106 :

377 3179 380 3181 Α
435 3132 548 3188 imo
569 3143 624 3188 et
648 3143 800 3190 tanto
827 3139 1046 3208 gravius
1066 3179 1081 3205 ,
1106 3149 1308 3210 quanto
1326 3112 1593 3212 -spernere
1627 3112 1805 3215 legem
1828 3112 2032 3202 Culiristi
2059 3112 2106 3175 Ο

433 3228 801 3296 perniciosius
827 3238 912 3284 est
947 3247 1110 3300 quam
1148 3233 1321 3304 legem
1350 3234 1567 3306 Moysis.
1610 3236 1680 3291 Et
1705 3237 1790 3292 his
1816 3253 2031 3308 compe-

434 3318 504 3372 tit
538 3319 669 3374 illud
697 3321 872 3390 aptari
899 3323 1043 3393 quod
1069 3325 1204 3380 dixit
1235 3345 1249 3380 :
1283 3325 1484 3398 Septies
1519 3328 1837 3384 vindicatum
1863 3340 1938 3385 est
1967 3331 2032 3385 de

436 3406 597 3475 Cain,
629 3411 694 3465 de
715 3411 939 3468 Lamech
967 3431 1088 3470 vero
1114 3419 1408 3488 septuagies
1432 3421 1618 3490 septies
1648 3418 1802 3492 (Gen.
1833 3420 1920 3495 ll).

435 3502 466 3574 §
504 3503 645 3559 XIX.
681 3535 754 3546 -——
791 3507 867 3562 Ex
906 3507 1128 3566 Recens
1164 3525 1350 3567 SANCTI
1390 3512 1685 3570 Aecus-rm
1735 3512 1873 3586 (cap.
1913 3514 2028 3588 94).

511 3599 540 3639 ι)
581 3597 638 3653 Si
666 3607 789 3670 post
812 3602 1234 3659 admonitionem
1255 3605 1452 3661 iterum
1471 3606 1557 3661 vel
1577 3606 1683 3662 alio
1707 3622 2031 3678 quocunque

433 3690 524 3748 die
551 3691 603 3746 id
635 3693 809 3763 ipsum
851 3693 1031 3751 facere
1057 3696 1304 3753 videritis
1325 3738 1340 3764 ,
1363 3695 1478 3767 jam
1509 3699 1658 3754 velut
1685 3699 2030 3755 vulneratum

508 3842 534 3870 α
577 3829 978 3906 Manifestatum
1017 3844 1111 3906 est.
1154 3834 1234 3890 Ita
1264 3836 1405 3906 apud
1438 3836 1712 3892 Ruﬁnum.
1746 3837 1804 3892 ln
1842 3845 2029 3894 nostra

435 3898 739 3978 Concordia
764 3919 867 3978 ms.
893 3903 1238 3978 Manifestum
1267 3898 1342 3978 eat
1361 3923 1383 3978 ,‘7
1408 3909 1500 3961 sed
1529 3907 1646 3978 lege
1676 3926 1689 3960 :
1719 3907 2032 3978 Manifesta-

437 3978 521 4053 tua
551 3979 644 4023 est.
671 3971 804 4053 Nam
827 3974 882 4026 in
905 3971 1058 4053 textui
1078 3973 1266 4030 Graeco
1286 3976 1484 4053 legitur
1505 3994 1520 4030 :
1545 3971 1724 4053 Μῖκρςς
1747 3971 2037 4053 ἐφανὲρὼρή

436 4039 466 4116 ῥ
491 4045 868 4115 προειρημένος,
901 4044 954 4096 id
983 4052 1089 4110 est,
1125 4064 1143 4094 ι
1177 4039 1502 4116 ιξεῳιὲόιιηι
1530 4039 1823 4116 praedictus
1856 4039 2030 4103 niani-

435 4109 670 4182 fcstatu's
698 4109 801 4175 est,
834 4132 852 4163 ι
887 4109 1083 4182 nempe
1111 4109 1304 4180 Achar,
1333 4131 1427 4170 seu
1463 4109 1663 4170 Ac'han.

513 4177 622 4258 b_Si
645 4190 758 4258 post
780 4177 1329 4258 admonitionem,_etc.
1359 4185 1484 4258 H:e_c
1505 4187 1773 4258 habentur
1794 4187 1846 4242 in
1869 4189 2024 4258 epist.

436 4247 499 4328 S.
528 4247 812 4328 Augustini
843 4253 968 4328 109,
997 4261 1051 4309 et
1086 4254 1140 4308 in
1170 4255 1408 4328 ejusdem
1441 4255 1663 4327 Regula,
1693 4273 1812 4328 quae
1840 4247 1914 4315 ex'
1934 4276 2028 4315 ea-

437 4319 558 4374 dem
578 4321 811 4444 ﬂﬁstola
837 4323 1062 4380 collecta
1089 4319 1335 4396 estfcap.
1365 4326 1454 4382 25.

513 4402 535 4429 ο
637 4409 734 4444 anc
779 4394 1120 4444 petulantiam
1158 4397 1296 4444 oeuli
1336 4397 1452 4444 dem

513 4402 535 4429 ο
578 4394 734 4445 Hanc
777 4394 1120 4462 petulantiam
1158 4394 1298 4450 oculi
1336 4397 1767 4455 demonstratam.
1820 4399 1965 4462 Lege
2007 4417 2023 4457 :

2134 1873 2263 1920 tunc
2300 1864 2326 1903 ε
2362 1859 2625 1916 nescienti
2667 1857 2958 1914 adhibendi
2994 1863 3120 1912 sunt
3148 1855 3272 1921 alii;
3313 1863 3374 1908 ut
3394 1853 3506 1923 jam
3543 1868 3732 1910 coram

2131 1953 2384 2010 omnibus
2405 1950 2575 2023 possit
2596 1965 2704 2004 non
2734 1949 2802 2003 ab
2829 1963 2936 2002 uno
2965 1954 3104 2002 teste
3135 1945 3314 2017 argui,
3339 1945 3432 2000 sed
3461 1960 3492 1997 a
3519 1944 3732 2000 duobus

2133 2052 2190 2102 et
2218 2045 2393 2100 tribus
2421 2041 2690 2098 convinci.
2720 2038 3013 2095 Convictus
3039 2053 3168 2092 vero
3194 2035 3490 2092 secundum
3516 2050 3731 2105 praepo-

2133 2137 2255 2203 siti,
2297 2135 2382 2190 vel
2410 2134 2576 2190 etiam
2607 2129 2946 2204 presbyteri,
2982 2128 3050 2184 ad
3077 2126 3230 2196 cujus
3271 2126 3731 2198 dispensationem

2131 2227 2392 2299 pertinet,
2433 2224 2744 2289 arbitrium,
2791 2221 2953 2277 debet
2989 2219 3411 2274 emendatoriam
3459 2219 3732 2273 sustinere

2133 2321 2427 2376 vindictam
2455 2332 2469 2371 :
2494 2331 2656 2388 quam
2679 2314 2725 2370 si
2748 2312 2892 2368 ferre
2917 2327 3026 2367 non
3054 2309 3352 2374 curaverit,
3379 2306 3594 2364 etiamsi
3614 2307 3732 2376 ipse

2133 2430 2242 2470 non
2274 2409 2622 2475 abscesserit,
2654 2407 2721 2463 de
2745 2413 2926 2461 vestra
2953 2405 3215 2460 societate
3244 2400 3581 2473 projiciatur.
3608 2398 3729 2454 Non

2133 2508 2278 2564 enim
2313 2512 2370 2561 et
2403 2505 2509 2558 hoc
2548 2501 2609 2555 ﬁt
2645 2497 2956 2563 crudeliter,
2997 2495 3090 2550 sed
3129 2491 3554 2550 misericorditer
3591 2507 3606 2546 :
3649 2507 3727 2547 ne

2135 2596 2459 2668 contagione
2487 2591 2745 2665 pestifera
2770 2590 3034 2663 plurimos
3061 2588 3271 2660 perdat.

2135 2731 2164 2805 ᾗ
2193 2728 2505 2785 XX.—Ex
2537 2728 2756 2784 Recens
2801 2725 2968 2781 PAULI
3013 2739 3083 2779 ΕΤ
3127 2722 3400 2778 Srermm
3431 2721 3570 2793 (cap.
3604 2719 3721 2790 56).

2209 2869 2266 2924 Si
2311 2868 2431 2940 quis
2481 2866 2708 2922 alterum
2759 2862 2960 2918 viderit
3004 2859 3248 2916 illicitum
3296 2858 3595 2931 quidquam
3636 2857 3721 2912 vel

2137 2977 2388 3019 sermone
2433 2959 2517 3016 vel
2570 2974 2732 3030 opere
2781 2955 3090 3021 facientem,
3118 2963 3174 3010 et
3215 2954 3384 3026 priori
3448 2952 3720 3010 distulerit

2137 3053 2438 3125 publicare,
2466 3056 2758 3120 cognoscat
2797 3062 2858 3103 se
2889 3061 3011 3102 esse
3055 3046 3359 3101 nutriorem
3405 3044 3638 3116 peccati,
3667 3052 3724 3100 et

2135 3161 2236 3216 per
2277 3144 2458 3199 omnia
2503 3141 2764 3212 aequalem
2815 3139 3060 3211 peccanti
3090 3157 3102 3193 :
3128 3139 3255 3210 quia
3280 3147 3336 3193 et
3377 3138 3571 3193 animae
3616 3150 3726 3192 suae

2135 3246 2192 3292 et
2216 3235 2293 3291 illi
2321 3242 2405 3291 est
2454 3249 2616 3305 quem
2661 3231 2797 3302 tegit
2837 3229 3159 3286 durissimus
3201 3228 3465 3284 inimicus.
3505 3228 3584 3282 Ex
3613 3227 3720 3282 hoc

2137 3328 2279 3398 apud
2309 3327 2500 3390 Deum,
2531 3324 2622 3394 qui
2649 3323 2794 3378 mala
2823 3322 2958 3388 odit,
2991 3329 3048 3376 et
3072 3321 3216 3391 apud
3244 3327 3487 3376 cunctam
3513 3316 3711 3373 frater-

2136 3419 2361 3475 nitatem
2385 3414 2751 3477 exsecrabilis,
2778 3421 2835 3468 et
2863 3411 3096 3467 inﬁdelis
3123 3411 3405 3467 habebitur
3429 3427 3444 3463 :
3468 3408 3598 3480 quia
3619 3423 3721 3480 per

2135 3506 2518 3564 abundantiam
2568 3504 2786 3560 malitiae
2830 3502 3003 3559 noluit
3047 3503 3309 3575 prodere,
3338 3510 3400 3558 ut
3438 3501 3717 3572 corrigere

2130 3609 2316 3671 posset
2342 3608 2619 3655 errantem
2643 3616 2656 3652 :
2681 3606 2738 3653 et
2755 3598 2878 3653 odio
2901 3597 3201 3668 disciplinae
3221 3595 3410 3652 dilexit
3430 3595 3714 3662 malitiam;

2132 3700 2190 3748 et
2217 3692 2391 3747 astitit
2417 3691 2564 3747 omni
2593 3691 2697 3746 viae
2725 3704 2833 3746 non
2867 3691 3042 3746 bonae.

2131 3827 2358 3899 pupillas
2382 3825 2555 3899 Graeci
2582 3826 2756 3899 κόρας.
2785 3825 2839 3899 id
2865 3823 3239 3899 est,__virgines
3268 3824 3641 3899 appellarunt,
3660 3829 3724 3899 ut

2131 3894 2285 3952 notat
2313 3897 2369 3952 8.
2397 3894 2944 3961 ιεὶιίοιουεῬθιιιδίοῑει,
2980 3894 3108 3950 libri
3136 3912 3188 3958 v,
3220 3894 3380 3964 epist.
3410 3894 3479 3948 46
3499 3903 3555 3948 et
3587 3894 3718 3957 146;

2132 3977 2188 4023 et
2209 3967 2266 4022 S.
2292 3967 2560 4022 Cmsarius
2589 3966 2760 4021 frater
2781 3965 2838 4022 S.
2867 3966 3114 4037 Gregorii
3134 3963 3483 4031 Nazianzeni,
3503 3964 3641 4037 Dial.
3664 3963 3720 4029 4,

2131 4054 2257 4114 cum
2296 4039 2378 4114 ait“
2418 4056 2432 4092 :
2481 4039 2805 4114 Παρθενςιξιιν
2845 4033 2934 4091 οὖν
3125 4038 3423 4114 τὰς’·ςὸρας
3462 4036 3724 4114 ὀφθαλμῶν

2133 4106 2827 4184 ξσῳνυμίαν-ςῶίπαρβένων
2846 4106 3202 4184 “punning,
3235 4108 3288 4162 id
3319 4106 3421 4170 est,
3455 4125 3476 4184 _t
3493 4106 3728 4184 _Oportet

2132 4179 2296 4250 igitur
2316 4179 2545 4250 pupillas
2569 4178 2853 4250 oculorum
2872 4178 3109 4249 virgines
3135 4193 3275 4241 esse,
3295 4178 3596 4250 Aquaeidem
3627 4191 3724 4250 ηρτ

2131 4245 2298 4304 minis
2316 4245 2695 4304 ornamentum
2727 4249 2935 4304 sortitae
2955 4245 3079 4302 sunt
3108 4263 3230 4302 cum
3255 4245 3575 4318 virginibus.
3616 4266 3633 4298 ι
3661 4245 3720 4300 Si

2133 4321 2224 4391 qui
2256 4335 2386 4391 ergo
2412 4320 2646 4391 aliquam
2675 4319 3130 4389 pulchritudinem
3158 4319 3558 4391 conspexerint,
3590 4332 3718 4371 eru-

2130 4388 2378 4455 bescant,
2401 4390 2518 4444 vela
2549 4388 2786 4454 trahant,
2811 4391 2864 4443 in
2893 4398 3096 4443 terram
3125 4388 3286 4443 veluti
3311 4396 3538 4443 matrem
3567 4402 3720 4441 suam

436 4458 601 4534 11am;
623 4458 966 4534 petulantiam
995 4465 1134 4519 oculi
1158 4466 1472 4522 demonstret
1504 4483 1522 4522 :
1546 4472 1639 4526 sed
1664 4473 1778 4527 hzec
1807 4458 1969 4528 verba
2009 4491 2023 4528 :

2133 4461 2420 4534 aspiciant,
2437 4475 2561 4534 quae
2575 4459 2769 4534 doceat
2791 4475 2885 4534 eos
2915 4461 2972 4514 οὐ
2999 4460 3148 4534 μόνον
3167 4466 3258 4520 τὴν
3276 4461 3524 4534 ᾐμετὲραν
3545 4460 3715 4534 φήσιν,

438 4529 594 4612 ﬂant:
624 4529 971 4612 petulantiam
1001 4535 1139 4612 oculi
1157 4577 1170 4600 ,
1206 4538 1415 4612 _sunt_in
1448 4542 1774 4612 prtecedenti
1804 4543 2027 4612 periodo

436 4607 560 4683 tum
594 4603 868 4683 epistolae,
901 4613 1012 4658 tum
1055 4607 1288 4683 Regula}.
1331 4603 1518 4683 itaque
1553 4613 1606 4666 in
1646 4603 1851 4683 Regula
1881 4613 2026 4668 edita

435 4670 679 4752 legitur‘g
707 4669 867 4752 Prius
896 4683 1075 4752 tamen
1099 4669 1174 4729 υει
1201 4677 1353 4752 alteri
1380 4669 1455 4734 vel
1479 4683 1628 4752 tertio
1655 4669 2024 4738 demonstran-

437 4738 585 4822 dum.
615 4738 927 4822 Hic_autem
958 4742 1014 4796 S.
1045 4744 1756 4822 Augustinuspetulantiam
1786 4760 1842 4806 et
1864 4753 2026 4808 lasci-

435 4810 583 4892 viam
622 4809 914 4892 oculorum
938 4809 1171 4892 maxime
1195 4809 1520 4885 proscribit,
1546 4821 1616 4874 ob
1641 4821 1780 4874 mala
1808 4837 1927 4892 qnze
1955 4839 2023 4878 ex

437 4881 796 4937 immoderato
821 4891 878 4938 et
899 4882 1100 4939 lascivo
1128 4881 1348 4956 aspectu
1376 4881 1597 4945 manant
1625 4907 1639 4944 :
1671 4905 1795 4945 nam

687 4972 827 5024 Oculi
850 4980 966 5025 sunt
987 4977 1035 5024 in
1059 4987 1224 5027 amore
1246 4977 1416 5028 duces.

439 5073 760 5151 Pudorque,
794 5087 849 5134 et
885 5079 1208 5136 verecundia
1238 5083 1347 5138 cito
1377 5082 1632 5151 elllunnt,
1664 5086 1710 5142 si
1749 5086 1918 5144 libera
1953 5089 2024 5145 sit

439 5146 614 5202 oculis
631 5146 956 5274 qiuocunque
980 5154 1206 5223 vagandi
1237 5152 1466 5210 facultas
1505 5173 1519 5209 :
1553 5146 1748 5227 quibus
1781 5159 1902 5215 ideo
1928 5176 2025 5215 na-

441 5222 566 5268 tura
594 5231 644 5272 Cl
687 5234 740 5274 a.
767 5229 823 5274 et
841 5223 1127 5274 nalnebras
1152 5233 1408 5274 tannnam
1431 5227 1731 5274 virainihns
1752 5230 1867 5274 νριει
1898 5247 2024 5274 nm-

441 5222 576 5302 tura
594 5222 1127 5302 cilia,‘et_palpeb_ras
1152 5233 1409 5294 tanquam
1431 5222 1731 5297 virginibus
1752 5230 1869 5285 vela
1898 5247 2024 5302 pro—

439 5283 610 5352 vidit,
647 5283 900 5349 ut’faci'le
932 5283 1197 5367 'pudorem
1230 5283 1387 5351 suum
1429 5283 1676 5365 seriem,
1714 5283 2024 5372 eorumrque

2134 4529 2238 4586 ἀλλ’
2281 4529 2358 4586 ὅτι
2394 4529 2478 4586 καὶ
2513 4531 2584 4602 ’τὸΔ
2608 4531 2748 4602 ὀφοέν
2782 4531 2956 4591 κάλλος
2996 4529 3044 4594 ἒξ
3085 4529 3481 4602 αὖτῆςᾼῆνθησὲ,
3522 4529 3609 4583 κάξ
3646 4530 3721 4588 εἷς

2135 4604 2294 4660 αὐτὴν
2325 4599 2652 4674 ὑποστρέψεί
2679 4602 3160 4674 μαρανᾷησόμηνον,
3197 4600 3248 4654 id
3275 4607 3386 4674 est,
3424 4617 3444 4651 t
3479 4613 3584 4654 non
3615 4613 3716 4651 n0-

2134 4680 2300 4725 stram
2316 4673 2476 4726 modo
2489 4670 2870 4742 naturam,sed
2895 4681 2951 4724 et
2975 4670 3269 4742 spectatam
3298 4670 3442 4724 illam
3469 4675 3722 4742 venusta-

2133 4748 2242 4794 tem
2279 4757 2347 4796 ex
2390 4741 2502 4809 ipsa
2544 4739 2841 4802 efﬂuxisse,
2887 4749 2945 4796 et
2970 4739 3158 4795 rursus
3197 4749 3620 4796 marcescentem
3663 4739 3718 4792 in

2131 4810 2620 4882 illamiredituram,
2653 4811 2868 4882 irinquit
2889 4810 3031 4866 idem
3059 4811 3117 4866 8.
3140 4811 3376 4882 Isidorus
3401 4811 3568 4882 epist.
3589 4809 3713 4862 M6.

2202 4879 2230 4920 ἀ
2273 4881 2446 4951 Magis
2472 4883 2660 4952 quippe
2679 4879 2974 4952 innocentes
3014 4897 3132 4952 non,
3162 4879 3500 4952 estisalde'm
3545 4879 3718 4935 ferme

2128 4966 2291 5022 supra
2321 4950 2457 5006 dixit
2485 4951 2544 5007 S.
2565 4950 2826 5017 Basilius,
2865 4951 3052 5007 interr.
3075 4950 3145 5006 40
3170 4951 3362 5022 Regul.
3394 4950 3556 5006 Brev.

2205 5033 2228 5093 9
2268 5020 2484 5093 Sanari.
2514 5023 2656 5093 Lege
2681 5039 2693 5074 :
2719 5023 2908 5087 secari,
2952 5030 3012 5077 ut
3039 5021 3092 5093 in
3121 5023 3280 5093 epist.
3314 5020 3372 5076 S.
3399 5019 3684 5091 Augustini

2268 5055 2484 5076 uulnus.
2514 5055 2655 5087 “C50
2682 5064 2692 5074 ο
2719 5055 2908 5087 DCI/ull,
2954 5055 3012 5077 υι
3039 5055 3092 5076 ΙΙΙ
3121 5055 3280 5087 quas.
3314 5055 3372 5076 υ.
3399 5055 3709 5087 ηυδιιδιιιη.

2202 5091 2222 5130 τ
2266 5091 2640 5147 Ρετηὶεἱοεὶαέ.
2670 5093 2746 5148 Ita
2768 5093 2822 5146 in
2853 5093 3011 5163 epist.
3055 5092 3112 5146 S.
3144 5091 3429 5163 Augustini
3469 5099 3526 5146 et
3568 5091 3711 5160 apud

2127 5161 2508 5234 Smaragdum.
2538 5163 2599 5234 in
2619 5163 2824 5234 Regula
2855 5161 3071 5233 legitur,
3099 5161 3348 5234 deterius.

2201 5235 2225 5273 ε
2262 5231 2551 5307 Νέεείεηιί.
2579 5231 2726 5307 Lege
2757 5231 2986 5307 neganti,
3021 5241 3083 5286 ut
3107 5233 3161 5289 in
3185 5247 3272 5307 ep.
3305 5232 3364 5288 S.
3395 5231 3707 5305 Augustini,

2125 5300 2329 5374 Regula
2356 5329 2377 5370 ν,
2405 5312 2461 5358 et
2489 5304 2628 5376 apud
2659 5300 3035 5375 Smaragdum.

1529 5574 2532 5616 ψ
