4088 6330
626 363 724 422 991

1627 358 1685 414 S.
1725 354 2087 414 BENEDlCTI
2125 352 2417 413 ABBA'I'IS
2455 353 2857 414 ANIANENSIS

3794 365 3922 424 993

621 476 786 542 xerit,
849 474 896 532 si
925 487 1211 530 rancorcm
1256 473 1516 530 adversus
1568 472 1792 528 fratrem
1843 473 2101 538 tenuerit,
2151 471 2197 528 si
2225 475 2273 538 Α
2301 472 2632 529 debilitatem
2652 473 2848 528 inferat
2864 473 3156 531 membris:
3183 459 3351 548 fquia
3381 459 3523 534 sicut
3543 471 3908 542 subditorum

619 571 868 646 peccanti
905 571 959 626 in
984 587 1042 626 se
1068 580 1124 626 et
1146 578 1334 642 postea
1364 569 1684 641 supplicanti
1713 569 1925 625 veniam
1950 587 2055 626 non
2080 585 2204 625 con-

621 662 870 729 cesserit,
893 662 940 717 si
967 678 1087 717 cum
1122 661 1289 717 altero
1309 662 1363 717 in
1398 677 1506 716 uno
1531 661 1671 717 lecto
1691 659 1945 730 jacuerit,
1978 662 2023 717 si
2046 670 2200 718 extra

621 771 966 812 communem
995 770 1237 810 mensam
1267 755 1522 824 privatim
1575 754 1660 810 vel
1700 753 1886 809 furtim
1928 755 2202 826 quippiam

622 847 937 916 sumpserit,
966 847 1011 902 si
1039 847 1238 902 alicubi
1267 855 1423 901 extra
1465 846 1771 902 consultum
1817 847 2092 916 praepositi
2115 847 2202 902 vel

623 938 835 994 abbatis
861 939 1142 995 discedens
1169 937 1346 993 medio
1386 938 1494 1004 die,
1539 937 1626 992 vel
1654 937 1883 1008 amplius
1903 954 2204 994 commem-

624 1036 710 1084 tus
732 1028 916 1093 fuerit,
965 1030 1032 1095 si,
1091 1039 1153 1085 ut
1200 1032 1408 1086 otiosus
1440 1031 1534 1097 sit,
1586 1028 1777 1086 falsam
1828 1031 2202 1088 inﬁrmitatem

619 1123 989 1196 praetenderit.
1038 1124 1166 1180 Haec
1202 1132 1257 1179 et
1284 1124 1480 1180 similia
1500 1123 1656 1194 juxta
1701 1124 1985 1179 arbitrium
2024 1124 2204 1181 Patris

619 1214 876 1271 diuturna
923 1215 1482 1272 exeommunicatione
1530 1228 1556 1257 ι
1602 1215 1880 1286 purganda
1934 1222 2091 1281 sunt;
2121 1223 2206 1272 'ut

623 1309 716 1379 qui
767 1310 1006 1380 graviter
1032 1325 1261 1380 peccare
1291 1315 1612 1375 noscuntur,
1661 1307 1860 1363 acriori
1913 1308 2204 1363 severitate

619 1408 996 1455 coerceantur.

678 1491 706 1562 §
736 1491 804 1545 X.
839 1522 913 1532 -—
937 1491 1016 1546 Ex
1045 1491 1268 1547 Rasum
1294 1506 1481 1547 sxucrr
1509 1491 1814 1546 Fnucruosr
1841 1489 1981 1561 (cap.
2007 1489 2120 1560 l5).

686 1585 715 1624 ι)
743 1585 1051 1640 Clamosum
1092 1586 1148 1640 in
1169 1585 1442 1640 locutione
1467 1585 1818 1649 monachum,
1855 1591 1948 1638 aut
1983 1583 2202 1638 iracun-

613 1676 740 1733 dum
751 1676 1146 1742 ,ridieulosum,
1161 1678 1568 1732 subsanatorem
1583 1676 1696 1731 sive
1713 1675 2073 1731 detractorem
2085 1689 2206 1730 esse

613 1782 722 1822 non
746 1768 919 1823 decet.
947 1767 1050 1834 Qui
1074 1766 1340 1836 ejusmodi
1367 1775 1470 1833 est,
1502 1776 1556 1822 et
1581 1782 1724 1836 saepe
1749 1767 2063 1838 castigatus,
2093 1781 2202 1821 non

2301 563 2430 618 vitia
2451 578 2550 633 per
2571 564 2910 634 praepositos,
2958 565 3034 619 ita
3056 576 3111 620 et
3144 571 3563 640 praepositorum
3610 576 3918 649 negligen-

2301 657 2404 712 tias
2433 673 2529 728 per
2548 657 2896 727 semetipsum
2917 657 3061 714 Deus
3087 657 3372 728 judicabit.

2481 747 2510 820 §
2546 747 2816 803 Κίρ-ΒΧ
2853 749 3072 805 Rasum
3109 767 3372 808 CUJUSDAI
3425 757 3566 826 (cap.
3607 757 3724 829 f9).

2371 841 2950 897 Excommunicationis
2991 857 3244 898 mensura
3279 845 3456 914 qualis
3494 860 3615 902 esse
3662 849 3912 917 debeat,

2295 931 2498 1002 justum
2541 934 2837 989 scientibus
2878 933 3077 990 librare
3113 934 3375 1004 judicium
3418 939 3444 978 ⁸
3489 939 3662 1009 culpae
3703 944 3912 1000 modus

2301 1027 2554 1082 ostendit.
2588 1026 2905 1082 Levioribus
2931 1027 3074 1082 enim
3099 1028 3272 1099 culpis
3290 1028 3458 1084 levior
3484 1039 3567 1086 est
3587 1033 3908 1090 adhibenda

2303 1122 2607 1192 correptio;
2646 1122 2984 1192 gravioribus
3023 1137 3153 1177 vero
3189 1123 3218 1162 ιι
3254 1122 3550 1178 ferventior
3589 1126 3904 1182 exhibenda

2303 1213 2596 1268 damnatio.
2651 1212 2883 1268 Proinde
2903 1211 3114 1268 abbatis
3135 1213 3310 1269 studio
3334 1216 3671 1285 pensandum
3700 1226 3810 1284 est,
3844 1227 3910 1274 ut

2304 1302 2349 1358 si
2388 1302 2581 1372 aliquis
2627 1301 2797 1358 frater
2850 1303 2903 1358 in
2953 1302 3242 1359 levioribus
3282 1304 3591 1361 inveniatur
3627 1307 3909 1366 obnoxius

2306 1397 2495 1468 culpis,
2520 1413 2691 1469 usque
2722 1400 2738 1439 ί
2768 1397 2836 1452 ad
2866 1398 3121 1454 indictam
3149 1398 3252 1454 sibi
3285 1399 3477 1455 horam
3503 1416 3696 1458 mensa
3723 1404 3908 1472 prive-

2305 1505 2394 1552 tur
2423 1515 2436 1551 :
2470 1497 2536 1552 de
2567 1495 2906 1568 gravioribus
2940 1510 3071 1550 vero
3103 1510 3198 1550 seu
3241 1495 3454 1550 dierum
3497 1496 3585 1552 vel
3626 1499 3905 1555 mensium

2306 1586 2549 1642 deﬁnitio
2583 1587 2637 1641 in
2666 1586 2878 1656 longius
2911 1593 3181 1656 protracta
3215 1586 3555 1656 correptione
3597 1585 3612 1637 i
3653 1588 3904 1644 ﬁniatur.

2309 1677 2337 1718 ιι
2362 1679 2438 1732 Ea
2475 1687 2658 1734 tamen
2683 1678 2911 1749 Regula,
2939 1685 3002 1732 ut
3025 1677 3068 1732 si
3095 1677 3326 1748 amplius
3360 1693 3525 1749 quam
3551 1687 3768 1749 septem
3795 1680 3908 1736 die-

2307 1784 2428 1825 rum
2460 1768 2694 1840 spatium
2725 1767 3301 1823 exeommunicationis
3327 1769 3666 1836 percurrerit
3692 1787 3708 1822 :
3735 1785 3904 1838 quan.

612 1857 780 1914 fuerit
819 1858 1161 1923 emendatus,
1209 1858 1434 1931 ﬂagellis
1463 1837 1905 1928 verberibusque
1929 1856 2202 1912 curandus
2231 1837 2278 1897 Β
2307 1861 2396 1915 diu
2439 1837 2774 1930 poenitentiae
2813 1858 2912 1913 sub
2955 1865 3158 1913 statuto
3198 1864 3445 1926 tempore
3481 1858 3618 1912 ordo
3656 1837 3904 1915 retantus

611 1957 718 2014 est,
773 1957 830 2003 et
854 1949 1052 2004 acriter
1095 1949 1489 2014 emendandus,
1526 1949 1829 2018 crebraque
1885 1946 2203 2002 curiositate

611 2047 668 2096 et
703 2039 968 2096 industria
992 2040 1351 2096 reducendus.
1412 2039 1692 2106 Lascivus,
1735 2037 1986 2109 petulans
2013 2045 2069 2094 et
2106 2053 2200 2092 su-

610 2129 811 2200 perbus
838 2128 1037 2199 saepius
1061 2130 1432 2200 suspendatur
1455 2145 1487 2184 a
1522 2130 1666 2195 cibo,
1710 2137 1764 2183 et
1790 2127 2042 2184 biduanis
2088 2127 2202 2182 sive

610 2219 876 2276 triduanis
919 2209 1230 2276 macerctur
1281 2219 1500 2286 iuediis,
1552 2220 1844 2291 operisque
1901 2217 2203 2289 adjectione

614 2313 934 2368 conﬁciatur
965 2332 978 2368 :
1009 2328 1257 2369 sermone
1283 2319 1338 2366 et
1360 2312 1628 2382 colloquio
1649 2311 1966 2379 castigetur.
2001 2307 2060 2362 Si
2089 2309 2196 2363 ista

606 2421 900 2478 perpessus
960 2423 1123 2479 saepe,
1175 2407 1401 2462 minime
1447 2406 1614 2460 fuerit
1678 2413 1981 2468 correctus,
2021 2404 2200 2475 plagis

612 2497 933 2552 emendetur
968 2497 1277 2559 instantius,
1329 2495 1726 2552 reclusionibus
1766 2495 1986 2550 diutinae
2039 2510 2200 2550 coar-

613 2594 794 2642 ctetur
842 2588 1136 2658 angustiis,
1170 2598 1192 2626 ο
1239 2587 1559 2643 brevissime
1606 2587 1765 2656 panis
1793 2595 1852 2642 et
1904 2601 2058 2656 aqua:
2101 2601 2200 2642 esu

610 2679 1016 2746 sustentandus,
1041 2679 1212 2734 donec
1229 2693 1288 2734 se
1314 2679 1576 2750 spondeat
1614 2695 1645 2734 a
1667 2679 1802 2734 vitio
1826 2693 2196 2734 recessurum.

608 2769 1036 2836 luobedientem,
1082 2777 1558 2836 murmuratorem,
1583 2771 2066 2835 contradictorem,
2084 2770 2199 2826 sive

607 2858 826 2916 furtivis
872 2861 1296 2916 comestionibus
1330 2868 1494 2930 atque
1541 2859 1570 2900 ά
1609 2860 1963 2917 bibitionibus
1994 2876 2195 2917 vacan-

612 2958 721 3005 tem
745 2966 906 3020 supra
933 2951 1136 3021 scripta
1162 2951 1437 3006 coercebit
1458 2951 1728 3006 sententia
1758 2969 1771 3004 :
1801 2951 1924 3006 etin
1946 2951 2198 3007 omnibus

609 3041 833 3095 omnino
884 3043 1273 3097 monachorum
1306 3054 1330 3082 ο
1374 3041 1780 3096 excessionibus
1805 3057 2044 3113 congrua
2075 3042 2198 3096 ani-

608 3129 917 3186 madversio
946 3132 1254 3188 adhibenda
1283 3141 1368 3188 est
1411 3132 1711 3187 secundum
1748 3132 1961 3188 abbatis
2009 3141 2064 3188 et
2108 3149 2196 3188 se-

2306 1947 2471 2004 fuerit
2501 1946 2520 1987 ι
2550 1949 2690 2004 sicut
2726 1963 2758 2002 a
2805 1961 2992 2003 mensa
3029 1963 3127 2002 suo
3163 1945 3284 2002 loco
3320 1946 3600 2017 privatur;
3633 1947 3714 2001 ita
3751 1956 3809 2002 et
3849 1949 3903 2004 in

2304 2039 2532 2096 ecclesia
2569 2047 2882 2110 segregetur
2914 2056 2927 2091 :
2956 2045 3015 2093 ut
3037 2049 3079 2077 ω
3104 2037 3160 2092 ἰη
3197 2036 3338 2101 loco,
3364 2036 3422 2092 in
3447 2052 3556 2108 quo
3583 2045 3748 2093 antea
3777 2037 3901 2104 fuit,

2303 2146 2406 2186 nec
2436 2129 2704 2200 psalmum
2736 2138 2764 2166 ιι
2791 2135 3010 2193 cantet,
3046 2141 3151 2183 nec
3188 2126 3358 2181 ullum
3389 2127 3641 2182 ordinem
3679 2135 3898 2196 teneat;

2302 2235 2476 2292 usque
2511 2221 2640 2276 dum
2683 2219 3051 2276 satisfactione
3088 2217 3279 2274 humili
3316 2233 3442 2272 cum
3480 2217 3672 2274 cordis
3694 2220 3901 2274 contri-

2304 2311 2451 2366 tione
2487 2311 2554 2366 ab
2594 2311 2790 2365 abbate
2826 2309 2909 2364 vel
2949 2324 2980 2363 a
3015 2309 3322 2364 senioribus
3349 2309 3567 2363 veniam
3591 2319 3893 2366 mereatur.

2301 2400 2812 2456 Excommunicatus
2841 2413 2971 2454 vero
3005 2399 3176 2454 frater
3212 2398 3307 2468 qui
3345 2397 3521 2468 culpis
3553 2399 3901 2470 gravioribus

2301 2491 2655 2546 existentibus
2705 2498 2799 2544 aut
2847 2487 3033 2544 cellula
3078 2487 3410 2553 recluditur,
3469 2496 3564 2542 aut
3619 2491 3899 2546 consortio

2301 2582 2736 2654 congregationis
2765 2590 3066 2652 separatur,
3099 2596 3130 2634 a
3166 2579 3313 2635 nullo
3341 2579 3561 2650 penitus
3597 2588 3692 2634 aut
3726 2589 3754 2616 ο
3789 2581 3902 2636 col-

2299 2673 2506 2744 loquia,
2532 2679 2626 2727 aut
2654 2671 2982 2728 visitationis
3014 2685 3210 2726 munus
3239 2669 3458 2726 fruatur
3485 2687 3499 2724 :
3524 2671 3630 2726 nisi
3663 2679 3903 2727 tantum-

2297 2765 2458 2820 modo
2480 2763 2567 2817 cui
2589 2771 2918 2833 praeceptum
2949 2763 3017 2817 ab
3043 2761 3237 2816 abbate
3271 2759 3457 2816 fuerit.
3483 2760 3542 2816 Si
3568 2761 3692 2832 quis
3712 2771 3900 2819 trans-

2299 2867 2517 2926 gressus
2561 2853 2703 2908 hanc
2751 2851 2994 2923 regulam
3038 2850 3236 2919 fuerit,
3284 2851 3520 2922 regulari
3563 2853 3903 2924 paenitentiae.

2303 2943 2625 3012 subjaccbit.

2299 3035 2326 3108 §
2378 3035 2493 3090 Xll.
2524 3066 2595 3076 —
2621 3035 2702 3090 Ex
2751 3034 2974 3089 Racuax
3024 3048 3211 3089 sxuc'rr
3254 3033 3557 3090 Aunauxst
3595 3034 3736 3106 (cap.
3776 3035 3896 3106 50).

2372 3126 2632 3198 Superbis
2655 3125 3218 3195 inobedientibusque,
3247 3133 3302 3180 et
3323 3124 3660 3180 iracundiam
3683 3136 3902 3197 protra-

608 3219 822 3284 niorum
844 3216 1106 3287 judicium
1127 3221 1452 3276 conveniens
1474 3221 1835 3292 negligentize,
1881 3223 2050 3288 aetati,
2081 3223 2196 3278 sive
2222 3205 2268 3269 C
2299 3218 2555 3273 bentibus
2581 3231 2856 3288 nunquam
2890 3214 3244 3286 parcendum,
3273 3213 3446 3270 donec
3475 3215 3831 3285 corrigantur

607 3325 876 3382 personae.
927 3310 1152 3381 Eritque
1174 3325 1383 3366 summa
1432 3310 1756 3366 discretione
1780 3311 2192 3382 providendum,

607 3414 678 3454 ne
712 3398 898 3469 gravia
927 3414 1026 3470 pro
1076 3399 1284 3455 levibus
1332 3398 1667 3466 inferantur;
1719 3408 1813 3455 aut
1842 3417 1873 3455 e
1916 3401 2196 3457 contrario

559 3522 564 3527 ι
607 3507 710 3563 pro
738 3492 992 3548 maximis
1011 3491 1145 3548 levis
1185 3500 1241 3548 et
1266 3509 1433 3564 parva
1463 3493 1598 3550 ultio
1631 3501 1906 3563 erogetur.
1939 3493 2196 3550 Mensura

607 3600 841 3654 namque
875 3592 931 3640 et
977 3585 1218 3656 pondere
1261 3585 1754 3658 mquojustitiaque
1775 3585 1863 3658 pia
1890 3595 1946 3642 et
1971 3587 2196 3643 misera-

606 3677 754 3732 tione
787 3676 1043 3732 continua
1063 3676 1227 3732 Pater
1254 3677 1335 3732 vel
1355 3678 1678 3749 praepositus
1696 3677 1860 3733 debet
1885 3678 2151 3733 excellere
2177 3697 2190 3734 :

606 3777 667 3824 ut
705 3769 783 3824 sic
811 3768 1008 3823 vulnus
1032 3775 1188 3825 curet
1217 3770 1425 3840 aegroti,
1455 3776 1724 3840 quatenus
1753 3768 1979 3823 salutem
2006 3777 2061 3824 et
2085 3784 2196 3824 non

681 3916 708 3944 ι
744 3902 1035 3973 Purganda
1079 3911 1225 3957 sunt.
1268 3902 1325 3956 ln
1353 3902 1556 3972 Regula
1593 3917 1794 3959 excusa
1826 3902 2045 3958 additur
2078 3921 2091 3958 :
2123 3902 2194 3957 Et

614 3973 837 4046 ﬂagellis
877 3973 1226 4026 emendanda.

673 4040 705 4082 Β
741 4042 1063 4104 Clamosum,
1096 4051 1203 4096 etc.
1233 4040 1477 4096 [labetur
1505 4042 1558 4096 in
1589 4043 1796 4111 Regula
1830 4058 1934 4097 ms.
1969 4040 2028 4096 S.
2051 4043 2193 4098 Fru-

612 4111 787 4181 ctuosi
843 4112 1080 4181 episcopi
1124 4112 1472 4167 Bracarensis
1513 4113 1634 4167 eod.
1679 4112 2007 4176 Crassensis,
2054 4113 2194 4170 etin

609 4179 792 4236 libello
833 4179 957 4236 citv
1004 4179 1408 4236 Sententiarum
1455 4184 1520 4236 de
1585 4183 1886 4238 rectoribus
1915 4183 2192 4250 Ecclesiae,

611 4266 782 4322 usque
828 4251 897 4306 ad
948 4251 1040 4306 illa
1096 4253 1259 4306 verba
1311 4271 1323 4305 :
1366 4250 1662 4323 Crebraque
1702 4253 2026 4319 curiositate,
2079 4263 2188 4309 etc.

611 4323 922 4378 Clamosum
968 4330 1150 4377 autem
1192 4337 1312 4378 esse
1343 4325 1666 4378 monachum
1702 4332 1855 4392 turpe
1883 4331 1967 4378 est
2001 4324 2192 4379 admo-

609 4393 758 4472 dum.
790 4392 923 4472 Nam
949 4393 1270 4472 rusticitatis
1301 4401 1386 4472 est
1411 4394 1712 4472 symbolum
1745 4393 2030 4472 ἐθέλῃ-τῇ
2059 4403 2193 4471 φωνῇ

606 4464 790 4530 λαλεῖν,
824 4464 876 4518 id
907 4473 1008 4528 est,
1041 4463 1148 4517 alta
1179 4479 1311 4519 voce
1332 4463 1500 4535 loqui,
1531 4465 1707 4535 inquit
1746 4463 2185 4535 Theophrastus,

2336 3311 2364 3385 ς
2398 3308 2719 3364 Xlll.—Ex
2756 3307 2978 3363 Rasum
3014 3321 3201 3362 sxncrr
3245 3304 3516 3360 Fanxaou
3557 3304 3697 3374 (cap.
3745 3305 3871 3376 22).

2373 3403 2446 3460 Ut
2482 3403 2775 3458 eonvitium
2807 3402 2894 3458 vel
2921 3400 3268 3458 maledictum
3296 3417 3358 3456 ex
3380 3415 3473 3455 ore
3499 3400 3759 3454 monachi
3793 3417 3901 3456 non

2296 3497 2586 3569 procedat;
2631 3511 2805 3566 neque
2839 3496 3022 3567 lingua
3062 3495 3118 3550 in
3151 3495 3498 3566 impatientia:
3527 3494 3899 3551 excitationes

2290 3591 2475 3647 'soluta
2521 3589 2842 3645 effrenatam
2895 3589 3024 3658 quid
3069 3588 3344 3643 ministret
3386 3586 3539 3642 ostiis
3583 3585 3897 3652 labiorum;

2298 3682 2394 3737 sed
2435 3688 2739 3738 commotus
2784 3680 2881 3744 ira,
2943 3679 2995 3750 (Ρ
3039 3688 3100 3734 ut
3150 3687 3232 3735 est
3279 3678 3654 3748 humanitatis)
3707 3677 3894 3734 dicat:

2296 3771 2466 3838 Pone,
2516 3771 2762 3835 Domine,
2813 3770 3108 3824 custodiam
3146 3770 3225 3824 ori
3272 3785 3407 3834 meo,
3452 3778 3499 3824 et
3545 3771 3742 3825 ostium
3787 3772 3894 3824 eir-

2373 3909 2390 3948 ί
2443 3905 2526 3960 Ad
2553 3906 2804 3960 indiciam
2833 3905 2931 3960 sibi
2963 3906 3166 3959 horam.
3209 3903 3413 3958 lndicta
3445 3906 3579 3959 hora
3611 3912 3716 3970 est,
3756 3913 3818 3959 ut
3849 3905 3891 3960 si

2298 3976 2492 4033 fratres
2523 3985 2700 4040 sexta,
2733 3975 2822 4031 ille
2849 3991 3008 4039 nona,
3041 3975 3129 4029 ille
3158 3989 3382 4043 vespere
3411 3974 3641 4030 reﬁciat.

2368 4047 2383 4098 i
2438 4047 2708 4103 Finiatur.
2742 4046 2798 4100 ld
2821 4055 2925 4108 est,
2951 4046 3359 4100 determinetur.

2367 4119 2394 4158 ιι
2434 4117 2518 4172 Εα
2567 4126 2739 4171 tamen
2765 4116 2984 4187 Regula.
3030 4113 3194 4185 Supp.
3250 4122 3478 4168 servata.
3689 4124 3886 4187 autem

2295 4196 2543 4259 spectant
2561 4189 2626 4243 ad
2651 4189 2795 4243 leves
2817 4183 3025 4256 culpas,
3047 4183 3272 4259 (piorum
3293 4199 3508 4254 poenam
3530 4183 3887 4259 ditiinit,_mox

2295 4255 2362 4315 de
2399 4260 2736 4330 gravioribus
2775 4255 3012 4330 acturus.
3060 4255 3126 4309 Et
3165 4269 3354 4330 sensus
3392 4262 3508 4309 est:
3538 4257 3886 4330 quemadmo-

2294 4325 2427 4385 dum
2464 4330 2534 4385 ob
2573 4329 2718 4384 leves
2761 4327 2948 4396 culpas
2988 4325 3487 4381 exeommunieatus
3519 4339 3619 4380 suo
3666 4325 3786 4380 loco
3834 4327 3882 4380 in

2292 4415 2480 4455 mensa
2510 4401 2773 4470 privatur,
2804 4398 2874 4470 ita
2908 4398 2960 4451 in
2991 4397 3217 4470 ecclesia
3245 4403 3576 4470 segregetur,
3604 4403 3660 4450 et
3685 4396 3882 4470 nullum

2292 4465 2562 4543 psalmum
2590 4477 2809 4525 cantet:
2833 4469 2897 4543 si
2916 4476 3093 4522 tamen
3117 4465 3378 4543 ejusmodi
3400 4467 3884 4521 excommunicatio

609 4536 926 4620 charactere
952 4535 1022 4620 de
1062 4535 1383 4618 rusticitate.
1405 4533 1574 4620 "llnde
1597 4533 1741 4620 apud
1760 4533 2010 4590 Plautum
2037 4536 2192 4592 initio
2216 4559 2272 4620 D
2294 4533 2594 4620 excesserit
2618 4547 2824 4609 septem
2849 4539 3058 4620 dierum
3081 4533 3334 4620 spatium.

610 4603 952 4659 Mostellaria:
974 4604 1243 4660 clamosus
1266 4606 1346 4660 sic
1374 4603 1712 4677 objurgatur.

737 4703 864 4763 Quid
885 4705 971 4768 tibi
991 4704 1187 4768 malum,
1212 4707 1289 4755 hic
1315 4715 1430 4756 ante
1453 4706 1588 4755 aedes
1608 4706 1869 4756 clamitatio
1895 4705 2013 4757 est?

733 4768 808 4814 An
833 4767 934 4814 ruri
960 4779 1136 4816 censes
1161 4767 1213 4817 te
1238 4768 1388 4819 esse?
1408 4768 1640 4818 Abscede
1662 4769 1724 4817 ab
1743 4768 1946 4818 aedibus.

734 4828 827 4876 Abi
849 4841 952 4890 rus,
971 4828 1050 4877 abl
1074 4829 1284 4879 directe.
1349 4864 1366 4880 .
1433 4867 1444 4879 .
1513 4865 1529 4881 .
1594 4866 1608 4881 .

681 4923 704 4984 εξ
755 4911 1091 4984 Βνευὶεεὶηιε.
1127 4911 1205 4966 lta
1227 4913 1282 4984 in
1309 4913 1508 4984 Regula
1531 4929 1657 4978 ms.,
1682 4911 1736 4966 id
1759 4919 1842 4967 est
1860 4911 2193 4983 parcissime.

607 4981 708 5054 Vel
728 4981 1209 5054 certelegendum,
1243 4981 1526 5037 brevissimi
1541 4985 1566 5036 ?

677 5052 705 5092 ἀ
755 5052 1120 5108 Bibitiom'bus.
1170 5054 1226 5108 Id
1256 5063 1358 5117 est,
1383 5053 1764 5124 potationibus.
1803 5053 1918 5109 Hoc
1937 5055 2197 5110 vocabulo

607 5123 780 5179 utitur
804 5125 862 5179 S.
897 5124 1163 5180 Caesarius
1189 5123 1624 5194 archiepiscopus
1647 5124 1997 5188 Arelatensis,
2030 5139 2192 5179 serm.

608 5194 662 5247 6.
724 5213 741 5246 ι
770 5195 905 5250 Nam
943 5197 1034 5264 qui
1075 5197 1142 5252 de
1175 5197 1341 5252 choro
1375 5195 1714 5262 psallentium
1753 5195 1796 5249 it
1829 5197 1895 5250 ad
1929 5211 2197 5252 comessa-

610 5264 787 5321 tiones
811 5267 1141 5331 inhonestas,
1173 5265 1566 5335 bibitionesque
1598 5265 1841 5321 furtivas.
1872 5284 1891 5320 ›

685 5348 708 5374 ο
753 5336 1178 5390 Επεεδὶοηὶὸαε.
1221 5336 1277 5390 ld
1302 5344 1402 5396 est,
1437 5336 1769 5392 excessibus.

685 5405 704 5444 τ
757 5406 894 5471 Quia
929 5408 1062 5460 sicut
1095 5407 1420 5462 subditorum
1458 5407 1599 5472 vitia,
1633 5417 1736 5462 etc.
1778 5407 1935 5463 Nota.
1987 5404 2197 5462 Subditi

609 5477 699 5535 hic
723 5493 751 5532 a
775 5477 1012 5548 praelatis
1036 5478 1346 5548 iudicantur
1364 5495 1376 5529 :
1394 5478 1486 5532 sed
1511 5477 1717 5546 prmlati
1750 5495 1779 5532 a
1812 5479 1923 5531 Deo
1957 5478 2198 5532 severius

609 5547 846 5618 quidem,
877 5547 1066 5618 nempe
1094 5549 1148 5602 in
1185 5549 1275 5604 illo
1319 5548 1663 5603 severissime
1702 5556 1756 5603 et
1796 5547 2197 5604 districtissimo

605 5618 809 5690 judicio
827 5619 1108 5740 Iiudicandi
1135 5628 1278 5674 sunt.

687 5692 711 5728 ⁸
745 5687 822 5740 Cu
848 5705 927 5740 na:
954 5691 1158 5740 modus.
1213 5689 1269 5740 ld

687 5692 711 5728 ³
745 5687 927 5760 Culpa;
954 5691 1158 5760 modus.
1186 5689 1269 5760 Hld
1300 5699 1406 5754 est,
1434 5689 1602 5759 culpzc
1629 5689 1785 5751 ratio,
1827 5689 2034 5745 scilicet
2073 5703 2194 5760 gra-

611 5757 893 5829 vit_as,_aut
912 5758 1120 5829 levitas,
1135 5759 1377 5829 aliaeque
1403 5757 1838 5814 circumstantia}.

687 5827 714 5874 ιι
765 5823 1089 5880 Ferventior.
1131 5828 1187 5882 ld
1217 5823 1317 5894 est",
1355 5829 1614 5897 asperior,
1645 5829 1909 5886 acerbior.

2378 4609 2396 4649 ι
2449 4611 2601 4668 Sicut
2653 4605 2693 4665 ά
2737 4625 2938 4664 mensa.
3001 4605 3308 4678 Legendum
3343 4605 3598 4672 videtur,
3651 4606 3790 4662 sicut
3835 4609 3884 4660 in

2297 4697 2516 4808 mergi:
2553 4752 2666 4807 loco
2695 4751 2751 4806 in
2784 4767 2886 4822 quo
2921 4757 3075 4822 antea
3113 4749 3302 4818 fuerat.
3352 4746 3467 4804 Non
3507 4755 3691 4803 tamen
3720 4746 3885 4819 sequi-

2298 4829 2411 4890 tur,
2437 4832 2497 4878 ut
2524 4825 2580 4880 in
2611 4823 2718 4878 alio
2742 4819 2862 4876 loco
2893 4819 3157 4890 psalmum
3192 4825 3394 4890 cantet.

2370 4887 2405 4932 η’
2441 4893 2646 4950 Cautet.
2697 4891 2756 4946 S.
2795 4887 3119 4946 Benedictus
3159 4889 3321 4954 dicit,
3358 4889 3611 4958 imponat.
3669 4887 3752 4942 Ex
3789 4901 3882 4957 quo

2297 4973 2451 5036 patet
2483 4967 2626 5036 idem
2653 4979 2774 5019 esse
2811 4962 3112 5031 imponere.
3154 4975 3218 5014 ac
3253 4955 3496 5015 cantare.
3538 4955 3647 5014 Sed
3685 4959 3755 5014 de
3793 4955 3882 5014 hoc
3930 4999 3941 5014 .

2297 5035 2466 5090 verbo
2495 5035 2656 5091 infra.

2371 5113 2396 5141 ο
2443 5105 2738 5177 Colloquia,
2767 5113 2871 5177 etc.
2909 5101 3279 5177 Archaismus.
3320 5097 3455 5154 Nam
3495 5097 3627 5154 olim
3662 5098 3882 5153 verbum

2299 5173 3217 5254 [ruam-accusativoiungebatur.‘
3325 5248 3338 5254 Α
3438 5247 3450 5254 Δ
3484 5239 3496 5250 .
3543 5237 3570 5254 Α
3669 5240 3704 5254 ,Δ
3754 5239 3788 5254 Α.

2372 5259 2400 5298 p
2448 5237 2513 5300 Ut
2539 5256 2613 5301 est
2643 5237 3006 5301 humanitatis.
3062 5241 3118 5296 ld
3141 5248 3256 5305 est,
3285 5248 3345 5294 ut
3373 5247 3457 5295 est
3482 5237 3817 5294 inﬁrmitatis
3837 5245 3883 5292 et

2298 5317 2681 5374 imbecillitatis
2701 5319 2971 5372 humanae.
2996 5313 3256 5367 Phaedrus
3285 5310 3377 5366 lib.
3407 5326 3465 5366 tu
3500 5308 3636 5363 Fab.

2484 5409 2779 5460 Humanitati
2804 5409 2967 5468 quise
2984 5417 3081 5454 non
3103 5402 3443 5468 accommodat,

2483 5471 2782 5533 Plerumque
2805 5465 2974 5531 pia-nas
2990 5468 3180 5530 Oppetit
3202 5465 3464 5527 superbiae.

2297 5555 2390 5612 Sic
2413 5557 2721 5619 humanum,
2757 5552 2898 5623 apud
2933 5551 3246 5607 Terentium
3278 5549 3333 5604 in
3358 5545 3752 5612 Heautontim,
3777 5551 3875 5599 act.

2293 5626 2340 5693 ι’
2373 5643 2574 5745 solidiue
2595 5709 2721 5757 sum,
2742 5695 2937 5745 humani
2961 5707 2988 5743 a
3011 5705 3094 5745 me
3118 5691 3240 5743 nihil
3263 5690 3476 5741 alienum
3498 5669 3634 5753 puto.

2296 5759 2370 5815 Ut
2408 5749 2720 5812 humanum'
2755 5757 2977 5823 factum,
3019 5757 3286 5813 humanus
3327 5749 3511 5820 error,
3544 5765 3609 5806 ex
3648 5749 3873 5806 humana

2295 5827 2586 5897 fragilitate
2611 5843 2858 5885 manans.
