4088 6330
208 477 318 545 993

1139 473 1531 537 CONCORDIA
1567 474 2020 534 REGULARUM.
2057 506 2130 520 —
2165 474 2314 536 CAP.
2354 472 2544 531 XXXI.

3369 479 3480 538 99b

204 594 540 654 cumstantite
563 590 714 646 labiis
737 590 866 645 meis
888 585 1060 663 (Psal.
1088 592 1234 664 cn).
1258 591 1528 663 Adjungat
1547 598 1600 647 et
1619 589 1788 645 illud:
1817 593 1865 652 Α
1893 589 2222 660 promoveri,
2250 604 2339 654 ne,
2376 590 2558 646 addita
2585 589 2863 661 dignitate,
2891 591 3134 649 radicata
3159 592 3216 651 in
3241 594 3320 653 eis
3346 609 3492 667 prae-

203 689 356 753 Dixt,
392 683 701 740 Custodiam
728 683 841 737 vias
870 699 1045 748 meas;
1073 691 1128 736 ut
1155 699 1259 737 non
1289 681 1588 752 delinquam
1617 681 1673 734 in
1699 678 1801 733 lina-

203 796 309 850 gua
341 795 456 832 mea
496 774 670 848 (Psal.
704 775 953 848 xxxvm).
991 775 1207 831 Habens
1243 775 1373 830 illud
1404 774 1647 847 Apostoli
1676 780 1802 830 ante

203 870 391 925 oculos
426 883 590 923 suos:
619 867 756 933 Quia
789 883 950 938 neque
983 866 1225 920 maledic:
1262 883 1477 936 regnum
1510 866 1607 920 Dei
1634 865 1802 936 possi-

202 967 398 1014 debunt
430 958 576 1031 (Cor.
609 958 706 1030 vt).
755 958 813 1015 Si
845 959 966 1030 quis
1001 974 1132 1030 ergo
1175 958 1259 1013 his
1294 958 1588 1014 indomitus
1620 966 1803 1012 mente

202 1051 535 1122 proruperit,
570 1063 596 1092 ιι
627 1052 845 1122 triginta
873 1052 1059 1107 diebus
1085 1052 1155 1106 ab
1181 1052 1423 1107 omnium
1445 1051 1675 1106 fratrum
1695 1049 1804 1105 col-

203 1142 388 1212 loquio
419 1141 943 1206 habeatur-alienus,
990 1143 1161 1197 donec
1187 1157 1487 1213 agnoscens
1524 1158 1582 1196 se
1619 1142 1647 1181 ι)
1687 1147 1805 1193 tan-

207 1231 486 1286 tummodo
516 1231 571 1284 in
607 1232 1027 1302 congregatione
1061 1243 1084 1271 °
1118 1231 1463 1288 solitudinem
1485 1232 1801 1296 incurrisse,

203 1322 422 1389 veniam
448 1322 613 1393 eligat
637 1321 934 1393 postulare.
1041 1331 1047 1337 ’

564 1434 592 1506 §
627 1432 1107 1492 XIV.—EJusnr-:u
1147 1453 1288 1508 \cap.
1331 1434 1444 1508 29).

280 1525 362 1584 Ad
377 1527 497 1582 illos
527 1527 620 1597 qui
644 1534 766 1598 post
791 1526 1182 1583 correctionem
1207 1528 1585 1600 impugnantes
1603 1524 1808 1597 judicia

205 1618 483 1675 seniorum
504 1617 750 1672 nituntur
764 1632 1026 1674 excusare
1039 1626 1346 1688 peccatum,
1363 1627 1418 1672 et
1430 1634 1538 1674 non
1551 1618 1617 1672 ad
1631 1632 1757 1689 poen
1767 1619 1810 1672 i-

206 1710 434 1765 tentiam
453 1708 828 1766 recordatione
857 1709 1066 1776 delicti,
1081 1709 1175 1765 sed
1201 1709 1268 1764 ad
1286 1709 1540 1765 duritiam
1563 1710 1812 1780 indigna-

205 1800 374 1856 tionis
405 1801 630 1857 nimium
663 1801 1051 1872 migraverint;
1093 1801 1121 1842 ιι
1149 1802 1356 1872 respice
1395 1802 1554 1858 istam
1590 1811 1810 1859 senten-

209 1891 344 1946 tiam
362 1909 376 1945 :
394 1900 455 1947 ut
474 1903 497 1933 ο
516 1892 756 1964 quandiu
778 1908 807 1947 a
834 1892 1110 1964 proposita
1136 1892 1434 1948 intentione
1457 1900 1809 1962 revocentur,

209 1990 268 2036 et
287 1981 305 2020 ί
327 1996 450 2037 cum
465 1996 560 2038 ore
575 1983 772 2039 mentis
799 1982 1090 2039 manifesta
1116 1984 1493 2039 emendatione
1508 1983 1807 2055 deponant,

208 2072 507 2128 secundum
535 2073 821 2128 arbitrium
838 2073 1048 2129 abbatis
1061 2075 1242 2129 arduae
1254 2075 1475 2130 omnino
1499 2073 1816 2144 subiaceant

207 2164 511 2234 disciplina:
525 2183 538 2219 :
555 2165 680 2235 quia
695 2181 802 2220 non
818 2165 1074 2221 dixerunt
1093 2185 1106 2220 :
1135 2165 1417 2221 Peccatum
1432 2184 1604 2222 meum
1617 2184 1709 2238 ego
1724 2185 1815 2223 co-

205 2271 402 2325 gnosco
416 2272 435 2321 ;
452 2257 547 2311 sed
560 2255 834 2323 dixerunt,
856 2257 1002 2326 quod
1017 2259 1042 2297 ε
1054 2257 1109 2311 in
1131 2256 1268 2312 Isaia
1290 2258 1554 2329 propheta
1567 2259 1634 2313 de
1648 2259 1816 2316 rebel-

209 2345 361 2402 libus
375 2347 603 2419 legitur:
625 2347 822 2403 Nullus
838 2358 911 2403 est
924 2350 1014 2421 qui
1027 2359 1149 2421 agat
1163 2351 1518 2420 ptenitentiam
1531 2368 1689 2423 super
1698 2369 1818 2423 pec-

207 2447 386 2494 catum
400 2455 572 2505 suum,
588 2440 764 2494 dicens
782 2453 800 2492 :
820 2439 961 2506 Quid
971 2440 1070 2510 feci
1088 2442 1113 2495 ἶ)
1135 2441 1216 2497 Illi
1227 2457 1462 2512 namque
1475 2442 1815 2512 seprioribus

209 2537 578 2600 anteponunt,
610 2538 665 2585 et
695 2530 923 2586 aliorum
962 2530 1082 2587 loca
1115 2546 1223 2586 non
1268 2533 1597 2588 erubescunt
1629 2533 1818 2590 elatio-

209 2618 301 2675 nis
324 2618 456 2675 vitio
483 2619 771 2686 invadere,
803 2635 868 2677 ac
895 2622 1183 2692 praeceptis
1214 2622 1508 2680 Dominicis
1542 2626 1814 2681 contradi-

210 2719 367 2778 cunt,
407 2711 602 2783 quibus
635 2712 710 2768 ita
743 2710 1002 2782 jubemur
1027 2733 1042 2769 :
1068 2713 1377 2787 Quicunque
1418 2715 1638 2771 voluerit
1679 2717 1818 2772 inter

209 2821 301 2861 vos
320 2805 494 2875 major
516 2803 634 2875 ﬁeri
653 2844 669 2872 ,
694 2805 762 2860 sit
788 2814 953 2862 vester
979 2807 1218 2861 minister
1243 2805 1458 2878 (Matth.
1488 2806 1583 2880 xx)
1607 2824 1622 2875 ;
1651 2817 1699 2862 et
1725 2808 1816 2880 qui

211 2894 433 2950 voluerit
457 2896 593 2949 inter
613 2912 700 2951 vos
720 2896 922 2966 primus
950 2912 1079 2963 esse,
1108 2897 1206 2951 erit
1231 2906 1394 2951 vester
1411 2913 1588 2952 servus
1617 2896 1811 2970 (Marc.

212 2986 294 3059 ι).
341 2986 566 3042 Abbatis
589 2986 674 3043 vel
707 2987 874 3042 etiam
906 2987 1239 3058 reliquorum
1274 2989 1646 3059 increpatione
1686 3004 1818 3045 con-

214 3081 326 3138 fusi
343 3083 425 3156 ,ad
455 3081 632 3140 locum
671 3083 949 3154 proprium
986 3098 1149 3154 quem
1188 3084 1524 3155 reliquerant
1553 3100 1815 3143 revocen-

215 3184 346 3232 tur:
373 3191 508 3247 quos
551 3178 621 3232 ad
663 3173 925 3247 majorem
963 3175 1188 3250 gradum
1229 3177 1435 3234 tardius
1473 3175 1816 3236 decernimus

249 3333 849 3427 ;:-I'itfa‘a..£‘fetmz
888 3333 1332 3427 saluata}.
1365 3337 1495 3427 0'5!“
1538 3338 1740 3427 ιξξὲιιιια
1779 3351 1812 3392 ³
1837 3360 1886 3427 c

1900 680 2136 751 sumptio
2172 679 2541 750 praevalescat.

2041 789 2209 865 §XV.
2235 822 2308 832 —
2334 791 2470 847 Item
2513 793 2749 864 ejusdem
2785 793 2872 867 (ea:
2907 795 3088 850 eodem
3127 796 3342 869 capite).

1971 882 2096 939 Illos
2134 883 2298 954 igitur
2321 884 2615 939 monachos
2641 900 2778 954 quos
2802 885 2888 941 vel
2914 887 3072 942 unius
3097 886 3204 943 diei
3229 887 3353 944 finis
3383 889 3494 946 dis-

1904 975 2094 1031 cordes
2125 975 2417 1042 invenerit,
2460 977 2553 1048 qui
2586 993 2756 1048 usque
2790 978 2859 1032 ad
2898 994 3179 1050 vesperam
3223 979 3344 1035 lites
3381 989 3494 1035 tra-

1904 1067 2062 1132 hunt,
2090 1072 2146 1122 et
2171 1074 2300 1122 ante
2328 1083 2440 1122 non
2469 1068 2761 1124 excludunt
2785 1070 2966 1125 odium
2990 1086 3154 1142 quam
3181 1070 3262 1126 sol
3295 1086 3494 1141 cogno-

1905 1165 2026 1214 scat
2061 1174 2319 1214 occasum
2352 1159 2512 1231 (Eph.
2557 1159 2654 1230 IV),
2685 1161 2777 1229 qui
2802 1161 2832 1200 ιι
2855 1160 3054 1216 dicenti
3101 1161 3362 1232 Apostolo
3397 1177 3496 1232 per

1907 1248 2331 1304 inobedientiam
2354 1250 2754 1316 contradicunt,
2785 1251 3074 1307 statuimus
3112 1251 3300 1307 tandiu
3330 1252 3496 1308 absti-

1906 1339 2092 1395 nentia
2130 1340 2506 1405 macerandos,
2554 1340 2790 1410 quandiu
2838 1341 2908 1396 ad
2938 1356 3123 1396 veram
3168 1357 3228 1398 se
3270 1358 3497 1405 concors:

1909 1434 2053 1490 diam
2083 1433 2332 1488 ultronea
2365 1433 2741 1490 satisfactione
2771 1441 3110 1490 convertant.
3147 1434 3354 1502 Quibus
3375 1441 3499 1505 post
3568 1500 3578 1510 ο

1909 1524 2173 1596 longumi
2213 1525 2526 1581 scandalum
2566 1525 2856 1597 paciﬁcare
2909 1526 2964 1580 in
3009 1527 3221 1583 occulto
3277 1543 3386 1582 non
3433 1525 3500 1580 li-

1910 1623 2052 1681 ceat,
2088 1630 2157 1670 ne
2186 1615 2388 1686 aliquid
2416 1615 2602 1671 fictum
2631 1617 2841 1686 puritas
2863 1617 3152 1674 cbaritatis
3192 1618 3445 1674 admittat
3480 1631 3497 1672 :

1912 1709 2007 1764 sed
2030 1707 2101 1763 sit
2127 1723 2318 1764 eorum
2347 1708 2718 1763 reconciliatio
2744 1709 2981 1780 publica,
3011 1724 3243 1779 quorum
3273 1709 3343 1764 ﬁt
3380 1710 3496 1767 dis-

1913 1799 2100 1856 cordia
2163 1797 2470 1855 manifesta.
2516 1798 2802 1856 Fratribus
2841 1815 2972 1870 ergo
3017 1801 3228 1856 cunctis
3270 1801 3501 1856 astanti-

1911 1891 2015 1948 bus
2049 1891 2264 1947 veniam
2315 1891 2547 1946 invicem
2591 1891 2890 1962 postulent,
2933 1891 3060 1962 quia
3103 1900 3333 1961 uterque
3375 1906 3502 1948 reus

1839 1992 1887 2052 Β
1915 1982 2172 2038 diuturna
2198 1981 2474 2037 simultate
2503 1989 2743 2048 notatur,
2772 1980 2902 2036 dum
2940 1997 3081 2037 unus
3111 1981 3502 2053 indulgentiam

1914 2083 2101 2148 petere
2121 2075 2355 2141 destitit,
2385 2082 2480 2130 aut
2504 2073 2641 2130 alter
2666 2074 2844 2146 rogari
2875 2074 3188 2130 desiderans
3208 2089 3317 2129 non
3339 2073 3502 2129 dimi-

1917 2169 2005 2224 sit.
2030 2167 2098 2222 Et
2118 2167 2239 2222 ideo
2267 2166 2465 2236 impius
2492 2165 2694 2222 mansit
2722 2164 3206 2236 impoenitenszhic
3243 2165 3505 2220 damnan-

1917 2259 2018 2315 dus
2046 2267 2342 2330 posterum,
2375 2257 2464 2313 ille
2499 2266 2624 2328 post
2662 2256 2898 2327 culpam.
2941 2256 3234 2327 Propterea
3263 2254 3504 2312 offensus

1915 2349 2020 2406 iste
2060 2351 2200 2405 iram
2232 2350 2287 2404 in
2320 2357 2633 2419 contemptu
2679 2347 2959 2418 Evangelii
2995 2363 3102 2402 non
3130 2347 3383 2413 retineat,
3409 2346 3506 2403 sed

1916 2441 2026 2498 cito
2047 2441 2112 2496 ad
2133 2441 2263 2496 illud
2287 2438 2560 2496 recurrati
2587 2439 2893 2511 exemplum
2911 2457 2924 2492 :
2942 2437 3217 2504 Dimittite,
3256 2447 3303 2492 et
3329 2437 3504 2492 dimit-

1917 2538 2056 2586 tetur
2082 2530 2224 2586 vobis
2249 2530 2399 2602 (Luc.
2429 2529 2530 2603 γι).
2561 2529 2629 2584 Et
2677 2528 2808 2584 illud
2844 2528 3089 2598 Apostoli
3116 2547 3129 2582 :
3161 2528 3377 2582 Induite
3417 2542 3505 2582 vos

1918 2606 1948 2664 ί
1969 2623 2103 2677 sicut
2130 2623 2278 2678 electi
2300 2622 2421 2689 Dei,
2446 2631 2496 2678 et
2524 2621 2704 2676 dilecti
2733 2622 2930 2676 viscera
2953 2619 3344 2684 misericordiae,
3363 2619 3508 2673 beni-

1915 2717 2184 2788 gnitatem,
2217 2714 2587 2779 humilitatem,
2633 2712 2964 2778 modestiam,
3002 2711 3333 2782 patientiam,
3378 2726 3506 2780 sup-

1915 2816 2180 2879 portantes
2210 2806 2447 2872 invicem,
2474 2805 2728 2859 donantes
2753 2802 3152 2872 nobismetipsis,
3191 2801 3238 2856 si
3267 2801 3384 2872 quis
3411 2800 3510 2855 ad-

1915 2917 2096 2958 versus
2147 2899 2374 2971 aliquem
2423 2899 2577 2953 habet
2620 2895 2907 2969 querelam,
2963 2895 3097 2950 sicut
3146 2903 3194 2948 et
3249 2893 3509 2948 Dominus

1917 2991 2130 3046 donavit
2160 2991 2321 3056 vobis,
2348 2990 2423 3043 ita
2456 2998 2505 3044 et
2533 3005 2620 3044 vos
2654 2984 2791 3061 (Col.
2821 2985 2926 3058 ιιι).
2965 2984 3060 3041 Ille
3079 2999 3209 3040 vero
3233 2984 3325 3054 qui
3361 2981 3506 3052 inju-

1917 3083 2058 3139 riam
2087 3081 2288 3148 intulit,
2326 3064 2698 3150 hujuscemodi
2727 3077 2974 3151 exemplo
2995 3076 3256 3133 velociter
3297 3085 3509 3131 terrea-

1917 3173 2228 3230 turzFacit
2271 3172 2530 3229 Dominus
2566 3172 2834 3244 judicium
2880 3170 3134 3242 injuriam
3190 3167 3508 3242 patientibus

1991 3341 2013 3371 ο
2065 3328 2432 3386 Solitudinem.
2487 3329 2732 3387 Solitudo
2771 3331 2875 3386 hoc
2916 3329 3035 3386 loco
3078 3337 3162 3386 est
3203 3344 3236 3385 a
3276 3328 3508 3384 fratrum

213 3407 411 3477 priscis
452 3401 560 3463 illis
598 3401 850 3464 Patribus
881 3408 1460 3463 excommunicationis
1490 3408 1658 3474 ratio,
1691 3424 1812 3477 quae
1838 3401 1886 3427 υ
1916 3402 2173 3477 societate
2198 3401 2486 3477 separatio.

215 3485 368 3532 certo
416 3477 647 3542 dierum,
699 3485 795 3531 aut
837 3478 1126 3545 mensium,
1164 3485 1257 3530 aut
1293 3492 1557 3531 annorum
1586 3493 1813 3532 numero

217 3545 484 3602 dili'initur
516 3559 614 3615 pro
654 3545 970 3615 delictorum
1005 3545 1184 3610 modo,
1228 3554 1283 3600 et
1322 3547 1531 3615 ratione
1573 3545 1632 3599 S.
1673 3547 1812 3601 Fru-

214 3625 438 3672 ctuosus
463 3614 750 3686 episcopus
781 3614 1155 3686 Bracarensis,
1177 3629 1296 3686 cap.
1316 3616 1381 3670 I7
1413 3614 1632 3684 Regulae
1656 3629 1671 3668 :
1710 3633 1729 3667 ‹
1754 3615 1814 3671 Si

216 3701 321 3742 nec
372 3686 452 3741 sic
497 3684 575 3756 'se
611 3684 1014 3756 emendaverit,
1066 3684 1363 3756 flagelletur
1405 3687 1708 3756 acerrime,
1761 3696 1818 3740 et

215 3757 385 3812 trium
406 3755 677 3811 mensium
707 3755 882 3825 spatio
917 3755 1491 3825 excommunicatiouis
1521 3755 1816 3811 vindictam

218 3826 524 3896 suscipiens
551 3826 652 3896 sub
676 3824 1012 3896 paenitentiae
1035 3824 1371 3896 districtione
1400 3825 1546 3896 solus
1570 3826 1816 3881 recluda-

217 3905 312 3952 tur
335 3895 390 3968 in
411 3895 566 3968 cella.
580 3917 598 3949 ι
619 3895 950 3968 SJsidorus,
975 3911 1095 3965 cap.
1114 3896 1178 3948 I7
1201 3895 1418 3968 Regulae
1435 3913 1478 3950 ει
1499 3895 1625 3951 Haec
1652 3897 1817 3968 igitur

218 3977 276 4023 et
299 3967 387 4022 his
409 3967 608 4021 similia
627 3966 878 4022 triduana
897 3966 1457 4022 excommunicatione
1479 3966 1816 4022 emendanda

223 4047 375 4108 sunt.
399 4055 417 4088 ι
473 4035 542 4091 Et
583 4052 702 4108 cap.
747 4036 857 4108 18:
897 4055 915 4089 ι
948 4036 1018 4108 Si
1049 4036 1536 4108 excommunicatio
1583 4037 1815 4093 biduana

220 4106 412 4172 fuerit,
450 4106 918 4162 excommunicato
968 4106 1104 4162 nihil
1167 4107 1406 4162 alimenti
1468 4108 1814 4163 tribuendum

219 4185 325 4234 est.
357 4197 376 4230 ι
402 4175 703 4233 Concilium
735 4177 1073 4248 Epaonense,
1105 4193 1224 4248 can.
1255 4177 1324 4232 51
1355 4195 1368 4230 :
1404 4195 1420 4226 ‹
1443 4176 1501 4232 Si
1539 4179 1661 4247 quis
1695 4193 1814 4233 ser-

220 4263 351 4302 vum
376 4248 652 4329 proprium
680 4247 800 4329 sine
819 4247 1153 4329 conscientia
1179 4247 1382 4329 iudicis
1411 4247 1688 4329 occiderit,
1717 4263 1815 4303 ex-

220 4317 713 4388 communicatione
749 4318 954 4373 biennii
993 4317 1365 4375 confusionem
1406 4319 1683 4388 sanguinis
1723 4333 1818 4373 ex-

219 4387 414 4464 piabit,
439 4409 457 4441 ι
485 4387 784 4444 Concilium
806 4389 1205 4464 Eiiberitinum,
1223 4404 1343 4444 can.
1374 4387 1443 4442 55
1469 4406 1481 4441 :
1513 4387 1530 4441 ἆ
1554 4387 1820 4444 Sacerdo-

221 4458 308 4514 tes
353 4458 399 4513 si
441 4466 650 4513 tantum
695 4460 1116 4515 sacrificantium
1158 4474 1412 4516 coronam
1445 4467 1680 4528 portant,
1718 4475 1820 4516 nec

220 4527 552 4601 sacriﬁcant,
584 4544 684 4601 nec
711 4529 778 4585 de
808 4531 920 4585 suis
945 4531 1248 4601 sumptibus
1275 4527 1476 4599 aliquid
1501 4529 1656 4586 idolis
1680 4545 1820 4599 pra:-

219 4606 402 4664 stant,
445 4599 647 4670 placuit
688 4609 808 4670 post
860 4599 1136 4657 biennium
1184 4601 1430 4670 accipere
1469 4602 1818 4670 communio-

219 4683 369 4743 nem.
392 4689 412 4723 ι
447 4669 759 4743 Concilium
782 4669 1091 4743 Agathense
1114 4686 1235 4743 can.
1264 4669 1372 4743 6‘2:
1409 4689 1428 4722 ι
1459 4669 1521 4743 Si
1549 4671 1672 4743 quis
1693 4686 1820 4742 pro-

218 4739 403 4811 prium
428 4755 646 4796 servum
680 4740 797 4798 sine
832 4739 1162 4798 conscientia
1188 4739 1384 4811 iudicis
1411 4739 1818 4805 occiderit,‘ex-

218 4810 754 4883 mmmunicatione,
811 4813 897 4867 vel
951 4810 1283 4883 paenitentia
1333 4811 1538 4883 biennii
1605 4820 1818 4868 reatum

220 4880 555 4952 emendabit.
589 4901 607 4934 ι
666 4881 735 4937 Et
772 4897 894 4938 can.
943 4880 1059 4952 seq.
1091 4899 1104 4937 :
1143 4899 1160 4952 ι
1194 4881 1452 4952 Triennio
1501 4897 1533 4937 a
1580 4897 1821 4938 commu-

221 4951 396 5021 nione
430 4953 712 5021 priventur
761 4951 1038 5010 Ecclesiae;
1069 4972 1088 5006 ι
1128 4951 1520 5006 Aurelianense
1559 4968 1644 5019 ιιι,
1692 4968 1816 5008 can.

218 5021 256 5076 4
281 5039 294 5075 :
325 5039 344 5072 ι
369 5020 522 5088 Quod
544 5022 592 5078 si
618 5022 846 5093 quilibet
866 5024 1187 5088 antistitum,
1217 5021 1301 5076 vel
1322 5022 1645 5078 clericorum
1673 5024 1820 5093 quod

221 5107 388 5163 supra
406 5093 670 5163 scriptum
691 5102 794 5161 est,
808 5093 982 5150 vitare
999 5093 1252 5159 voluerit,
1271 5093 1488 5148 triennii
1511 5107 1824 5149 excommu-

222 5162 499 5218 nicatione
518 5162 808 5220 multetur.
855 5184 874 5218 ›
911 5164 1210 5221 Concilium
1250 5163 1562 5220 Turonense
1595 5181 1659 5230 ιι,
1689 5181 1812 5221 can.

220 5231 294 5306 2_0
328 5250 341 5287 :
377 5250 395 5284 ‹
423 5232 559 5290 Nam
586 5234 633 5290 si
662 5234 910 5292 inventus
937 5235 1101 5292 fuerit
1119 5234 1402 5306 presbyter
1429 5250 1550 5290 cum
1579 5251 1674 5290 sua
1701 5251 1819 5306 pre-

223 5301 466 5375 sbytera,
506 5314 599 5362 aut
633 5307 892 5363 diaconus
923 5322 1047 5362 cum
1075 5301 1173 5361 sua
1213 5301 1531 5371 diaconissa,
1571 5315 1665 5362 aut
1690 5301 1818 5362 sub-

223 5373 485 5431 diaconus
523 5393 648 5433 cum
690 5393 786 5432 sua
824 5376 1246 5448 subdiaconissa,
1280 5377 1816 5448 gannumﬁintegrum

221 5448 723 5505 excommunicatus
773 5448 1089 5504 habeatur.)
1127 5445 1426 5503 Concilium
1492 5445 1769 5502 Niczen'um
1797 5489 1813 5516 ,

223 5529 346 5591 can.
377 5517 448 5591 ti
472 5527 528 5572 et
544 5518 739 5591 multis
760 5519 900 5591 aliis.
937 5519 1302 5591 Ancyranum,
1335 5534 1455 5591 can.
1481 5534 1554 5573 tv.
1587 5518 1642 5574 S.
1667 5518 1819 5574 Basi-

223 5582 526 5672 I‘ius,'ep'ist.
541 5590 575 5645 5
597 5590 666 5672 ad
689 5582 1144 5672 Amphilochium,
1314 5589 1382 5645 58
1407 5607 1420 5644 :
1448 5600 1505 5672 σᾳ
1524 5592 1818 5672 pomerio-az;

223 5655 367 5737 “uti
401 5655 580 5737 ἴασιν
605 5655 933 5737 auocamento;
973 5661 1120 5737 ἔσται
1147 5657 1246 5718 τῶν
1274 5655 1690 5737 aquandi-inv,“
1715 5670 1815 5727 est,

231 5724 507 5808 «Mmchus
535 5733 839 5808 quindecim
869 5724 1031 5808 annis
1045 5749 1076 5788 a
1098 5724 1561 5808 sacramentorum
1579 5724 1821 5788 commul-

224 5803 711 5870 nioneﬂarcebitur.
737 5823 757 5856 ι
787 5803 858 5859 Et
883 5805 1064 5859 multis
1092 5803 1214 5860 aliis
1239 5803 1394 5860 locis.
1529 5862 1541 5870 ,

269 5868 326 5953 ,ιι
379 5868 784 5953 Tantummodo.
831 5872 1096 5935 Videntur
1140 5877 1328 5934 deesse
1373 5877 1489 5936 haec
1529 5868 1715 5950 verba,
1755 5877 1817 5936 ob

223 5936 302 6012 id,
332 5939 419 6000 vel
439 5941 657 6004 simum,
838 5955 845 5962 -
997 5970 1008 5974 ,ν
1082 5971 1087 5976 ,
1157 5965 1186 5976 ..
1222 5968 1226 5972 ,
1261 5965 1294 5972 ,.
1337 5964 1371 5971 ,ν

1985 3472 2014 3512 d
2058 3469 2285 3553 nespas
2326 3471 2851 3553 ὶδιαηιβεηιεηιίαιη.
2895 3469 3207 3542 Legendum
3245 3469 3506 3526 videtur:

1915 3541 2138 3612 Respieit
2161 3541 2262 3612 ista
2282 3541 2558 3612 sententia.

1993 3609 2025 3652 e'
2065 3609 2336 3682 Quandiu.
2385 3611 2443 3665 Id
2464 3622 2570 3682 est,
2602 3612 2786 3665 donec.
2817 3611 2879 3667 S.
2903 3610 3171 3667 Caesarius
3197 3611 3252 3665 in
3282 3610 3511 3682 Recapi-

1917 3682 2175 3754 tulatione
2203 3699 2216 3735 :
2246 3681 2533 3754 gQuandiu
2555 3683 2773 3752 dignam
2804 3683 3180 3753 paenitentiam
3209 3696 3376 3754 agens
3405 3683 3508 3736 hu—

1916 3753 2119 3810 militer
2144 3751 2354 3808 veniam
2387 3759 2555 3822 petat.
2587 3773 2606 3805 ι

1995 3823 2015 3863 ἲ
2067 3823 2308 3896 Cum_ore
2334 3823 2762 3896 mentis._Locus
2801 3831 3109 3896 corruptus.
3165 3823 3307 3896 Lege
3344 3832 3512 3877 tumo-

1916 3911 2029 3950 rem
2057 3893 2265 3956 utentis,
2301 3902 2361 3947 ut
2386 3893 2442 3947 in
2467 3894 2587 3950 cod.
2621 3893 3025 3950 VindocinenSi.

1992 3968 2019 4006 ε
2057 3963 2125 4018 In
2154 3963 2319 4019 Isaia.
2350 3963 2430 4020 Ita
2456 3966 2510 4019 in
2540 3965 2641 4020 cod
2667 3965 2825 4020 Vind.
2878 3964 2984 4020 Sed
3008 3965 3096 4022 hic
3122 3964 3276 4021 locus
3307 3973 3510 4031 exstat,

1917 4051 2027 4108 non
2052 4035 2114 4108 in
2138 4034 2305 4108 Isaia,
2330 4034 2424 4090 sed
2447 4034 2696 4108 Jeremiae
2742 4054 2862 4108 cap.
2903 4052 3060 4091 xvm.

1988 4107 2018 4147 ιι
2038 4105 2245 4178 Dicenti
2271 4105 2538 4177 Apostolo.
2563 4106 2768 4178 Nempe
2797 4105 2854 4162 ut
2879 4109 2957 4164 sol
2989 4125 3092 4162 non
3121 4107 3324 4162 occidat
3353 4123 3512 4177 super
3577 4155 3580 4158 .

1916 4177 2250 4248 iracundiam
2287 4187 2530 4232 nostram
2554 4195 2569 4244 ;
2597 4177 2820 4234 cuinon
2838 4179 3217 4248 obtemperant
3245 4178 3282 4232 ii
3300 4179 3401 4248 qui
3423 4193 3510 4232 so-

1916 4247 1986 4304 lis
2021 4261 2276 4303 occasum
2325 4263 2434 4302 non
2476 4249 2835 4318 praeveniunt,
2861 4259 2919 4305 ut
2968 4247 3092 4306 cum
3134 4247 3396 4304 fratribus
3454 4250 3510 4301 in

1920 4318 2151 4391 gratiam
2172 4317 2417 4391 redeant.

1997 4387 2385 4444 iScandalum.
2429 4387 2758 4445 Scandalum
2803 4399 2886 4446 est
2918 4390 3060 4453 rixa,
3088 4387 3352 4458 iurgium,
3396 4386 3510 4458 dis-

1921 4459 2122 4525 sensio,
2161 4473 2366 4530 pugna,
2391 4468 2452 4514 ut
2493 4475 2660 4530 supra
2691 4469 2939 4515 notatum
2986 4468 3093 4530 esi:
3118 4457 3510 4530 S.’Gregorius

1922 4527 2276 4608 Turonensis,
2327 4529 2486 4608 Iiva
2512 4527 2674 4608 Iiist._,
2714 4545 2836 4600 cap.
2865 4529 3018 4608 10;}
3049 4527 3184 4582 Nam
3222 4527 3278 4582 hi
3308 4542 3506 4608 perpe~

1923 4610 2068 4656 trato
2087 4599 2298 4672 scelere
2315 4601 2384 4654 ad
2408 4599 2860 4672 Burdegalensem
2892 4599 3172 4672 civitatem
3199 4599 3502 4672 venientes,

1924 4680 2048 4727 orto
2083 4670 2358 4737 seandalo,
2395 4686 2537 4725 unus
2564 4669 2795 4726 alterum
2842 4671 3134 4725 interemit.
3167 4689 3186 4722 ι
3218 4669 3286 4724 Et
3325 4669 3420 4724 lib.
3451 4686 3508 4734 Χ,

1843 4716 1898 4776 D
1921 4716 2046 4814 cap:
2077 4742 2165 4814 15,
2195 4716 2363 4812 agens
2389 4741 2467 4814 de
2503 4741 2594 4814 illa
2629 4742 2894 4814 seditione
2914 4750 3106 4814 exorta
3142 4741 3282 4814 inter
3305 4716 3510 4795 sancti:-

1921 4810 2183 4870 moniales
2229 4810 2464 4884 emnobii
2519 4812 2577 4869 S.
2628 4813 2977 4884 Badegundis
3021 4831 3034 4866 :
3093 4830 3110 4862 ι
3140 4810 3276 4867 Cum
3325 4819 3508 4884 autem

1921 4884 2235 4941 scandalum
2266 4883 2412 4954 quod
2456 4892 2672 4940 serente
2700 4880 2912 4938 diabolo
2952 4881 3374 4954 ingmonasterio
3420 4880 3511 4934 Pi-

1921 4957 2163 5012 ctavensi
2204 4952 2406 5020 ortum,
2449 4955 2505 5009 in
2544 4954 2858 5025 ampliorem
2889 4953 3129 5025 quotidie
3165 4952 3508 5020 iniquitatem

1921 5034 2290 5097 consurgeret.
2316 5045 2334 5078 ι
2363 5025 2425 5097 Id
2449 5026 2615 5097 etiam
2632 5023 2787 5097 patet
2825 5039 2893 5080 ex
2935 5023 3140 5095 psalmo
3167 5037 3350 5085 cxvm,
3383 5036 3506 5097 cap.

1917 5097 2008 5162 21,
2037 5091 2145 5168 paa';
2163 5091 2688 5168 multardiligentibus
2715 5095 2878 5168 legem
2902 5091 3068 5158 tuam,
3093 5101 3139 5146 et
3171 5108 3274 5145 non
3300 5091 3509 5168 catillis

1924 5161 2255 5223 scandalum.
2291 5165 2392 5222 Ubi
2419 5161 2526 5232 pax
2547 5174 2600 5222 et
2625 5161 2935 5220 scandalum
2961 5171 3324 5232 opponuntur.
3357 5161 3511 5216 Unde

1924 5184 2255 5223 scandalum.
2295 5184 2392 5222 UDI
2456 5184 2526 5221 aa:
2547 5184 2600 5222 et
2625 5184 2935 5220 scanaatum
2961 5184 3324 5232 opponuntur.
3359 5184 3510 5216 unuc

1923 5237 2289 5314 Apoliinarius
2315 5237 2370 5292 in
2394 5184 2751 5314 ﬁetaphrasi,
2773 5235 2866 5290 ubi
2894 5233 3241 5314 Septuaginta
3262 5232 3510 5288 scribunt

1923 5307 2223 5376 στὶὰνόαλον,
2251 5308 2434 5378 posuit
2459 5317 2637 5374 νιῖκος,
2668 5307 2723 5363 id
2757 5314 2840 5362 est
2863 5307 3161 5371 contentio,
3193 5307 3331 5358 rixa.

2139 5440 2381 5500 ...ηούὂε
2410 5465 2464 5500 τι
2481 5450 2646 5504 uino;
2667 5438 2877 5512 ἔχουσι.

1923 5576 1981 5636 ld
1999 5585 2104 5651 esi,
2143 5597 2161 5631 ι
2191 5593 2367 5651 neque
2392 5575 2626 5651 aliquam
2651 5573 2826 5651 rinam
2855 5570 3137 5651 1ιιι1ιειιιι.»Δ
3214 5638 3224 5651 .

1999 5649 2012 5701 i
2050 5643 2382 5721 Exemplum.
2397 5643 2581 5721 Ιιιμᾷει,
2605 5643 3000 5721 testimonium,
3019 5643 3421 5721 auctoritatem,
3443 5643 3506 5692 ut

1924 5721 2087 5792 etiam
2118 5709 2278 5792 paulo
2299 5729 2425 5792 pos;
2441 5709 2584 5792 dixii
2599 5733 2613 5772 :
2636 5713 3000 5792 liujuscemodi
3025 5709 3282 5792 exemplo,
3321 5717 3428 5792 ete.

1994 5793 2022 5833 ιι
2046 5779 2192 5847 εἱὲαι
2219 5779 2368 5847 electi
2389 5790 2507 5846 Dei.
2551 5779 2766 5853 Omissa
2787 5795 2873 5848 est
2903 5799 3009 5844 vox
3033 5779 3224 5854 sancti,
3247 5795 3368 5856 quae
3387 5779 3504 5838 haec

1925 5866 2088 5924 verba
2117 5865 2377 5937 sequitur.
