4088 6330
536 411 641 472 999

809 445 820 454 κ
1534 407 1592 464 8.
1631 402 1995 463 BENEDICTI
2030 400 2323 458 ABBATIS
2358 394 2768 456 ANIANENSIS

547 507 3772 558 ______________________________________..___.____._

3657 388 3815 446 1000

1817 609 2155 693 CAPUT
2225 605 2544 685 XXXII.

1707 768 1796 825 DE
1835 759 2308 824 GRAVIORIBUS
2345 758 2610 817 CULPlS.

752 965 782 1038 θ
814 962 856 1018 l.
878 991 949 1002 ——
973 959 1054 1017 Ex
1090 959 1312 1014 Recens
1363 969 1551 1012 sane“
1585 952 1900 1010 Βεκευιοτι.
1929 931 1946 976 ⁷

614 1061 640 1099 ι
675 1056 726 1112 ls
750 1062 930 1110 autem
961 1051 1147 1117 frater,
1183 1049 1276 1120 qui
1301 1047 1567 1120 gravioris
1609 1046 1779 1117 culpae
1809 1059 1950 1101 noxa
1970 1051 2123 1099 tene-

541 1159 650 1213 tur,
703 1146 1062 1217 suspendatur
1091 1139 1136 1210 [a
1174 1155 1359 1196 mensa
1404 1137 1584 1205 simul,
1640 1145 1696 1191 et
1747 1136 1815 1190 ab
1857 1133 2120 1192 oratorio.

541 1209 730 1295 Nullus
751 1209 813 1293 ei.
829 1236 1057 1292 fratrum
1085 1209 1142 1289 in
1167 1232 1277 1287 ullo
1293 1231 1551 1302 jungatur
1577 1227 1850 1284 consortio
1869 1239 2044 1294 neque
2068 1224 2123 1279 in
2224 1209 2536 1302 Ρξηειιωιξεν

543 1331 828 1401 colloquio.
875 1327 1033 1384 Solus
1061 1327 1133 1382 sit
1176 1326 1245 1381 ad
1284 1339 1421 1395 opus
1455 1321 1560 1378 sibi
1609 1319 1928 1389 injunctum,
1952 1315 2126 1388 persi-

541 1433 689 1481 stens
710 1423 740 1463 ι’
770 1424 825 1478 in
841 1419 1172 1493 poenitentia:
1196 1417 1382 1472 luctu:
1435 1415 1614 1470 sciens
1654 1409 1950 1466 terribilem
1978 1407 2126 1462 illam

540 1514 784 1587 Apostoli
843 1510 1166 1568 sententiam
1193 1507 1424 1563 dicentis
1455 1521 1469 1558 :
1520 1503 1782 1558 traditum
1815 1497 2126 1572 hujusmodi

543 1607 819 1664 hominem
868 1603 1084 1660 Satanae
1133 1602 1186 1656 in
1230 1599 1508 1655 interitum
1535 1595 1740 1661 carnis,
1792 1603 1854 1648 ut
1903 1592 2126 1663 spiritus

544 1699 730 1755 salvus
766 1700 838 1754 sit
864 1699 919 1754 in
948 1696 1053 1765 ﬁdie
1073 1695 1286 1774 Domini
1319 1693 1369 1766 (I
1395 1693 1518 1748 Cor.
1552 1693 1630 1763 v).
1683 1689 1800 1746 Cibi
1827 1697 2010 1744 autem
2041 1703 2127 1744 re-

546 1789 832 1845 fectionem
861 1787 1008 1846 solus
1051 1779 1334 1858 percipiat,
1392 1797 1648 1840 mensura
1699 1781 1786 1837 vel
1816 1781 1972 1845 hora,
2020 1793 2123 1849 qua

545 1882 854 1954 praeviderit
901 1880 954 1937 ei
1003 1880 1171 1936 abbas
1216 1885 1544 1948 competere.
1584 1886 1606 1915 ο
1660 1873 1770 1931 Nec
1799 1890 1830 1930 a
1854 1888 2128 1944 quoquam

546 1973 900 2032 benedicatur
945 1980 1280 2037 transeunte,
1308 1969 1336 2009 ἀ
1372 1982 1475 2024 nec
1501 1967 1673 2034 cibus,
1729 1965 1825 2038 qui
1858 1965 1909 2022 ei
1947 1965 2125 2021 datur.

915 2084 944 2159 §
972 2085 1034 2142 ll.
1065 2115 1136 2127 —
1157 2084 1238 2140 Ex
1265 2083 1488 2140 Recuu
1510 2081 1760 2137 Punuu.

624 2191 649 2219 ε
669 2177 729 2234 Si
759 2178 885 2250 quis
906 2191 1037 2234 vero
1063 2176 1360 2233 monachus
1387 2173 1593 2229 furtum
1619 2171 1830 2238 fecerit,
1862 2170 2007 2242 quod
2033 2184 2130 2240 po-

2144 944 2258 1018 A§
2315 943 2403 999 lli.
2460 971 2534 982 -—
2560 937 2642 994 Ex
2704 934 2926 1018 Recens
2980 944 3170 1018 ειιξεςςι
3233 929 3508 988 annsou
3574 944 3825 990 eriscort

2877 1003 3016 1076 (cap.
3056 1003 3170 1076 59).

2300 1104 2314 1156 i
2362 1103 2518 1159 Furti
2568 1098 2866 1162 conscium,
2925 1095 2972 1150 si
3002 1095 3178 1150 adhuc
3233 1108 3430 1150 vocare
3483 1095 3822 1150 monachum

2561 1189 2716 1260 quasi
2747 1185 3050 1243 adulterum
3080 1183 3378 1240 secundum
3407 1182 3639 1254 ﬂagellis
3659 1184 3824 1238 subdi

2226 1297 2281 1343 et
2308 1301 2503 1358 magna
2537 1281 2770 1342 conteri-
2794 1278 3090 1334 afflictione
3147 1275 3426 1344 iubemus,
3482 1277 3681 1330 dantes
3743 1274 3824 1330 illi

2229 1380 2258 1420 ιι
2280 1393 2444 1434 unam
2471 1391 2594 1433 cum
2647 1371 3005 1429 fornicatione
3033 1368 3357 1425 sententiam
3383 1385 3397 1421 :
3424 1367 3552 1436 quia
3575 1366 3826 1421 luxuria-

2227 1482 2316 1529 tus
2341 1480 2446 1538 est,
2503 1484 2628 1526 cum
2683 1465 2982 1522 iuraretur.
3037 1461 3255 1518 Similes
3282 1461 3431 1516 enim
3458 1474 3553 1515 eos
3591 1474 3705 1515 non
3733 1459 3822 1514 in-

2229 1579 2472 1636 congrue
2497 1561 2750 1625 dicimus,
2780 1572 2918 1628 quos
2963 1557 3020 1609 in
3045 1569 3201 1610 sacra
3225 1553 3458 1608 lectione
3483 1553 3698 1622 pariter
3723 1567 3824 1621 po-

2229 1656 2367 1711 sitos
2414 1652 2742 1709 invenimus.
2800 1647 2943 1702 Dicit
2976 1661 3104 1716 ergo
3156 1644 3421 1700 Dominus
3447 1659 3548 1714 per
3583 1642 3824 1714 pr0phe-

2230 1757 2342 1804 tam
2372 1767 2386 1802 :
2422 1745 2547 1800 Non
2571 1753 2648 1800 est
2701 1744 2917 1800 scientia
2941 1741 3042 1796 Dei
3081 1739 3100 1779 ι
3129 1757 3287 1811 super
3316 1749 3510 1793 terram
3541 1735 3674 1805 (Ose
3704 1737 3782 1808 Iv)
3799 1755 3821 1801 ,-

2231 1848 2288 1898 et
2312 1838 2473 1910 paulo
2501 1845 2624 1908 post
2651 1853 2664 1890 :
2694 1834 2923 1889 Furtum
2957 1841 3007 1886 et
3058 1830 3380 1885 adulterium
3426 1828 3822 1882 inundaverant

2230 1929 2456 2002 (Ibid.);
2491 1935 2548 1984 et
2569 1928 2766 1983 iterum
2791 1925 2845 1980 in
2869 1923 3078 1996 psalmo
3109 1940 3122 1976 :
3158 1919 3216 1976 Si
3242 1919 3454 1975 videbas
3480 1918 3823 1988 furem,msi-

2229 2021 2341 2076 mul
2369 2021 2618 2075 currebas
2654 2035 2772 2074 cum
2795 2034 2876 2082 eo,
2916 2026 2946 2054 η
2977 2025 3026 2070 et
3061 2013 3315 2069 adulteris
3339 2012 3813 2086 portionemjtuom

2229 2113 2456 2186 ponebas
2510 2110 2683 2184 (Psal.
2715 2109 2886 2181 thx).
2943 2108 3198 2178 Legimus
3226 2105 3392 2160 etiam
3441 2103 3498 2158 in
3525 2103 3824 2174 Evangelio

2233 2205 2522 2262 Dominum
2555 2211 2580 2239 ο
2614 2203 2857 2258 dixisse:
2911 2198 3333 2263 Fornicationes,
3395 2197 3541 2266 furta
3600 2194 3819 2266 (Matth.

547 2271 657 2367 {ius
689 2270 1037 2367 Sicri‘eim
1063 2269 1169 2367 (ﬁgi
1199 2275 1395 2340 poles"
1441 2267 1495 2322 id
1522 2266 1834 2367 censtﬁmljs
1868 2263 2127 2367 f’IZdh'an-
2156 2302 2207 2363 B
2233 2294 2348 2367 xv).
2384 2293 2498 2350 Nec
2521 2301 2768 2348 moratus
2808 2291 3052 2348 addidit:
3095 2287 3228 2344 Htec
3247 2296 3370 2343 sunt
3396 2263 3536 2358 iqute
3582 2263 3821 2357 coinqui-

547 2361 697 2429 dum,
737 2359 758 2400 ἲ
789 2369 848 2416 ut
880 2359 1068 2430 junior
1095 2360 1265 2432 virgis
1317 2373 1491 2414 etesus
1543 2357 1678 2412 tanti
1728 2355 1974 2411 criminis
2002 2369 2130 2409 reus

549 2467 827 2523 nunquam
882 2450 1122 2507 officium
1184 2449 1473 2506 clericatus
1542 2447 1800 2517 excipiat.
1878 2445 1937 2501 Si
2000 2459 2130 2501 vero

551 2545 577 2583 ε
601 2544 714 2613 jam
748 2541 980 2597 clericus
1004 2542 1060 2597 in
1097 2541 1152 2597 id
1177 2540 1388 2596 facinus
1420 2539 1584 2594 fuerit
1610 2539 2000 2609 deprehensus,
2033 2552 2132 2592 no-

551 2633 718 2688 minis
745 2633 914 2704 ipsius
949 2631 1215 2704 dignitate
1249 2630 1514 2702 privetur.
1543 2630 1640 2685 Cui
1677 2628 1926 2685 sufticere
1951 2635 2135 2698 potest

549 2738 650 2795 pro
689 2731 842 2779 actus
872 2723 956 2778 sui
980 2724 1011 2763 h
1041 2722 1260 2780 levitate
1312 2721 1530 2795 impleta
1557 2720 1890 2794 paenitentia:
1915 2718 2137 2778 satisfa-

548 2814 730 2872 ctione
764 2816 780 2856 ί
817 2813 1146 2871 communio.

621 2967 647 2996 ε
675 2953 732 3009 Is
773 2963 948 3026 autem
975 2954 1142 3024 frater
1164 2994 1180 3020 ,
1219 2962 1326 3026 etc.
1362 2953 1462 3010 Hic
1489 2955 1670 3026 agitur
1703 2954 1772 3011 de
1796 2952 1991 3026 majori
2033 2968 2132 3009 ex-

547 3025 1060 3094 communicatione,
1095 3025 1342 3094 quamvis
1374 3024 1562 3079 omnes
1590 3024 1734 3080 illius
1762 3024 1988 3080 effectus
2025 3038 2135 3079 non

547 3094 921 3163 exprimantur
943 3093 1225 3149 brevitatis
1249 3110 1433 3150 causa.
1463 3095 1599 3149 Nam
1633 3094 1846 3150 excludi
1876 3110 1907 3148 a
1930 3109 2134 3149 mensa:

547 3164 979 3290 participatione,
1023 3165 1091 3246 ab
1127 3165 1388 3246 oratorio,
1434 3181 1464 3218 a
1490 3165 1765 3221 consortio
1791 3171 1847 3218 et
1864 3163 2136 3234 colloquio

569 3249 862 3290 nominum.
911 3243 972 3287 ut
1001 3234 1090 3288 hic
1125 3233 1409 3290 manifeste
1445 3235 1711 3290 habetur.
1757 3242 1884 3290 sunt
1907 3233 2136 3290 effectus

569 3233 862 3298 nominum,
911 3243 972 3287 ut
1001 3234 1090 3288 hic
1125 3233 1409 3290 manifeste
1445 3235 1711 3299 habetur,
1757 3242 1884 3290 sunt
1907 3233 2136 3290 effectus

549 3301 774 3372 majoris
795 3305 1386 3360 excommunicationis.
1420 3303 1571 3371 Quod
1607 3305 1769 3359 etiam
1799 3303 2028 3359 suadent
2047 3304 2138 3358 illa

547 3378 760 3430 verba:
811 3372 991 3428 Sciens
1019 3373 1302 3429 terribilem
1347 3374 1496 3429 illam
1527 3373 1764 3444 Apostoli
1805 3376 2136 3438 sententiam,

547 3453 656 3524 etc.
682 3459 698 3508 ;
730 3444 838 3526 .ille
870 3444 1014 3499 enim
1061 3445 1278 3528 proprie
1307 3444 1529 3528 dicitur-
1556 3445 1697 3501 tradi
1743 3444 1962 3499 Satanae
1984 3484 2000 3511 ,
2045 3444 2138 3515 qui

551 3515 746 3583 majori
774 3515 1330 3596 excommunicatione
1349 3515 1621 3602 plectitur.

624 3586 654 3627 δ
683 3584 752 3639 1η
782 3585 1287 3656 panitenttwluctu.
1327 3585 1629 3656 Loncilium
1669 3585 2076 3656 Tarraconense
2097 3600 2138 3650 ι,

551 3671 674 3713 can.
710 3653 875 3726 l,i'de
915 3653 1176 3726 Monacho
1213 3655 1597 3726 ipmnitentiam
1639 3666 1835 3726 agente
1889 3674 1903 3710 :

555 3727 734 3782 tentiw
755 3725 996 3780 lamentis
1022 3725 1311 3780 incumbat.

628 3807 651 3836 ο
670 3793 782 3850 Nec
796 3812 828 3848 a
843 3810 1100 3866 quoquam
1111 3795 1446 3866 benedicatur
1458 3804 1776 3852 transeunte.
1800 3793 2001 3866 Nempe
2019 3811 2145 3850 cum

554 3867 670 3938 ipse
694 3864 1194 3938 excommunicauit.
1226 3864 1424 3920 alicubi
1453 3866 1599 3922 solus
1625 3875 1901 3938 operatur.
1926 3864 2142 3938 Alioqui

555 3934 613 3992 in
641 3935 776 3992 cella
807 3934 1044 4006 residere
1083 3935 1275 3999 debet,
1319 3943 1377 3989 ut
1400 3947 1588 4006 postea
1629 3935 1921 3991 videbitur.
1974 3934 2145 3992 Bene-

556 4007 724 4060 dictio
765 4013 948 4058 autem
979 4004 1097 4075 haec
1123 4004 1419 4075 est,iquaui
1452 4006 1640 4075 junior
1661 4021 1691 4059 a
1721 4007 1934 4061 seniore
1963 4015 2144 4061 trans-

555 4083 720 4148 eunte
736 4082 930 4148 petere
979 4073 1158 4148 debet.
1207 4073 1360 4148 Unde
1395 4073 1647 4148 magister
1675 4091 1813 4148 capL
1839 4077 1942 4131 l3:
1991 4077 2144 4148 {Pe-

556 4145 692 4200 tenti
734 4143 1165 4217 benedictionem
1195 4145 1372 4202 nullus
1397 4143 1759 4217 respondeat}
1787 4146 1948 4201 Deus.
1991 4145 2144 4202 Licet

557 4223 738 4270 tamen
767 4229 1050 4285 assurgere
1076 4214 1351 4282 salutanti,
1397 4214 1560 4284 caput
1600 4216 1884 4280 inclinare,
1927 4227 2020 4271 aut
2049 4233 2146 4272 nu-

554 4285 684 4340 dare
708 4284 1057 4339 humanitatis
1079 4285 1275 4350 officio,
1306 4286 1393 4341 vel
1434 4285 1639 4339 vitandi
1689 4286 1926 4340 scandali
1953 4303 2140 4354 causa,

553 4363 615 4426 ut
669 4355 828 4426 docet
872 4354 1109 4426 Angelus
1153 4356 1209 4410 in
1255 4356 1450 4426 verbo,
1495 4355 2026 4426 Excommunicatio;
2075 4359 2144 4414 de

553 4424 772 4498 Graffiis
796 4425 891 4481 lib.
923 4424 996 4492 tv]
1019 4441 1077 4498 p.
1103 4426 1153 4498 i,
1184 4440 1234 4482 c.
1269 4425 1338 4480 12
1363 4441 1378 4492 ;
1405 4425 1701 4494 Millardus,
1717 4442 1834 4498 cap.
1865 4428 2000 4494 101;
2025 4427 2144 4484 Sai-

555 4510 672 4566 rus,
691 4497 786 4552 lib.
816 4512 880 4562 ιι,
907 4512 1030 4566 cap.
1058 4497 1147 4550 11.

577 4565 649 4640 ν-ίί
663 4566 782 4640 _1_Vec
811 4567 955 4640 cibus
977 4565 1068 4640 qui
1103 4568 1151 4640 ei
1176 4567 1356 4640 datur.
1379 4567 1787 4640 S.Fructuosus
1806 4570 2140 4640 episc.,cap.

554 4635 623 4690 ﬂ
663 4635 916 4720 ltegulre:
954 4635 999 4686 r'
1028 4635 1239 4720 Et__hoc
1262 4639 1335 4720 ab
1363 4639 1558 4694 abbate
1577 4635 1920 4720 exsufﬂata!!!
1951 4651 2010 4720 et
2035 4635 2143 4720 non

555 4706 972 4762 sanctiﬁcatum.
1010 4725 1028 4758 ι
1086 4706 1339 4777 Magister
1365 4748 1380 4774 ,
1409 4724 1530 4779 cap.
1571 4709 1673 4764 15:
1723 4727 1743 4761 ι
1779 4709 2053 4780 Quidquid
2091 4711 2143 4767 ei

555 4776 868 4828 porrigitur.
901 4790 933 4828 a
960 4775 1107 4828 nullo
1133 4780 1398 4828 siunetur.
1436 4797 1454 4828 ι

553 4783 933 4901 ροιτιξιῐιιγηε
960 4783 1107 4832 nullo
1133 4783 1398 4848 signetur.
1436 4797 1454 4831 ι

633 4858 658 4887 ο
743 4862 760 4899 ι
805 4862 921 4914 quis
959 4862 1078 4900 vero
1116 4849 1425 4914 monachus,
1466 4859 1572 4908 etc.
1615 4850 1743 4907 Haec
1785 4849 2059 4905 habentur
2085 4850 2142 4906 in

633 4862 658 4887 ο
698 4862 760 4901 δι
841 4862 921 4899 uis
959 4862 1078 4900 vero
1116 4862 1425 4914 monachus,
1466 4862 1572 4908 etc.
1615 4862 1743 4907 Haec
1789 4862 2059 4905 habentur
2085 4862 2142 4906 tn

555 4862 1022 5041 secundatilegula
1072 4915 1294 4973 Patrum
1338 4920 1461 4976 cod.
1513 4937 1617 4976 ms.
1648 4920 1818 4985 Flor.,
1851 4919 2008 4988 cujus
2037 4921 2143 4976 ini-

558 4989 691 5042 tium
725 4997 808 5042 est
837 5005 852 5042 :
930 5004 1018 5041 um
1046 4988 1101 5042 in
1127 4990 1333 5042 nomine
1364 4991 1578 5042 Domini
1598 5007 1706 5042 una
1735 5006 1852 5042 cum
1880 4990 2134 5042 fratribus

558 4999 691 5042 tium
725 4999 808 5042 est
837 5005 852 5042 Ξ

557 5059 750 5112 nostris
776 5058 1211 5114 convenissemus.
1262 5060 1622 5128 Quamobrem
1651 5058 1888 5126 titulum,

479 5140 482 5144 ί
559 5128 989 5201 desiderabatur,
1031 5129 1276 5201 supplevi
1304 5131 1359 5185 in
1407 5131 1523 5185 haec
1552 5130 1758 5201 verba:
1816 5129 1900 5186 Ea:

1964 5062 2016 5116 ui
2047 5063 2138 5119 hic

1987 5131 2141 5202 egula

561 5196 811 5273 _P_atrum_:
837 5197 1020 5273 fretus
1033 5196 1198 5256 etiam
1222 5199 1868 5273 auctoritate_Smaragdi,
1895 5203 1985 5271 qui
2011 5196 2144 5258 seri-

558 5267 637 5342 bit
667 5285 681 5321 :
719 5285 737 5318 ι
773 5268 840 5322 Et
866 5269 970 5342 alii_
989 5268 1182 5342 Patres
1215 5269 1469 5326 dixerunt
1496 5289 1510 5326 :
1545 5270 1603 5326 Si
1631 5267 1930 5342 quis'vero
1957 5288 2144 5328 mona-

559 5337 716 5405 chus,
734 5357 783 5410 ,ι’
803 5339 1297 5410 θωκΡιοΐθιξιιιιιιιι·
1336 5341 1498 5396 etiam
1527 5357 1558 5396 a
1589 5337 1924 5408 Burchardo,
1955 5342 2048 5400 lib.
2077 5359 2141 5410 ιι,

559 5422 680 5484 cap.
723 5407 812 5473 64,
839 5417 893 5464 et
911 5408 1078 5484 lvone
1101 5409 1443 5484 Carnotensi,
1467 5423 1621 5484 parte
1641 5430 1740 5469 xm
1762 5407 1996 5479 Decreti,
2017 5407 2136 5484 cap.

559 5479 649 5544 5|,
678 5494 746 5534 ex
772 5480 1001 5554 concilio
1027 5479 1340 5554 Agathensi,
1362 5479 1484 5539 can:
1514 5484 1550 5538 2
1581 5503 1594 5540 :
1629 5504 1647 5537 ‹
1679 5484 1736 5540 Si
1768 5485 1889 5554 quis
1913 5479 2141 5540 clericus

560 5558 654 5632 aut
682 5552 1002 5632 monachus.
1041 5571 1060 5603 ι
1092 5558 1198 5606 etc.
1217 5553 1361 5632 ‘Qua:
1391 5563 1571 5632 tamen
1592 5572 1700 5610 non
1727 5552 1957 5632 exstant
1975 5556 2030 5610 in
2061 5556 2140 5610 di-

561 5627 650 5675 cto
675 5621 926 5678 concilio.
956 5621 1133 5688 Quare
1156 5623 1390 5681 arbitror
1405 5627 1719 5682 citationem
1733 5641 1852 5681 esse
1867 5627 2136 5681 vitiosam.

602 5689 666 5771 .1
702 5689 768 5744 Ut
785 5692 974 5771 junigr
1001 5692 1156 5771 virgis
1185 5711 1379 5771 ctesus.
1405 5697 1557 5771 Furti
1580 5712 1710 5771 reos
1737 5697 2030 5771 monachos
2057 5697 2142 5750 in-

563 5757 875 5836 diderenter
908 5757 1253 5836 ﬂagellationi
1280 5768 1519 5836 gsubjicit
1575 5767 1631 5822 S.
1677 5767 2002 5822 Pacliomius
2029 5775 2136 5820 art.

564 5827 708 5913 12.13
726 5827 1241 5913 etsanctiinoniales
1270 5833 1329 5890 S.
1363 5827 1629 5893 CEesarius
1662 5837 1995 5895 Arelatensis
2018 5853 2117 5913 cap

459 5981 462 5986 _
566 5895 640 5984 at
668 5893 908 5984 Regula.

1958 3653 2142 3710 Pa’ni-
2168 3654 2217 3719 C

2239 2393 2368 2440 nant
2398 2384 2661 2438 hominem
2717 2380 2929 2454 (Ibid.).
2985 2379 3066 2434 Ex
3114 2379 3201 2434 his
3231 2376 3476 2447 profecto
3521 2377 3824 2446 intelligere

2231 2483 2460 2546 possunt
2488 2475 2682 2530 horum
2709 2471 2976 2528 scelerum
3017 2469 3162 2526 servi
3189 2471 3338 2540 quia,
3371 2467 3516 2523 sicut
3542 2467 3826 2538 aequaliter

2234 2569 2322 2626 his
2351 2567 2700 2624 dominantur
2731 2565 2880 2632 vitia,
2941 2562 3226 2634 :equaliter
3276 2561 3508 2616 debetur
3554 2570 3609 2615 et
3637 2575 3824 2630 paena.

2240 2659 2270 2732 ᾗ
2324 2658 2416 2716 ιγ.
2458 2689 2530 2699 -
2563 2658 2646 2714 Ex
2699 2657 2920 2799 Restitit
2980 2670 3168 2798 unica;
3217 2651 3529 2710 Fuceruosr
3583 2667 3824 2709 EPISCOPI

2908 2743 3026 2798 cap.
3163 2765 3178 2780 .

2908 2743 3026 2798 cap.
3063 2743 3178 2798 ιο).

2313 2830 2344 2874 Ρ
2381 2821 2681 2881 Monachus
2708 2831 2736 2871 (ι
2763 2818 3115 2892 parvulorum
3138 2826 3231 2874 aut
3251 2817 3680 2874 adolescentium
3702 2831 3830 2872 con-

2313 2956 2340 2996 ε
2371 2955 2497 3011 Ιαηι
2523 2954 2763 3010 clericus.
2795 2949 2954 3021 Apud
3004 2949 3225 3006 lvonem
3250 2957 3306 3004 et
3355 2947 3732 3004 Burchardum
3753 2946 3832 3004 le-

2240 3025 2428 3098 gitur_:
2455 3024 2582 3098 lam
2621 3024 2921 3098 ordinatus.

2309 3098 2340 3138 h
2382 3095 2633 3150 Levitate.
2665 3093 2812 3162 Lege
2842 3090 3091 3146 stultitia.

2319 3169 2337 3208 ί
2357 3164 2691 3220 Communio.
2707 3157 2861 3233 Apud
2875 3163 3094 3218 eosdem
3107 3159 3305 3233 legitur
3321 3157 3493 3233 :_Sola
3508 3161 3828 3233 communio.

2321 3235 2335 3287 i
2385 3234 2545 3288 Furti
2568 3230 2857 3297 conscium,
2883 3233 2952 3299 si,
2976 3241 3082 3288 etc.
3116 3230 3245 3286 Haec
3271 3231 3544 3286 habentur
3569 3231 3622 3284 in
3645 3230 3834 3284 libello

2242 3323 2273 3364 c
2301 3315 2358 3362 et
2376 3321 2470 3359 xiv
2499 3303 2901 3359 Sententiarum
2932 3304 2997 3358 de
3022 3301 3365 3368 Rectoribus,
3396 3301 3484 3356 ubi
3509 3300 3566 3355 S.
3590 3299 3836 3356 Ferreo-

2243 3378 2329 3433 lus
2355 3374 2657 3444 appellatur
2683 3375 2986 3444 presbyter.

2316 3449 2345 3488 ιε
2387 3439 2562 3500 Unam
2599 3439 2716 3498 cum
2763 3439 3110 3514 fornicatione
3155 3445 3483 3514 sententiam.
3529 3439 3674 3512 Lege
3699 3457 3832 3514 cum

2245 3518 2561 3600 fornicante,
2592 3524 2652 3596 ut
2677 3512 3006 3600 .przefato
3049 3513 3250 3570 libello.
3290 3512 3461 3568 Unam
3489 3512 3830 3577 sententiam,

2245 3583 2300 3644 id
2325 3597 2408 3644 est
2435 3587 2578 3641 idem
2595 3583 2882 3654 judicidm.

2323 3657 2343 3697 1
2373 3650 2789 3727 Super‘terram.
2817 3654 3120 3727 ln_vulgata
3140 3654 3394 3727 versione
3414 3671 3440 3727 _:
3473 3650 3543 3727 In
3569 3662 3728 3706 terra.

2319 3739 2360 3769 ιιι
2389 3721 2562 3798 Simul
2584 3725 2848 3798 curreba_s.
2876 3725 2954 3779 lta
2976 3721 3029 3779 in
3057 3725 3262 3798 Regula
3288 3723 3558 3795 Magistri,
3587 3738 3710 3793 cap.
3738 3721 3829 3788 l3,

2243 3795 2746 3870 juxta_Psalterium
2781 3795 3104 3870 Bomanum.
3151 3795 3162 3798 '
3296 3866 3306 3870 _
3355 3866 3366 3870 _
3455 3867 3465 3870 _
3885 3797 3888 3802 '

2321 3879 2348 3907 ιι
2378 3867 2447 3922 Et
2474 3865 2748 3936 adulteris.
2779 3865 2922 3936 Lege
2954 3883 2966 3918 :
3006 3864 3076 3918 Et
3100 3881 3218 3936 cum
3237 3866 3513 3936 adulteris.

2328 3947 2354 3975 ο
2375 3937 2607 4000 Dixisse,
2633 3933 3056 4006 Fornica'tiones,
3102 3935 3266 4004 furta.
3289 3935 3446 4006 Apud
3472 3933 3828 4006 Smaragdum

2247 4009 2444 4080 legitur
2467 4025 2530 4080 ιι
2557 4005 2796 4080 dixisse:
2830 4005 2908 4060 De
2929 4007 3082 4080 corde
3132 4007 3270 4060 enim
3314 4005 3506 4061 eiteunt
3539 4005 3825 4069 adulteria,

2249 4075 2644 4150 fornicationes,
2673 4075 2840 4146 furta,
2867 4085 2927 4150 e_t_
2949 4076 3174 4150 reliqua.
3206 4095 3227 4129 ι

2319 4161 2347 4201 ι»
2387 4147 2839 4216 Monachus,etc.
2885 4145 3010 4201 llaec
3046 4145 3315 4202 habentur
3366 4147 3559 4203 eodem
3590 4162 3711 4216 cap.
3740 4145 3823 4216 l6,

2247 4219 2304 4290 in
2336 4218 2673 4290 Regulams.
2704 4215 2762 4270 S.
2790 4217 3077 4290 Fructuosi
3099 4218 3345 4290 episcopi
3385 4219 3508 4290 cod.
3557 4215 3741 4290 Gra’ss.
3770 4215 3824 4269 ln

2247 4286 2440 4345 libello'
2467 4288 2570 4342 114
2624 4286 3030 4342 Sententiarum
3080 4286 3156 4342 de
3193 4286 3536 4353 Rec'toribus,
3571 4287 3664 4341 ubi
3708 4294 3828 4353 post

2245 4363 2304 4418 τὸ
2345 4361 2651 4418 monachus,
2684 4357 2900 4412 additur
2931 4377 2944 4414 :
2993 4355 3082 4412 Vel
3111 4357 3353 4424 clericus,
3407 4366 3462 4412 et
3513 4357 3654 4427 apud
3687 4355 3825 4410 Hen-

2247 4431 2422 4501 ricum
2448 4428 2746 4492 Canisium,
2772 4435 2903 4501 t_om.
2927 4427 2971 4501 Υ
2997 4429 3237 4501 βιιῑὶίιιιτε
3265 4429 3534 4501 lectionis,
3582 4437 3734 4496 parte
3765 4442 3822 4479 ιι.

2247 4500 2502 4556 Refertur
2526 4502 2687 4554 etiam
2715 4515 2746 4551 a
2783 4498 3120 4564 Burcha'rdo,
3143 4499 3234 4554 lib.
3264 4515 3375 4554 xvu
3412 4498 3647 4562 Decreti,
3703 4511 3822 4566 cap.

2249 4571 2341 4636 35,
2370 4586 2438 4626 ex
2466 4570 2628 4624 dictis
2660 4568 2866 4634 Basilii,
2890 4570 2982 4624 sed
3013 4585 3120 4624 non
3142 4569 3216 4623 ita
3242 4578 3407 4625 recte.
3441 4567 3576 4621 Nam
3609 4568 3713 4622 hoc
3742 4581 3828 4636 caf

2244 4635 2472 4723 pituluni
2504 4655 2768 4723 nugjualn
2804 4641 3072 4723 repereri's
3115 4639 3255 4711 apud
3402 4635 3825 4723 Ba_si|ium,_.se.d

2247 4706 2304 4766 in
2353 4709 2556 4781 Regula
2589 4706 2646 4765 S'.
2704 4706 3000 4781 Fructuosi
3032 4706 3401 4781 Braégarensis,
3442 4715 3614 4781 ut_ex
3667 4706 3827 4761 dictis

2245 4778 2458 4837 notum'
2486 4788 2571 4836 est
2603 4798 2616 4834 :
2646 4781 2923 4850 quamvis,
2951 4778 3039 4835 hic
3090 4778 3360 4850 referatur
3411 4778 3586 4850 paulo
3612 4787 3824 4850 contra-

2245 4853 2408 4916 ctius,
2436 4858 2490 4906 et
2515 4848 2729 4905 varient
2772 4849 3040 4920 quaadam.
3097 4849 3251 4920 Apud
3278 4848 3826 4920 eumdemABurcharf

2244 4921 2372 4976 dum
2426 4921 2640 4976 initium
2669 4916 2826 4990 huju's
2875 4920 3069 4990 capitis
3094 4916 3178 4990 ita
3204 4919 3444 4990 legitur:
3479 4918 3716 4972 Clericus
3753 4916 3825 4970 vel

930 5004 1018 5064 unt
1046 4988 1101 5042 in
1127 4990 1333 5064 nomine
1364 4991 1578 5064 Domini
1598 5007 1706 5064 una
1735 5006 1852 5064 cum
1877 4990 2134 5064 fratribus
2157 5002 2215 5064 Ῑ)
2242 4993 2532 5064 monachus
2574 4988 2983 5064 adolescentium
3021 4989 3101 5064 pel
3127 4988 3464 5064 parvulorum
3519 4990 3822 5042 insectator.

2318 5074 2346 5113 σι
2392 5061 2748 5116 Parvulorum
2778 5070 2869 5114 aut
2906 5061 3314 5115 adolescentium
3337 5068 3690 5122 consectator,
3714 5065 3820 5112 etc.

2240 5132 2517 5203 Ejusmodi
2548 5147 2676 5203 cum
2706 5130 3015 5203 junioribus
3060 5129 3454 5203 familiaritates
3493 5126 3823 5203 etiamualio-

2243 5199 2365 5258 rum
2400 5202 2620 5272 Patrum
2647 5201 2870 5272 Regula:
2890 5201 3269 5272 proscribunt;
3298 5199 3391 5272 VS,
3413 5199 3689 5272 Pachomii
3715 5205 3820 5272 art.

2241 5273 2312 5328 90
2344 5291 2358 5327 :
2396 5292 2415 5325 ι
2450 5271 2507 5327 Si
2535 5267 2907 5343 deprehénsus
2931 5269 3095 5327 fuerit
3132 5271 3338 5343 aliquis
3363 5271 3428 5326 de
3460 5269 3735 5343 fratribus
3756 5267 3821 5343 li-

2241 5343 2437 5400 benter
2460 5358 2583 5398 cum
2604 5339 2790 5413 pueris
2819 5341 3017 5406 ridere,
3046 5351 3102 5397 et
3131 5339 3333 5407 ludere,
3375 5349 3429 5395 et
3459 5341 3662 5396 habere
3685 5339 3822 5394 ami—

2247 5415 2406 5470 citias
2444 5411 2623 5469 aetatis
2640 5411 2890 5476 infirmae,
2919 5414 3080 5468 tertio
3105 5413 3556 5478 commonebitur,
3586 5420 3647 5465 ut
3675 5424 3823 5464 recc-

2250 5486 2343 5540 dat
2376 5485 2444 5539 ab
2469 5500 2658 5540 eorum
2687 5483 3105 5548 necessitudine,
3147 5491 3202 5538 et
3229 5497 3436 5538 memor
3471 5484 3540 5538 sit
3569 5483 3820 5537 honesta-

2252 5556 2322 5610 tis
2351 5571 2416 5610 ac
2444 5554 2656 5609 timoris
2704 5554 2819 5608 Dei.
2862 5553 2918 5607 Si
2950 5569 3056 5608 non
3103 5554 3421 5618 cessaverit,
3473 5553 3812 5622 corripiatur,

2241 5635 2301 5681 ut
2321 5627 2514 5698 dignus
2536 5634 2640 5691 est,
2665 5624 3009 5698 correptione
3024 5626 3395 5698 severissima.
3421 5621 3817 5698 [Orientalium

2227 5687 2336 5752 ‘seu
2379 5687 2801 5750 'Tarnateirsium
2828 5687 2946 5765 cap.
2976 5694 3084 5749 ll:
3122 5714 3141 5746 ι
3173 5695 3273 5763 Qui
3317 5693 3560 5765 joculare
3594 5690 3814 5762 aliquid,

2230 5767 2328 5821 .vel
2354 5767 2485 5821 risui
2517 5775 2700 5834 aptum
2729 5765 2784 5817 in
2831 5763 3097 5834 conventu
3127 5767 3358 5820 fratrum
3410 5763 3655 5834 proferre
3684 5774 3816 5832 prte-

2245 5833 2563 5908 sumpserit,
2584 5835 2677 5908 vel
2699 5834 2940 5908 quicum
2957 5833 3264 5902 junioribus
3297 5833 3459 5890 verba
3473 5837 3656 5908 otiosa
3687 5845 3809 5886 nar.

2247 5903 2643 5977 rare'voluerit,
2675 5913 2769 5964 aut
2793 5903 3015 5992 babere_
3043 5908 3310 5990 amicitias
3338 5907 3513 5964 :etatis
3565 5905 3807 5965 inﬁrmae.

3281 6059 3314 6065 --
3350 6056 3384 6067 ,ο
3405 6057 3448 6064 τ.-
