4088 6330
395 384 537 450 i005

1330 380 1719 448 Cossorum
1755 380 2211 455 REGULABUM.
2247 430 2318 441 —
2349 394 2758 459 carsxxxn.

389 494 607 578 expieto
656 502 867 577 pSalmo
915 498 984 560 ab
1034 504 1287 561 omnibus
1338 502 1572 601 ’orationi
1616 504 1967 576 incumbitur,
1996 510 2197 577 Aoum
2260 524 2387 573 eum
2442 518 2502 573 in
2558 521 2857 578 oratorium
2912 523 3315 582 introduxerint
3370 526 3656 601 Praépositi

390 598 522 655 tunc
548 598 1124 655 excommunicationis
1153 608 1277 655 reus
1304 596 1612 671 prostratus
1648 610 1775 658 ante
1806 602 1972 657 limen

387 693 615 751 oratorii
639 686 757 747 haec
785 696 907 747 'cum
929 692 1183 765 lacrymis
1216 694 1414 749 clamet
1444 712 1456 749 :
1482 688 1729 761 Peccavi,
1762 704 1818 752 et
1842 711 1970 768 pec-

387 782 577 839 catum
606 782 789 838 meum
829 798 930 857 ego
958 790 1193 856 agnosco
1223 802 1237 839 :
1269 786 1468 853 erravi,
1496 787 1788 842 emendare
1815 784 1970 858 polli-

386 876 515 934 c'e'or
541 894 555 947 ;
578 875 695 947 jam
736 868 805 932 de
833 872 1031 932 czeter’o
1060 877 1176 933 'non
1204 877 1458 949 peccabo.
1505 876 1712 952 Rogat'e
1739 886 1838 951 pro
1862 886 1969 947 me,

332 961 341 967 ’
385 970 586 1026 'sanctce
608 969 1079 1042 congregationes,
1112 970 1143 1024 ὁ
1170 971 1365 1041 quibus
1388 970 1657 1043 qvondain
1679 987 1775 1042 per
1794 982 1972 1027 meam

385 1063 771 1135 negligentiam
814 1074 869 1123 et
912 1046 1115 1120 diaboli
1150 1064 1461 1120 suasionem
1493 1064 1736 1135 separari
1771 1064 1966 1120 merui.

383 1156 593 1228 Rogate
629 1171 730 1226 pro
767 1172 877 1223 me,
924 1156 1030 1211 mei
1079 1158 1351 1228 quondam
1405 1159 1700 1230 ’przepositi.
1748 1156 1971 1230 Ignosce

384 1249 540 1316 mihi,
588 1247 777 1320 pastor
817 1251 958 1305 bone
1014 1252 1070 1305 et
1113 1252 1203 1321 pie
1246 1260 1433 1321 pastor
1473 1251 1659 1307 abbas.
1703 1250 1970 1323 Relinque

382 1347 680 1415 nonaginta
703 1358 898 1399 novem
920 1352 1145 1414 propter
1186 1359 1373 1399 unam.
1422 1343 1576 1410 Veni,
1610 1344 1880 1416 recollige,
1913 1356 1970 1400 et

382 1448 542 1508 porta
573 1438 817 1493 humeris
840 1437 949 1493 tuis
974 1452 1062 1492 me
1088 1438 1359 1509 perditam
1393 1453 1571 1505 ovem,
1619 1439 1763 1494 sicut
1786 1437 1970 1494 Domi-

384 1544 489 1585 nus
514 1538 703 1586 noster
739 1530 941 1586 indicio
987 1532 1257 1601 passionis
1305 1528 1416 1587 suae
1460 1532 1560 1588 tibi
1599 1534 1963 1588 monstravit:

382 1623 509 1693 quia
546 1637 652 1677 non
687 1635 790 1694 pm
811 1618 994 1691 iustis,
1036 1624 1132 1678 sed
1159 1635 1261 1693 pro
1296 1624 1675 1695 peccatoribus
1690 1625 1873 1691 venit,
1910 1632 1970 1681 et

382 1723 634 1772 mortuus
661 1724 749 1771 est
776 1734 790 1770 :
820 1724 881 1770 ut
900 1708 1025 1771 cunt
1051 1715 1168 1786 ipso
1206 1729 1303 1787 per
1333 1716 1599 1786 justitiam
1628 1718 1744 1788 ejus
1784 1728 1968 1772 resur-

382 1824 653 1883 geremus,
705 1811 799 1881 qui
845 1808 1119 1865 metamus
1166 1823 1265 1880 per
1312 1818 1496 1865 nostra
1534 1820 1759 1879 peccata
1802 1809 1963 1877 ailisi,

2074 604 2215 677 ejus,
2257 612 2609 680 prosternant
2643 618 2771 667 eum
2797 614 3024 687 pedibus
3049 616 3258 673 altaris.
3304 606 3505 673 Statim
3532 632 3655 676 om”-

2074 712 2173 754 nes
2199 702 2304 754 una
2327 706 2453 757 cum
2483 700 2681 761 abbate
2706 702 2766 761 be
2793 708 3027 764 orationi
3068 706 3168 780 pi-o
3194 712 3262 767 e‘o
3285 712 3652 781 prosternant.

2076 787 2229 847 Tunc
2268 790 2359 848 ille
2405 798 2502 864 p'r’o
2536 784 2689 869 culpa
2728 798 3035 869 prostratus
3070 806 3196 856 cum
3240 798 3529 875 lacrymis,
3571 802 3657 860 his

2074 885 2297 942 vocibus
2321 890 2576 958 precetur
2602 886 2671 945 ad
2712 892 2988 948 dominum
3031 893 3215 951 dicens
3246 913 3259 949 :
3292 877 3523 953 Peccavi
3549 896 3654 954 Do-

2072 978 2241 1047 mino,
2288 984 2531 1052 peccavi,
2578 976 2633 1040 et
2679 985 3019 1056 iniquitatem
3050 1003 3223 1043 meam
3255 997 3354 1063 ego
3398 1006 3651 1063 agnosco,

2074 1084 2226 1140 rogo,
2256 1074 2382 1143 peto
2415 1089 2446 1128 a
2484 1074 2555 1139 te,
2590 1074 2801 1131 dimitte
2838 1076 3005 1145 mibi,
3043 1092 3111 1135 ne
3149 1078 3310 1135 simul
3347 1080 3533 1137 trahas
3567 1094 3655 1136 me

2072 1174 2195 1215 cum
2219 1164 2458 1232 peccatis
2487 1167 2643 1233 meis,
2668 1170 2845 1238 neque
2872 1169 3201 1226 condemnes
3230 1174 3317 1224 me
3344 1172 3400 1226 in
3426 1170 3655 1228 inferio-

2072 1250 2224 1308 ribus
2247 1258 2427 1320 terrze,
2457 1258 2632 1327 neque
2658 1257 2713 1311 in
2742 1266 3005 1314 aeternum
3042 1259 3277 1330 imputes
3302 1261 3437 1316 inihi
3463 1256 3603 1315 maia
3636 1281 3650 1318 :

2066 1342 2328 1413 quoniam
2367 1354 2426 1401 tu
2451 1363 2511 1404 es
2538 1334 2683 1406 Deus
2716 1352 3088 1421 paenitentia}:
3118 1361 3174 1407 et
3211 1353 3266 1407 in
3301 1368 3390 1409 me
3424 1353 3655 1408 ostende

2073 1434 2375 1491 bonitatem
2410 1440 2558 1493 tuam
2594 1434 2888 1495 secundum
2934 1450 3186 1514 magnam
3226 1442 3656 1500 misericordiam

2070 1522 2221 1583 tuam
2248 1547 2261 1583 :
2292 1531 2421 1601 quia
2446 1536 2503 1586 tu
2540 1524 2752 1599 dixisti,
2798 1531 3027 1589 Domine
3057 1551 3071 1588 :
3102 1533 3260 1594 Nolo.
3284 1528 3505 1590 mortem
3539 1552 3661 1607 pec-

2068 1621 2286 1686 catoris,
2313 1621 2403 1674 sed
2431 1632 2762 1677 convertatur
2789 1632 2837 1677 et
2863 1625 2996 1678 vivat
3027 1623 3244 1696 (Ezech.
3274 1635 3391 1695 cap.
3426 1626 3655 1698 sntit);

2070 1713 2198 1784 quia
2236 1714 2393 1769 malis
2434 1716 2637 1771 nostris
2673 1715 2740 1771 ad
2778 1717 3229 1783 emendationem,
3281 1718 3450 1773 vitam
3482 1718 3657 1791 magis

2070 1805 2286 1878 largiris
2319 1806 2581 1877 quotidie,
2618 1816 2959 1864 monstrante
2992 1810 3150 1864 nobis
3191 1808 3496 1882 Scriptura,
3536 1823 3659 1879 quae

382 1903 597 1959 (limante
644 1903 762 1986 ipso
806 1901 1037 1958 Domino
1068 1921 1082 1956 :
1113 1900 1236 1957 Non
1281 1904 1413 1967 veni,
1455 1902 1558 1957 nisi
1591 1913 1803 1975 propter
1851 1918 1967 1957 oves
1995 1906 2043 1966 B
2072 1899 2138 1956 de
2167 1902 2367 1971 pietate
2404 1910 2494 1955 tua
2532 1896 2611 1956 ita
2642 1902 2810 1958 dicit:
2843 1898 3101 1976 Nunquid
3145 1903 3397 1958 irascitur
3430 1910 3522 1975 per
3547 1904 3681 1989 sin-~

379 1982 613 2067 perditas
665 1978 853 2049 donius
902 1994 1074 2049 Israel
1120 1992 1365 2066 (Matth.
1412 2008 1482 2049 xv
1506 1994 1547 2067 ).
1587 1995 1655 2049 Et
1691 2012 1704 2048 :
1739 1994 1863 2049 Non
1890 2005 1965 2050 est

382 2096 512 2158 opus
541 2087 687 2141 sanis
715 2086 969 2149 medicus,
995 2083 1084 2138 sed
1119 2084 1201 2138 his
1226 2085 1319 2155 qui
1338 2085 1482 2139 male
1514 2084 1704 2138 habent
1744 2076 1963 2157 (Matth.

380 2180 491 2249 ut).
537 2176 755 2232 Imitare
803 2176 953 2247 pium
990 2175 1311 2247 magistrum
1358 2176 1759 2248 apostolorum,
1806 2175 1965 2245 cujus

377 2267 531 2323 vices
564 2282 666 2338 per
694 2266 1002 2323 doctrinam
1033 2267 1149 2338 agis
1182 2267 1237 2322 in
1278 2269 1610 2323 monaSterio
1641 2283 1654 2321 :
1685 2270 1815 2339 quia
1846 2269 1966 2339 ipse

377 2367 503 2432 post
543 2360 837 2431 prophetas
874 2364 931 2415 et
961 2358 1236 2431 apdStolos
1268 2362 1450 2432 posuit
1490 2376 1585 2416 vos
1629 2370 1877 2431 pastores
1910 2370 1968 2418 et

379 2452 681 2522 disciplina:
702 2452 956 2509 doctores
987 2471 1003 2508 :
1036 2455 1165 2524 quia
1194 2464 1295 2524 per
1317 2455 1537 2510 beatum
1567 2454 1792 2511 Petrum
1830 2472 1963 2528 apo-

372 2542 576 2600 stolum
615 2544 1009 2601 demonSIr'avit
1031 2546 1184 2603 vobis
1207 2546 1395 2602 dicens
1427 2566 1439 2601 :
1470 2546 1586 2603 Non
1615 2549 1838 2618 septies,
1869 2550 1965 2604 sed

376 2637 687 2709 septuagies
731 2638 935 2707 septies
980 2638 1179 2693 debere
1226 2644 1511 2708 peccatum
1558 2640 1715 2694 fratri
1764 2639 1966 2694 dimitti

376 2728 603 2803 (Matth.
630 2730 807 2802 xvut).
826 2728 1056 2784 Subleva
1084 2744 1216 2801 ergo
1237 2729 1449 2785 aliisum
1476 2730 1700 2785 salutari
1720 2740 1812 2786 tuo
1837 2747 1967 2786 con-

377 2822 502 2878 silio
536 2841 549 2876 :
580 2821 740 2879 Solve
763 2823 1151 2879 intercessione
1180 2830 1269 2901 tua
1305 2826 1447 2894 apud
1476 2824 1790 2892 Dominum,
1823 2826 1967 2895 quod

374 2912 434 2969 in
461 2928 548 2969 me
570 2914 899 2986 negligentia
928 2915 1205 2987 obligavit.
1237 2915 1391 2982 Quod
1427 2917 1648 2988 peccavi
1692 2928 1962 2989 agnosco;

374 3007 520 3078 quad
567 3010 870 3077 emendem,
924 3004 1087 3065 credo
1129 3006 1255 3080 quia
1288 3024 1388 3080 per
1436 3020 1587 3065 tuam
1637 3012 1968 3066 mentionem

376 3098 613 3155 invenio.
643 3099 773 3156 Post
802 3100 944 3157 hanc
964 3106 1154 3157 Vocem
1188 3104 1531 3159 cessantibus
1562 3118 1592 3158 a
1618 3102 1840 3174 psalmis
1868 3118 1967 3175 per

375 3206 565 3249 onmes
602 3194 877 3250 orationes
904 3208 937 3249 a
978 3206 1072 3251 reo
1100 3193 1316 3264 iacente
1352 3192 1599 3263 effusam,
1642 3208 1767 3251 cum
1815 3204 1995 3253 com-.

2067 1993 2216 2066 gulos
2248 1993 2440 2048 dies.”
2460 1995 2561 2047 nisi
2587 1996 2965 2050 convertamini
2990 1993 3107 2067 (Ps.
3139 1995 3260 2069 vn).
3287 1995 3355 2050 Et
3380 1992 3660 2065 aposwlus

2069 2080 2194 2139 tuus
2218 2082 2418 2140 Paulus
2448 2082 2524 2139 ila
2562 2082 2697 2140 dicit
2740 2103 2753 2140 :
2806 2086 2887 2141 An
2923 2087 3088 2142 nescis
3119 2089 3244 2158 quia
3268 2086 3523 2159 patientia
3561 2086 3661 2142 Dei

2068 2179 2136 2232 ad
2169 2180 2530 2250 paenitentiam
2565 2189 2615 2232 te
2641 2178 2898 2234 adducit?
2921 2177 3093 2253 (Rom.
3122 2176 3210 2252 ti.)
3243 2172 3492 2235 Gladium
3537 2195 3660 2252 ergo

2068 2270 2221 2324 suum
2297 2268 2555 2324 Dominus
2630 2269 2891 2336 vibravit,
2957 2257 3142 2325 'arc'unt
3207 2280 3363 2325 suum
3438 2269 3663 2326 tetendit

2069 2370 2117 2415 et
2164 2361 2369 2431 paravit
2421 2360 2572 2415 illum
2615 2374 2634 2412 :
2674 2370 2721 2415 et
2770 2363 2827 2415 in
2874 2362 2985 2433 ipso
3035 2364 3243 2433 paravit
3284 2378 3407 2418 vasa
3446 2362 3653 2417 mortis.

2068 2450 2200 2518 Qure
2251 2467 2403 2517 vasa,
2436 2451 2686 2517 Domine,
2727 2453 3010 2518 timemus,
3069 2461 3124 2508 et
3156 2453 3286 2509 ideo
3338 2446 3663 2509 festinanter

2080 2542 2373 2597 emendare
2434 2541 2852 2612 promittimus:
2893 2551 2949 2597 et
2998 2543 3147 2613 quia
3184 2544 3431 2599 dieturus
3486 2554 3551 2600 es
3602 2545 3657 2599 in

2059 2631 2269 2702 judicio
2325 2636 2598 2705 peccaturi
2646 2654 2660 2689 :
2729 2635 2847 2692 haec
2901 2634 3079 2692 fecisti
3136 2647 3194 2692 et
3244 2638 3411 2693 tacui.
3478 2637 3661 2704 Quid?

2064 2741 2283 2797 semper
2341 2726 2575 2782 tacebo?
2629 2726 2761 2798 quia
2811 2734 3022 2783 Statues
3072 2727 3414 2799 iniquitatem
3462 2736 3651 2784 contra

2067 2821 2264 2876 faciem
2300 2829 2579 2887 nostram,
2616 2828 2681 2876 ut
2719 2831 3110 2893 cognoscentes
3148 2838 3272 2879 eam
3311 2824 3367 2878 in
3409 2824 3654 2880 restibus

2068 2912 2291 2976 nostris,
2317 2912 2462 2983 juste
2487 2926 2587 2967 nos
2612 2912 2715 2983 ipsi
2740 2928 2862 2967 eam
2890 2914 3231 2993 damnemus.
3255 2914 3337 2970 Tu
3357 2916 3527 2983 enim,
3552 2916 3661 2973 Do-

2068 3005 2251 3071 mine,
2282 3004 2610 3071 mortiiicas,
2641 3013 2695 3060 et
2721 3003 2991 3073 viviﬁcas,
3024 3016 3080 3061 tu
3111 3006 3333 3063 deducis
3359 3009 3427 3063 ad
3454 3008 3661 3066 inferos

2065 3106 2124 3154 et
2153 3098 2401 3164 reducis,
2432 3105 2492 3152 tu
2520 3098 2672 3154 levas
2698 3098 2917 3168 altisos,
2950 3108 3009 3155 tu
3046 3100 3212 3157 solvis
3248 3102 3305 3158 in
3337 3102 3479 3161 cteio
3510 3117 3661 3160 com-

2064 3192 2278 3263 peditos
2312 3191 2369 3246 in
2403 3199 2583 3259 terra,
2624 3200 2680 3248 tu
2714 3186 2782 3249 ad
2819 3192 3216 3250 emendandum
3250 3195 3439 3252 oculos
3476 3195 3662 3253 cordis

373 3286 579 3359 pictum
607 3287 774 3344 fuerit
798 3298 1049 3345 sanctum
1086 3287 1312 3345 oratorii
1342 3302 1497 3360 opus,
1530 3297 1583 3345 et
1627 3288 1721 3345 illo
1746 3304 1841 3346 reo
1870 3288 1965 3346 ad-
1990 3275 2035 3338 C
2064 3285 2246 3341 nostri
2281 3285 2558 3341 illuminas
2589 3288 2684 3341 tua
2714 3276 2894 3359 gratia
2916 3329 2930 3353 ,
2956 3286 3045 3343 vel
3073 3285 3343 3356 adiutorio
3368 3298 3463 3345 tuo
3480 3287 3661 3357 insto-

372 3380 482 3436 huc
526 3379 745 3450 jacente
804 3393 930 3441 ante
979 3385 1147 3448 limtsn
1200 3388 1421 3444 exeunti
1469 3388 1652 3445 abbati
1714 3388 1961 3443 omnium

373 3471 609 3528 fratrum
634 3478 984 3546 congregatio
1012 3462 1327 3534 humilietur
1356 3480 1408 3534 ei
1446 3494 1549 3549 pro
1571 3494 1637 3534 eo
1663 3462 1730 3533 ad
1760 3494 1958 3550 genua,

375 3565 540 3623 simul
559 3572 613 3621 et
639 3578 666 3607 ι
689 3568 960 3638 prtepositi
982 3570 1118 3639 ejus.
1156 3571 1309 3637 Quod
1346 3577 1471 3626 cum
1502 3570 1671 3625 fuerit
1702 3568 1964 3641 adimple-

374 3666 513 3725 tum,
558 3660 605 3715 si
630 3668 809 3742 tamen
838 3670 1064 3733 propter
1099 3663 1375 3718 levitatem
1407 3664 1576 3737 culpae
1597 3666 1788 3720 eadem
1826 3658 1962 3721 hora

372 3752 608 3807 voluerit
635 3751 804 3809 abbas
825 3753 998 3807 veniae
1025 3756 1361 3821 consentire,
1391 3742 1577 3810 statim
1602 3754 1739 3826 erigi
1775 3771 1902 3811 eum
1929 3771 1962 3811 a

372 3843 679 3914 praepositis
724 3844 838 3898 suis
868 3846 1190 3929 praecipiat,
1220 3855 1276 3901 et
1315 3856 1664 3916 reproperata
1695 3848 1745 3902 ei
1778 3848 1956 3919 culpa,

375 3938 498 3988 cuni
528 3928 615 3987 ili’e
652 3928 993 4004 responderit
1022 3951 1081 3991 se
1106 3937 1173 3992 de
1207 3946 1403 3993 caetero
1432 3939 1742 4005 emendare,
1775 3938 1959 3996 statim

376 4027 545 4081 abbas
602 4028 748 4082 dicat
797 4030 943 4083 omni
991 4031 1391 4101 congregationi
1429 4051 1440 4085 :
1483 4014 1692 4097 Venite,
1739 4030 1957 4098 fratres,

373 4118 708 4173 unanimiter
733 4134 856 4174 cum
891 4120 1148 4192 lacrymis
1168 4136 1268 4192 pro
1298 4123 1399 4177 hac
1424 4139 1526 4178 ove
1554 4124 1733 4195 gregis
1764 4124 1955 4191 vestri,

376 4212 497 4279 Quae
536 4217 819 4281 peccatum
865 4218 1021 4266 suum
1049 4226 1348 4283 agnoscens
1386 4212 1655 4283 promittit
1680 4220 1738 4268 se
1764 4201 1831 4267 de
1857 4229 1960 4269 ca:-

375 4308 495 4356 tero
528 4301 861 4375 emendare,
905 4311 1123 4359 orantes
1167 4303 1220 4358 iu
1260 4304 1497 4359 oratorio
1541 4304 1958 4361 reconciliemus

371 4409 501 4450 eum
541 4404 668 4450 ante
698 4395 1015 4462 Dominum,
1049 4412 1209 4466 quem
1245 4412 1343 4467 per
1376 4397 1798 4453 inobedientiam
1834 4398 1961 4452 irri-

375 4486 530 4543 tavit.
564 4486 631 4542 Εἰ
656 4500 781 4543 mox
813 4487 1089 4560 ingressus
1118 4489 1284 4545 abbas
1310 4500 1432 4545 cum
1465 4488 1725 4546 fratribus
1759 4490 1813 4544 in
1835 4505 1960 4545 ora-

375 4581 535 4646 torio,
574 4569 865 4653 antequam
893 4582 1053 4637 orent
1091 4591 1338 4638 tenentes
1372 4582 1423 4638 ei
1456 4586 1676 4638 manum
1706 4578 1959 4639 dextram

2067 3394 2191 3433 rum
2219 3378 2412 3449 dirigis
2440 3393 2657 3450 gressus
2676 3418 2690 3443 ,
2718 3376 2934 3435 dicente
2963 3377 3269 3449 Scriptura.
3303 3378 3331 3418 ά
3358 3380 3404 3431 Α
3429 3378 3658 3434 Domino

2064 3484 2274 3540 gressus
2303 3467 2530 3524 hominis
2559 3467 2819 3541 dirigetur
2848 3465 3049 3547 (Prov.
3080 3468 3206 3544 ιιι).
3239 3466 3309 3525 Et
3334 3469 3442 3525 nisi
3471 3476 3657 3527 busto-

2066 3561 2235 3616 dieris
2270 3576 2400 3625 nos,
2430 3568 2487 3615 et
2518 3572 2541 3600 ο
2569 3559 2927 3617 aediﬁcaberis
2964 3563 3183 3618 domum
3205 3603 3220 3629 ,
3249 3563 3306 3618 in
3340 3548 3541 3619 vanum
3576 3562 3659 3618 la-

2065 3652 2261 3709 borant
2295 3652 2386 3723 qui
2425 3652 2725 3717 aediﬁcant,
2756 3661 2813 3708 et
2847 3653 3155 3710 custodiunt
3181 3669 3321 3709 eam.
3352 3653 3491 3731 Quia
3515 3653 3656 3709 velle

2066 3744 2277 3813 adjace‘t
2296 3746 2452 3801 nobis
2469 3787 2484 3812 ,
2506 3744 2771 3829 perficere
2792 3750 2975 3800 autem
2986 3752 3148 3829 ⁸ιιιιιιῇ
3176 3754 3278 3801 est.
3298 3742 3409 3829 Eii,
3426 3756 3543 3829 non
3569 3756 3656 3804 est

2065 3840 2297 3896 volentis
2316 3880 2330 3905 ,
2372 3836 2546 3909 neque
2573 3820 2877 3904 currentis,
2908 3820 3004 3893 sed
3034 3823 3345 3895 miserantis
3378 3820 3495 3905 Dei.
3539 3836 3649 3894 Sed

2066 3934 2247 3988 tamen
2282 3931 2381 3987 das
2418 3931 2672 3986 ﬁduciam
2708 3931 2964 4001 sperandi
3001 3930 3069 3984 de
3103 3938 3156 3985 te
3182 3930 3409 3987 dicens:
3446 3930 3649 4000 Petito,

2065 4034 2114 4079 et
2146 4023 2446 4095 accipietis;
2476 4024 2715 4095 qumrite,
2762 4030 2812 4077 'et
2850 4018 3152 4089 invenietis}
3192 4012 3415 4093 pulsate,
3448 4032 3497 4078 et
3525 4036 3652 4095 ape-

2065 4118 2231 4170 rietur
2261 4116 2402 4171 vobis
2427 4130 2446 4168 .'
2477 4116 2601 4187 quia
2631 4116 2721 4188 qui
2752 4116 2909 4187 petit,
2942 4108 3131 4187 accipit
3155 4135 3174 4184 ;
3198 4117 3291 4188 qui
3318 4119 3539 4190 quwrit,
3567 4118 3651 4173 in-

2064 4211 2233 4275 venit,
2261 4220 2309 4264 et
2334 4209 2566 4280 pulsanti
2594 4209 2859 4280 aperietur
2888 4207 3115 4280 (Matth.
3142 4225 3219 4264 vn
3238 4209 3279 4280 ).
3307 4209 3377 4265 Et
3406 4212 3535 4281 quia
3566 4211 3650 4265 di-

2063 4303 2190 4359 xisti
2222 4320 2234 4357 :
2275 4302 2650 4357 Convertimini
2682 4302 2750 4356 ad
2788 4318 2897 4367 me,
2937 4311 2987 4355 et
3022 4318 3114 4372 ego
3154 4311 3430 4355 convertar
3462 4301 3534 4355 ad
3560 4316 3649 4357 vos
3750 4332 3755 4338 -

2065 4393 2269 4468 (Zach.
2298 4393 2378 4462 ι).
2418 4394 2526 4450 Et:
2569 4411 2689 4448 cum
2724 4393 3066 4457 clamaveris,
3115 4393 3287 4447 dicam
3316 4410 3334 4447 :
3380 4390 3519 4449 Ecce
3552 4395 3651 4449 ad-

2063 4502 2180 4543 sum
2218 4487 2236 4557 (
2265 4486 2337 4540 Is.
2366 4500 2493 4540 LVIII
2518 4484 2558 4556 ).
2589 4485 2656 4538 Et
2682 4486 2812 4539 item
2838 4483 2994 4552 quasi
3017 4484 3140 4553 pius
3165 4492 3221 4538 et
3250 4483 3565 4561 misericors
3591 4486 3647 4541 in

2065 4579 2275 4635 factura
2314 4586 2403 4633 tua
2436 4588 2603 4631 vocas
2631 4590 2731 4629 nos
2758 4576 2825 4630 ad
2852 4575 3082 4651 gratiam
3114 4585 3292 4644 tuam,
3333 4576 3462 4635 licet
3498 4572 3643 4635 indi-

372 4671 675 4742 lzevamque
721 4671 856 4729 foris
890 4673 1171 4743 Praepositi
1219 4674 1571 4729 introducant
1615 4688 1739 4729 eum
1772 4673 1828 4729 in
1858 4673 1962 4728 Ec-
1984 4647 2039 4709 D
2064 4687 2200 4745 gnos
2229 4685 2415 4726 servos
2442 4666 2566 4724 tuos
2591 4665 2778 4724 dicens
2807 4686 2820 4723 :
2856 4664 3038 4723 Venite
3070 4668 3139 4723 ad
3169 4686 3284 4736 me,
3314 4671 3403 4743 qui
3436 4669 3647 4726 labora-

374 4762 582 4827 clesia,
630 4763 875 4818 dicentes
921 4763 1081 4817 ambo
1131 4764 1275 4817 hunc
1320 4778 1537 4819 versum
1577 4764 1961 4836 :Conﬁtemini

375 4855 624 4923 Domino,
658 4855 686 4895 ιι
717 4855 965 4926 quoniam
1004 4848 1191 4921 bonum
1234 4858 1309 4909 cst
1355 4854 1472 4927 (Ps.
1516 4858 1703 4928 cxvu).
1737 4858 1805 4911 Et
1838 4856 1963 4911 sub-

373 4940 637 5021 sequatur
656 4958 857 5005 caetera
894 4930 1241 5019 congregatiq
1269 4967 1282 5002 ;
1318 4946 1583 5013 Quoniam
1615 4950 1672 5002 in
1708 4950 1962 5023 siccatum

372 5040 738 5096 misericordia
776 5041 892 5111 ejus
939 5038 1173 5113 (Ibid.).
1228 5039 1301 5095 Ut
1346 5055 1471 5094 cum
1508 5041 1783 5111 praepositi
1829 5040 1962 5097 foris

373 5127 657 5201 pcenitenti
683 5136 781 5200 per
807 5128 952 5183 hunc
973 5138 1191 5184 versum
1234 5126 1631 5185 confessionem
1679 5132 1954 5203 ingerunt,

376 5223 523 5280 intus
565 5224 633 5279 de
675 5223 917 5279 oratorio
954 5237 1054 5302 per
1092 5239 1155 5279 os
1205 5224 1647 5295 respondentium
1698 5202 1953 5305 fratr.um,

373 5329 501 5370 mox
553 5316 676 5385 pius
726 5314 870 5371 Deus
916 5312 1345 5370 misericordiam
1401 5314 1761 5386 repromittat.
1813 5318 1955 5389 Ergo

448 5462 474 5489 ο
501 5446 781 5518 Ργωροείιί
800 5448 936 5519 ejus.
953 5448 1158 5518 Nempe
1178 5450 1398 5505 decadis
1419 5466 1514 5506 seu
1533 5446 1776 5505 decaniaz
1795 5450 1953 5519 cujus

370 5528 456 5576 est
474 5521 588 5589 ipse
604 5519 776 5591 inter
788 5522 1308 5576 excommunicatus.
1328 5521 1504 5591 Supra
1520 5522 1755 5577 vidimus
1770 5522 1825 5575 in
1842 5524 1954 5576 sin-

369 5588 512 5666 gulis
528 5588 820 5666 deeadibus
833 5605 928 5645 seu
945 5591 1185 5666 decumis
1206 5592 1277 5666 ab
1297 5588 1681 5666 ipso—Magistro
1697 5592 1959 5648 constitui

286 5696 289 5705 ι
371 5661 508 5737 duos
523 5661 880 5737 pmpositos,
912 5661 1782 5737 qui‘aiiasdecaniapp'ellantur.

447 5677 880 5798 οεδτωιξοειιοε,
908 5677 1168 5741 gaianas
1199 5677 1387 5719 necant
1420 5677 1782 5746 appeuantur.

447 5734 473 5773 δ
561 5748 776 5787 uemam
799 5731 994 5788 bonum
1019 5743 1116 5789 est.
1160 5732 1243 5790 ita
1281 5734 1646 5804 Apollmarius
1690 5750 1747 5789 In
1792 5732 1963 5790 Meta-

372 5803 560 5875 pbrasi
586 5820 601 5858 :

797 5895 906 5977 lassi
927 5897 985 5954 τὸ
1011 5895 1065 5952 δὲ
1092 5897 1243 5982 καλὸν
1260 5898 1480 5969 ιτύχτη.

2061 4767 2129 4820 tis
2154 4774 2201 4819 et
2228 4764 2430 4818 onerati
2470 4762 2594 4817 estis
2613 4802 2629 4828 ,
2656 4770 2708 4816 et
2729 4779 2822 4832 ego
2862 4761 3096 4830 reﬁciam
3125 4779 3216 4817 vos
3246 4762 3267 4835 (
3290 4762 3484 4817 Matth.
3518 4754 3575 4818 ἂι
3598 4762 3639 4836 ).

2060 4855 2217 4913 Unde
2246 4865 2353 4912 non
2388 4853 2690 4926 despicias,
2721 4853 2977 4919 Domine,
3011 4869 3226 4908 servum
3263 4861 3414 4908 tuum
3435 4895 3449 4920 ,
3483 4870 3643 4909 suum

2062 4959 2443 5022 agnoscentem
2485 4958 2770 5020 peccatum
2800 4968 2813 5003 :
2866 4948 3005 5003 sicut
3044 4950 3110 5005 de
3146 4949 3348 5021 pietate
3382 4950 3472 5004 tua
3510 4966 3640 5021 pro-

2059 5044 2226 5099 mittit
2252 5042 2423 5097 reatui
2451 5051 2639 5096 nostro
2668 5040 2937 5111 Propheta
2963 5040 3147 5095 dicens
3180 5059 3192 5094 :
3224 5038 3330 5095 Cor
3361 5042 3640 5096 contritum

2060 5144 2108 5190 et
2138 5133 2472 5189 humiliatum
2501 5132 2644 5187 Deus
2670 5150 2773 5186 non
2799 5132 2992 5202 spernit
3026 5130 3141 5203 (Ps.
3170 5130 3416 5204 1.)..Quia
3445 5142 3640 5204 potens

2060 5239 2120 5282 es
2156 5225 2225 5279 de
2256 5224 2527 5295 lapidibus
2563 5222 2683 5279 istis
2722 5198 2988 5280 suscitare
3027 5198 3165 5279 tilias
3200 5198 3472 5293 Abrahae}
3510 5222 3637 5298 quia

2058 5320 2203 5391 quod
2261 5320 2315 5374 in
2367 5317 2523 5374 nobis
2571 5310 2878 5389 desperatio
2927 5316 3262 5387 impossibile
3313 5328 3498 5389 putat,
3544 5329 3636 5376 tua

2131 5469 2153 5497 ο
2198 5456 2320 5513 Nisi
2350 5455 2743 5512 convertamini.
2771 5453 2849 5509 lta
2883 5454 2935 5508 in
2964 5454 3230 5510 Psalterio
3256 5456 3522 5513 Romano.

2132 5527 2159 5567 ά
2199 5529 2240 5580 Α
2278 5528 2503 5582 Domino
2528 5540 2735 5596 gressus
2763 5525 2989 5579 hominis
3016 5527 3290 5595 dirigetur.
3320 5528 3483 5583 Prov.
3517 5544 3587 5584 xx
3613 5543 3627 5582 :

2062 5599 2372 5676 A_D_omino_
2392 5599 2696 5676 diriguntur
2725 5612 2929 5676 gressus
2959 5598 3075 5651 viri.
3110 5598 3177 5653 Et
3204 5614 3293 5653 XVI
3321 5617 3333 5653 :
3367 5596 3471 5654 Sed
3522 5599 3635 5654 Do-

2062 5672 2189 5725 mini
2218 5681 2290 5724 est
2319 5669 2546 5738 dirigere
2573 5682 2780 5738 gressus
2809 5669 2943 5738 ejus,
3480 5722 3509 5729 μ

2137 5754 2159 5781 ο
2190 5736 2586 5809 λιιῑάὶβεαῦενίεζ
2613 5736 2717 5791 Pro
2739 5736 3114 5806 wdiﬁcaveris;
3142 5740 3169 5795 b
3194 5757 3293 5811 pro
3315 5758 3361 5807 v,
3390 5748 3451 5797 ut
3474 5750 3634 5799 antea

2056 5820 2305 5869 notatum
2333 5819 2432 5868 εει.

3518 410 3760 478 1006,
