4088 6330
528 371 664 426 1007

1524 361 1578 415 8.
1618 357 1978 414 BENEDICTI
2015 353 2306 410 ABBATIS
2342 351 2752 408 ANIANENSIS

3646 350 3786 406 1008

523 481 701 556 gratia
732 474 992 550 possibile
1025 471 1250 529 indicat.
1289 470 1417 526 Post
1454 471 1596 524 hanc
1629 482 1820 525 vocem
1857 483 1979 522 cum
2017 466 2097 520 la-
2126 468 2180 529 Α
2203 473 2286 521 est
2314 465 2492 531 enim,
2524 471 2584 518 ut
2612 463 2668 518 in
2697 461 2777 518 eis
2818 458 3107 531 impleatur
3145 458 3303 524 illud,
3346 461 3493 530 quod
3533 461 3602 517 de
3644 461 3789 518 indi-

525 575 732 648 crymis
769 569 1045 641 impletam
1083 567 1263 621 statim
1303 579 1423 618 eum
1462 577 1628 616 manu
1663 576 1762 616 sua
1797 559 1964 615 abbas
1994 559 2102 612 eri-

530 677 656 742 gat,
688 666 879 720 dicens
904 661 996 717 ei:
1032 659 1197 724 Vide,
1229 655 1419 721 frater,
1447 656 1561 725 jam
1595 654 1664 710 de
1691 661 1914 716 caetero,
1948 652 2100 714 vide,

522 775 594 816 ne
630 769 826 828 pecces
849 794 866 821 ,
903 759 960 808 et
997 747 1289 806 secundam
1319 759 1344 787 α
1377 760 1508 818 agas
1539 743 1608 799 de
1638 743 1744 799 hac
1776 744 1886 797 vita
1925 743 2102 812 poeni-

525 851 757 907 teutiam
786 857 1062 904 exercere.
1095 841 1226 908 Quae
1271 854 1394 893 cum
1441 836 1680 893 secundo
1709 834 1872 889 fuerit
1900 843 2017 888 acta
2052 835 2104 888 in

525 941 912 998 haereticorum
956 934 1158 990 incidet
1200 939 1426 987 sectam.
1467 928 1663 984 Statim
1706 927 1848 982 hunc
1885 941 2104 980 versum

525 1031 802 1102 quondam
843 1040 970 1082 reus
1006 1025 1290 1094 imponat:
1342 1022 1368 1060 δ
1398 1019 1592 1073 Erravi
1625 1019 1762 1072 sicut
1801 1019 1943 1081 ovis,
1988 1032 2104 1086 qua:

526 1127 789 1195 perierat;
841 1133 864 1161 ο
919 1118 1158 1188 recollige
1187 1131 1395 1172 servum
1443 1126 1634 1179 tuum,
1688 1113 1916 1168 Domine
1967 1108 2101 1181 (Ps.

527 1233 694 1272 cxvni
719 1213 761 1286 ).
799 1209 1274 1281 Respondentibus
1309 1221 1492 1261 secum
1531 1204 1760 1260 cunctis.
1794 1203 1923 1257 Post
1961 1202 2108 1257 hunc

528 1322 747 1362 versum
792 1303 1001 1360 vocatis
1044 1301 1162 1370 ejus
1213 1298 1550 1370 praepositis,
1580 1297 1992 1368 reconsignetur
2039 1295 2107 1348 ab

526 1399 724 1453 abbate
746 1394 828 1450 eis
853 1394 909 1448 in
934 1407 1098 1448 manu
1123 1392 1310 1446 dicens
1337 1407 1349 1443 :
1378 1387 1623 1456 Recipite
1646 1401 1803 1442 ovem
1830 1392 2071 1440 vestram
2089 1423 2107 1452 ,

525 1490 854 1559 reintegrate
899 1499 1225 1547 numerum,
1262 1481 1532 1537 restituite
1581 1494 1822 1535 mensae:
1861 1488 2108 1533 mortuus

524 1579 670 1634 enim
708 1577 923 1642 fuerat,
959 1583 1015 1630 et
1051 1573 1288 1638 revixit;
1319 1572 1589 1642 perierat,
1618 1579 1675 1626 et
1715 1571 1966 1625 inventus
2003 1579 2106 1624 est.

529 1669 735 1725 Eadem
790 1681 1028 1738 namque
1078 1666 1164 1721 die
1213 1664 1540 1719 humilitatis
1590 1672 1855 1734 reparalte
1910 1663 2109 1718 indicio

535 1763 561 1802 δ
596 1776 795 1832 aquam
836 1760 1089 1814 manibus
1130 1757 1364 1812 fratrum
1406 1757 1732 1811 intrantibus
1765 1757 1831 1811 ad
1861 1772 2107 1810 comnm-

532 1855 753 1910 nionem
789 1853 906 1923 ipse
941 1851 1218 1907 ministret
1249 1869 1260 1904 :
1293 1859 1349 1905 et
1383 1866 1507 1905 eum
1545 1851 1672 1915 dat,
1702 1850 1974 1907 osculetur
2000 1851 2113 1920 pri-
2139 1833 2188 1891 Β

501 1967 506 1972 ·
534 1960 626 2000 mo
654 1943 867 1998 abbatis
886 1984 901 2009 ,
930 1943 1124 1998 deinde
1155 1941 1492 2014 singulorum
1531 1941 1762 1996 fratrum
1797 1956 1990 1996 manus
2015 1957 2027 1995 :
2057 1950 2113 1996 et

531 2044 684 2108 petat
717 2034 988 2107 singulos,
1027 2048 1150 2088 cum
1188 2034 1467 2089 ministrat
1503 2033 1654 2103 ipse,
1685 2046 1786 2102 pro
1821 2047 1880 2088 se
1915 2033 2113 2087 debere

524 2147 707 2190 orare.
759 2131 863 2198 Qui
906 2138 964 2185 et
1007 2126 1154 2201 ipse,
1205 2143 1332 2184 mox
1382 2137 1442 2182 ut
1487 2128 1764 2199 ingressus
1811 2127 2111 2181 oratorium

530 2224 728 2291 fuerit,
761 2237 953 2279 omnes
981 2221 1132 2277 clara
1158 2234 1292 2276 voce
1323 2219 1675 2275 readmoneat
1701 2234 1800 2288 pro
1827 2234 1886 2274 se
1917 2217 2112 2273 debere

535 2329 699 2370 orare
729 2332 743 2368 :
774 2321 829 2368 et
854 2313 933 2368 sic
960 2312 1152 2367 exiens
1175 2326 1301 2366 cum
1327 2309 1590 2364 fratribus
1614 2317 1932 2364 consuetam
1961 2322 2114 2362 acce-

530 2406 624 2460 dat
651 2404 720 2459 ad
750 2417 1014 2458 mensam.

591 2516 620 2588 §
649 2516 782 2571 VIII.
809 2547 880 2556 —
901 2517 980 2570 Ex
1012 2516 1234 2571 REGULA
1263 2531 1450 2571 SANCTI
1481 2515 1717 2572 stanu
1763 2517 1898 2588 (cap.
1928 2515 2041 2586 24).

550 2647 566 2711 ε
607 2640 630 2666 ε
661 2628 916 2695 Quamvis
942 2642 1050 2682 non
1094 2625 1267 2680 solum
1311 2626 1569 2698 cogitari,
1613 2628 1709 2682 sed
1751 2627 1970 2682 omnino
2010 2641 2111 2682 nec

535 2719 683 2774 credi
724 2718 949 2782 debeat,
974 2718 1137 2786 .quod
1181 2717 1354 2772 sancti
1393 2715 1594 2773 fratres
1638 2717 1787 2772 duris
1818 2733 1875 2772 se
1903 2733 2112 2773 sermo-

531 2807 692 2862 nibus
718 2805 805 2861 vel
830 2805 1092 2861 conviciis
1116 2806 1401 2860 mordeant
1430 2823 1442 2859 :
1481 2813 1660 2861 tamen
1689 2808 1735 2862 si
1763 2807 1902 2861 forte
1921 2848 1936 2872 ,
1964 2816 2025 2861 ut
2053 2823 2112 2862 se

526 2898 689 2953 habet
715 2897 951 2952 humana
980 2895 1280 2967 fragilitas,
1309 2896 1363 2950 in
1410 2904 1619 2951 tantum
1661 2896 1814 2952 nefas
1857 2897 2017 2967 aliqui
2045 2897 2110 2951 de

531 2988 790 3044 fratribus
837 2988 956 3042 ausi
1008 2987 1207 3042 fuerint
1260 2987 1476 3043 diabolo
1526 2987 1816 3058 instigante
1863 3004 2111 3058 prorum-

529 3094 695 3152 pere,
725 3088 787 3134 ut
816 3079 1017 3134 furtum
1048 3077 1286 3145 faciant,
1317 3087 1410 3133 aut
1437 3079 1492 3133 in
1520 3095 1578 3134 se
1607 3079 1836 3134 invicem
1863 3080 2109 3135 convicia

2205 560 2505 628 sciplinatis
2531 557 2659 612 ﬁliis
2690 555 2709 595 ί
2736 572 2834 627 per
2860 554 3206 610 Salomonem
3233 555 3370 610 dixit
3392 555 3630 626 Spiritus
3656 573 3787 615 san-

2206 660 2324 706 ctus
2353 667 2367 704 :
2412 650 2516 716 Qui
2557 648 2726 718 diligit
2768 647 2938 716 ﬁlium
2973 663 3161 712 suum,
3196 647 3431 701 assiduat
3461 647 3542 700 illi
3572 648 3790 718 ﬂagella

2206 743 2392 813 (Eccl.
2421 741 2540 814 ιιι).
2585 741 2654 795 Ει
2696 741 2893 795 iterum
2926 758 2939 794 :
2987 738 3066 792 Tu
3107 739 3252 810 virga
3287 756 3406 794 eum
3440 740 3631 805 cadis,
3663 742 3786 796 ani-

2206 850 2346 888 mam
2390 834 2506 904 ejus
2549 833 2614 886 de
2651 831 2856 900 inferno
2885 829 3132 884 liberabis
3164 829 3360 903 (Prov.
3387 829 3581 904 xxm).
3615 830 3794 887 Disci-

2205 928 2410 998 plinam
2440 936 2623 982 tamen
2654 927 2827 998 ipsam
2863 928 2888 966 8
2919 927 2973 980 in
3015 926 3310 996 praesentia
3351 928 3790 999 congregationis

2209 1017 2507 1086 accipiant,
2530 1017 2827 1072 secundum
2855 1015 2984 1072 illud
3003 1015 3247 1086 Apostoli
3275 1035 3288 1070 :
3319 1018 3348 1058 h
3371 1015 3659 1073 Peccantes
3690 1036 3784 1074 co-

2209 1123 2326 1162 ram
2359 1107 2600 1162 omnibus
2630 1108 2966 1178 corrigantur
2993 1106 3012 1178 (
3036 1107 3064 1160 1
3093 1107 3228 1162 Tim.
3255 1123 3289 1163 ν
3310 1105 3351 1174 ).

2494 1221 2521 1292 ς
2549 1220 2641 1274 IX.
2668 1251 2738 1261 ——
2761 1219 2895 1274 Item
2921 1220 3152 1291 ejusdem
3183 1219 3338 1294 (cap.
3369 1221 3438 1277 52
3457 1222 3497 1291 ),

2288 1339 2303 1379 ί
2343 1336 2399 1392 Si
2431 1337 2553 1408 quis
2583 1353 2712 1392 vero
2734 1352 2833 1407 pro
2857 1352 3179 1409 quacunque
3202 1352 3262 1392 re
3287 1340 3793 1398 excommunicatus

2210 1427 2406 1494 fuerit,
2449 1435 2691 1482 remotus
2731 1429 2799 1482 ab
2839 1429 2986 1482 omni
3026 1430 3480 1500 congregatione,
3533 1431 3589 1484 in
3637 1431 3790 1497 loco,

2212 1537 2320 1592 quo
2351 1521 2520 1576 abbas
2546 1519 2809 1588 jusserit,
2846 1519 2860 1570 i
2901 1536 3026 1576 cum
3065 1537 3175 1578 uno
3210 1521 3278 1576 de
3316 1523 3655 1592 spiritalibus
3684 1525 3796 1580 fra-

2211 1611 2386 1666 tribus
2424 1611 2679 1666 resideat.
2727 1607 2784 1664 Si
2854 1620 3072 1676 autem,
3111 1619 3172 1664 ut
3213 1609 3330 1666 fieri
3391 1611 3558 1678 solet,
3602 1614 3795 1668 stimu-

2211 1701 2359 1754 lante
2387 1700 2601 1754 diabolo
2628 1699 2860 1753 invicem
2905 1714 2964 1754 se
3007 1700 3276 1767 laeserint,
3308 1700 3534 1756 invicem
3566 1703 3669 1758 sibi
3699 1720 3792 1759 ve-

2215 1791 2364 1846 niam
2393 1798 2578 1861 petere
2619 1797 2674 1844 et
2702 1789 2949 1843 relaxare
2978 1788 3253 1844 debebunt
3283 1790 3309 1830 ι
3337 1801 3561 1861 prapter
3590 1794 3796 1848 oratio-

2213 1896 2344 1946 nes,
2380 1895 2516 1950 quas
2557 1879 2778 1948 utique,
2814 1887 3018 1948 quanto
3063 1880 3398 1946 crebriores,
3431 1889 3584 1935 tanto
3615 1884 3796 1952 purio-

2212 1989 2302 2030 res
2329 1975 2532 2028 habere
2563 1973 2778 2028 debent.
2825 1971 2979 2039 Quod
3021 1972 3064 2026 si
3105 1972 3225 2038 ille,
3259 1973 3345 2026 cui
3373 1973 3529 2028 venia
3571 1976 3793 2044 petitur.

2213 2066 2493 2135 indulgere
2534 2065 2688 2120 fratri
2730 2079 2830 2120 suo
2875 2064 3148 2130 noluerit,
3192 2067 3572 2121 communione
3614 2084 3794 2122 remo-

2210 2170 2402 2216 veatur
2439 2168 2495 2214 et
2531 2159 2718 2214 timeat
2760 2157 2922 2222 illud,
2968 2157 3095 2227 quia
3138 2157 3185 2211 si
3236 2172 3344 2212 non
3387 2158 3625 2225 dimisit,
3679 2177 3787 2216 non

2211 2251 2518 2306 dimittetur
2544 2250 2615 2305 ei.
2652 2247 2671 2287 1
2704 2247 2808 2316 Qui
2836 2257 3018 2302 autem
3043 2262 3320 2317 nunquam
3348 2248 3462 2303 vult
3489 2258 3678 2320 petere
3705 2267 3794 2306 ve-

2212 2343 2388 2405 niam,
2423 2350 2516 2396 aut
2545 2357 2652 2396 non
2683 2356 2750 2396 ex
2791 2340 2971 2394 animo
3009 2340 3183 2410 petit,
3219 2348 3315 2394 aut
3354 2355 3385 2395 a
3431 2356 3539 2410 quo
3564 2343 3791 2411 petitur,

2219 2435 2264 2490 si
2296 2450 2404 2489 non
2433 2433 2691 2498 dimittit,
2726 2432 2842 2488 sine
2869 2446 3031 2486 causa
3063 2431 3118 2484 in
3147 2432 3477 2487 monasterio
3505 2447 3627 2487 esse
3651 2433 3794 2488 vide-

2220 2537 2327 2584 tur.
2360 2527 2597 2582 Proinde
2622 2526 2778 2580 vobis
2804 2539 2836 2579 a
2854 2524 3038 2579 verbis
3066 2523 3379 2579 durioribus
3408 2525 3615 2594 parcite
3637 2540 3650 2578 :
3675 2541 3794 2594 quae

2213 2621 2258 2676 si
2293 2620 2495 2675 emissa
2530 2618 2734 2673 fuerint
2761 2633 2829 2672 ex
2860 2633 2956 2671 ore
2987 2624 3199 2682 vestro,
3231 2632 3339 2672 non
3368 2618 3553 2689 pigeat
3577 2634 3641 2673 ex
3670 2620 3790 2690 ipso

2211 2726 2307 2766 ore
2333 2708 2579 2781 proferre
2603 2708 3000 2764 medicamenta
3019 2747 3034 2772 ,
3065 2707 3208 2761 unde
3231 2705 3375 2760 facta
3399 2716 3527 2762 sunt
3548 2708 3787 2764 vulnera.

2515 2801 2543 2874 ς
2582 2800 2648 2856 Χ.
2671 2799 2898 2854 —Item
2937 2800 3171 2870 ejusdem
3211 2800 3350 2871 (cap.
3387 2800 3492 2873 15).

2283 2907 2326 2935 m
2365 2893 2423 2950 Si
2465 2895 2587 2964 quis
2637 2902 2826 2950 contra
2873 2893 3093 2963 Regulae
3146 2892 3486 2962 disciplinam
3547 2895 3788 2951 inventus

2214 2989 2379 3044 fuerit
2423 2987 2626 3058 aliquid
2669 3002 2736 3041 ex
2783 2985 2867 3040 liis
2914 3001 3034 3054 quze
3085 2985 3373 3038 interdicta
3421 2993 3546 3039 sunt
3592 2985 3785 3052 facere,

2213 3080 2368 3150 quasi
2398 3086 2711 3142 contumax,
2741 3085 2835 3130 aut
2861 3075 3243 3145 praevaricator
3274 3075 3655 3130 mandatorum
3682 3093 3786 3131 non

533 3174 782 3240 mittant,
819 3172 1025 3244 justum
1051 3179 1138 3228 est
1170 3180 1232 3225 ut
1260 3171 1556 3242 legitimam
1585 3171 1926 3241 disciplinam
1967 3173 2111 3226 aeci-
2138 3191 2182 3254 ρ
2214 3173 2348 3228 levis
2380 3171 2550 3242 culpae
2592 3185 2718 3224 reus
2745 3169 2971 3223 effectus
3014 3168 3316 3236 suspicione
3349 3179 3375 3205 ιι
3402 3169 3555 3239 pravi
3585 3169 3790 3224 consilii

527 3265 715 3336 piant,
744 3278 777 3319 a
805 3263 1000 3334 quibus
1029 3262 1232 3334 regula:
1282 3262 1534 3317 instituta
1558 3261 1846 3316 violantur.
1876 3261 2110 3318 Necesse
2217 3277 2406 3318 carere
2445 3277 2554 3316 non
2588 3259 2808 3330 poterit.
2858 3258 2960 3326 Qui
3011 3259 3316 3312 nullatenus
3362 3273 3483 3313 cum
3532 3258 3790 3314 fratribus

603 3430 630 3458 ιι
670 3417 830 3542 ﬁgas.
862 3415 1039 3488 Lege,
1069 3415 1309 3487 cogaris,
1339 3421 1402 3469 ut
1429 3413 1487 3468 in
1515 3413 1720 3486 Regula
1749 3431 1851 3470 ms.

603 3486 632 3528 ι)
726 3487 863 3542 rravi
900 3489 1034 3541 sicut
1071 3489 1213 3542 ovis.
1251 3502 1369 3542 aute
1407 3487 1652 3542 perierat.
1695 3486 1772 3540 ita
1806 3487 1851 3540 in

600 3486 632 3528 ι)
671 3484 863 3542 Ενι-αυὶ
900 3484 1034 3558 εἰέκ]
1071 3484 1213 3551 ovis,
1251 3502 1371 3558 qute
1406 3484 1652 3555 perierat.
1695 3486 1857 3558 ltarin
1885 3484 2107 3558 Regula

527 3574 630 3614 ms.
657 3529 970 3640 ,ulfsaiterio
997 3529 1331 3612 Roman’ovet
1358 3529 1833 3612 inrcommentario
1876 3556 1933 3610 S.
1978 3529 2107 3611 flie:

528 3643 762 3684 i'onvmt.

601 3642 942 3770 2Υιῐὲιέοιιὶςιε.
985 3696 1299 3770 Ιηίνιιίιεεηει
1338 3695 1609 3770 editione,
1639 3712 1835 3770 qurere.
1871 3695 1930 3750 ln
1959 3696 2112 3770 Psal-

525 3770 664 3824 terio
691 3767 934 3824 Romano
966 3778 1022 3824 et
1051 3769 1106 3822 in
1133 3767 1340 3823 Cbmm.
1375 3767 1432 3821 S.
1466 3767 1813 3837 Hieronymi,
1847 3769 2070 3837 require.

597 3840 625 3878 ἀ
660 3838 1147 3910 Αιιιιαηιηηιαηὶὺιιδ
1189 3839 1448 3908 fratrum,
1494 3849 1598 3893 etc.
1636 3837 1768 3910 AMos
1820 3837 1922 3891 fuit
1960 3839 2111 3910 anti-

523 3925 667 3980 quus
697 3908 1154 3980 Christianorum,
1206 3918 1264 3960 ut
1292 3915 1423 3980 ante
1452 3908 1811 3980 suniptionem
1856 3909 2110 3962 euchari-

528 3978 646 4034 stia:
679 3993 870 4032 manus
902 3979 1081 4049 lavare
1109 4018 1122 4042 ,
1152 3985 1215 4049 ut
1249 3979 1438 4049 videre
1477 3987 1560 4033 est
1596 3979 1671 4049 in_
1692 3978 1880 4032 eadem
1923 3980 2110 4049 regula

525 4049 769 4118 Magistri
812 4063 935 4117 cap.
961 4047 1032 4102 89
1055 4065 1120 4118 ac
1150 4047 1353 4118 Eodem
1393 4049 1481 4102 die
1521 4064 1622 4118 pro
1659 4047 2110 4104 buniilitatis'in-

525 4116 668 4173 dicio
699 4116 895 4186 aquam
928 4116 1176 4170 manibus
1206 4116 1435 4172 fratrum
1465 4116 1536 4172 ad
1563 4119 1999 4173 communionem
2029 4121 2112 4174 in-

526 4188 797 4268 trantibus
840 4186 958 4268 ipse
1002 4187 1442 4268 ministreninEt
1487 4204 1607 4258 cap.
1657 4187 1812 4242 19;‹
1844 4189 1926 4268 {id
1959 4205 2108 4268 com:

523 4259 835 4312 munionem
863 4257 1478 4329 intrantibusfratribus
1504 4257 1700 4329 aquam
1727 4261 1976 4314 manibus
2007 4261 2109 4329 ipsi

527 4329 858 4392 ministrent,
896 4348 915 4380 ι
957 4343 1153 4396 nempe
1203 4327 1640 4383 Hebdomadarii.
1676 4328 1734 4382 S.
1786 4327 2111 4386 Anastasius

525 4399 735 4454 Sinaita
774 4414 1022 4454 sermone
1052 4400 1117 4453 de
1148 4415 1302 4471 sacra
1335 4398 1569 4471 Synaxi,
1603 4399 1695 4471 ubi
1727 4401 1934 4471 agitgde
1964 4417 2108 4471 prie-

522 4472 805 4538 paratione
847 4471 916 4524 ad
963 4470 1324 4538 sumptionem
1366 4469 1708 4524 eucharistite
1745 4489 1756 4524 :
1803 4469 1926 4524 Non
1965 4469 2106 4526 enim

2213 3417 2494 3481 versione,
2522 3422 2792 3486 peccantes
2819 3427 2998 3467 coram
3024 3409 3266 3486 omnibus
3293 3425 3466 3481 argue.
3498 3408 3602 3463 Sed
3633 3408 3788 3464 locus

2214 3491 2416 3544 citatur
2441 3481 2834 3546 ex'memoria,
2867 3499 2975 3536 non
3005 3497 3072 3536 ex
3103 3481 3313 3536 codice.

2293 3562 2308 3599 ί
2347 3558 2407 3612 Si
2435 3573 2551 3610 vero
2578 3572 2672 3625 pro
2698 3568 3007 3625 quacunque
3032 3569 3127 3625 ire,
3169 3561 3277 3607 etc.
3321 3550 3447 3607 Hice
3484 3551 3669 3607 videre
3707 3559 3788 3606 est

2216 3631 2271 3685 in
2301 3627 2505 3698 Regula
2536 3621 2594 3680 S.
2626 3621 2846 3698 (ζεύξω-ἰῇ
2876 3621 3005 3698 cap.
3029 3621 3117 3677 52.

2289 3700 2301 3750 i
2343 3692 2475 3751 Cum
2501 3713 2606 3766 uno
2629 3695 2693 3749 de
2717 3693 3380 3766 spiritualibusjratribus.
3407 3692 3511 3766 Qui
3539 3693 3678 3766 illius
3687 3708 3789 3766 pu-

2216 3786 2330 3826 ram
2363 3775 2535 3840 gerat.
2558 3765 2628 3840 Δ8.
2661 3762 2991 3840 Fructuosus
3023 3765 3458 3840 episcopuscap.
3490 3765 3558 3840 lt}
3587 3782 3650 3840 :_¢
3682 3762 3788 3840 Sub

2214 3834 2749 3920 senioi'is‘spirital'ios
2790 3852 2954 3901 cura,
2999 3834 3670 3920 segregata“iuncorticula
3703 3836 3791 3914 de:

2216 3927 2367 3982 gens.
2390 3928 2417 3982 _t_
2451 3899 2866 3982 S.'Aurelia_nus
2905 3899 3025 3975 cap.
3062 3899 3186 3982 Ἰ55ξ
3215 3923 3232 3953 ι
3261 3904 3400 3958 Nulli
3442 3905 3606 3959 liceat
3645 3904 3787 3982 loqui

2213 3975 2338 4038 cum
2366 3980 2457 4034 illo
2499 3979 2589 4048 qui
2633 3977 2795 4032 fuerit
2845 3977 3370 4038 excommunicatus,
3402 3985 3600 4044 praeter
3644 3975 3787 4028 illum

2213 4068 2382 4123 qucm_
2404 4047 2624 4105 sanetus
2652 4049 2820 4123 abbas
2851 4047 3128 4123 custodem
3157 4048 3383 4100 dederit.
3417 4066 3436 4123 ε

2287 4123 2313 4160 ιί
2346 4121 2570 4190 Propter
2597 4121 2878 4173 orationes.
2915 4117 3297 4190 Qum_im_pur:e
3327 4117 3456 4190 sunt
3482 4133 3605 4190 cum
3638 4116 3787 4171 fratri

2216 4187 2470 4262 iniuriam
2505 4205 2609 4262 non
2647 4191 2991 4262 dimittimus.
3031 4187 3098 4262 Fit
3136 4188 3258 4262 ideo
3300 4189 3447 4262 sine‘
3471 4187 3685 4251 fructu,
3735 4197 3790 4240 ut

2215 4257 2369 4317 docet
2399 4261 2762 4316 Tertullianus
2791 4261 2928 4314 libro
2953 4261 3019 4313 de
3043 4257 3300 4312 Oratione
3327 4277 3340 4311 :
3369 4278 3386 4309 ι
3412 4257 3585 4326 Quam
3609 4266 3785 4312 autem

2214 4333 2563 4389 temerarium
2593 4340 2678 4387 est
2707 4339 2800 4384 aut
2827 4331 2969 4386 diem
3001 4329 3118 4384 sine
3158 4329 3403 4384 oratione
3446 4329 3748 4399 transigere
3770 4369 3784 4392 ,

2213 4403 2342 4458 dum
2373 4419 2556 4458 cessas
2585 4401 2742 4455 fratri
2772 4401 3118 4462 satisfacere,
3151 4409 3245 4454 aut
3271 4401 3574 4454 orationem
3606 4415 3787 4468 perse-

2213 4484 2436 4528 verante
2465 4472 2741 4527 iracundia
2780 4471 3019 4542 perdere
3041 4491 3057 4522 i
3087 4469 3304 4542 Quaem
3330 4471 3564 4524 fructum
3598 4485 3790 4524 conse-

522 4542 576 4592 in
612 4539 707 4594 Dei
736 4539 972 4612 Ecclesia
1011 4549 1057 4593 et
1095 4540 1598 4612 sanctasgimagiues
1619 4579 1633 4604 ,
1680 4541 2107 4612 venerandasque
2133 4540 2184 4600 D
2211 4554 2464 4612 quantur,
2497 4543 2607 4597 Deo
2634 4543 2750 4597 sine
2774 4539 2982 4596 veneno
3010 4541 3300 4595 iracundia:
3325 4541 3614 4612 offerenda:
3640 4549 3785 4604 sunt,

524 4625 704 4662 cruces
742 4608 1362 4684 salutaresuﬁicit,_o}idé
1401 4608 1474 4684 τῷ
1518 4610 1668 4665 ὕδατι
1712 4611 1968 4666 ἐκπλύνειν
2007 4608 2103 4672 ἑὰς

521 4688 718 4801 Βίεῐρας
749 4686 896 4734 τοῦτο
940 4682 1201 4755 κάθαρσις,
1238 4680 1291 4733 id
1333 4680 1456 4742 cst,‘
1480 4699 1497 4730 ι
1541 4695 1713 4749 neque
1744 4697 1881 4748 aqua
1912 4697 2105 4735 manus

545 4763 708 4801 avare
732 4749 1035 4801 purificatio
1063 4759 1162 4801 est.
1190 4772 1206 4800 ι
1236 4749 1292 4801 S.
1325 4751 1627 4801 Dorotheus
1657 4765 1820 4801 serm.
1853 4750 1884 4801 9
1919 4768 1931 4801 :
1966 4769 1984 4800 ‹
2016 4755 2105 4801 Καὶ

545 4749 708 4818 avare
732 4749 1035 4818 purificatio
1063 4749 1162 4801 est.
1190 4772 1206 4800 ι
1236 4749 1292 4802 S.
1325 4751 1627 4804 Dorotheus
1657 4765 1820 4804 serm.
1853 4750 1884 4804 9
1919 4768 1931 4802 :
1966 4769 1984 4800 ‹
2016 4755 2105 4806 καὶ

523 4821 594 4880 ὡς
633 4815 763 4874 riora
807 4819 954 4894 «debv
996 4821 1234 4874 νίπτονται
1274 4822 1380 4894 τᾲς.
1409 4829 1615 4894 χεῖρας·
1657 4822 1740 4873 ἵνα
1785 4822 1977 4894 εἰσέλθῃ
2020 4826 2103 4876 καὶ

524 4895 826 4959 κοινωνήσῃ,
855 4890 907 4942 id
933 4897 1033 4952 est,
1065 4906 1082 4937 ι
1113 4897 1168 4942 et
1193 4899 1252 4942 ut
1277 4882 1559 4944 vidit’éu'm
1583 4891 1852 4943 lavantem
1886 4882 2099 4958 manus,

521 4969 582 5032 ut
607 4961 1006 5032 ingrediaturet
1030 4961 1412 5032 communicet.
1437 4979 1456 5012 ι
1486 4960 1794 5028 Quaalautio
1811 4962 2102 5032 aliquando

523 5030 582 5085 in
610 5029 728 5101 ipsa
757 5030 988 5086 ecclesia
1020 5029 1214 5101 fiebat,
1247 5029 1536 5101 aliquando
1566 5040 1744 5086 extra.

600 5098 907 5176 {ngmvis
950 5117 1053 5154 non
1097 5098 1265 5176 solu_m
1287 5140 1324 5176 ,__
1351 5100 1732 5176 etc.__Habetur
1758 5103 1947 5158 eodem
1975 5120 2096 5176 cap.

518 5169 611 5237 ει,
644 5171 697 5224 in
728 5169 934 5237 Regula
963 5186 1164 5226 excusa
1194 5169 1252 5224 S.
1285 5171 1530 5226 C(BStlrii.

600 5240 618 5278 ί
661 5237 767 5294 Per
802 5237 1174 5312 Salomonem;
1211 5242 1304 5312 qui
1342 5242 1515 5312 diligit
1557 5243 1727 5312 filium
1772 5261 1947 5299 suum.
2000 5245 2100 5302 Hic

518 5308 672 5385 locus
701 5308 1288 5385 tion_est_Sa10iiioiiis,
1318 5313 1413 5385 sed
1442 5308 1568 5385 Jesu
1599 5313 1806 5385 Syrach
1833 5317 1887 5368 in
1914 5316 2100 5372 Eccle-

518 5379 762 5435 siastico.
797 5377 904 5435 Sed
933 5379 1124 5435 Patres
1153 5382 1426 5436 interdum
1453 5377 1684 5438 citantés
1726 5400 1791 5436 ex
1835 5388 2094 5441 memoria

519 5451 825 5505 attribuunt
858 5447 1136 5504 Salomoni
1167 5467 1230 5505 ea
1263 5469 1382 5520 quae
1412 5460 1538 5506 sunt
1566 5453 1622 5506 in
1654 5453 2058 5510 Ecclesiastico.

596 5524 620 5561 ⁸
653 5521 722 5591 In
758 5520 1034 5591 praesentia
1068 5523 1510 5591 congregationis.
1543 5521 1717 5575 Aliter
1745 5526 2097 5580 constituitur

519 5591 576 5645 in
601 5590 724 5664 add.
760 5589 776 5644 i
806 5589 1036 5664 capitul.
1066 5589 1205 5664 Ludi1
1237 5589 1398 5660 imp.,
1435 5593 1514 5645 tit.
1547 5593 1656 5664 247:
1688 5610 1704 5641 ι
1741 5593 1808 5647 Ut
1838 5596 1962 5648 nudi
1996 5611 2095 5664 pro

517 5659 760 5780 guallibet
786 5660 943 5729 culpa
968 5674 1154 5716 coram
1180 5659 1410 5715 fratrum
1439 5663 1751 5730 aspectibus
1778 5679 1884 5718 non
1916 5659 2094 5735 flagel-

539 5744 604 5780 en
634 5743 714 5780 ur.
737 5746 756 5776 ι

539 5737 714 5781 entur.
737 5746 756 5776 Ι

588 5798 615 5834 h
648 5796 927 5851 Peccantes
954 5813 1128 5852 coram
1152 5801 1386 5855 omnibus
1412 5803 1758 5871 corrigantur.
1786 5805 1841 5859 lu
1867 5805 2092 5878 Vulgata

2211 4611 2272 4668 ut
2315 4616 2472 4670 docet
2502 4614 2558 4667 S.
2602 4612 2832 4667 Basilius
2873 4613 2928 4666 in
2955 4611 3429 4666 Adnionitionibus
3459 4629 3471 4665 :
3508 4629 3526 4661 ι
3559 4611 3616 4664 ln
3651 4621 3786 4666 tein—

2208 4699 2342 4755 pore
2370 4685 2632 4740 orationis
2659 4698 2898 4755 omnem
2920 4681 3180 4755 malitiam
3210 4682 3391 4755 cordis
3436 4683 3643 4755 projice
3689 4682 3786 4736 abs

2211 4752 2297 4819 ie,
2340 4766 2396 4810 et
2438 4756 2686 4818 remitte,
2726 4755 2769 4808 si
2813 4754 2941 4823 quid
2982 4753 3146 4806 habes
3187 4752 3448 4806 adversus
3477 4754 3785 4821 proximum

2209 4833 2380 4880 tuum.
2411 4825 2507 4880 Est
2534 4827 2764 4894 denique
2788 4824 3054 4894 quoddam
3081 4839 3248 4893 genus
3275 4824 3568 4892 serpentis,
3597 4823 3782 4892 (quod)

2207 4912 2330 4952 cum
2361 4895 2588 4967 emperit
2631 4897 2711 4950 ire
2761 4895 2828 4948 ad
2879 4894 3172 4967 bibendum
3205 4908 3435 4963 aquam,
3483 4903 3782 4967 antequam

2206 4968 2387 5023 veniat
2413 4963 2481 5022 ad
2512 4966 2715 5021 fontem
2745 4964 2948 5020 evomit
2973 4979 3136 5018 omne
3168 4978 3449 5017 venenum.
3481 4963 3706 5018 Imitare
3731 4971 3786 5019 et

2205 5044 2262 5090 tu
2294 5039 2438 5092 hunc
2466 5046 2770 5106 serpentem
2791 5075 2806 5099 ,
2833 5043 2889 5106 et
2913 5033 3130 5106 remitte
3146 5048 3425 5106 conservo
3448 5043 3538 5086 tuo
3556 5043 3782 5106 centum

2204 5108 2490 5173 denarios,
2523 5103 2582 5160 υἱ
2612 5107 2706 5162 tibi
2740 5105 3000 5160 Dominus
3030 5103 3267 5158 dimittat
3295 5103 3465 5157 millia
3499 5104 3724 5158 talenta.
3758 5123 3776 5155 ι

2278 5176 2441 5244 ιοραί
2485 5187 2658 5231 autem
2707 5173 3120 5245 nunquantvult
3166 5185 3336 5245 petere
3387 5175 3623 5238 veniam,
3675 5183 3778 5228 etc.

2203 5247 2261 5302 S.
2286 5243 2544 5312 Isidorus,
2584 5265 2701 5318 cap.
2728 5247 2794 5300 l6
2824 5243 3076 5318 Regula:
3115 5262 3132 5294 ι
3168 5243 3273 5318 Qui
3301 5253 3480 5318 autem
3502 5259 3616 5318 non
3647 5246 3781 5313 petit

2202 5318 2448 5389 (veniam)
2496 5327 2590 5389 aut
2634 5314 2742 5372 non
2775 5333 2840 5372 ex
2882 5315 3064 5389 animo
3094 5315 3288 5389 poscit,
3341 5315 3394 5367 in
3432 5314 3778 5389 collationem

2198 5384 2462 5512 geducltus
2489 5387 2648 5456 juxta
2676 5400 2958 5444 excessum
2985 5384 3194 5452 injuria:
3221 5401 3471 5456 congruu‘
3501 5385 3778 5438 subiaceat

2237 5474 2368 5512 ISCID
2391 5475 2512 5512 inte.
2546 5479 2565 5511 ι

2237 5474 2512 5515 ιεοιοιιηω.
2546 5479 2565 5511 ι

2591 5535 2694 5583 etc.
2737 5527 2852 5599 Hoc
2871 5537 3038 5599 caput
3064 5520 3237 5597 nerine
3264 5527 3319 5581 in
3345 5527 3570 5599 Regula,
3602 5513 3774 5596 neque

2197 5599 2252 5670 in
2291 5597 2732 5670 recapitulatione
2772 5597 3074 5670 S._C:esarii
3107 5599 3393 5670 reperitur.
3431 5597 3619 5666 Itaque
3647 5604 3774 5666 puto

2195 5669 2339 5725 illius
2377 5667 2591 5740 titulum
2623 5667 2987 5740 essefalsum,
3029 5678 3084 5740 et
3114 5667 3333 5740 pro_illo
3362 5668 3505 5722 hunc
3539 5681 3663 5740 esse
3691 5680 3769 5720 re-

2194 5739 2502 5820 pOIlefldUIll
2529 5756 2540 5790 :
2570 5738 2871 5820 Exﬂegula
2889 5737 3176 5820 cujusdam
3200 5737 3400 5820 Patris,
3431 5753 3554 5820 cap.
3588 5737 3674 5792 15.

2268 5820 2294 5847 ιι
2336 5808 2498 5862 Pravi
2523 5809 2746 5863 consilii.
2789 5809 2845 5863 ld
2873 5808 2978 5876 est,
3004 5824 3185 5880 pravae
3206 5809 3518 5864 voluntatis.
