4088 6330
419 421 558 481 1009

1299 412 1685 472 CONCORDIA
1722 413 2180 470 REGULARUM.
2221 445 2291 456 -—
2329 416 2480 472 CAP.
2513 417 2768 498 XXXIII._

3539 420 3670 479 iUIO

417 549 579 592 orare
606 533 988 605 permittatur:
1015 529 1118 584 nisi
1148 530 1298 598 prius
1333 545 1429 598 pro
1464 530 1620 600 culpa
1651 545 1747 584 sua
1778 530 1990 599 publica
2017 547 2070 606 Α
2095 547 2210 584 nem
2235 531 2298 583 de
2337 547 2424 584 ore
2463 541 2628 586 vestro
2652 531 2788 605 (Col.
2822 533 2924 602 in).
2953 533 3224 605 Interrogo
3257 553 3406 608 ergo,
3443 540 3664 607 fratres,

418 625 745 685 satisfecerit
776 622 1127 693 poenitentia:
1159 630 1253 674 aut
1285 631 1454 687 certe,
1486 621 1530 676 si
1561 620 1836 690 publicare
1858 637 1990 678 con--

418 717 736 789 tempserit,
788 715 1007 785 dignam
1041 729 1152 772 sua:
1191 714 1652 786 praevaricationis
1696 715 1992 769 vindictam

417 809 699 878 suscipiat.

489 899 516 970 §
556 897 815 952 XL—Ex
851 897 1072 952 Rasum
1109 912 1296 952 SANCTI
1334 895 1603 954 annsou
1642 899 1780 970 (cap.
1807 900 1920 971 25).

489 989 901 1060 Turpiloquium
931 1005 1115 1045 amore
1149 989 1422 1058 pudicitia:
1449 990 1518 1045 sit
1545 993 1809 1046 monacho
1839 1001 1996 1060 turpe

417 1081 661 1154 proferre
704 1082 925 1136 vitando
970 1081 1133 1135 verba
1184 1080 1410 1134 luxuriae
1460 1097 1602 1149 quae,
1655 1090 1714 1134 ut
1758 1089 1994 1136 mentem

418 1173 681 1236 excitant,
720 1172 794 1226 ita
830 1186 1024 1239 corpus
1065 1168 1420 1224 inflammant.
1466 1170 1558 1224 Ait
1593 1170 1737 1224 enim
1763 1171 1996 1238 Aposto-

419 1264 540 1319 lus:
584 1263 836 1333 Deponite
861 1275 886 1302 α
910 1260 1166 1315 malitiam
1197 1260 1528 1331 blasphemia:
1558 1270 1764 1331 turpem
1789 1276 1993 1315 sermo-

489 1409 514 1436 ι
557 1394 819 1448 Malitiam
863 1393 1214 1464 blasphemiae.
1275 1392 1343 1464 In
1379 1391 1626 1464 versioue
1689 1391 1994 1458 communi,

419 1466 697 1554 malitiam,
735 1459 1129 1536 blasphemiam,
1168 1471 1229 1518 ut
1269 1463 1326 1517 in
1365 1470 1510 1517 textu
1541 1459 1730 1516 Graeco
1755 1479 1768 1516 :
1796 1465 1969 1518 κακίαν

431 1540 479 1588 -ιῖ
666 1543 672 1550 ’
740 1575 754 1589 .

416 1540 941 1687 ρῗσῖῗέλῗῖατὶοηὶε.
992 1603 1276 1659 Damnatio
1311 1603 1416 1658 hoc
1444 1601 1565 1658 loco
1594 1610 1678 1657 est
1703 1617 1878 1672 pinna:
1924 1604 1996 1660 ir-

419 1687 647 1746 rogatio.

1929 1825 2062 1832 η’...-

1666 1924 2002 2003 CAPUT
2073 1919 2439 1999 XXXIII.

2099 622 2229 691 quid
2269 622 2356 677 ille
2401 624 2579 678 minus
2617 622 2749 678 facit
2793 625 3074 690 adulterio,
3119 627 3270 696 cujus
3308 629 3674 684 communicat

2097 714 2280 784 lingua
2307 717 2564 785 peccato?
2597 716 2727 784 quid
2751 714 2959 769 luxuria
2988 716 3166 770 minus
3193 717 3457 784 exercuit,
3490 719 3582 788 qui
3613 734 3676 774 os
3742 767 3746 772 .

2101 813 2313 860 castum
2356 804 2625 859 sermonis
2659 805 3004 874 corruptione
3040 803 3296 860 ftedavit?
3332 807 3402 862 Et
3436 817 3497 862 ut
3535 809 3677 865 hanc

2101 895 2417 964 spurcitiam
2447 896 2658 950 cunctis
2691 896 2852 950 etiam
2893 911 3088 951 cavere
3117 905 3292 952 metus
3316 897 3344 938 ι)
3368 897 3672 954 damnatio-

2101 987 2188 1041 nis
2213 998 2234 1026 ο
2261 986 2522 1056 imponat,
2548 987 2835 1042 statuimus
2861 988 3018 1058 hujus
3041 988 3210 1057 culpa:
3247 1005 3399 1043 reum
3430 1005 3673 1045 commu—

2101 1077 2322 1131 nionem
2359 1077 2697 1132 Dominicam
2734 1077 2762 1117 ἀ
2785 1078 2870 1135 vel
2895 1078 3138 1135 osculum
3163 1079 3392 1135 fratrum
3425 1097 3520 1137 sex
3547 1082 3677 1138 anni

2100 1169 2381 1226 mensibus
2409 1185 2517 1225 non
2545 1171 2766 1228 habere.

2173 1402 2195 1464 c_
2237 1391 2514 1464 [_mponat.
2541 1391 2599 1447 Id
2624 1401 2730 1464 est,
2765 1400 2938 1464 cogat.

2173 1461 2200 1500 ἀ
2233 1461 2342 1536 _Vel
2372 1463 2607 1516 osculum
2635 1461 2882 1531 fratrum.
2909 1462 3164 1536 lntclligtt
3210 1465 3453 1520 osculum
3503 1466 3674 1534 pacis,

2103 1533 2436 1606 quod_datur
2463 1543 2590 1606 ante
2611 1549 2839 1606 sacram
2868 1533 3416 1606 comnrurtionem,de
3441 1533 3548 1606 quo
3594 1537 3678 1592 in-

2104 1605 2208 1658 t'ra.
2242 1603 2515 1659 Particula
2543 1603 2619 1658 vel
2647 1605 2752 1660 hoc
2779 1604 2899 1661 loco
2930 1605 3163 1662 sumitur
3189 1603 3510 1678 c0pulative.

1029 2083 1116 2138 DE
1151 2080 1264 2139 HIS
1303 2080 1423 2150 QUI
1460 2079 2182 2150 EXCOMMUNICANTUR,
2223 2081 2560 2150 QUOMODO
2599 2083 3123 2142 SATISFACIANT.

653 2265 680 2337 §
713 2263 756 2318 l.
779 2295 851 2305 —
875 2264 954 2318 Ex
982 2262 1204 2319 Recuu
1244 2279 1432 2318 SANCTI
1463 2262 1777 2318 Bassareu.

495 2370 522 2398 ι
561 2357 664 2424 Qui
692 2357 722 2398 δ
753 2372 852 2429 pro
900 2355 1238 2428 gravioribus
1285 2354 1457 2425 culpis
1494 2353 1563 2409 ab
1597 2356 1839 2412 oratorio
1877 2367 1932 2413 et
1970 2375 2001 2413 a

495 2507 522 2536 ι
564 2493 668 2560 Qui
687 2511 781 2564 pro
805 2493 1129 2563 gravioribus
1154 2491 1343 2561 culpis,
1374 2499 1478 2564 etc.
1515 2491 1628 2547 Hoc
1659 2500 1821 2564 caput
1846 2491 2002 2564 vulgo

422 2565 600 2620 locum
626 2561 1097 2635 quadragesimum
1141 2571 1392 2635 quartum
1429 2562 1656 2635 obtinet.
1693 2561 2001 2635 Gitatnrin

425 2632 658 2690 decreto
679 2632 858 2688 lvonis
897 2652 949 2705 p.
980 2634 1061 2692 M.
1098 2649 1218 2702 cap.
1245 2633 1334 2697 75,
1377 2642 1431 2687 et
1471 2633 1524 2687 in
1549 2633 1787 2705 concilio
1808 2632 2003 2686 Duzia-

426 2707 572 2761 eensi
603 2722 664 2768 ιι,
696 2721 812 2774 cap.
841 2706 871 2758 7
900 2701 913 2757 Ξ
948 2724 965 2754 ι
1002 2705 1067 2758 Et
1093 2701 1227 2758 alios
1255 2713 1364 2758 tres
1388 2719 1559 2759 annos
1588 2701 1891 2774 secundum
1914 2718 2006 2756 ca-

347 2791 350 2793 λ
425 2777 652 2847 pituhun
685 2773 945 2846 49’[Lege
971 2774 1064 2847 44]
1099 2775 1315 2846 Regulae
1353 2775 1630 2830 sororibus
1658 2775 1716 2830 in
1756 2773 2004 2828 oratione

427 2847 810 2910 communicet,
840 2857 943 2900 etc.

499 2918 528 2957 δ
570 2917 676 2987 Pro
697 2918 1019 2987 gravioribus
1038 2916 1224 2987 culpis.
1258 2917 1334 2969 Ita
1365 2916 1420 2970 in
1450 2917 1568 2987 cod.
1601 2933 1732 2972 mss.
1767 2918 1823 2973 S.
1847 2919 2002 2984 Ebr.,

501 2933 528 2957 ι)
570 2933 676 2970 rro
697 2933 1019 2987 gravionous
1038 2933 1224 3039 culpis.
1261 2933 1334 2969 ua
1365 2933 1420 2970 in
1450 2933 1568 2970 cou.
1601 2933 1732 2972 mss.
1767 2933 1823 2973 8.
1849 2933 2002 2984 ιον..

431 2986 759 3043 Sun-Germ.
791 3003 919 3058 ma.,
946 2988 1085 3057 apud
1163 3002 1366 3058 urrecr.
1399 2997 1454 3041 et
1483 2985 1728 3058 Smarag.
1779 2989 1834 3042 S.
1861 2989 2006 3044 Dun-

430 3069 617 3114 stanus
656 3058 820 3128 legit:
847 3056 953 3128 Pro
979 3056 1122 3125 gravi
1146 3056 1354 3128 culpa;
1383 3058 1548 3113 editio
1573 3056 1912 3116 Ccldniensis
1947 3070 2005 3116 et

429 3130 674 3199 qu;ed_am
703 3125 842 3191 alia},
873 3125 981 3180 Pro
1007 3127 1236 3199 graviori
1253 3125 1436 3197 culpa.

502 3212 524 3236 "-
570 3197 1017 3270 Percelebratuf:
1052 3198 1126 3251 Ita
1168 3199 1219 3252 in
1256 3198 1544 3270 mschod.
1675 3198 1824 3270 Far.,
1862 3201 2005 3270 apud

431 3270 788 3338 Smaragdum
813 3278 866 3323 et
912 3268 968 3322 S.
995 3269 1352 3324 Dunstanum.
1383 3268 1572 3337 Vulgo,
1606 3268 1930 3325 Celebratur.

499 3341 525 3380 ιι
569 3341 698 3392 Ante
739 3341 874 3408 fores
919 3339 1147 3392 ecclesia:
1187 3349 1478 3409 prostratus
1512 3339 1709 3408 jaceat.
1765 3341 1864 3396 Hic
1903 3341 2008 3396 fuit

431 3411 842 3482 antiquusmos
867 3409 1318 3482 Christianorum,
1349 3419 1407 3482 ut
1432 3411 1755 3482 ptenitentes
1788 3425 1888 3482 pro
1925 3411 2006 3466 fo-

433 3482 583 3535 ribus
607 3479 850 3548 ecclesize
879 3480 930 3531 in
962 3479 1104 3532 luctu
1133 3480 1461 3548 poenitentiae
1479 3479 1748 3547 jacerent,
1777 3479 1871 3534 seu
1899 3492 2007 3535 sta-

435 3555 555 3603 rent
584 3562 682 3615 pro
712 3547 924 3600 diverso
965 3547 1312 3601 ecclesiarum
1343 3565 1463 3601 usu.
1497 3549 1863 3604 Tertullianus
1906 3550 1999 3604 lib.

433 3619 514 3689 de
538 3616 799 3689 Pudicitia
841 3634 852 3668 :
885 3634 904 3665 ι
935 3617 1014 3689 Ad
1043 3617 1325 3689 Dominum
1356 3619 1498 3689 enim
1542 3619 1790 3682 remissa,
1833 3631 1888 3673 et
1931 3621 2006 3674 illi
2036 3628 2079 3689 (ζ

431 3687 626 3742 exinde
650 3694 936 3757 prostrata,
968 3686 1067 3739 hoc
1095 3688 1209 3756 ipso
1235 3688 1405 3756 magis
1430 3689 1744 3756 operahitur
1770 3689 2004 3757 veniam,

433 3757 576 3827 quod
607 3772 724 3810 eam
769 3773 798 3810 a
829 3756 941 3810 solo
972 3757 1079 3827 lico
1107 3767 1318 3822 exorat;
1359 3759 1503 3826 quod
1541 3759 1736 3813 delicto
1777 3775 1873 3813 suo
1911 3756 2008 3815 ltu-

435 3824 650 3881 manam
687 3841 873 3896 pacem
909 3824 1150 3882 sufficere
1190 3842 1296 3882 non
1337 3824 1534 3893 credit;
1579 3833 1722 3897 quod
1750 3829 2008 3886 Ecclesiaa

435 3897 638 3951 mavult
687 3898 1006 3951 erubescere
1055 3913 1216 3965 quam
1281 3900 1682 3953 communicare
1735 3919 1746 3954 :
1799 3902 2009 3956 assistit

433 3968 576 4020 enim
605 3983 700 4039 pro
728 3968 934 4022 foribus
967 3965 1082 4032 ejus
1111 3986 1123 4020 :
1152 3977 1206 4021 et
1231 3969 1464 4039 dernotze
1489 3985 1600 4024 sute
1625 3971 1870 4039 exemplo
1899 3987 2005 4027 cre-

436 4045 580 4108 teros
612 4037 882 4101 admonet,
914 4045 968 4091 et
998 4039 1262 4108 lacrymas
1298 4038 1524 4092 fratrum
1557 4040 1658 4095 sibi
1696 4037 1939 4096 advocat.
1979 4063 2000 4095 ι

435 4105 491 4160 8.
521 4106 813 4178 Gregorius
861 4105 1331 4178 licocmsariensis,
1378 4110 1536 4177 epist.
1588 4112 1867 4176 canonica,
1918 4128 2008 4168 ca-

435 4191 574 4249 none
603 4179 790 4230 ultimo
819 4195 830 4229 2
863 4177 1042 4232 Fletus
1076 4195 1165 4232 seu
1201 4178 1370 4231 luctus
1395 4189 1469 4232 est
1491 4189 1637 4233 extra
1658 4191 1859 4249 portam
1887 4199 2009 4235 ora-

433 4247 573 4325 {orir}
613 4249 724 4302 ἔνθα
755 4249 960 4325 rogat-{ai
981 4250 1066 4302 τὸν
1099 4249 1450 4325 ἁμαρῖᾴνοντα
1478 4257 1587 4325 χρὴ
1615 4247 1714 4304 τῶν
1745 4257 2007 4310 εἰσίοντων

433 4316 626 4374 δεῖσθαι
657 4316 876 4390 πιστῶν,
911 4320 962 4372 id
989 4330 1089 4381 est,
1132 4316 1168 4390 ἰ
1203 4316 1294 4390 "ubi
1323 4316 1534 4390 oporte't'
1557 4329 1786 4375 stantem
1816 4338 2007 4390 pecca-

436 4396 605 4441 torem
637 4403 829 4457 rogare
857 4388 1121 4460 intrantes
1148 4388 1405 4444 fideles.)
1442 4389 1608 4444 Erant
1638 4388 2005 4460 autem—quin-

433 4474 538 4528 que
565 4459 762 4526 gradus
794 4459 1191 4526 pmnitentium,
1222 4468 1281 4513 ut
1318 4461 1431 4528 ipse
1469 4461 1539 4516 ibi
1576 4468 1745 4514 notat.
1791 4459 2008 4517 Primus

433 4527 698 4601 flentium,
725 4529 815 4595 qui
844 4528 1178 4601 proforihus
1204 4527 1445 4601 ecclesiae
1483 4533 1720 4596 stabant,
1752 4547 1846 4586 seu
1888 4548 2008 4601 pro-

433 4599 607 4670 strati
637 4604 810 4660 erant,
845 4607 902 4650 ut
929 4599 1182 4653 diximus.
1216 4599 1496 4655 Secundus
1527 4599 2006 4670 audientium—qui

433 4666 727 4745 audiebant
753 4683 934 4745 sacras
959 4669 1287 4745 scripturas,
1325 4671 1487 4745 ἔηδοθι
1511 4673 1674 4745 πύλης
1704 4675 1753 4727 ἐν
1778 4666 2002 4745 νάρρηὶεί,

434 4737 607 4812 iuquit
643 4738 784 4812 idem
811 4736 1126 4812 Gregorius,
1161 4741 1212 4794 id
1241 4749 1344 4802 est,
1374 4741 1513 4795 intra
1533 4743 1758 4812 januam
1789 4736 1850 4796 in'
1872 4736 2007 4796 Nar-

433 4807 618 4880 there;
661 4807 820 4880 vulgo
854 4809 1074 4878 ferulam
1116 4807 1563 4880 interpretantur,
1593 4827 1699 4866 non
1733 4813 1805 4867 ita
1837 4821 2000 4867 recte.

432 4879 633 4954 N‘épani
649 4877 822 4954 _locus
856 4877 938 4932 est
972 4880 1186 4932 intimus
1211 4877 1622 4954 beirproiundus,
1657 4883 1832 4954 dictus
1860 4888 2004 4954 παρὰ

429 4945 592 5020 νόρόιν
625 4945 752 5005 εἶναι
782 4957 876 5005 τοῦ
905 4958 1044 5010 ναοῦ,
1080 4951 1222 5017 quod
1251 4945 1322 5004 sil
1351 4950 1488 5004 infra
1524 4952 1799 5021 templum,
1830 4945 2006 5021 inquit

433 5029 624 5073 auctor
667 5021 870 5091 _veteris
919 5021 1288 5090 Etymologici.
1346 5021 1562 5076 Tertius
1608 5032 2004 5091 prostratorum

431 5103 524 5141 seu
600 5088 996 5163 substratorum
1018 5130 1032 5154 ,
1113 5088 1490 5163 ὐτὲοτιῖᾷπτρντες
1561 5088 1822 5162 Gregorio
1872 5093 2008 5163 Nys-

431 5174 562 5212 seno
603 5159 764 5227 epist.
801 5160 1083 5224 canonica,
1126 5171 1179 5215 et
1225 5161 1542 5216 dicebantur
1582 5159 1876 5227 uirorrrasiv,
1911 5159 2006 5218 seu

429 5230 740 5284 ὑποπίπτιιν
769 5229 900 5284 locis
947 5230 1127 5285 citatis
1155 5239 1207 5284 et
1241 5232 1489 5297 citandis,
1518 5233 1570 5286 id
1603 5241 1684 5285 est
1709 5234 2001 5287 substerni.

431 5297 808 5368 Moschopulus
847 5301 903 5353 in
941 5301 1152 5355 schedis
1182 5307 1489 5368 ὑποπεσεῖν,
1519 5305 1759 5359 ὑποκάτω
1802 5312 2000 5366 πεσεῖν,

429 5368 460 5427 ἦ
487 5371 816 5445 daora-lgna
851 5371 903 5425 id
933 5379 1034 5432 est,
1062 5371 1200 5424 infra
1237 5372 1466 5442 aliquem
1493 5372 1701 5445 cadere,
1732 5375 1813 5426 vel
1836 5373 2003 5445 alicui

430 5439 857 5511 subjici.'Locus
889 5456 1076 5495 eorum
1113 5450 1228 5496 erat
1257 5439 1378 5511 post
1412 5444 1696 5497 ambonem
1739 5443 2002 5509 ecclesiae,

429 5508 482 5561 id
523 5519 607 5582 est
634 5521 964 5582 suggestum,
996 5520 1057 5564 ut
1091 5508 1334 5567 scribunt
1361 5512 1675 5568 Theodorus
1717 5508 2003 5569 Balsamon

427 5587 476 5631 et
524 5579 782 5654 Zonaras,
845 5597 982 5652 quos
1036 5591 1215 5654 tamen
1265 5584 1478 5638 stetisse
1518 5583 1705 5638 volunt
1737 5600 1840 5638 non
1881 5601 2008 5654 pro-

427 5650 635 5725 sterni._
668 5650 902 5725 Quartus
921 5653 1349 5719 consistentium,
1399 5653 1457 5708 8.
1486 5655 1686 5708 Basilio
1732 5650 1896 5725 epist:
1938 5657 2005 5710 ad

427 5717 857 5796 Amphilochium
905 5728 1206 5786 συστάντες.
1246 5725 1284 5778 li
1337 5717 1464 5780 sunt
1507 5726 1736 5795 quibus,
1766 5717 2008 5796 'expleto

428 5788 810 5846 substrationis
861 5802 1121 5863 tempore,
1164 5796 1363 5850 licebat
1389 5788 1548 5851 orare
1579 5811 1704 5851 cum
1723 5788 2002 5862 fidelibus,

429 5873 536 5915 non
559 5870 744 5918 tamen
779 5863 1160 5921 eucharistiam
1201 5881 1447 5934 sumere;
1473 5881 1575 5924 nec
1593 5867 1817 5924 exibant
1836 5867 2004 5924 eccle-

2032 2271 2082 2330 B
2109 2283 2295 2324 mensa
2349 2265 2874 2330 excommunicatur,
2926 2264 3081 2331 hora,
3133 2279 3240 2335 qua
3291 2280 3428 2337 opus
3471 2267 3568 2323 Dei
3625 2271 3683 2324 in

2106 2359 2345 2414 oratorio
2367 2368 2388 2397 °
2405 2355 2830 2428 percelebratur,
2846 2355 2873 2395 ά
2893 2364 3016 2412 ante
3031 2354 3178 2414 fores
3201 2358 3426 2414 oratorii
3443 2370 3684 2430 prostra-

2107 2491 2188 2545 sia
2226 2505 2348 2544 cum
2385 2489 2805 2544 catechumenis.
2849 2487 3144 2544 Audientes
3175 2505 3304 2546 vero
3345 2500 3402 2546 et
3427 2491 3684 2548 substrati

2106 2577 2210 2614 una
2244 2575 2365 2614 cum
2397 2559 2803 2630 catechumenis
2843 2560 3281 2628 egrediebantur,
3330 2561 3527 2630 quibus
3575 2580 3682 2618 non

2107 2640 2226 2686 erat
2261 2628 2755 2700 integrumdivinis
2792 2628 3053 2700 interesse
3082 2628 3371 2700 mysteriis,
3405 2642 3464 2686 ut
3493 2635 3685 2688 scribit

2109 2700 2166 2755 8.
2192 2697 2487 2770 Gregorius
2511 2697 2964 2770 Neocaesariensis
2993 2697 3200 2755 canone
3226 2702 3408 2755 citato.
3453 2703 3687 2769 Quintus

2107 2787 2291 2826 eorum
2316 2769 2525 2843 :quihus
2568 2777 2689 2837 post
2737 2769 3032 2843 injunctum
3058 2773 3404 2843 consistendi
3451 2775 3684 2843 spatium

2107 2841 2492 2896 eucharistiam
2558 2855 2771 2893 sumere
2819 2840 3235 2905 concedebatur,
3286 2843 3378 2910 qui
3425 2840 3530 2898 non
3576 2854 3684 2898 tam

2107 2913 2435 2981 paenitenth
2499 2925 2660 2978 quam
2727 2911 2959 2981 restituti
3027 2913 3381 2966 sacramentis
3429 2913 3688 2970 Ecclesia:

2108 2980 2303 3056 erant._
2343 2980 3011 3056 Pmniteiites_aliqtiaiido
3059 2997 3246 3056 omnes
3305 2984 3439 3056 istos
3488 2986 3688 3056 gradus

2109 3052 2498 3138 ascendebant,
2534 3058 2591 3138 ut
2612 3051 2802 3132 .viderc
2830 3059 2912 3105 est
2930 3051 3181 3138 apud}.
3205 3051 3684 3138 Basiliurufepist.

2107 3123 2258 3195 2.7ad
2285 3121 2746 3195 Amphilochium,
2773 3120 3016 3195 can._56,
3047 3122 3115 3174 57
3141 3131 3198 3177 et
3221 3140 3334 3193 seq.
3358 3141 3370 3176 :
3397 3120 3688 3195 aliquando

2109 3194 2350 3257 minime,
2387 3193 2480 3246 sed
2519 3194 2842 3257 quihusdam
2886 3192 3152 3246 duntaxat
3189 3192 3432 3251 ascensis
3472 3192 3687 3250 reniam

2108 3265 2477 3318 merebantur.
2523 3263 2657 3317 Nam
2711 3279 2831 3317 can.
2858 3263 2914 3316 Η
2951 3263 3161 3317 concilii
3194 3265 3393 3318 Νισαξηί
3437 3266 3557 3320 fidei
3594 3267 3687 3320 de-

2109 3344 2348 3390 sertores
2381 3333 2523 3388 nulla
2556 3336 2619 3387 azl
2659 3334 2713 3387 id
2742 3333 3066 3388 necessitate
3109 3334 3500 3389 interveniente
3539 3350 3688 3391 com-

2107 3405 2269 3475 pulsi,
2302 3405 2505 3459 omisso
2528 3405 2702 3475 primo
2729 3404 2919 3475 gradu,
2951 3404 3162 3457 caeteris
3183 3405 3444 3475 decursis,
3471 3406 3686 3460 veniam

2109 3473 2541 3556 consequuntur;
2584 3474 2649 3556 Et
2697 3490 2818 3553 can.
2862 3473 2949 3556 lg,
3011 3483 3350 3556 resumentes
3390 3474 3684 3556 cingulum,

2109 3545 2153 3597 si
2194 3545 2247 3598 in
2289 3542 2456 3614 gradu
2499 3543 2831 3614 audientium
2875 3542 3065 3613 dignos
3109 3543 3314 3598 fructus
3354 3542 3688 3613 paenitentiae

2111 3610 2484 3686 ostenderunt,
2512 3613 2715 3686 omissa
2752 3610 3115 3686 substratione
3153 3610 3435 3686 transeunt
3469 3616 3534 3669 ad
3563 3631 3687 3686 gra-

2111 3686 2239 3738 dum
2277 3681 2956 3755 consistentium37GauJ,
3005 3684 3372 3739 catechumeni
3419 3681 3690 3755 lapsi'tri—

2109 3755 2221 3826 bus
2243 3755 2400 3826 annis
2434 3769 2557 3809 cum
2604 3753 2948 3826 audientibus
2985 3761 3450 3826 stare_coguntur,
3473 3753 3689 3826 quibus

2107 3825 2338 3880 evolutis
2368 3841 2494 3880 cum
2521 3823 2926 3878 catechumenis
2950 3838 3110 3878 orare
3131 3823 3407 3892 iubentur.
3455 3823 3524 3881 Et
3560 3842 3683 3881 can.

2110 3895 2180 3950 16
2209 3896 2402 3966 synodi
2425 3897 2728 3966 Ancyranaa
2765 3894 3018 3948 animalia
3057 3895 3216 3950 bruta
3256 3897 3521 3961 ineuntes,
3551 3911 3691 3966 pra:-

2109 3965 2377 4022 termissis
2410 3965 2650 4037 ﬂentium
2689 3974 2745 4018 et
2778 3966 3108 4037 audientium
3153 3968 3428 4037 gradibus,
3463 3969 3515 4022 in
3557 3965 3686 4022 sub-

2109 4047 2402 4093 stratorum
2451 4036 2644 4090 deinde
2689 4035 3100 4090 consistentium
3139 4035 3304 4107 gradu
3353 4046 3686 4105 statuuntur,

2107 4117 2162 4162 et
2210 4125 2332 4163 can.
2363 4109 2427 4162 l7
2481 4122 2602 4161 cum
2651 4107 3012 4160 hiemantibus
3059 4122 3219 4162 orare
3261 4108 3538 4178 iubentur.
3585 4109 3690 4176 Qui

2107 4180 2325 4250 quidem
2361 4194 2532 4250 canon
2563 4192 2686 4250 cum
2724 4178 3073 4250 antecedente
3106 4193 3213 4234 non
3237 4189 3459 4250 pugnat,
3488 4188 3550 4234 ut
3571 4180 3688 4249 qui-

2109 4247 2231 4305 dam
2259 4257 2467 4318 putant.
2500 4248 2652 4314 Quod
2686 4256 2745 4302 ut
2770 4247 2969 4302 clarius
3007 4249 3096 4312 sit,
3125 4247 3418 4303 notandum
3457 4258 3541 4304 est
3568 4247 3688 4304 liie—

2109 4329 2332 4391 mantes
2367 4335 2461 4373 seu
2513 4322 2914 4391 χειμαζομένους
2967 4334 3087 4372 esse
3113 4334 3543 4391 _energumen_0s
3588 4334 3686 4373 seu

2109 4390 2490 4452 dmmoniacos,
2529 4388 2775 4458 ut‘recte
2810 4397 3093 4458 exponunt
3113 4388 3399 4457 Dionysius
3449 4388 3687 4458 Exiguus

2108 4467 2164 4512 et
2187 4459 2498 4527 Fulgentius
2526 4457 2838 4512 Ferrandus
2867 4457 2919 4512 in
2949 4457 3244 4521 Breviario,
3279 4473 3397 4525 cap.
3429 4457 3692 4521 M9,’me-

2109 4529 2335 4598 taphora
2363 4530 2519 4583 ducta
2551 4529 2620 4600 ab
2646 4529 2822 4600 hieme
2848 4542 2943 4600 seu
2973 4535 3311 4600 tempestate,
3339 4544 3464 4600 nam
3491 4533 3690 4600 χειμῴν

2108 4597 2398 4668 utrumque
2435 4597 2724 4668 significat.
2765 4597 2880 4650 Etsi
2926 4599 3040 4652 haec
3076 4598 3454 4668 interpretatio
3492 4597 3689 4668 displi-

2109 4678 2229 4724 ceat
2259 4667 2582 4730 Balsamoni,
2613 4684 2677 4722 eo
2703 4669 2846 4737 quod
2882 4667 3198 4723 daemoniaci
3234 4685 3338 4723 non
3373 4677 3548 4724 orent.
3581 4667 3689 4724 Sed

2109 4741 2224 4794 haec
2264 4741 2402 4794 ratio
2442 4739 2586 4792 nulla
2626 4745 2728 4800 est,
2759 4754 2882 4792 cum
2923 4739 3090 4792 insint
3117 4740 3466 4794 diemoniacis
3510 4740 3685 4794 lucida

2108 4809 2414 4874 intervalla,
2463 4809 2520 4864 in
2554 4809 2750 4878 quibus
2775 4824 2935 4863 orare
2963 4810 3187 4878 possint.
3221 4809 3379 4864 Putat
3401 4810 3688 4864 Balsamon

2108 4881 2206 4935 hos
2233 4881 2325 4949 qui
2361 4879 2557 4934 subant
2591 4895 2715 4934 cum
2755 4879 3192 4949 quadrupedibus
3242 4880 3496 4935 collocari
3535 4895 3564 4934 a
3601 4895 3690 5002 δῆ-

2111 4949 2250 5002 nodo
2280 4952 2421 5002 inter
2449 4950 2751 5002 audientes.
2779 4950 2904 5002 auia
2938 4966 3058 5002 ean.
3087 4952 3426 5002 nmeedente
3454 4948 3597 5002 nulla
3669 4959 3689 5002 t

2031 4980 2083 5039 D
2111 4948 3597 5039 ¹¹⁰ἒ¹ίξξίκ¹¹¹³θ¹ῗνέἓ¹ἔ¹ῗὲἶ¹ξέ⁹δὶμέἓ¹ίέθὲδνξηῐῖἷὲθὲδξέῑῗξὲ1¹ξ¹,¹¹ἓ

2113 5021 2314 5076 mentio
2350 5021 2686 5076 audientium
2714 5019 2838 5075 cum
2867 5021 2934 5074 de
2966 5020 3271 5090 huiusmodi
3301 5019 3538 5075 libidinis
3566 5034 3690 5090 por-

2110 5092 2272 5146 tentis
2311 5092 2506 5160 agitur.
2561 5090 2689 5156 Sed,
2729 5100 2789 5144 ut
2826 5106 2988 5160 supra
3019 5090 3272 5153 diximus,
3323 5106 3430 5144 non
3474 5104 3690 5160 semper

2111 5162 2210 5217 hos
2246 5158 2438 5216 omnes
2475 5163 2673 5229 gradus
2710 5158 3098 5230 percurrebant
3133 5161 3477 5229 pmnitentes.
3530 5158 3685 5214 Unde

2109 5233 2348 5302 synodus
2387 5232 2648 5299 ejusmodi
2698 5231 3042 5302 subatoribus
3084 5231 3466 5302 prostrationis
3513 5244 3685 5302 aunos

2109 5299 2452 5374 multiplicat,
2493 5319 2557 5358 eo
2598 5303 2741 5374 quod
2783 5317 2888 5355 non
2922 5299 3122 5374 fuerint
3161 5301 3212 5352 in
3249 5301 3418 5374 gradu
3454 5299 3686 5374 _audien:

2111 5369 2363 5427 tiumfAc
2389 5369 2757 5441 proinde-cum
2784 5372 3096 5440 praecedens
3120 5371 3311 5424 statuit
3335 5379 3396 5424 ut
3421 5369 3686 5439 ejusmodi

2107 5444 2352 5498 homines
2379 5452 2535 5496 orent
2563 5443 2799 5513 quinque
2829 5441 3007 5513 annis,
3038 5447 3184 5513 recte
3224 5455 3457 5513 sequens
3493 5441 3684 5496 decer-

2107 5515 2187 5568 nit
2221 5529 2344 5567 cnm
2382 5509 2769 5584 quibus'orare
2807 5511 3056 5584 debeant.
3093 5509 3202 5565 Nec
3242 5509 3402 5584 anxie
3436 5525 3687 5582 quaeren-

2108 5584 2234 5637 dum
2264 5593 2346 5637 est
2378 5581 2430 5637 in
2458 5600 2563 5653 quo
2591 5582 2778 5639 ordine
2805 5596 2899 5636 seu
2928 5581 3096 5653 gradu
3118 5581 3497 5653 pmnitentium
3525 5589 3686 5653 eran__t

2107 5654 2445 5708 daemoniaci.
2474 5650 2618 5708 Nam
2655 5653 2709 5706 hi
2745 5653 2810 5707 de
2835 5650 3029 5720 quibus
3065 5653 3177 5721 agit
3205 5667 3376 5706 canon
3404 5651 3466 5704 17
3490 5650 3684 5722 synodi

2107 5724 2424 5794 Ancyranaz,
2453 5740 2556 5778 non
2587 5733 2742 5778 erant
2771 5725 3130 5794 ptengitentes;
3161 5723 3256 5778 sed
3284 5722 3404 5777 ideo
3435 5735 3681 5777 seorsum

2109 5794 2177 5848 ab
2205 5795 2326 5848 aliis
2349 5794 2592 5850 ﬁdelibus
2628 5795 2680 5848 in
2713 5793 2941 5849 ecclesia
2967 5793 3204 5857 stabant,
3236 5809 3304 5846 ne
3334 5807 3429 5847 eos
3453 5805 3683 5860 energu-

2108 5865 2251 5920 meni
2297 5865 2408 5920 suis
2455 5865 2834 5935 agitationibus
2878 5865 3294 5934 perturbareut;
3343 5863 3398 5917 in
3447 5873 3680 5932 quorum
