4088 6330
438 349 569 407 1011
618 354 629 363 ’

1430 341 1488 399 S.
1528 336 1896 407 BENEDICTI
1930 334 2224 393 ABBATIS
2259 335 2673 396 AMLNENSIS

3554 335 3697 395 ltili

429 473 516 520 tus
547 462 748 533 jaceat,
782 458 916 514 nihil
947 458 1134 512 dicens
1173 455 1276 512 n.si
1313 454 1524 510 tantum
1560 452 1737 525 posito
1764 451 1818 505 in
1861 456 2007 504 terra
2035 447 2091 510 Α
2112 455 2343 517 stratus,
2392 462 2673 520 quousque
2728 446 3015 507 celebritas
3086 445 3400 518 expleatur;
3468 460 3697 517 cumque

426 555 605 626 capite
632 565 657 593 ι
687 558 892 606 stratus
914 562 1117 621 pronus
1155 545 1396 602 omnium
1426 544 1494 599 de
1520 541 1763 598 oratorio
1790 541 1817 581 δ
1859 539 2010 611 pedi-
2104 543 2318 614 jussum
2354 540 2519 598 fuerit
2558 540 2629 597 ab
2656 540 2873 606 abbate,
2904 540 2972 596 de
2998 546 3144 595 terra
3185 548 3477 611 consurget
3522 538 3700 610 ingre-

427 646 531 702 bus
571 642 905 700 exeuntium.
948 639 1017 694 Et
1057 638 1161 694 hoc
1204 635 1392 692 tandiu
1432 633 1615 702 faciat,
1666 647 1838 707 usque
1882 630 2011 687 dum

433 737 600 794 abbas
628 732 954 807 iudicaverit
983 728 1322 789 satisfactum
1359 743 1499 783 esse.
1546 724 1648 794 Qui
1676 726 1801 782 dum
1825 725 2011 797 jussus

430 829 499 885 ab
526 827 721 883 abbate
746 824 955 881 venerit
982 835 1003 862 ο
1035 822 1217 878 volvat
1246 835 1304 875 se
1339 819 1510 890 ipsius
1535 818 1785 890 pedibus,
1813 815 2012 872 deinde

429 919 672 976 omnium
704 915 949 987 vestigiis
996 912 1249 980 fratrum,
1284 912 1312 953 ἀ
1353 921 1411 968 ut
1443 920 1602 969 orent
1640 926 1740 981 pro
1776 910 1929 980 ipso:
1959 916 2014 963 et

432 1020 582 1079 tunc,
617 1008 665 1065 si
699 1006 923 1078 jusserit
962 1004 1146 1071 abbas,
1188 1004 1484 1079 recipiatur
1515 1015 1539 1043 ο
1570 1003 1623 1057 in
1653 1003 1842 1067 choro,
1880 1000 1899 1038 τ
1931 1000 2015 1055 vel

434 1105 627 1161 ordine
665 1117 771 1172 quo
810 1100 978 1156 abbas
1016 1092 1345 1165 decreverit;
1388 1098 1462 1163 ita
1505 1112 1637 1153 sane
1667 1103 1725 1152 ut
1749 1094 2015 1169 psalmum

433 1196 517 1252 vel
550 1194 855 1258 lectionem,
889 1191 975 1246 vel
1005 1191 1149 1246 aliud
1185 1190 1336 1261 quid,
1371 1205 1476 1244 non
1502 1196 1798 1258 przcsumat
1820 1186 1874 1240 in
1893 1201 2016 1241 ora-

436 1285 577 1340 torio
607 1286 899 1353 imponere,
934 1281 1039 1336 nisi
1081 1282 1281 1335 iterum
1312 1279 1479 1333 abbas
1510 1277 1716 1347 jubeat.
1752 1278 1817 1331 Et
1844 1277 2018 1331 omni-

434 1378 538 1431 bus
569 1375 740 1439 boris,
773 1374 903 1429 dum
942 1372 1244 1443 completur
1270 1386 1406 1441 opus
1431 1371 1546 1434 Dei,
1575 1369 1829 1440 projiciat
1867 1368 2018 1424 se'in

438 1476 607 1533 terra,
639 1467 693 1521 in
719 1465 840 1521 loco
869 1482 976 1529 quo
1003 1472 1131 1533 stat,
1159 1470 1215 1517 et
1239 1464 1317 1518 sic
1344 1460 1661 1526 satisfaciat,
1694 1475 1862 1531 usque
1893 1459 2018 1514 dum

437 1558 484 1611 ei
511 1556 701 1626 jubeat
736 1558 934 1613 iterum
967 1557 1168 1622 abbas,
1201 1562 1262 1609 ut
1287 1554 1533 1625 quiescat
1556 1551 1670 1622 jam
1698 1554 1766 1607 ab
1797 1551 1900 1606 hac
1928 1565 2019 1606 sa-

436 1648 765 1705 tisfactione.
793 1649 896 1717 Qui
925 1664 1054 1703 vero
1084 1664 1183 1718 pro
1211 1646 1419 1702 levibus
1449 1646 1620 1716 culpis
1646 1646 2021 1700 excommuni-

439 1750 634 1795 cantur
678 1749 888 1795 tantum
933 1756 964 1795 a
994 1754 1199 1802 meum,
1244 1737 1601 1805 satisfaciant,
1650 1738 1705 1793 id
1732 1746 1816 1792 est
1853 1746 2022 1807 usque

2112 634 2371 705 dicasque
2415 632 2642 689 chorum
2697 627 2718 671 ι
2772 646 2964 688 rursus
3010 638 3148 687 oret.
3186 642 3227 669 ιιι
3255 628 3386 687 Post
3421 630 3539 686 haec
3574 630 3703 685 data

2111 726 2359 782 oratione
2379 739 2480 795 pro
2504 739 2570 780 eo
2595 723 2665 779 ab
2688 721 2917 796 abbate,
2934 729 2990 776 et
3015 721 3469 793 respondentibus
3493 721 3704 781 cunctis

2112 818 2307 886 Amen,
2324 825 2526 890 surget.
2541 817 2721 889 Atque
2740 815 2995 877 omnibus
3018 830 3117 886 pro
3139 815 3467 887 negligentia
3488 816 3702 870 veniam

2113 921 2326 985 poscat,
2360 913 2656 984 adepturus
2691 909 3083 981 indulgentiam
3111 916 3233 979 post
3256 908 3417 981 hujus
3452 906 3705 963 emenda-

2114 1008 2268 1063 torize
2294 1004 2681 1061 satisfactionis
2710 1016 3018 1061 censuram.
3035 1001 3136 1059 nIn
3164 1001 3359 1073 minori
3387 1009 3547 1063 actate
3570 1017 3705 1057 con-

2117 1097 2287 1152 stituti
2330 1111 2437 1151 non
2467 1103 2594 1150 sunt
2632 1093 2919 1149 coercendi
2959 1093 3229 1167 sententia
3265 1094 3710 1149 excommunica-

2117 1188 2301 1253 tionis,
2329 1187 2426 1242 sed
2448 1202 2548 1256 pro
2573 1184 2835 1255 qualitate
2868 1184 3206 1255 negligentiae
3232 1184 3489 1255 congruis
3525 1200 3709 1240 emen-

2118 1278 2281 1333 dandi
2308 1285 2431 1337 sunt
2457 1276 2655 1347 plagis;
2692 1282 2754 1329 ut
2780 1290 2916 1345 quos
2945 1274 3123 1329 aetatis
3162 1272 3454 1328 infirmitas
3492 1289 3523 1327 a
3552 1275 3709 1345 culpa

2119 1385 2226 1424 non
2265 1377 2504 1434 revocat,
2548 1365 2743 1439 ﬂagelli
2779 1365 3064 1437 disciplina
3102 1352 3430 1437 compescat.
3480 1363 3711 1419 Excom-

2120 1461 2412 1517 munientis
2440 1468 2621 1515 autem
2650 1459 2717 1513 ab
2744 1458 2831 1514 bis
2863 1457 3018 1522 locis,
3048 1457 3246 1527 quibus
3275 1455 3475 1515 fuerint
3511 1456 3713 1515 consti-

2122 1556 2246 1619 tuti,
2298 1563 2427 1609 ante
2469 1552 2805 1623 poenitentiae
2868 1559 3082 1620 tempus
3139 1550 3410 1621 expletum
3458 1549 3711 1620 progredi

2121 1647 2494 1717 prohibeatur.
2523 1642 2607 1699 Ad
2636 1644 3161 1699 excommunicatum
3187 1642 3319 1697 nulli
3347 1642 3507 1697 liceat
3529 1641 3711 1713 egredi

2122 1739 2262 1793 citra
2299 1736 2585 1806 imperium
2624 1733 2873 1788 senioris.
2909 1741 2933 1769 ο
2959 1731 3095 1788 Cum
3122 1732 3586 1788 excommunicato
3609 1746 3709 1787 ne-

439 1833 508 1888 ad
534 1831 835 1901 jussionem
865 1832 1075 1887 abbatis
1106 1833 1130 1872 κ
1158 1832 1260 1885 hoc
1288 1830 1591 1900 perﬁciant,
1625 1832 1652 1869 ιι
1684 1845 1852 1900 usque
1889 1829 2018 1889 dum
2044 1826 2094 1889 B
2121 1845 2225 1907 que
2255 1843 2437 1893 orare,
2467 1840 2643 1897 neque
2666 1824 2813 1894 loqui
2841 1824 3045 1880 licebit.
3072 1824 3207 1879 Cum
3233 1824 3706 1879 excommunicato

437 1927 746 1993 benedicat,
779 1934 836 1981 et
859 1926 1005 1980 dicat
1038 1943 1049 1979 :
1086 1922 1313 1978 Sullicit.

549 2020 577 2092 §
614 2017 676 2073 ll.
701 2046 771 2057 —-
795 2018 875 2073 Ex
909 2017 1129 2079 Recuu
1166 2031 1352 2077 sancti
1391 2014 1593 2079 Ismeni
1631 2012 1769 2085 (cap.
1803 2011 1915 2087 18).

518 2114 535 2153 ί
570 2109 882 2169 Satisfactio
914 2108 1342 2179 delinquentium
1374 2107 1488 2161 hinc
1518 2114 1618 2159 est.
1650 2105 1934 2158 Fratribus
1970 2102 2024 2156 in

442 2204 675 2269 ecclesia
721 2203 1056 2269 constitutis,
1108 2208 1331 2272 peracto
1374 2198 1710 2270 pmoitentia:
1761 2205 2025 2266 tempore,

444 2307 460 2348 ι
499 2296 670 2359 solvet
695 2294 878 2353 statim
918 2292 1190 2367 cingulum
1217 2291 1245 2332 ¹ι
1267 2299 1424 2353 extra
1454 2290 1684 2349 chorum
1713 2289 1877 2347 humo
1903 2303 2028 2359 pro-

442 2515 677 2573 statione
715 2521 871 2569 erant
925 2512 1174 2567 ineuntes
1225 2510 1385 2564 bruta
1432 2508 1689 2565 animalia
1726 2509 1796 2563 ob
1840 2506 2030 2577 ﬂagitii

444 2584 785 2659 spurcitiem,
827 2597 952 2659 cum
997 2597 1027 2635 a
1058 2587 1456 2659 prostratorum
1501 2580 1694 2634 ordine
1740 2580 1806 2635 ad
1844 2580 2027 2659 consi-

445 2649 700 2712 stentium
717 2652 942 2724 gradum
970 2649 1609 2724 transmeabant._ltaque
1632 2665 1738 2705 non
1765 2650 2031 2724 assentior

446 2728 515 2784 iis
543 2725 634 2796 qui
662 2719 848 2796 dicunt
876 2723 1177 2796 hiemantes
1204 2719 1372 2796 fuisse
1398 2721 1452 2775 in
1478 2720 2029 2796 ordine_au‘dient_i_um

445 2791 577 2853 cuni
618 2792 1040 2853 catecliuinenis.
1096 2791 1207 2847 Nec
1244 2791 1396 2849 locus
1421 2806 1488 2847 ex
1518 2808 1637 2862 cap.
1671 2791 1706 2845 ὅ
1734 2791 1879 2847 Eccl.
1906 2791 2032 2849 lite-

447 2884 585 2931 rar.,
612 2867 701 2920 ubi
730 2865 928 2919 dicitur
952 2863 1248 2925 Ecclesiam
1277 2865 1591 2933 permittere
1625 2864 2027 2932 energumenis,

448 2934 854 2994 catechumenis
891 2945 945 2990 et
979 2936 1400 3004 intendentibus,
1443 2935 1631 2989 audire
1671 2950 1855 2991 sacras
1885 2935 2031 2993 Scri-

448 3019 658 3078 pturas,
694 3006 802 3078 illis
822 3007 973 3078 favet
1000 3024 1013 3058 :
1044 3022 1167 3078 nam
1197 3006 1343 3078 aliud
1371 3016 1454 3060 est
1489 3021 1689 3078 sacras
1715 3005 2029 3078 Scripturas

450 3076 661 3147 audire,
691 3076 835 3131 aliud
858 3091 950 3131 eas
984 3077 1170 3130 audire
1196 3078 1246 3137 in
1271 3076 1388 3132 loro
1412 3076 1788 3147 poenitentium
1810 3076 2032 3147 audien-

450 3118 609 3213 iium,
638 3118 1025 3215 Catechumeni
1048 3118 1265 3215 quiddm
1290 3165 1319 3201 a
1342 3118 1677 3202 Teii-tulliano
1701 3145 1795 3201 lib.
1823 3147 1887 3199 de
1913 3118 2030 3201 Pa;-

450 3212 676 3275 nitentia
703 3212 987 3281 dicuntur:
1010 3212 1292 3271 Audientes
1314 3226 1367 3271 ct
1389 3218 1678 3281 auditores,
1702 3216 1797 3272 sed
1817 3217 1925 3275 alia
1950 3232 2031 3275 ra-

451 3291 598 3345 tione
616 3305 779 3360 quatu
799 3289 1079 3360 audientes
1094 3288 1437 3360 poenitentes.
1457 3288 1514 3341 Si
1530 3288 1673 3345 enim
1693 3296 2029 3360 peccassent,

456 3358 767 3421 transibant
802 3360 871 3414 ad
916 3359 1096 3413 locum
1141 3358 1522 3427 paenitentiam
1570 3358 1929 3421 audientium.
1972 3367 2033 3417 ut

450 3439 600 3500 patet
634 3446 703 3485 ex
743 3431 951 3501 synodo
978 3428 1227 3501 Nicaena,
1251 3444 1370 3497 qua:
1409 3437 1693 3501 postquam
1727 3444 1853 3501 can.
1877 3430 1935 3501 lt
1977 3438 2033 3484 et

454 3499 524 3555 12
553 3499 829 3556 decretum
875 3500 1005 3559 fecit
1051 3499 1119 3554 de
1165 3499 1416 3559 fidelibus
1460 3500 1648 3569 lapsis,
1680 3516 1800 3555 can.
1838 3500 1900 3557 i4
1930 3502 2034 3557 hoc

454 3572 644 3627 statuit
680 3571 746 3626 de
786 3570 950 3641 lapsis
980 3571 1427 3629 catechunienis:
1466 3590 1485 3623 ς
1525 3571 1600 3625 De
1632 3571 2034 3630 catechumenis

452 3650 507 3697 et
530 3643 621 3711 qui
650 3642 786 3713 lapsi
815 3650 942 3698 sunt
972 3645 1147 3699 visum
1173 3650 1255 3695 est
1285 3650 1486 3701 sancta:
1512 3650 1568 3696 et
1593 3656 1799 3712 magna:
1828 3644 2034 3713 synodo

455 3716 587 3769 ὥστε
626 3711 781 3789 τριῶν
819 3715 941 3775 ἑτῶν
974 3715 1334 3789 ἀκροωμένους
1370 3713 1638 3789 μόνονζίιι
1675 3711 1779 3775 est,
1823 3711 1880 3767 ut
1926 3714 2034 3789 sint

456 3792 570 3839 tres
620 3783 793 3839 annos
842 3783 1057 3843 tantum
1105 3783 1403 3843 audientes.
1452 3804 1469 3841 ι
1540 3783 1735 3841 Postea
1774 3784 2032 3853 synodus,

457 3854 780 3922 dispensans
814 3870 908 3910 eos
947 3871 975 3909 a
1015 3855 1397 3923 prostratione,
1438 3855 1684 3909 decernit
1714 3858 1842 3923 μετὰ
1870 3862 2037 3910 ταῦτα

455 3926 713 3996 εὔχεσθαι
759 3928 888 3996 μετὰ
935 3933 1035 3982 τῶν
1086 3928 1474 3995 κατηχομένων,
1517 3924 1570 3996 iti
1610 3932 1714 3987 ost,
1754 3933 1814 3979 ut
1847 3934 2036 3994 postea

455 3993 615 4059 orent
662 3993 785 4053 cum
832 3993 1257 4051 catechumenis.
1298 3993 1458 4059 Quod
1510 3993 1629 4048 ideo
1676 3993 1865 4048 statuit
1910 3996 2037 4063 quia

456 4064 854 4127 catecltumeni,
880 4064 974 4132 qui
1009 4079 1115 4119 non
1151 4065 1378 4119 aderant
1407 4064 1699 4119 tremendis
1739 4066 2033 4134 mysteriis,

457 4150 568 4189 non
603 4143 856 4209 poterant
888 4148 1049 4189 orare
1090 4148 1213 4209 cum
1250 4134 1694 4209 consistentibus,
1732 4137 2037 4209 qui.sacris

458 4204 733 4275 mysteriis
785 4220 908 4261 cum
966 4204 1179 4259 caeteris
1238 4204 1487 4260 fidelibus
1543 4204 1881 4271 intererant}
1940 4222 2041 4262 nec

459 4276 809 4347 discedebant
830 4286 951 4346 post
976 4275 1198 4335 missam
1226 4276 1761 4340 catechumenorum,
1792 4285 1853 4331 ut
1877 4292 2038 4347 supra

461 4362 529 4419 ex
579 4347 635 4402 S.
664 4345 927 4419 Gregorio
958 4347 1380 4419 Neocazsariensi
1406 4354 1649 4402 notatum
1704 4355 1806 4403 est.
1859 4345 2039 4414 Quare

460 4418 640 4473 minus
675 4418 823 4477 recte
849 4433 916 4474 ex
945 4419 1048 4473 hoc
1084 4418 1201 4473 loco
1228 4418 1499 4489 colligitur
1536 4433 1566 4473 a
1597 4419 1868 4475 nonnullis
1898 4426 2040 4475 cate-

462 4489 855 4547 chumenorum
892 4490 1115 4560 gradum
1158 4506 1265 4544 non
1303 4489 1561 4559 distingui
1591 4491 1660 4544 ah
1687 4491 1877 4545 ordine
1915 4492 2042 4549 sub-

2125 1921 2255 1977 nulli
2297 1920 2513 1991 penitus
2553 1918 2698 1973 vesci
2744 1917 2891 1983 licet,
2931 1934 3031 1973 nec
3070 1918 3171 1987 ipsi
3214 1918 3432 1988 quidem
3477 1918 3571 1986 qui
3614 1918 3714 1972 ali—

2125 2023 2369 2077 mentum
2395 2014 2561 2070 victui
2587 2014 2812 2085 przebet.
2845 2024 2871 2064 ιε
2902 2013 3069 2083 Cujus
3094 2012 3329 2067 biduana
3352 2012 3436 2067 vel
3461 2012 3714 2067 triduana

2127 2108 2291 2163 fuerit
2331 2107 2478 2167 illata
2516 2104 3093 2159 excommunicationis
3131 2103 3433 2173 suspensio,
3474 2102 3587 2157 sola
3622 2119 3717 2173 pa.

2128 2201 2212 2254 nis
2238 2209 2293 2253 ct
2323 2192 2476 2270 aquae
2506 2200 2563 2254 in
2596 2199 2965 2269 vespertinum
2993 2198 3099 2263 erit
3134 2195 3434 2253 adhibenda
3469 2195 3712 2265 refectio.

2129 2291 2628 2355 Excommunicatis
2682 2300 2883 2362 prater
2927 2290 3126 2347 hiemis
3170 2288 3485 2346 violentiam
3539 2286 3716 2344 cubile

2131 2512 2326 2573 niensi,
2358 2509 2647 2579 proculcat,
2677 2509 2904 2568 rectius.

2200 2582 2226 2625 ιι
2270 2580 2339 2652 ω
2374 2591 2520 2636 orent
2555 2598 2651 2651 pro
2682 2580 3267 2652 ipso.Supplepctemt

2131 2724 2170 2777 τ’
2207 2663 2229 2692 ο
2270 2651 2340 2711 In
2379 2646 2565 2709 choro.
2600 2646 2759 2722 Apud
2807 2646 3162 2723 Smaragdum
3206 2648 3446 2716 additur,
3492 2646 3718 2721 psallen-

2153 2740 2284 2779 tum.

2208 2793 2227 2832 τ
2283 2791 2371 2846 νει
2401 2793 2603 2847 ordine.
2635 2796 2703 2850 Τὸ
2735 2792 2812 2847 vel
2844 2792 3078 2848 sumitur
3104 2788 3433 2850 capulativo.

2206 2867 2230 2907 ε
2272 2864 2388 2919 Hoc
2416 2865 2710 2947 perﬁciant.
2756 2865 2835 2947 ita
2861 2864 2981 2946 cod.
3008 2879 3115 2990 ius.
3159 2860 3218 2918 ε.
3242 2862 3526 2943 Chrulphi.
3564 2860 3715 2915 Sma-

2206 2936 2332 2990 udus
2357 2945 2413 2990 et
2434 2937 2601 2990 editio
2623 2936 2981 2990 Colomensis.
3032 2951 3067 2988 n
3093 2933 3325 2990 vulgatis
3350 2949 3472 2988 cum
3502 2931 3560 2987 S.
3580 2932 3715 2987 Don-

2132 2936 2332 3007 ragdus
2357 2931 2601 3007 et'eilitio
2623 2936 2981 2992 Coloniensis.
3008 2931 3067 3007 in
3093 2933 3325 3007 vulgatis
3350 2949 3472 2988 cum
3502 2931 3720 3007 S_.Don-

2133 3003 2290 3063 statio
2319 3021 2333 3061 ε
2361 3005 2477 3061 Hoc
2515 3023 2717 3078 semper
2737 3008 2961 3078 faciant.
2993 3005 3149 3077 Apud
3177 3003 3396 3061 Isonem
3429 3012 3489 3063 et
3526 3003 3721 3059 Turre-

2133 3086 2428 3133 crcmatam
2459 3094 2470 3128 :
2501 3076 2867 3146 lloc'faciant.

2204 3150 2232 3191 ιι
2276 3147 2445 3218 Usque
2467 3148 2593 3203 dum
2622 3148 2911 3203 benedicat.
2965 3146 3044 3202 Ita
3091 3148 3236 3203 hunc
3277 3146 3455 3218 leuam
3502 3148 3715 3218 exponit

2057 3192 2101 3254 C
2135 3192 3481 3287 δηιειιῖηῖῖιῖε“;”ἑ’⁷όιῖὸῖἱέἱῖιῖὲίιι’ἱιῖεί’ί,”’ῐὲηἲὲἷεὲἓῦ,
3504 3192 3715 3272 ἷῖιὲιίἷὶ

2133 3291 2313 3361 gitur;
2338 3288 2565 3361 dimittat
2603 3287 2695 3361 tibi
2724 3289 3002 3344 Dominus.
3052 3310 3070 3341 ι

2212 3362 2229 3403 ί
2264 3360 2592 3428 satisfactio.
2645 3359 2769 3417 limo
2814 3361 3048 3421 habetur
3092 3361 3147 3415 in
3191 3359 3393 3431 Regula
3438 3355 3494 3412 S.
3524 3356 3709 3419 leuiori

2134 3432 2300 3492 edita,
2334 3432 2455 3491 eod.
2484 3447 2603 3499 cap.
2635 3432 2719 3485 18.

2210 3500 2222 3552 i
2266 3500 2435 3555 Solvet
2465 3498 2641 3555 statim
2667 3501 2955 3571 cingulum.
2979 3498 3259 3556 Notandus
3286 3516 3406 3556 mos
3447 3500 3716 3570 antiquus,

2135 3573 2228 3643 qui
2262 3571 2363 3625 fuit
2390 3580 2448 3625 ut
2483 3573 2733 3626 monachi
2760 3574 3047 3643 supplices,
3077 3589 3199 3627 cum
3226 3574 3441 3643 veniam
3470 3571 3724 3643 petebant

2136 3642 2230 3699 aut
2275 3644 2726 3711 increpal'antur,
2760 3642 3036 3713 cingulum
3082 3644 3375 3699 solverent.
3423 3642 3481 3697 S.
3514 3642 3722 3696 Pacilo-

2136 3715 2301 3777 mius,
2332 3722 2434 3766 art.
2476 3714 2498 3784 lg
2530 3729 2638 3768 sua:
2664 3712 2925 3784 Regulae:
2954 3731 2972 3766 ι
3010 3715 3065 3769 Si
3099 3714 3356 3769 acciderit
3381 3723 3442 3768 ut
3464 3713 3723 3784 psallendi

2138 3794 2381 3853 tempore
2422 3783 2505 3839 vel
2545 3786 2735 3839 orandi
2761 3783 2885 3839 ’aut
2922 3786 2974 3839 in
3016 3785 3194 3840 medio
3234 3783 3485 3840 lectionis
3531 3784 3724 3854 aliquis

2139 3856 2422 3927 loquatur,
2473 3863 2565 3927 aut
2596 3856 2805 3919 rideat,
2852 3857 3025 3927 solvet
3051 3856 3344 3927 cingulum,
3387 3863 3443 3911 et
3472 3856 3725 3909 inclinata

2140 3926 2375 3999 cervice,
2422 3926 2671 3999 manibus
2693 3926 2763 3999 ad
2798 3925 3054 3981 inferiora
3081 3925 3369 3999 depressis,
3390 3927 3575 3999 stabit
3600 3934 3727 3999 ante

2140 3997 2335 4057 altare,
2375 4005 2427 4050 et
2465 4012 2495 4048 a
2531 3997 2772 4066 principe
2809 3999 3120 4053 monasterii
3150 3996 3553 4066 'increpabitur.
3599 4016 3620 4050 ι
3664 3996 3729 4051 Et

2141 4076 2245 4121 art.
2280 4067 2381 4119 78:
2430 4085 2448 4116 ε
2488 4066 2676 4120 Omnis
2704 4070 2974 4136 correptio
3005 4069 3079 4122 ita
3106 4068 3218 4132 ﬂet,
3259 4076 3317 4121 ut
3343 4068 3593 4123 discincti
3619 4069 3728 4122 sint

2142 4140 2232 4206 qui
2265 4137 2654 4206 corripiuntur,
2684 4147 2737 4192 et
2763 4138 3015 4192 demissis
3044 4140 3325 4202 manibus,
3362 4147 3418 4193 et
3444 4139 3728 4192 lmmiliato

2145 4210 2320 4278 capite
2348 4209 2731 4269 emendaturus
2756 4225 2815 4262 se
2841 4209 3220 4279 promittentes
3245 4210 3397 4273 vitia,
3441 4210 3497 4262 in
3532 4209 3728 4277 quibus

2144 4288 2461 4349 arguuntur,
2486 4280 2698 4332 veniam
2721 4280 3098 4349 deprecentur.
3133 4300 3152 4332 ι
3179 4280 3236 4333 S.
3259 4279 3595 4333 Fructuosus
3617 4280 3727 4350 epi-

2145 4365 2356 4419 sc0pus,
2384 4364 2502 4419 cap.
2532 4350 2596 4402 iri
2628 4349 2843 4419 Regulae
2874 4366 3013 4405 suae:
3047 4369 3065 4401 ι
3106 4350 3211 4404 Sed
3237 4351 3489 4404 omnibus
3513 4351 3583 4403 ad
3606 4349 3727 4403 ora-

2146 4422 2354 4493 tionum
2381 4420 2557 4473 studia
2583 4421 3057 4493 convenientibus,
3094 4421 3181 4476 ille
3219 4428 3523 4493 prostratus
3564 4421 3727 4493 humo

2146 4492 2360 4561 cingulo
2403 4491 2782 4561 opertorioque
2826 4492 3037 4556 ablato,
3084 4499 3272 4561 poscet
3306 4491 3519 4545 veniam
3561 4492 3728 4561 negli-

462 4568 775 4617 stratorum.
805 4560 940 4617 Nam
966 4560 1224 4631 substrati
1259 4577 1366 4617 non
1396 4561 1716 4615 dicebantur
1736 4577 1915 4625 orare,
1948 4561 2044 4614 sed
2072 4562 2122 4621 D
2149 4560 2341 4631 gentia:
2370 4576 2501 4614 sine.
2545 4584 2560 4613 ι
2595 4560 3121 4628 Ἐνυοιυοςυεοθιιεί,
3150 4578 3199 4616 c.
3236 4561 3301 4615 Η
3328 4580 3340 4615 :
3386 4580 3406 4612 ι
3442 4562 3505 4615 Et
3541 4560 3729 4631 cingu-

464 4631 765 4693 substerni.
802 4646 925 4685 cum
954 4647 1021 4686 ex
1054 4626 1398 4687 audientibus
1441 4632 1703 4686 substrati
1734 4632 1955 4694 ﬁebant,
1988 4642 2047 4685 ut

463 4701 673 4756 clarum
699 4710 783 4756 est
808 4716 875 4756 ex
900 4703 1200 4757 canonibus
1229 4717 1391 4771 supra
1414 4703 1613 4757 citatis.
1657 4703 1809 4768 Quod
1840 4710 2050 4771 spectat

465 4773 532 4827 ad
564 4772 981 4842 prostrationem
1027 4773 1414 4828 monachorum
1450 4773 1850 4841 paenitentiam,
1878 4771 1944 4825 de
1984 4788 2046 4825 ea

464 4853 628 4914 agunt
654 4842 965 4909 Cassianus,
998 4842 1089 4897 lib.
1118 4860 1155 4900 ιι
1181 4844 1247 4899 de
1268 4844 1545 4914 nocturnis
1559 4842 1778 4905 Oﬂiciis,
1805 4857 1926 4910 cap.
1952 4842 2045 4909 16;

470 4912 527 4968 SL
554 4913 811 4978 lsidorus,
846 4929 966 4984 cap.
1000 4914 1066 4968 18
1096 4914 1342 4984 Regulae;
1392 4914 1448 4969 S.
1480 4913 1812 4967 Fructuosus
1839 4914 2047 4984 episco-

554 4929 811 4978 ternorus,
846 4929 966 5038 capi.
1000 4929 1066 4968 ιδ
1096 4929 1342 4984 ttegunn;
1392 4929 1448 4969 δ.
1480 4929 1812 4967 rructuosus
1839 4929 2046 4981 episco-

541 5000 588 5045 s.
627 5000 746 5054 cap.
775 4985 869 5049 ﬂ;
962 4985 1183 5056 agister,
1228 5000 1345 5056 cap:
1381 4984 1550 5056 l5_et
1578 4984 1661 5045 14,
1723 4992 1778 5037 et
1828 4983 2046 5052 quidam

511 5062 628 5109 ater
653 5054 1067 5120 monachorum,
1098 5071 1216 5126 cap.
1248 5056 1282 5109 6
1312 5054 1528 5125 Regulae
1559 5070 1687 5107 sum.

541 5156 567 5184 ι
586 5142 809 5215 Stratus
831 5161 1046 5215 pronus.
1073 5144 1149 5200 ita
1177 5146 1228 5201 in
1255 5146 1373 5200 cod.
1404 5160 1505 5215 ms.
1542 5143 1597 5197 S.
1628 5144 1879 5198 German.
1912 5158 2041 5212 ma.,

468 5214 705 5286 editione
741 5213 1070 5286 Coloniensi,
1113 5224 1167 5270 et
1216 5217 1353 5286 apud
1401 5213 1776 5286 Smaragdum.
1821 5215 2047 5272 Codices

472 5274 571 5339 SS.
603 5284 786 5339 Ebrul.
816 5293 871 5341 et
900 5286 1025 5340 Far.
1047 5256 1500 5353 babentrtantum,
1547 5256 1776 5357 pronus;

469 5362 761 5425 prostratus
784 5373 1001 5429 pronus.

543 5445 570 5486 ι)
606 5442 1183 5520 Ρεάὶὸιιδγεπειιηιὶωη.
1215 5445 1388 5520 Vulgo
1415 5446 1680 5520 additur,
1694 5464 1749 5502 se
1772 5448 2049 5520 proﬁciat:

471 5526 642 5591 recte;
679 5533 798 5591 quze
824 5519 1101 5591 desuntjn
1131 5534 1256 5574 mss.
1291 5516 1390 5575 SS.
1412 5517 1547 5591 Ebr.
1566 5526 1622 5591 et
1642 5516 1789 5585 Far.,
1822 5516 1881 5591 ut
1909 5521 2050 5591 apud

472 5585 825 5662 Sinaragdum
856 5588 995 5662 et_S.
1014 5589 1370 5662 Dunstanum.
1398 5589 1553 5660 Apud
1577 5589 1795 5645 lvonem
1823 5585 2046 5662 legit—ur:

471 5655 699 5712 Pedibus
728 5660 1027 5714 exeuntium
1056 5659 1406 5714 conculcetur.

546 5757 568 5819 ξ
628 5743 831 5819 votum.
878 5749 954 5819 lt_a
986 5748 1314 5819 Smaragdus
1350 5759 1400 5804 et
1435 5748 1869 5807 Turrecremata.
1896 5751 1966 5805 At
1996 5751 2051 5805 in

473 5814 705 5882 vulgatis
749 5830 874 5872 cum
904 5817 964 5873 S.
990 5814 1282 5883 Dunstabo,
1328 5821 1489 5875 lvone
1530 5829 1585 5877 et
1623 5820 1860 5877 editione
1894 5820 2050 5877 Colo-

582 6055 621 6075 ἢ

2172 4648 2259 4687 um
2306 4633 2373 4705 in
2405 4633 2654 4705 manibus
2694 4642 2913 4702 gestans
2945 4635 3031 4689 vel
3072 4635 3301 4691 fratrum
3340 4632 3568 4705 pedibus
3606 4646 3728 4686 cum

2151 4702 2406 4772 lacrymis
2436 4702 2800 4771 provolvatur.
2841 4724 2858 4756 ι

2226 4773 2247 4811 ιι
2272 4771 2473 4847 Extra
2493 4775 2707 4847 chorum
2750 4775 2908 4831 humo
2946 4784 3260 4847 prostratus.
3306 4772 3363 4829 In
3401 4771 3603 4847 Regula
3637 4787 3731 4847 es-

2152 4858 2319 4897 cnsa:
2365 4861 2383 4894 ι
2431 4843 2697 4927 Hnniique
2735 4853 2889 4899 extra
2925 4842 3149 4901 chorum
3186 4842 3501 4914 prostratus
3526 4842 3730 4913 lucebit

2152 4928 2318 4980 agens
2344 4924 2715 4983 pmnitentiam
2742 4931 2974 4986 quoque.
3012 4935 3032 4968 ι

2231 4983 2248 5022 ι
2286 4983 2492 5039 Rursus
2519 4995 2647 5039 oret.
2676 4984 2802 5041 Haec
2826 4988 2991 5043 verba
3030 4985 3407 5041 desiderantur
3440 4987 3495 5041 in
3527 4984 3730 5055 Regula

2151 5069 2372 5110 excusa.

2223 5138 2263 5166 ιιι
2286 5124 2413 5205 fast
2434 5128 2564 5205 liam.
2594 5126 2800 5181 Desunt
2824 5127 2986 5205 etiam
3016 5131 3070 5205 in
3101 5125 3303 5205 [tegula
3333 5140 3548 5205 escusa.

2225 5207 2251 5235 ιι
2280 5168 2564 5251 inﬁda};
2589 5168 3000 5263 τῖῖἆίἓῗᾰέῗὲὲ
3018 5168 3084 5253 ξ.
3102 5168 3171 5250 ἰὶἶ
3181 5168 3625 5266 [ιὲἱῖεᾶῧτῑὸἷὲὲρ.
3642 5201 3726 5250 «υ.

2228 5275 2253 5302 ο
2280 5265 2411 5320 Cum
2436 5270 2903 5335 eacommunicoto,
2936 5277 3041 5323 etc.
3076 5268 3173 5323 Hie
3204 5268 3353 5321 locus
3376 5268 3449 5321 ita
3476 5265 3674 5321 citatur
3699 5279 3731 5318 ι

2152 5336 2487 5404 Burcbardo,
2516 5338 2636 5392 libr.
2664 5354 2728 5402 II,
2758 5354 2878 5409 cap.
2904 5340 2990 5402 5i,
3024 5346 3078 5394 et
3102 5340 3171 5391 ab
3194 5338 3356 5392 lvone
3375 5379 3388 5403 ,
3416 5348 3470 5408 β.
3503 5348 3593 5391 xw
3623 5337 3729 5391 De-

2153 5409 2309 5472 creti,
2336 5423 2453 5487 cap.
2484 5410 2564 5487 _95
2588 5426 2601 5487 ε
2636 5426 2663 5487 _«
2693 5409 2828 5463 Cum
2855 5410 3325 5487 excommunicato
3350 5422 3523 5487 neque
3548 5419 3726 5487 orare,

2153 5495 2330 5549 neque
2356 5479 2519 5550 loqui,
2550 5480 2650 5533 nisi
2679 5495 2744 5534 ea
2774 5495 2894 5549 qua:
2919 5481 2986 5535 ad
3011 5482 3258 5536 eamdem
3295 5478 3731 5550 excommunica-

2155 5550 2352 5633 tionem
2375 5548 2669 5633 pertinent,
2696 5548 2872 5633 neque
2896 5552 3039 5633 vesci
3066 5548 3525 5633 cuiqugmdiccat.
3566 5564 3584 5601 ι

2226 5631 2253 5669 ι)
2284 5618 2450 5690 Cujus
2474 5620 2736 5686 biduana,
2768 5618 2874 5677 étc.
2900 5622 2957 5676 in
2986 5618 3191 5690 Regula
3230 5622 3288 5676 S.
3320 5619 3507 5675 lsidorl
3544 5618 3725 5690 edita:

2159 5706 2178 5739 ι
2209 5689 2267 5744 Si
2296 5689 2781 5746 ex'communicatio
2803 5692 3035 5746 biduana

3116 5694 3238 5759 erit,
3262 5688 3732 5749 excommunicato

2154 5759 2287 5816 nihil
2314 5761 2554 5817 alimenti
2583 5763 2928 5818 tribuendum
2950 5772 3053 5819 est.
3088 5778 3107 5816 ο
