4088 6330
270 401 404 458 1017

267 520 418 576 muni
462 517 688 591 fratrum
714 521 798 567 est
823 511 1132 567 ventilanda
1183 517 1238 563 et
1277 509 1422 579 juste
1467 522 1531 561 ac
1572 504 1842 560 subtiliter
1867 506 1923 566 Α

266 606 655 683 perscrutanda
680 623 692 656 :
720 619 789 659 ne
827 602 968 657 forte
995 599 1280 656 dolositate
1305 609 1360 653 et
1384 597 1586 652 malitia
1614 594 1846 650 senioris

268 701 528 754 innocens
569 694 754 763 junior
799 691 1138 762 opprimatur
1165 701 1188 728 ο
1221 689 1289 742 ab
1337 687 1531 741 abbate
1579 685 1661 739 vel
1708 698 1846 753 pra:-

268 789 443 858 posito
470 787 496 826 b
520 785 676 855 juxta
714 797 1068 854 personarum
1099 779 1466 849 acceptionem
1491 793 1506 831 :
1539 793 1646 832 non
1688 777 1847 831 liccat

263 880 528 950 judicare,
580 892 758 946 neque
810 875 1044 943 aliquem
1099 869 1466 926 fraudulenter
1517 869 1602 924 vel
1652 868 1848 936 injuste

269 973 546 1033 damnare,
579 969 693 1032 sed,
739 975 796 1021 ut
831 967 1033 1021 dictum
1078 973 1182 1028 est,
1219 961 1540 1032 spiritalium
1568 967 1622 1015 et
1653 959 1848 1012 veridi-

268 1075 455 1117 corum
481 1058 708 1112 fratrum
732 1067 752 1095 ο
790 1053 1157 1122 hujuscemodi
1190 1053 1350 1106 rebus
1385 1050 1413 1090 ά
1440 1059 1522 1104 est
1564 1049 1848 1102 retinenda

268 1151 556 1214 sententia,
587 1149 678 1218 qui
705 1148 806 1203 sibi
831 1147 924 1202 Dei
955 1147 1217 1218 judicium
1243 1153 1508 1215 ponentes
1533 1157 1645 1212 pra:
1677 1143 1850 1199 oculis

268 1259 378 1298 non
415 1225 742 1312 permittant
773 1239 1005 1308 pessime
1054 1237 1357 1306 deprimere
1405 1235 1641 1290 animam
1691 1234 1848 1290 inno-

267 1337 461 1392 centis.

332 1430 359 1501 §
400 1428 488 1483 1V.
517 1458 588 1468 —
612 1427 692 1482 Ex
719 1427 936 1484 Recuu
963 1441 1148 1482 sucu
1178 1425 1476 1481 Auasuam
1507 1425 1645 1495 (cap.
1673 1425 1788 1496 55).

339 1521 481 1576 Nulli
511 1520 674 1575 liceat
703 1520 852 1588 loqui
886 1535 1009 1574 cum
1035 1519 1128 1572 illo
1151 1518 1245 1588 qui
1277 1517 1441 1573 fuerit
1471 1517 1842 1572 excommuni-

269 1619 445 1675 catus,
473 1619 670 1682 prmter
693 1609 842 1664 illum
865 1623 1027 1679 quem
1049 1608 1100 1664 ei
1131 1617 1350 1664 sanctus
1379 1607 1547 1664 abbas
1571 1606 1848 1663 custodem

269 1703 477 1759 dederit

480 1797 506 1870 §
536 1799 602 1854 ν.
631 1828 703 1838 —
731 1797 810 1853 Ex
840 1797 1058 1854 REGULA
1085 1796 1327 1853 CASSIANI
1353 1796 1492 1869 (cap.
1520 1797 1632 1868 14).

346 1900 369 1928 ο
410 1889 467 1945 Si
500 1891 620 1960 quis
647 1899 825 1944 autem
854 1905 954 1959 pro
979 1890 1220 1960 qualibet
1247 1889 1400 1960 culpa
1437 1889 1600 1944 fuerit
1625 1889 1692 1943 ab
1723 1903 1847 1942 ora-

270 1981 416 2036 tione
441 1997 732 2052 suspensus
751 2023 765 2047 ,
795 1981 971 2036 nullus
997 1997 1120 2036 cum
1143 1995 1208 2037 eo
1232 1982 1421 2038 orandi
1446 1981 1644 2036 habeat
1679 1981 1845 2035 licen-

269 2072 425 2138 tiam,
449 2081 736 2143 antequam
759 2071 1028 2127 submissa
1059 2073 1114 2126 in
1147 2081 1292 2126 terra
1314 2073 1632 2140 paenitentia
1664 2087 1847 2127 coram

268 2162 520 2218 omnibus
543 2162 799 2218 fratribus
829 2163 1148 2232 supplicanti
1177 2163 1227 2218 ei
1256 2165 1414 2218 venia
1441 2164 1508 2216 ab
1533 2163 1729 2217 abbate
1752 2163 1849 2216 tri-

269 2251 488 2307 buatur.
521 2252 656 2307 Nam
688 2254 779 2322 qui
810 2269 869 2308 se
897 2254 1129 2308 orationi
1153 2253 1237 2307 vel
1263 2251 1683 2307 confabulationi
1710 2253 1847 2322 ejus,

268 2351 563 2413 antequam
594 2344 613 2382 τ
639 2360 668 2398 a
686 2345 874 2399 Priore
895 2345 1207 2413 recipiatur,
1230 2344 1623 2398 inconsiderata
1650 2345 1852 2412 pietate

272 2435 482 2490 sociare
513 2439 937 2506 prmsumpserit,
977 2437 1168 2491 similis
1192 2436 1556 2490 damnationis
1585 2450 1709 2488 reus
1738 2434 1850 2490 clIi-

271 2527 434 2590 citur,
479 2527 504 2566 3
545 2527 766 2581 tradens
807 2527 1156 2596 semetipsum
1203 2527 1505 2580 voluntarie
1529 2526 1716 2580 fuerat
1751 2527 1848 2582 de-

271 2628 515 2689 putatus.
547 2619 612 2672 Et
642 2619 695 2673 in
715 2620 816 2674 hoc
833 2620 1051 2690 gravius
1072 2627 1280 2690 peccat,
1304 2620 1396 2688 qui
1420 2634 1478 2674 se
1507 2619 1607 2688 ipsi
1629 2617 1853 2687 conjun-

271 2713 371 2784 git,
402 2711 528 2782 quia
567 2711 817 2766 solatium
846 2713 896 2766 ei
922 2713 1166 2768 tribuens
1195 2727 1290 2766 cor
1312 2710 1430 2779 ejus
1459 2712 1690 2781 amplius
1721 2711 1851 2766 facit

272 2802 538 2866 indurari,
577 2809 634 2856 et
667 2819 771 2856 non
793 2805 1058 2872 permittit
1085 2820 1182 2873 pro
1212 2805 1316 2858 hoc
1342 2804 1484 2874 quod
1509 2805 1576 2858 ab
1604 2805 1852 2858 oratione

275 2891 453 2947 fuerat
492 2903 838 2963 segregatus,
869 2895 935 2949 de
963 2895 1336 2949 satisfactione
1362 2909 1459 2948 sua
1495 2902 1550 2948 et
1573 2895 1728 2948 venia
1755 2909 1850 2948 co-

271 2984 474 3054 gitare,
508 2985 771 3055 majorem
797 2987 1060 3054 superbia:
1092 2985 1336 3041 fomitem
1361 2993 1416 3040 et
1454 2985 1852 3040 contumaciam

274 3075 638 3147 delinquentis
667 3077 838 3132 nutrit
866 3077 919 3131 in
946 3076 1120 3148 pejus.

1167 391 1558 450 CONCORDIA
1595 386 2051 447 REGULARUM.
2091 417 2158 426 —
2197 387 2348 443 CAP.
2391 383 2608 441 XXXV.

3371 391 3510 450 1018

2120 501 2147 572 §
2178 500 2264 556 Vl.
2295 530 2366 540 —
2390 499 2469 554 Ex
2490 499 2709 554 Recuu
2741 500 3080 557 Tmansnsn
3112 501 3248 574 (cap.
3273 502 3344 575 5).

2017 609 2152 666 Cum
2194 627 2260 666 eo
2304 613 2397 681 qui
2441 627 2539 681 pro
2566 613 2802 668 admissa
2831 614 2986 683 culpa
3027 615 3096 670 ab
3135 617 3397 672 orationis
3431 619 3517 673 vel

1947 719 2148 760 mensa:
2179 706 2452 759 consortio
2491 715 2819 771 removetur,
2847 716 3043 776 prmter
3071 723 3194 762 eum
3236 710 3328 777 qui
3357 707 3514 777 ejecti

1947 794 2133 850 fratris
2159 797 2574 851 amaritudinem
2621 799 2876 854 doctrinae
2925 808 2978 853 et
3023 801 3304 855 charitatis
3349 803 3521 871 possit

1949 883 2280 940 admixtione
2334 885 2586 952 dulcare,
2637 888 2816 943 nullus
2863 889 3058 944 audeat
3103 889 3352 946 conferre
3397 907 3516 948 sere

1948 994 2161 1034 monem
2170 1019 2184 1033 .

2125 1074 2292 1162 θ’νιι.
2315 1091 2487 1147 -Εχ
2515 1093 2735 1150 Recuu
2767 1095 3031 1153 MAGISTRI
3057 1099 3193 1170 (cap.
3227 1101 3336 1171 l3).

2019 1203 2048 1242 ιι
2079 1201 2135 1258 Si
2162 1205 2285 1273 quis
2309 1220 2438 1260 vero
2461 1205 2630 1262 frater
2665 1218 2759 1264 aut
2786 1211 2961 1280 palam
2994 1221 3088 1268 aut
3114 1214 3374 1269 absconse
3405 1232 3524 1270 cum

1948 1309 2014 1351 eo
2035 1293 2199 1351 fuerit
2237 1297 2502 1354 allocutus
2544 1308 2636 1354 aut
2671 1299 2910 1369 junctus,
2956 1319 3296 1360 communem
3345 1307 3527 1360 statim

1948 1401 2070 1441 cum
2093 1403 2159 1442 eo
2183 1390 2760 1446 excommunicationis
2795 1395 3086 1462 contrahat
3117 1409 3337 1464 poenam
3367 1407 3432 1450 'et
3462 1398 3530 1452 ab

1947 1479 2196 1535 omnibus
2238 1496 2364 1538 reus
2403 1483 2492 1548 sit,
2539 1492 2700 1553 atque
2744 1484 2798 1538 in
2839 1486 2944 1539 alio
2979 1486 3181 1543 laboris
3213 1489 3328 1558 ipse
3367 1504 3531 1558 opere

1947 1578 2320 1638 sequestretur
2347 1575 2686 1644 a'przeposito
2712 1591 2810 1630 suo
2839 1591 2854 1630 :
2887 1585 2941 1632 et
2970 1578 3041 1632 sit
3073 1578 3186 1650 ipse
3215 1589 3324 1634 tam
3347 1581 3415 1636 ab
3442 1581 3533 1636 illo

1947 1677 2042 1718 reo
2069 1678 2231 1733 quam
2259 1666 2326 1720 ab
2347 1667 2598 1722 omnibus
2619 1675 2988 1737 sequestratus
3015 1678 3070 1724 et
3105 1670 3275 1736 solus,
3311 1680 3368 1726 et
3404 1687 3531 1726 mox

1947 1755 2015 1808 ab
2043 1755 2285 1809 omnium
2314 1763 2368 1811 et
2397 1757 2511 1826 ipse
2539 1757 2746 1814 alienus
2779 1759 3010 1830 eloquio.
3039 1761 3176 1815 Nam
3203 1777 3309 1816 non
3341 1762 3407 1814 ad
3443 1776 3536 1816 ve-

1873 1865 1922 1924 B
1949 1847 2095 1900 niam
2129 1849 2146 1888 i
2177 1846 2399 1915 majoris
2433 1857 2486 1904 et
2512 1850 2626 1919 ipse
2650 1852 2938 1919 pertineat,
2971 1852 3075 1907 nisi
3101 1853 3435 1923 paenitentia:
3464 1853 3537 1907 si-

1948 1939 2094 1994 milis
2132 1939 2431 1996 satisfactio
2476 1942 2544 1996 ab
2589 1943 2667 1996 eis
2717 1943 2998 2012 aequaliter
3047 1943 3213 1998 fuerit
3261 1951 3483 2013 operata
3519 1961 3533 1998 :

1949 2029 2122 2096 illius,
2164 2040 2384 2100 propter
2423 2032 2566 2100 quod
2611 2033 2821 2086 exstitit
2866 2032 3178 2088 inobediens
3213 2033 3269 2088 in
3309 2034 3442 2087 vitio
3477 2040 3535 2087 et

1947 2129 2200 2192 peccato;
2236 2122 2408 2185 istius,
2428 2121 2572 2191 quod
2592 2122 2899 2179 mercedem
2924 2123 3310 2179 consolationis
3336 2123 3538 2178 tribue-

1952 2214 2026 2268 rit
2051 2217 2317 2268 malorum
2343 2214 2557 2269 artifici.

2125 2326 2152 2397 §
2183 2325 2312 2380 Vlll.
2340 2356 2412 2366 —
2434 2325 2514 2380 Ex
2542 2327 2762 2382 Recens
2782 2342 3046 2383 cnwsnut
3075 2327 3212 2400 (cap.
3243 2327 3358 2398 l9).

2021 2437 2534 2494 Excommunicatus
2572 2455 2702 2494 vero
2729 2439 2902 2495 frater
2931 2440 3024 2509 qui
3065 2440 3236 2508 culpis
3277 2438 3538 2511 graviori-

1950 2527 2050 2582 bus
2072 2527 2429 2582 existentibus
2459 2536 2551 2581 aut
2579 2529 2728 2583 cellae
2752 2544 2862 2583 suae
2884 2529 3204 2594 recluditur,
3237 2538 3332 2583 aut
3358 2543 3389 2581 a
3410 2543 3538 2583 con-

1950 2619 2120 2673 sortio
2146 2620 2578 2689 congregationis
2610 2628 2910 2689 separatur,
2953 2636 2984 2674 a
3025 2619 3174 2674 nullo
3200 2621 3419 2689 penitus
3447 2627 3542 2674 aut

1952 2709 2168 2778 eloquii,
2199 2720 2291 2764 aut
2314 2712 2640 2768 visitationis
2663 2729 2860 2768 munus
2892 2712 3128 2777 fruatur,
3162 2711 3267 2766 nisi
3305 2701 3540 2765 tantum-

1953 2801 2112 2855 modo
2134 2802 2220 2855 cui
2249 2812 2576 2872 praeceptum
2606 2804 2675 2858 ab
2705 2804 2898 2858 abbate
2923 2803 3101 2859 fuerit.
3129 2801 3188 2857 Si
3211 2803 3336 2872 quis
3361 2811 3542 2857 trans-

1955 2892 2351 3037 gressusr’hanc
2393 2892 2655 2962 Regulam
2703 2893 2890 2962 fuerit,
2935 2894 3170 2964 regulari
3207 2894 3544 2965 pmnitentia:

1957 2979 2176 3037 subiace
2217 2983 2276 3036 it.
2839 3032 2849 3037 -

1957 2979 2073 3050 subj
2082 2979 2276 3037 acebit.

272 3211 541 3292 habentur
588 3213 644 3266 in
676 3213 900 3292 decreto
933 3211 1150 3292 Ivonis,_
1175 3229 1247 3292 p._
1270 3228 1354 3292 vi,
1382 3226 1518 3292 cap._
1548 3210 1672 3265 599-
1713 3210 1856 3292 Lau-
1881 3231 1926 3292 ρ
1959 3218 2162 3292 Regula
2189 3235 2293 3292 ms.
2328 3219 2526 3290 legitur
2552 3220 2836 3275 reddenda.
2872 3221 3024 3276 Male.

275 3283 449 3336 danda
501 3297 630 3336 sane
675 3284 975 3349 institutio,
1009 3300 1076 3338 ne
1104 3281 1394 3338 ab’abbate
1437 3281 1522 3351 vel
1565 3283 1854 3351 praeposito

274 3352 560 3424 inferiores
580 3355 971 3424 opprimantur,
990 3365 1059 3424 et
1087 3370 1117 3408 a
1145 3353 1447 3408 senioribus
1467 3350 1744 3424 iuniores;
1767 3353 1855 3406 cui

274 3437 382 3475 non
422 3422 680 3476 absimilis
709 3433 792 3478 est
831 3427 943 3479 hzec
977 3423 1034 3478 8.
1074 3424 1347 3478 Pachomii
1380 3423 1588 3476 sanctio
1613 3423 1858 3476 articulis

274 3492 367 3563 92,
396 3491 466 3544 94
487 3502 547 3563 et
574 3491 697 3563 ne,
726 3495 815 3560 qui
846 3495 969 3563 vult,
989 3495 1305 3563 przepositos
1330 3501 1386 3563 e_t
1414 3491 1648 3563 majores
1681 3507 1712 3543 a
1744 3491 1854 3563 fra-

272 3562 454 3615 tribus
487 3561 612 3614 boni
640 3563 930 3616 testimonii
953 3560 1218 3628 judicari,
1249 3577 1316 3616 ne
1339 3561 1480 3616 forte
1508 3560 1583 3613 illi
1613 3561 1854 3629 potentia

274 3645 375 3685 sua
410 3631 716 3700 opprimant
745 3633 1078 3686 innocentes.

351 3712 376 3739 ει
415 3701 704 3774 Ababbate
743 3702 819 3756 vel
859 3705 1156 3774 pra’posito.
1188 3702 1314 3758 [iam
1351 3702 1611 3758 vocabula
1645 3700 1858 3756 deside-

278 3779 469 3824 rantur
500 3772 552 3824 in
581 3771 812 3828 Decreto
839 3771 1032 3827 lvonis.

349 3841 378 3881 δ
411 3839 445 3892 ε1
453 3852 588 3914 uasta
603 3859 942 3911 personarum
969 3845 1339 3914 acceptionem.
1374 3844 1474 3898 Hic
1497 3843 1648 3898 locus
1674 3858 1859 3898 corm-

277 3919 404 3979 ptus
430 3921 531 3966 est.
565 3912 718 3981 Apud
745 3914 958 3968 lvonem
988 3912 1200 3984 legitur.
1247 3913 1456 3968 Rectori
1487 3915 1648 3984 juxta
1678 3931 1858 3984 perso-

280 3931 404 3979 ptus
430 3931 531 3966 esu
565 3931 718 3981 Apud
745 3931 958 3968 tvonem
988 3931 1037 3968 te
1078 3931 1200 3968 Itur.
1247 3931 1456 3968 uector:
1487 3931 1648 3984 ﬁtiﬂa
1678 3931 1858 3984 perso-

280 3996 468 4054 narum
499 3984 866 4052 acceptionem,
895 3993 997 4038 etc.
1026 3931 1210 4039 ﬂecte.
1259 3984 1443 4054 Itaque
1466 3985 1554 4038 hic
1583 3985 1732 4038 locus
1759 3985 1861 4039 hoc

280 4052 439 4124 modo
459 4060 546 4124 est
574 4054 965 4108 restituendus:
999 4055 1079 4109 Ne
1106 4056 1240 4124 forte
1269 4052 1546 4109 dolositate
1573 4065 1618 4109 et
1650 4055 1859 4109 malitia

279 4123 498 4195 senioris
511 4123 767 4195 innocens
784 4125 968 4193 junior
991 4123 1314 4195 opprimatur
1333 4127 1397 4178 ab
1420 4127 1604 4179 abbate
1627 4125 1702 4180 vel
1728 4143 1860 4194 pm:-

281 4193 470 4266 posito.
501 4191 708 4266 Βαίτιονὶ
735 4191 892 4263 juxta
919 4191 1263 4266 personarum
1284 4197 1632 4266 acceptionem
1663 4191 1767 4249 non
1791 4195 1856 4248 li-

282 4271 394 4314 ceat
415 4262 682 4331 judicare.

356 4343 377 4406 ἢ
420 4331 801 4406 ζζαλιιδεεηιοάί
832 4334 1000 4388 rebus.
1031 4337 1190 4406 Lege,
1213 4338 1270 4390 in
1290 4337 1653 4406 hujuscemodi
1681 4336 1852 4389 rebus.

353 4401 382 4477 εξ
419 4401 513 4456 Est
544 4405 810 4477 retinenda
851 4401 1134 4460 sententia:
1162 4407 1317 4477 Apud
1350 4401 1564 4460 [vonem
1603 4415 1858 4477 corrupte

283 4470 518 4541 legitur:
559 4473 626 4526 Et
655 4474 764 4529 alia
801 4477 1060 4530 tradenda
1100 4486 1146 4530 et
1188 4470 1457 4531 retinenda
1483 4470 1858 4533 sententiafln
1884 4471 1937 4529 D

2037 3290 2288 3362 {Siquis
2304 3289 2498 3353 autem,
2524 3302 2628 3345 etc.
2660 3292 2848 3347 Exstat
2865 3293 3003 3362 apud
3026 3291 3368 3356 Cassianum,
3387 3289 3478 3344 lib.
3508 3306 3544 3344 ιι

1964 3361 2032 3415 de
2061 3361 2410 3415 Orationibus
2437 3364 2735 3422 nocturnis.
2770 3361 3010 3430 cap.’i6.

2041 3430 2060 3468 τ
2105 3431 2148 3481 Α
2173 3430 2445 3499 priore._ld
2469 3442 2571 3494 est,
2601 3432 2669 3484 ab
2691 3433 2906 3485 abbate.

2037 3503 2063 3539 δ
2105 3491 2339 3554 Τνάἀεηδ
2365 3491 2711 3570 Ἓεηιειέῥδιιηι
2760 3500 3074 3554 voluntarie.
3125 3499 3302 3553 Locus
3357 3515 3549 3554 corru-

1959 3578 2104 3638 ptus,
2123 3585 2189 3624 ex
2215 3573 2336 3624 cod.
2365 3571 2550 3633 Vind.,
2571 3571 2722 3625 Cass.
2753 3579 2805 3624 et
2831 3570 3126 3639 Smaragdo
3151 3570 3229 3622 sic
3253 3571 3546 3624 emendan-

1959 3639 2060 3693 dus
2084 3659 2095 3693 :
2116 3640 2347 3693 'l'radens
2375 3641 2702 3709 semetipsum
2733 3638 3279 3704 voluntarie’Satanw,
3317 3642 3400 3693 cui
3428 3639 3540 3706 ille,

1958 3711 2242 3764 secundum
2278 3711 2510 3782 Apostoli
2534 3712 2840 3764 sententiam
2867 3727 2962 3780 pro
2987 3711 3070 3764 sui
3091 3721 3265 3764 reatus
3301 3712 3548 3765 emenda-

1961 3781 2294 3906 tioneg‘uerat
2323 3781 2624 3852 deputatus.

2029 3852 2054 3890 ιι
2141 3852 2300 3906 inuis
2343 3870 2477 3906 vero.
2515 3864 2618 3906 etc.

2029 3852 2054 3890 ιι
2097 3851 2158 3906 Si
2185 3854 2300 3923 quis
2343 3851 2477 3917 vero,
2515 3864 2618 3907 etc.
2652 3852 2775 3906 Haec
2810 3851 3077 3923 habentur
3104 3852 3159 3905 in
3202 3852 3407 3922 Regula
3440 3869 3542 3906 ms.

1957 3920 2205 3992 Magistri
2227 3925 2347 3978 cod.
2379 3923 2539 3994 Corb.
2566 3924 2754 3978 eodem
2777 3939 2896 3994 cap.
2925 3922 3212 3994 13.,Prima
3237 3920 3360 3992 pars
3387 3923 3546 3992 hujus

1957 3994 2174 4064 capituli
2203 4009 2374 4064 usque
2402 3994 2467 4046 ad
2497 3993 2585 4048 illa
2609 3994 2769 4048 verba
2797 4009 2809 4048 :
2844 3992 2914 4046 Et
2948 3993 3012 4046 ab
3039 3992 3277 4047 omnibus
3304 4011 3420 4046 reus
3454 3995 3544 4058 sit,

1958 4079 1987 4116 a
2017 4061 2334 4118 Burchardo
2356 4065 2447 4119 lib.
2486 4081 2564 4129 χι,
2593 4081 2710 4134 cap.
2735 4065 2823 4130 52,
2848 4080 2910 4118 ex
2947 4064 3003 4117 8.
3033 4063 3268 4122 Isidoro:
3296 4064 3548 4118 etaGra-

1965 4134 2112 4205 tiano
2144 4151 2307 4190 causa
2341 4136 2422 4194 Η,
2458 4153 2546 4203 qu.
2585 4137 2636 4194 5.
2686 4151 2804 4204 cap.
2834 4135 2922 4199 28,
2965 4151 3030 4189 ex
3070 4145 3255 4188 octava
3290 4137 3543 4205 synodo:

1964 4203 2058 4257 sed
2091 4205 2247 4276 male,
2280 4222 2405 4276 nam
2428 4216 2518 4276 est
2546 4205 2706 4273 hujus
2737 4203 2999 4276 Magistri.

2046 4275 2059 4313 ί
2109 4274 2356 4341 Maioris.
2392 4275 2560 4343 Major
2583 4285 2681 4331 'est
2715 4274 2883 4330 abbas
2909 4316 2924 4338 ,
2958 4284 3015 4328 ut
3054 4289 3195 4343 saepe
3223 4276 3464 4328 occurrit
3495 4275 3548 4327 in

1965 4344 2328 4416 hisRegulis,
2369 4347 2458 4413 qui
2497 4363 2650 4401 conc.
2699 4345 3129 4416 Carthaginiensi
3177 4359 3247 4408 ιν,
3295 4361 3413 4398 can.
3460 4344 3544 4408 '15.,

1966 4414 2182 4479 dicitur,
2214 4416 2390 4484 major
2418 4417 2737 4470 monasterii.

285 4618 3527 4646 —-————————-———-————————-———-——-———d

1581 4734 1920 4813 CAPUT
1992 4734 2290 4820 XXXV.

641 4887 990 4956 QUALITER
1029 4842 1300 4946 DEBEAT
1340 4892 1562 4950 ABBAS
1600 4893 2004 4950 SOLLICITUS
2043 4890 2216 4947 ESSE
2255 4888 2462 4945 CIRCA
2498 4885 3156 4945 EXCOMMUNICATOS.

516 5065 548 5141 ᾗ
578 5067 620 5123 l.
649 5097 721 5108 ——
743 5069 820 5122 Ex
850 5069 1067 5124 Rasum
1095 5085 1282 5124 SANCTI
1313 5069 1629 5124 BENEDICTI.

357 5159 514 5216 Omni
547 5160 906 5216 sollicitudine
935 5177 1120 5216 curam
1144 5170 1298 5232 gerat
1323 5163 1490 5216 abbas
1517 5163 1661 5216 circa
1693 5163 1865 5218 delin-

287 5259 515 5322 quentes
552 5250 748 5307 fratres
781 5269 794 5306 :
845 5253 972 5322 quia
999 5267 1105 5308 non
1137 5261 1219 5308 est
1244 5269 1380 5323 opus
1414 5253 1563 5308 sanis
1598 5254 1859 5321 medicus,

360 5423 385 5451 ι
426 5409 492 5464 Et
519 5411 634 5465 ideo
662 5411 740 5464 uti
766 5410 912 5464 debet
959 5410 1100 5462 omni
1140 5411 1315 5463 modo.
1363 5409 1417 5462 Id
1449 5419 1551 5473 est,
1582 5409 1661 5462 uti
1702 5409 1863 5465 debet

287 5481 433 5538 omni
466 5482 671 5536 ratione
701 5490 756 5536 et
798 5482 1057 5535 industria
1083 5482 1217 5534 artis
1243 5480 1501 5548 spiritalis
1519 5519 1533 5542 ,
1561 5489 1619 5532 ut
1647 5481 1860 5547 sapiens

289 5552 549 5606 medicus.
618 5552 675 5605 in
725 5562 935 5606 vetusta
1001 5552 1237 5607 editione
1285 5550 1578 5606 Parisiensi
1624 5551 1856 5619 legitur:

289 5621 592 5688 Commodo,
625 5637 724 5692 pro
750 5624 889 5676 omni
914 5623 1087 5676 modo.

357 5693 387 5733 ι)
429 5691 734 5747 Imminere.
766 5694 917 5761 Apud
953 5693 1308 5763 Smaragdum
1337 5712 1348 5747 :
1376 5692 1663 5747 Immitlere
1689 5694 1859 5758 debet,

289 5764 532 5836 verbum,
564 5763 728 5836 debet,
756 5764 1060 5836 repetendo.
1113 5764 1286 5832 Quod,
1327 5765 1373 5820 si
1419 5781 1527 5820 non
1577 5766 1861 5836 repetitur,

290 5835 480 5890 saltem
505 5834 930 5892 subaudiendum
959 5843 1059 5890 est.

1967 5070 2060 5125 sed
2087 5068 2225 5124 male
2247 5067 2569 5122 habentibus
2597 5066 2807 5138 (Matth.
2836 5068 2934 5139 ιχ).
2975 5081 2998 5107 υ
3029 5067 3246 5122 Ει-ἱᾶεο
3277 5067 3354 5121 uti
3384 5067 3543 5124 debet

1963 5160 2109 5215 omni
2143 5158 2300 5215 modo
2327 5167 2386 5212 ut
2425 5158 2639 5226 sapiens
2667 5158 2903 5211 medicus
2940 5175 2952 5210 :
3001 5156 3026 5196 δ
3068 5156 3359 5210 immittere
3383 5161 3546 5226 quasi

1962 5251 2203 5307 occultos
2232 5262 2254 5290 ο
2286 5251 2676 5305 consolatores.
2703 5249 2729 5288 ιι
2755 5249 3068 5319 Senpectas,
3097 5248 3150 5302 id
3170 5255 3270 5312 est,
3299 5249 3544 5305 seniores

2035 5426 2056 5453 ο
2101 5410 2489 5468 Consolatores.
2526 5409 2583 5464 In
2616 5425 2744 5462 mss.
2782 5406 2840 5460 8.
2873 5406 3058 5462 Germ.
3089 5415 3143 5462 et
3171 5406 3227 5461 S.
3274 5406 3502 5464 Faronis
3531 5427 3544 5462 :

1969 5483 2373 5547 Consiliatorcs;
2405 5482 2497 5535 sed
2540 5480 2756 5550 vulgata
2802 5479 2985 5550 lectio
3016 5486 3252 5550 prtestat.
3300 5478 3432 5532 Nam
3464 5493 3548 5532 se-

1969 5553 2325 5626 quituerui
2369 5552 2521 5624 quasi
2564 5547 2754 5604 secrete
2809 5547 3140 5603 consolentur
3184 5549 3402 5618 fratrem
3444 5551 3548 5618 ﬂu-

1969 5635 2256 5680 ctuantem.

2039 5695 2067 5734 ά
2099 5695 2396 5764 Senpectas.
2424 5693 2497 5746 Ita
2521 5691 2735 5764 codices
2756 5706 2884 5744 mss.
2920 5689 3266 5764 Victoriui__et
3287 5687 3343 5742 8.
3361 5688 3546 5764 (ierat.

1969 5759 2334 5850 minglelgunt.
2389 5764 2487 5850 Ms.
2522 5760 3332 5850 S.nEbr.,‘sepef‘tas‘LCodices:

1967 5845 2026 5892 et
2077 5835 2135 5891 S.
2167 5830 2350 5891 Germ.
2397 5849 2530 5901 ma.,
2577 5830 2868 5903 Sinpectas.
2916 5831 3241 5902 Smaragdus
3279 5840 3334 5885 et
3377 5831 3546 5886 editio
