4088 6330
615 428 753 487 1025

1642 418 1704 473 S.
1739 414 2101 473 BENEDICTI
2134 412 2424 470 ABBATIS
2470 410 2879 468 ANIANENSIS

3734 418 3889 474 ιωι

609 541 802 594 doctus
856 536 1022 591 fuerit
1057 550 1279 607 sperare
1323 547 1584 607 prospera
1617 532 1821 597 saeculi,
1851 543 1877 571 α
1907 531 2025 600 ipsa
2055 543 2185 600 pro-
2212 535 2264 591 Α
2282 526 2412 598 jugo
2438 525 2663 583 Christi.
2694 525 2970 580 Attendite
2999 524 3120 579 illos
3155 525 3403 581 homines
3440 527 3691 587 volentes
3735 530 3889 587 bene

609 631 867 703 speritate
890 628 1272 698 corrumpitur,
1305 624 1812 695 supervenientibus
1843 622 2188 678 adversitati-

608 725 711 780 bus
734 722 1032 787 sauciatur,
1065 729 1161 775 aut
1190 718 1437 774 fortassis
1457 718 1835 788 exstinguitur.
1860 718 1890 758 ι)
1917 717 2033 772 Νοη
2057 731 2188 786 ergo

612 828 737 868 cum
776 811 1010 867 :ediﬁcat
1049 827 1212 882 super
1243 818 1486 880 petram,
1523 810 1614 878 qui
1647 810 1726 864 sic
1752 809 2004 873 aediﬁcat,
2037 820 2059 848 ο
2092 809 2187 864 sed

612 918 776 973 super
798 918 1016 958 arenam
1035 905 1205 973 ponit.
1234 899 1395 957 Petra
1438 914 1611 957 autem
1656 913 1767 956 erat
1816 899 2058 957 Christus
2100 902 2188 974 (II

611 990 737 1047 Cor.
782 994 861 1063 ι).
905 991 1106 1048 Christi
1146 992 1428 1062 passiones
1453 990 1480 1030 ἀ
1511 992 1806 1057 imitandae,
1839 1008 1945 1047 non
1975 1009 2004 1046 a
2034 992 2189 1049 Chri-

612 1082 804 1138 stianis
843 1082 1047 1138 deliciae
1080 1083 1481 1153 conquirendae.
1526 1082 1874 1139 Confortatur
1917 1083 2182 1149 inﬁrmus,

612 1189 738 1229 cum
765 1174 814 1229 ei
831 1174 1062 1228 dicitur:
1097 1173 1265 1243 Spera
1292 1176 1510 1245 quidem
1540 1175 1871 1231 tentationes
1902 1176 2062 1245 hujus
2094 1193 2190 1233 sa:-

612 1266 741 1331 culi,
775 1265 870 1321 sed
894 1267 963 1322 ab
988 1267 1238 1322 omnibus
1266 1274 1330 1327 .te
1372 1277 1527 1323 eruet
1574 1269 1719 1324 Deus
1748 1288 1761 1324 :
1788 1270 1832 1324 si
1863 1271 1931 1326 ab
1961 1270 2053 1325 illo
2078 1286 2189 1326 non

612 1360 898 1415 recesserit
949 1375 1044 1415 cor
1092 1367 1263 1415 tuum.
1317 1360 1454 1416 Nam
1507 1363 1574 1417 ad
1627 1361 2045 1419 confortandam
2094 1380 2190 1421 cor

545 1474 560 1486 -
611 1462 764 1507 tuum
808 1452 955 1506 venit
993 1451 1082 1507 ille
1116 1455 1247 1522 pati,
1296 1454 1447 1508 venit
1488 1454 1579 1509 ille
1608 1456 1767 1520 mori,
1816 1457 1966 1512 venit
2017 1458 2191 1528 sputis

610 1543 818 1609 illiniri,
847 1544 997 1599 venit
1033 1544 1202 1613 spinis
1242 1546 1514 1611 coronari,
1554 1547 1704 1601 venit
1736 1558 1759 1586 ε
1788 1549 2079 1618 opprobria
2103 1550 2191 1605 vi-

608 1650 760 1701 vere,
789 1634 936 1689 venit
971 1645 1247 1703 postremo
1291 1634 1436 1707 ligno
1477 1638 1693 1707 conligi.
1743 1637 1936 1693 Omnia
1963 1639 2080 1695 haec
2101 1638 2192 1697 ille

610 1741 709 1797 pro
740 1734 825 1792 te;
863 1733 921 1781 tu
955 1726 1090 1781 nihil
1113 1741 1209 1796 pro
1239 1726 1350 1792 illo,
1384 1729 1477 1784 sed
1500 1746 1597 1799 pro
1626 1739 1697 1785 te.

1056 1817 1084 1889 §
1115 1817 1202 1872 Vl.
1230 1848 1303 1857 ——
1324 1817 1459 1873 Item
1491 1820 1739 1890 ejusdem.
1769 1871 1788 1891 η

2287 618 2495 683 vivere,
2539 624 2595 671 et
2632 616 2813 671 minus
2857 615 3079 671 idoneos
3127 615 3269 671 mala
3317 617 3454 685 pati,
3507 618 3651 674 sicut
3698 623 3885 691 parati

2288 718 2412 766 sunt
2431 711 2570 765 bona
2588 709 2784 764 facere.
2809 707 3053 763 Pertinet
3078 717 3260 764 autem
3285 709 3352 764 ad
3378 709 3681 767 Christiani
3710 712 3889 768 firmi-

2289 809 2455 856 tatem
2498 816 2607 855 non
2653 800 2827 855 solum
2884 801 3102 870 Operari
3147 815 3267 870 quae
3312 801 3452 856 bona
3497 813 3646 869 sunt,
3695 807 3798 859 sed
3830 811 3887 859 ct

2290 894 2522 951 tolerare
2574 908 2695 963 quae
2740 892 2879 946 mala
2922 901 3070 947 sunt.
3113 892 3213 958 Qui
3261 903 3443 948 autem
3487 896 3746 950 videntur
3775 897 3887 951 fer-

2287 1002 2415 1041 vere
2455 985 2511 1039 in
2555 984 2808 1054 operibus
2850 984 3027 1049 benis,
3072 985 3166 1039 sed
3197 984 3546 1042 imminentes
3591 989 3886 1057 passiones

2288 1076 2522 1131 tolerare
2548 1076 2688 1131 nolle
2715 1086 2806 1130 aut
2836 1091 2941 1131 non
2971 1091 3153 1147 posse,
3185 1076 3387 1132 inﬁrmi
3419 1089 3565 1134 sunt.
3606 1080 3714 1148 Qui
3746 1098 3887 1138 vero

2289 1169 2585 1239 cupiditate
2610 1168 2787 1238 aliqua
2823 1168 2964 1223 mala
2978 1177 3272 1236 ,amatores
3303 1173 3487 1226 mundi
3517 1175 3585 1228 ab
3615 1164 3757 1244 ipsis
3790 1176 3889 1229 bo-

2290 1261 2377 1315 nis
2405 1261 2660 1329 operibus
2691 1268 3039 1326 revocantur,
3080 1260 3319 1331 languidi
3351 1273 3405 1318 et
3437 1266 3623 1334 εῖδει-οῑί
3647 1264 3885 1333 jacent:

2290 1352 2489 1423 quippe
2527 1354 2619 1422 qui
2648 1353 2767 1424 ipso
2796 1352 3056 1423 languore
3093 1363 3350 1424 tanquam
3374 1357 3493 1411 sine
3516 1358 3645 1413 ullis
3673 1359 3891 1415 viribus

2290 1443 2424 1499 nihil
2447 1444 2573 1499 honi
2597 1452 2825 1515 possunt
2852 1445 3088 1514 operari.

2773 1533 2801 1606 §
2830 1534 2937 1590 Vl].
2970 1533 3105 1589 Item
3132 1535 3389 1603 ejusdem.

2366 1622 2380 1673 i
2418 1624 2536 1679 Non
2580 1623 2783 1680 frustra
2832 1641 2961 1696 ergo
2997 1641 3119 1681 cum
3144 1641 3260 1694 jam
3296 1628 3524 1683 dixisset
3567 1632 3829 1699 superius
3874 1653 3888 1688 ε

2294 1716 2450 1783 Quod
2473 1734 2711 1772 crassum
2735 1727 2828 1784 est,
2855 1719 3212 1788 interfecistis.
3238 1718 3337 1775 Hic
3373 1720 3574 1776 iterum
3600 1722 3659 1777 in
3704 1725 3892 1779 novis-

2293 1810 2434 1863 simo
2465 1809 2666 1881 posuit.
2698 1808 2769 1863 Et
2797 1811 2934 1881 quod
2962 1810 3096 1877 forte
3116 1809 3242 1881 fuit,
3271 1812 3624 1883 confregistis.
3655 1813 3782 1884 Ipsa
3808 1826 3895 1872 est

696 1914 720 1953 ί
748 1912 902 1980 Quod
949 1911 1274 1981 inﬁrmatam
1303 1923 1403 1979 est,
1433 1913 1631 1982 inquit,
1673 1931 1777 1969 non
1827 1916 2186 1983 confortastis.
2222 1894 2268 1953 Β
2296 1899 2442 1954 enim
2490 1900 2719 1970 Υθβθῑίῑῖί
2750 1899 3035 1965 “menda:
3068 1899 3178 1955 ηίδί
3205 1901 3331 1971 quia
3362 1916 3430 1956 ει
3458 1903 3543 1958 his
3573 1920 3698 1974 (11³³³
3722 1919 3895 1974 sup“

613 2004 928 2060 Pastoribus
964 2004 1121 2060 malis
1149 2005 1297 2071 dicit,
1332 2006 1642 2075 pastoribus
1678 2006 1849 2073 fa'lsis,
1880 2008 2192 2077 pastoribus

616 2110 712 2150 sua
752 2097 1149 2165 quaerentibus,
1189 2111 1297 2152 non
1339 2112 1459 2166 quae
1486 2094 1614 2152 Jesu
1644 2096 1883 2152 Christi:
1914 2100 1939 2137 8
1966 2108 2021 2153 et
2044 2114 2193 2155 com-

616 2187 775 2242 modo
804 2186 940 2242 lanae
976 2194 1033 2242 et
1069 2187 1225 2243 lactis
1266 2187 1648 2260 gaudentibus,
1679 2205 1809 2246 oves
1834 2191 2056 2246 omnino
2083 2208 2192 2248 non

617 2280 952 2347 curantibus,
982 2287 1037 2335 et
1060 2281 1206 2350 quod
1240 2280 1379 2335 male
1409 2280 1597 2335 habuit
1639 2296 1748 2335 non
1792 2283 2194 2337 corroboranti-

615 2374 736 2439 bus,
768 2373 797 2412 δ
838 2373 1017 2439 idest,
1045 2373 1341 2440 infirmum,
1382 2373 1438 2429 id
1461 2382 1567 2439 est,
1596 2389 1705 2429 non
1731 2373 1966 2429 ﬁrmum.
2005 2376 2023 2415 ί
2056 2372 2192 2429 Nam

619 2464 789 2538 [cum]
821 2466 1083 2529 dicuntur
1106 2465 1306 2521 infirmi
1336 2467 1500 2522 etiam
1531 2476 1876 2539 aegrotantes.
1917 2467 2022 2523 Sed
2052 2468 2195 2523 inter

614 2554 887 2610 inﬁrmum
925 2564 980 2611 et
1018 2564 1325 2628 aegrotum,‘
1350 2557 1405 2611 id
1433 2565 1535 2623 est,
1576 2557 1719 2613 male
1760 2558 2052 2613 habentem
2090 2559 2194 2615 hoc

615 2650 748 2705 mihi
789 2650 1000 2707 videtur
1043 2652 1326 2707 interesse.
1372 2651 1588 2706 Etenim
1641 2653 1767 2717 ista,
1818 2651 2037 2718 fratres,
2077 2666 2197 2722 quas

615 2740 945 2811 distinguere
998 2749 1269 2812 utcunque
1309 2757 1589 2809 conamur,
1628 2742 1769 2798 forte
1803 2752 1858 2799 et
1882 2759 1980 2798 nos
2007 2758 2197 2815 possu-

616 2848 739 2888 mus
776 2833 979 2905 majore
1024 2834 1300 2906 diligentia
1340 2835 1536 2891 melius
1574 2836 1932 2907 distinguere,
1970 2844 2025 2890 et
2057 2835 2196 2890 alius

615 2924 867 2995 peritior,
890 2926 976 2982 vel
1002 2924 1203 2982 lumine
1232 2926 1412 2983 cordis
1437 2926 1667 2997 plenior.
1699 2927 1919 2982 Interim
1946 2943 2013 2981 ne
2043 2925 2194 2981 frau-

617 3019 841 3084 demini,
875 3019 1017 3089 quod
1046 3022 1239 3085 sentio,
1265 3021 1478 3091 loquor.
1504 3018 1724 3074 lnﬁrmo
1752 3035 1821 3074 ne
1845 3020 2055 3075 accidat
2080 3028 2198 3074 ten-

618 3107 774 3173 tatio,
812 3116 866 3162 et
893 3123 1015 3162 eum
1052 3107 1278 3179 frangat,
1315 3109 1614 3164 timendum
1641 3117 1745 3164 est.
1778 3109 2064 3180 Languens
2094 3125 2193 3164 au-

619 3208 731 3254 tem
778 3198 891 3268 jam
933 3199 1228 3268 cupiditate
1273 3200 1451 3270 aliqua
1499 3208 1746 3271 :egrotat,
1796 3209 1852 3255 et
1895 3201 2192 3270 cupiditate

621 3292 801 3363 aliqua
845 3292 1136 3363 impeditur
1176 3290 1243 3346 ab
1281 3292 1535 3347 intranda
1576 3293 1663 3347 via
1705 3293 1819 3358 Dei,
1854 3308 1884 3347 a
1913 3295 2193 3351 subeundo
2224 3280 2269 3342 C

693 3416 721 3444 α
758 3400 880 3473 Ipsa
909 3403 1252 3477 prosperitate
1272 3404 1644 3477 corrumpitur.
1673 3402 1957 3459 Metuenda
1981 3420 2199 3477 prospe-

622 3474 774 3547 ritas,
807 3488 930 3547 cum
955 3488 1095 3547 saepe
1117 3473 1169 3527 in
1191 3473 1287 3547 illa
1315 3473 1609 3529 homo'sibi
1654 3490 1777 3535 non.
1801 3473 2026 3542 metuat,
2070 3473 2200 3547 quia

619 3545 788 3599 nimio
829 3543 972 3617 illius
1002 3544 1329 3617 splendore,
1358 3552 1422 3617 _et
1447 3547 1665 3615 propria
1695 3547 1992 3617 cupiditate
2022 3543 2199 3603 ob'czec

619 3624 775 3671 catus
809 3615 1107 3685 periculum
1142 3631 1250 3670 non
1284 3615 1448 3682 videt,
1480 3617 1624 3685 quod
1650 3617 1705 3671 in
1729 3615 1842 3672 sala
1869 3619 2201 3673 adversitate

619 3687 853 3757 positum
883 3702 1001 3741 esse
1031 3688 1219 3742 credit.
1258 3685 1410 3754 Quod
1449 3687 1723 3756 sapienter
1764 3689 2052 3745 admodum
2100 3706 2202 3744 nos

622 3756 779 3811 docet
828 3756 886 3811 S.
936 3759 1267 3828 Augustinus
1312 3771 1475 3828 serm.
1526 3758 1612 3821 15,
1653 3760 1717 3813 de
1760 3760 1943 3815 verbis
1987 3760 2201 3815 Domini

621 3828 916 3883 secundum
952 3827 1305 3883 Matthaeum:
1341 3847 1359 3879 ‹
1407 3827 1617 3884 Putatis
1645 3837 1776 3884 tunc
1817 3846 1938 3885 esse
1978 3839 2200 3885 ventum

622 3898 987 3962 contrarium,
1042 3900 1257 3968 quando
1308 3908 1392 3953 est
1436 3899 1597 3969 hujus
1645 3899 1827 3954 smeuli
1875 3900 2198 3956 adversitas.

623 3969 850 4034 Quando
894 3969 1039 4042 enim
1080 3970 1240 4042 bella,
1290 3971 1507 4042 quando
1552 3970 1831 4042 tumultus,
1875 3973 2093 4042 quando
2117 3972 2202 4026 fa-

627 4053 761 4111 mes,
804 4040 1020 4111 quando
1058 4039 1389 4108 pestilentia,
1421 4040 1635 4109 quando
1674 4041 1869 4111 cuique
1892 4039 2199 4108 hominum,

625 4109 791 4163 etiam
818 4107 1026 4182 singulo
1056 4107 1469 4182 evenitprivata
1496 4107 1800 4175 calamitas,
1834 4121 1962 4166 tunc
1983 4107 2204 4182 putatur

625 4187 820 4261 ventus
886 4180 1184 4243 adversus,
1243 4181 1318 4234 ibi
1343 4249 1356 4261 ‘
1365 4189 1594 4261 pytatur
1650 4180 2001 4261 invocandus“
2040 4183 2200 4261 Deus.

625 4247 851 4322 Quando
884 4257 1063 4303 autem
1096 4247 1389 4320 temporali
1406 4249 1670 4322 felicitate
1688 4254 1945 4322 saeculum
1976 4254 2203 4322 arridet,

626 4320 779 4391 quasi
808 4336 912 4375 non
938 4329 1020 4375 est
1050 4329 1243 4375 ventus
1273 4322 1601 4376 contrarius.
1653 4320 1773 4376 Noli
1812 4325 1938 4378 hinc
1968 4320 2205 4380 interro;

625 4392 1048 4465 garetemporis
1093 4391 1579 4465 tranquillitatem;
1623 4392 1896 4465 interroga
1932 4396 2027 4450 sed
2059 4404 2207 4451 tuam

625 4463 969 4532 cupiditatem
1001 4482 1013 4518 :
1043 4464 1185 4529 vide,
1234 4463 1280 4518 si
1322 4463 1644 4533 tranquillus
1680 4480 1740 4520 es
1769 4463 1914 4521 in'te
1940 4484 1953 4519 :
1981 4466 2127 4528 vide,
2160 4467 2207 4522 si

625 4550 732 4607 non
773 4542 822 4607 te
859 4535 1345 4607 subvertitAventus
1368 4534 1616 4607 interior.
1654 4534 1783 4607 Hoc
1813 4536 1960 4602 vide,
1996 4552 2206 4607 magum

628 4604 844 4659 virtutis
869 4612 953 4658 est
979 4620 1101 4660 cum
1124 4604 1381 4660 felicitate
1410 4603 1632 4673 luctari;
1668 4623 1735 4661 ne
1752 4605 1960 4673 illiciat,
1988 4618 2056 4663 ne
2084 4603 2206 4662 cor-

628 4683 862 4748 rumpat,
885 4690 953 4728 ne
976 4676 1093 4744 ipsa
1119 4675 1397 4748 subvertat
1421 4674 1673 4748 felicitas.
1702 4678 1926 4748 Magum,
1958 4679 2198 4748 inquam,

628 4744 856 4818 virtutis
869 4753 956 4818 est
982 4761 1104 4801 cum
1141 4747 1396 4801 felicitate
1427 4747 1638 4813 luctari,
1682 4744 1892 4818 magna:
1928 4744 2206 4803 fclicitatis

627 4824 768 4940 est;
792 4814 1048 4871 felicitate
1070 4832 1178 4872 non
1206 4818 1370 4873 vinci.
1394 4838 1412 4870 ι
1452 4819 1549 4874 His
1577 4814 1810 4889 quadrat
1832 4818 1963 4875 illud
1998 4818 2207 4890 Virgilii

630 4901 665 4940 χ
770 4902 856 4940 n.:

630 4901 665 4940 Χ
695 4901 856 4941 1131).:

752 4978 930 5048 ljescla
952 4992 1092 5031 mens
1111 4981 1365 5048 hominum
1381 4983 1484 5043 fati,
1509 4984 1753 5048 sortisque
1776 4981 1976 5048 futura,

756 5041 815 5092 Et
833 5054 1035 5093 servare
1054 5044 1270 5107 modum,
1295 5046 1447 5094 rebus
1470 5041 1655 5094 Sublata
1672 5041 1918 5095 secundis.

632 5126 699 5200 Et
744 5126 801 5180 S.
847 5126 1048 5200 lsidori
1088 5128 1371 5183 Pelusiotae
1404 5129 1527 5183 libr.
1559 5147 1609 5195 v,
1647 5130 1804 5200 epist.
1837 5129 1941 5185 582
1968 5145 1982 5184 :
2015 5148 2033 5180 ‹
2056 5128 2210 5183 Multi

630 5198 814 5265 itaque
854 5196 1121 5252 dillicilius
1157 5200 1469 5255 existimant
1507 5215 1536 5254 a
1576 5196 1735 5256 rebus
1764 5201 2015 5257 secundis
2039 5202 2091 5255 in
2118 5200 2213 5254 ad-

632 5283 819 5345 versas
841 5342 850 5345 _
873 5268 1197 5345 incidentem
1231 5270 1433 5345 celsum
1458 5286 1680 5345 servare
1708 5273 1947 5326 animum
1974 5290 1986 5326 :
2014 5275 2126 5345 Ἑγό
2155 5270 2212 5327 δέ

632 5335 1016 5418 ᾇυσξολώτατον
1045 5343 1261 5418 ἠγᾳῇμαι
1287 5344 1343 5418 τὸ
1372 5344 1475 5398 ἀπὸ
1498 5342 1925 5418 δυσπραγίας-ιξς
1947 5335 2210 5418 εὐημῇἱαν

630 5407 1214 5497 ἁναδραβρχτςεχυὶάξὰι
1239 5414 1439 5497 μέτρεον
1465 5416 1525 5471 τὸ
1552 5407 1807 5495 φρὸἶνηραρ
1842 5414 1897 5497 iti
1917 5407 2074 5497 est,_'t
2097 5407 2210 5496 Ego

632 5479 770 5534 vero'
810 5479 1179 5553 ditiicillimum
1229 5479 1467 5539 arbitror
1515 5479 1670 5548 cuin,
1708 5479 1801 5553 qui
1851 5484 1918 5537 ab
1970 5479 2214 5540 adversis

634 5553 799 5606 rebus
835 5550 903 5604 ad
946 5553 1213 5607 secundas
1236 5556 1397 5618 redit,
1425 5550 1765 5608 moderatum
1793 5555 2067 5609 custodire
2093 5556 2213 5608 ani-

636 5637 851 5706 mum.)
896 5621 964 5675 Et
1008 5621 1268 5706 praciare
1305 5624 1561 5680 Salomon
1593 5625 1669 5678 ait
1709 5624 1869 5706 Prov.
1913 5625 2213 5706 “AA-persia

636 5691 980 5781 paruulor'um
1001 5691 1286 5781 interficiat
1335 5712 1443 5761 eos,
1489 5704 1535 5748 et
1575 5696 1893 5781 proiper‘itas
1934 5694 2214 5776 stultorum

636 5761 814 5883 perdet
835 5761 982 5845 θυοδ..
999 5764 1170 5830 Quem
1190 5762 1367 5845 locum
1388 5761 1662 5847 exponens
1683 5761 1740 5820 S.
1764 5764 2055 5834 Gregorius
2077 5780 2216 5847 papa

679 5830 827 5882 omni.
873 5830 942 5883 12
970 5848 1027 5883 m
1052 5832 1390 5883 Ezechielem
1415 5846 1685 5883 sapienter
1721 5836 2008 5883 admodum
2042 5836 2211 5883 diuit:

679 5830 827 5904 oinil.
873 5830 942 5904 12
970 5833 1027 5886 in
1052 5832 1390 5904 Ezechielem
1415 5830 1685 5904 sapienter
1721 5830 2009 5891 admodum
2042 5830 2211 5890 dicit:

650 5918 668 5950 ι
690 5897 794 5964 Qui
817 5900 963 5955 enim
1003 5916 1036 5957 a
1077 5900 1189 5956 Deo
1234 5897 1519 5971 avertitur,
1558 5913 1616 5962 et
1659 5914 2031 5978 prosperatur,
2062 5913 2216 5963 tanto

2292 1994 2430 2049 dixit
2452 2002 2578 2049 nata
2607 2003 2708 2050 est.
2736 1994 2891 2061 Quod
2912 1996 3148 2061 errabat,
3176 2013 3280 2050 non
3303 2002 3582 2054 revocastis
3618 2017 3637 2055 :
3668 2012 3719 2054 et
3749 2003 3895 2072 quod

2290 2088 2537 2158 perierat,
2561 2105 2665 2142 non
2689 2088 2973 2158 qua’sistis.
3005 2088 3120 2144 Hoc
3146 2089 3410 2157 faciendo,
3445 2091 3601 2158 Quod
3629 2094 3770 2164 forte
3791 2105 3893 2162 est,

2291 2178 2648 2248 interfecistis.
2688 2179 2717 2219 ιι
2762 2178 2998 2235 Proinde
3049 2181 3172 2235 audi
3204 2183 3335 2251 quid
3363 2192 3625 2254 sequatur
3670 2187 3741 2240 de
3788 2188 3895 2242 ista

2292 2268 2620 2339 negligentia
2664 2270 2953 2338 malorum,
3010 2271 3121 2326 imo
3160 2271 3420 2328 falsorum
3459 2284 3791 2345 pastorum:
3822 2278 3894 2333 Et

2293 2362 2542 2433 dispersw
2563 2371 2684 2416 sunt
2706 2379 2822 2417 oves
2851 2380 3002 2430 mete,
3033 2373 3083 2419 et
3124 2356 3280 2435 facta:
3308 2376 3429 2420 sunt
3455 2367 3511 2421 in
3533 2379 3893 2427 comesturam

2296 2453 2535 2506 omnibus
2576 2453 2752 2507 bestiis
2790 2454 2924 2524 agri.
2974 2454 3250 2510 Furantur
3288 2457 3401 2528 lupi
3429 2459 3779 2529 insidiantes,
3806 2480 3894 2519 ra-

2294 2543 2450 2613 piunt
2480 2543 2666 2599 leones
2698 2543 3015 2611 frementes,
3050 2546 3066 2585 ι
3111 2564 3234 2602 cum
3281 2564 3416 2606 oves
3455 2552 3747 2608 adhaerent
3773 2571 3895 2626 pas-

2298 2634 2421 2699 tori,
2442 2651 2566 2689 nam
2590 2651 2828 2711 prtesens
2846 2646 2929 2692 est
2950 2645 3157 2708 pastor,
3175 2639 3270 2693 sed
3292 2640 3436 2696 male
3463 2643 3754 2713 agentibus
3783 2662 3895 2702 non

2296 2735 2381 2781 est
2405 2735 2609 2797 pastor.
2643 2728 2713 2783 Et
2742 2730 3010 2784 inhzerent
3040 2732 3370 2800 pastoribus,
3399 2745 3441 2772 ιη
3468 2732 3625 2807 [non]
3653 2739 3892 2805 pastori-

2295 2818 2398 2874 bus
2428 2819 2656 2888 seipsos,
2692 2836 2800 2875 non
2827 2836 2956 2876 oves
2985 2823 3355 2891 pascentibus.
3389 2824 3457 2878 Et
3482 2824 3706 2881 lethalis
3736 2843 3894 2884 error

2298 2910 2672 2983 consequitur.
2708 2911 2852 2966 Eunt
2879 2913 2933 2966 in
2959 2911 3169 2993 bestias
3203 2914 3579 2984 depraedantes
3617 2932 3699 2983 se,
3742 2928 3799 2974 et
3825 2920 3893 2977 de

2299 3002 2515 3057 illorum
2545 3013 2721 3059 morte
2745 3020 2803 3060 se
2842 3006 3042 3061 satiare
3068 3008 3367 3078 cupientes.
3400 3008 3562 3065 Tales
3586 3011 3735 3067 enim
3766 3020 3897 3068 sunt

2298 3094 2390 3164 qui
2419 3096 2658 3166 gaudent
2697 3096 2763 3152 de
2790 3098 3072 3154 erroribus
3106 3098 3332 3166 alienis;
3363 3098 3554 3155 bestiae
3576 3110 3707 3157 sunt
3724 3112 3894 3175 pasta:

2303 3195 2332 3223 ιι
2366 3187 2663 3244 montibus.

2300 3299 2593 3374 perditioni
2608 3300 2676 3374 ﬁt
2710 3302 3010 3373 proximus,
3035 3311 3239 3372 quanto
3267 3318 3296 3357 a
3328 3303 3439 3358 zelo
3459 3303 3766 3374 disciplina:
3797 3308 3885 3361 in-

2302 3370 2519 3424 venitur
2547 3371 2775 3425 alienus.

2370 3440 2398 3478 b
2421 3439 2547 3511 _Non
2567 3457 2688 3511 ergo
2719 3458 2838 3495 cum
2869 3442 3120 3510 wdiﬁcat.
3146 3445 3214 3499 τὸ
3244 3459 3363 3496 cum
3396 3443 3685 3508 redundat,
3730 3445 3894 3501 etle-

2301 3509 2568 3586 gentium:
2601 3509 2727 3586 Non
2774 3528 2908 3586 ergo
2933 3509 3183 3586 mdiﬁcat
3205 3520 3365 3582 super
3400 3524 3631 3586 petram,
3672 3515 3765 3586 qui
3810 3517 3889 3569 sic

2302 3580 2551 3654 grdiﬁcat.
2606 3580 2712 3635 Aut
2761 3583 2805 3635 si
2834 3580 3057 3654 'placeti
3085 3580 3324 3637 retinere
3366 3580 3697 3653 particulam
3747 3602 3885 3654 cum,

2303 3649 2465 3732 lege.
2486 3667 2750 3735 nonnergo
2778 3649 2894 3735 cum
2921 3652 3149 3735 redi/ica!
3193 3649 3595 3735 supeiijpetram
3639 3649 3885 3735 (edificat,

2301 3721 2392 3791 qui
2419 3721 2495 3774 sic
2521 3722 2768 3790 (ediﬁcat.
2809 3723 2870 3778 In
2910 3721 3239 3792 quibusdam
3274 3721 3605 3779 editionibus
3653 3721 3884 3795 legitur:

2303 3808 2422 3845 eum
2453 3808 2551 3847 1)Γο
2577 3809 2715 3847 cum.

2376 3863 2538 3937 °_Sed
2554 3880 2720 3937 super:
2757 3880 2974 3937 arenam
3020 3868 3186 3937 ponit.
3243 3864 3527 3922 Verbum:
3559 3865 3743 3934 Ponit,
3782 3883 3883 3925 non

2306 3941 2398 4006 est_
2416 3933 2470 4006 iii
2501 3934 2664 4006 editis
2688 3933 2914 4006 S._Aug.

2374 4002 2402 4042 ἀ
2428 4002 2732 4057 Imitandrr.
2758 4004 2815 4057 lu
2837 4002 2998 4060 editis
3023 4007 3243 4061 additur
3266 4008 3326 4062 τὸ
3346 4016 3489 4061 sum.

2370 4073 2930 4150 fOpprobriarirere.
2980 4075 3178 4139 Vivere,
3223 4077 3327 4132 hoc
3373 4076 3491 4150 loco
3515 4079 3757 4150 ponitur
3794 4094 3887 4150 pro

2307 4145 2498 4220 bibere,
2531 4162 2557 4198 υ
2582 4159 2681 4220 pro
2716 4144 3107 4220 b,_V_asconum
3150 4162 3333 4220 more;
3368 4148 3430 4220 in
3462 4144 3627 4220 editis
3653 4147 3692 4203 S
3750 4144 3885 4220 Aug.

2305 4213 2729 4288 legituraudire.
2758 4215 2861 4270 Sed
2889 4227 3019 4285 puto
3043 4217 3330 4288 legendum
3358 4218 3549 4272 bibere.
3581 4218 3717 4274 Illud
3746 4213 3887 4275 enim

2307 4284 2379 4342 1‘3
2394 4284 2709 4358 audirenon
2735 4288 2869 4340 satis
2891 4284 3185 4358 signiﬁcat.
3217 4289 3277 4343 lu
3302 4287 3606 4344 Concordia
3635 4289 3884 4347 Vindoci-

2306 4356 2461 4411 uensi
2493 4356 2727 4425 legitur:
2760 4356 3057 4413 Sustinere.

2378 4426 2399 4465 ί
2433 4425 2586 4499 Quod
2622 4426 2951 4499 iuﬁmtatum
2979 4439 3072 4491 est,
3099 4438 3219 4499 etc,
3243 4428 3490 4484 Habetur
3520 4430 3667 4499 apud
3691 4429 3749 4486 S.
3779 4432 3885 4485 Au-

2308 4497 2604 4571 gustinum,
2625 4497 2869 4571 ejusdem
2899 4499 3022 4571 libri
3053 4515 3171 4571 cap.
3198 4498 3250 4571 6ζ

2383 4565 2529 4641 {Et
2580 4568 2874 4623 commoda.
2953 4565 3159 4641 Lege':
3212 4570 3299 4624 Ea:
3348 4571 3670 4636 commodo,
3723 4579 3786 4625 ut
3839 4572 3888 4625 in

2229 4631 2284 4691 D
2308 4636 2488 4691 editis.

2375 4708 2405 4747 ιι
2436 4706 2504 4781 Id
2531 4718 2607 4762 est
2632 4709 2921 4781 inﬁrmum,
2946 4711 3002 4765 id
3030 4721 3107 4766 est
3142 4727 3246 4766 non
3274 4711 3505 4781 ﬁrmum.
3533 4710 3801 4775 Primum,
3828 4710 3891 4765 Id

2306 4787 2404 4843 est,
2428 4780 2583 4833 abest
2601 4780 2670 4833 ab
2694 4782 2930 4836 excusis.

2384 4853 2401 4890 ί
2434 4848 2576 4902 Nam
2618 4867 2753 4904 cum.
2783 4854 2851 4907 Τὸ
2883 4867 3000 4905 cum
3031 4851 3318 4917 redundat,
3348 4865 3448 4906 nec
3484 4860 3567 4906 est
3606 4854 3660 4906 in
3712 4852 3887 4906 editis.

2383 4920 2397 4969 i
2446 4919 2571 4990 Non
2592 4921 2793 4990 frustra
2814 4939 2955 4990 ergo,
2988 4932 3095 4977 etc.
3127 4922 3253 4977 llaec
3278 4937 3451 4987 usque
3476 4922 3542 4975 ad
3569 4923 3655 4977 illa
3688 4924 3887 4978 verba:

2311 4989 2548 5065 Proiude
2582 4989 2718 5065 audi
2760 4989 2921 5065 quid_
2936 4994 3195 5065 sequitur,
3222 5001 3439 5048 exstant
3466 4994 3608 5063 apud
3650 4992 3712 5047 S.
3756 4992 3887 5063 Aug.

2204 5084 2217 5093 ·
2312 5060 2553 5132 ejusdem
2582 5060 2706 5132 libri
2733 5076 2854 5132 cap.
2889 5061 2941 5115 7.

2385 5132 2412 5205 it
2440 5129 2678 5205 Proinde
2701 5129 2827 5205 audi
2847 5131 2972 5205 quid
3002 5135 3252 5205 sequitur.
3279 5134 3407 5190 Hzec
3427 5148 3603 5205 usque
3628 5134 3700 5189 ad
3734 5135 3891 5189 ﬁnem

2313 5202 2582 5273 habentur
2605 5202 2762 5256 initio
2791 5202 2909 5273 cap.
2938 5202 2992 5257 8.

2390 5270 2418 5346 1A
2454 5269 2585 5346 Cum
2607 5289 2721 5346 oves
2743 5269 3012 5346 adhirrent
3038 5275 3259 5346 pastori.
3281 5275 3358 5330 Ita
3387 5277 3441 5331 in
3469 5275 3775 5346 Concordia
3805 5290 3891 5329 co-

2314 5343 2451 5399 dicis
2500 5342 2933 5398 Vindocinensis.
2980 5342 3048 5399 ln'
3082 5347 3300 5402 excusis
3339 5345 3556 5411 legitur,
3606 5345 3743 5400 Cum
3781 5362 3891 5399 om

2317 5431 2419 5469 non
2454 5413 2650 5467 luerent
2694 5415 2913 5484 pastori.
2956 5415 3063 5486 Sed
3092 5418 3310 5486 negatio
3341 5413 3555 5472 videtur
3581 5431 3891 5486 expunged.

2316 5487 2558 5558 da,_cum
2601 5492 2858 5558 sequatur
2889 5503 2903 5538 :
2944 5484 3085 5538 Nam
3118 5484 3362 5558 praesens
3395 5497 3471 5541 est
3508 5484 3694 5558 pastor
3735 5484 3889 5558 {Sed

2315 5554 2453 5610 male
2469 5554 2744 5626 agentibus
2768 5572 2872 5608 non
2894 5554 3190 5626 esipastOr,
3217 5568 3264 5610 et
3285 5554 3541 5610 inhrereat
3571 5557 3886 5626 pastoribus.

2389 5636 2431 5664 ω
2457 5623 2580 5679 Non
2608 5626 2925 5700 pastoribus.
2957 5623 3230 5682 Particula
3256 5629 3508 5700 negativa
3534 5623 3889 5699 eipungenda

2317 5702 2422 5759 est,
2450 5710 2552 5749 nec
2575 5702 2656 5748 est
2691 5696 2745 5749 in
2767 5696 2944 5751 editis.

2390 5774 2420 5804 ιι
2441 5763 2727 5841 gentibus.
2758 5766 2816 5841 in
2844 5770 2963 5841 cod.
3004 5768 3163 5824 Vind.
3193 5767 3709 5841 legitur,mortibus,
3740 5776 3881 5823 recte

2320 5836 2375 5889 in
2404 5834 2585 5909 editis,
2615 5837 2875 5909 morsibus
2909 5834 3285 5909 dispersorum.
3319 5840 3426 5894 Sed
3452 5843 3511 5897 τὸ
3538 5839 3887 5909 disperserunt

2319 5904 2623 5974 exscriptor
2647 5906 2851 5975 omisit,
2883 5904 3029 5978 quod
3061 5918 3243 5967 tamen
3273 5904 3647 5968 necessarium
3670 5919 3777 5966 est.
