4088 6330
272 383 409 447 1033

269 503 520 563 humilem
565 508 614 557 et
663 498 898 573 quietum
944 507 996 556 et
1041 503 1347 554 trementem
1394 509 1658 551 sermones
1704 508 1848 549 meos
1875 495 1930 559 Α

270 593 426 668 (Isai.
461 592 634 665 LIVI).
1602 655 1612 660 ᾗ

270 710 403 783 §IV.
424 740 499 752 —
517 707 596 765 Ex
620 707 843 764 Rasum
868 719 1056 762 SANC'I‘I
1082 703 1282 761 lsmom
1305 717 1541 759 EPISCOPI
1575 701 1713 774 (cap.
1740 696 1851 764 14).

338 828 397 885 Si
442 824 639 898 aliquis
680 823 1181 881 excommunicatus
1231 821 1286 875 in
1329 819 1506 889 prima
1551 818 1853 885 interroga-

271 923 415 980 tione
445 917 763 990 querelosus
784 916 869 972 vel
903 928 1250 972 murmurans
1279 909 1624 982 apparuerit,
1650 916 1704 962 et
1733 920 1858 962 suas

273 1008 570 1067 sententias
609 1005 843 1078 superbe
881 1007 969 1061 vel
1012 1005 1321 1074 importune
1367 998 1757 1062 vindicaverit,
1804 1003 1861 1050 et

272 1103 373 1159 hoc
421 1101 605 1158 senior
647 1096 997 1153 manifestum
1039 1110 1163 1151 esse
1204 1092 1550 1165 cognoverit,
1591 1103 1764 1159 usque
1803 1087 1860 1141 in

274 1195 416 1251 diem
444 1192 665 1249 tertium
687 1197 906 1245 maneat
924 1185 1424 1244 excommunicatus
1448 1200 1461 1235 ε
1493 1182 1569 1236 ita
1593 1188 1652 1233 ut
1679 1175 1860 1232 nullus

274 1301 398 1342 cum
419 1300 484 1340 eo
513 1284 785 1354 loquatur.
809 1280 942 1336 Cum
967 1278 1131 1334 tertio
1158 1291 1291 1331 vero
1315 1275 1402 1329 die
1428 1273 1503 1327 ita
1533 1269 1858 1334 sciscitatus,

276 1385 329 1435 et
357 1378 412 1432 in
450 1375 703 1447 superbia
747 1387 910 1443 quam
946 1370 1217 1434 diximus,
1256 1365 1422 1422 fuerit
1453 1363 1860 1434 deprehensus,

247 1483 556 1542 .quousque
600 1463 873 1538 ergastulo
925 1470 1236 1518 coarctatus
1288 1464 1636 1529 perseveret,
1692 1453 1864 1508 donec

277 1576 493 1620 omnem
541 1558 907 1630 arrogantiam
937 1554 1208 1625 superbiae
1248 1551 1500 1621 deneget.
1535 1546 1690 1615 Quod
1731 1545 1777 1600 si
1808 1546 1864 1599 in

280 1655 420 1713 malo
454 1667 808 1726 perseverans
842 1646 1222 1722 perduraverit
1269 1653 1326 1700 ct
1368 1659 1542 1716 prona
1586 1641 1867 1696 voluntate

277 1746 653 1820 paenitentiam
683 1758 844 1816 agere
873 1741 1127 1806 noluerit,
1160 1747 1217 1795 et
1245 1752 1386 1808 saepe
1409 1751 1474 1792 ac
1501 1750 1644 1805 saepe
1676 1741 1868 1789 contu-

279 1857 403 1897 max
435 1846 808 1895 murmurator
831 1834 1015 1907 palule
1046 1839 1234 1889 contra
1271 1829 1516 1886 seniores
1543 1826 1632 1883 vel
1669 1824 1868 1880 fratres

279 1935 336 1991 in
356 1933 496 1989 facie
525 1929 850 2004 perstiterit,
886 1937 1093 1984 etcum
1134 1923 1454 1996 propinquis
1491 1937 1551 1978 se
1591 1920 1870 1974 vindicare

279 2025 563 2084 maluerit:
593 2023 648 2079 in
677 2020 969 2078 collatione
996 2018 1260 2074 deductus
1293 2022 1528 2070 exuatur
1555 2009 1874 2067 monasterii

279 2118 541 2183 vestibus,
573 2124 628 2172 et
657 2115 934 2180 induatur,
959 2125 1096 2182 quas
1117 2109 1247 2164 olim
1275 2107 1616 2171 adduxerat,
1641 2102 1871 2160 saecula-

279 2213 467 2280 ribus,
497 2218 554 2268 et
585 2223 710 2266 cum
738 2206 1071 2264 confusionis
1109 2211 1240 2259 nota
1267 2217 1299 2257 a
1333 2198 1667 2256 monasterio
1693 2193 1876 2266 expel-

281 2305 427 2360 latur
457 2319 472 2358 :
504 2309 565 2357 ut
606 2300 791 2358 caeteri
836 2298 1213 2360 emendentur,
1261 2293 1390 2348 dum
1442 2291 1673 2347 fortasse
1727 2286 1875 2343 solus

285 2398 381 2454 tali
411 2395 754 2466 correptione
783 2392 872 2447 ille
903 2391 1222 2461 delinquens
1256 2385 1569 2456 corrigitur.

287 2514 402 2588 εγ.
423 2542 497 2553 --
519 2510 598 2566 Ex
623 2509 845 2581 Rasum.
873 2520 1063 2562 SANCTI
1088 2503 1292 2558 BASILII
1320 2512 1559 2555 Episcom
1591 2492 1874 2568 (cap.l28).

364 2625 625 2695 Interrog.
653 2634 680 2663 α
709 2621 853 2692 Erga
885 2633 1008 2674 eum
1040 2617 1134 2688 qui
1169 2630 1286 2687 pro
1302 2620 1531 2685 peccato
1560 2625 1670 2666 non
1703 2607 1879 2679 poeni-

289 2725 368 2773 tet
386 2757 399 2783 ,
430 2713 664 2786 qualiter
687 2724 808 2767 esse
833 2696 1127 2765 debemus?
1144 2705 1384 2775 —Resp.
1417 2703 1570 2757 Sicut
1602 2699 1880 2773 bDominus

290 2807 548 2882 praecepit
574 2805 761 2861 dicens
789 2817 804 2856 :
835 2800 917 2856 Sit
947 2799 1041 2853 tibi
1065 2799 1201 2853 sicut
1225 2794 1434 2867 gentilis
1478 2801 1528 2848 et
1566 2790 1879 2862 publicanus

295 2905 511 2979 (Matth.
542 2899 718 2974 xvm).
749 2896 903 2952 Sicut
937 2892 1226 2965 Apostolus
1268 2888 1455 2945 docuit
1483 2886 1707 2979 dicens:
1737 2881 1879 2938 Sub-

294 2973 486 3051 trahite
531 3011 620 3049 vos
669 2973 732 3045 ab
777 2987 918 3044 omni
965 2983 1184 3056 fratreb
1218 2979 1447 3052 inquieta
1489 2973 1791 3030 ambulante
1833 2979 1883 3026 et

294 3102 401 3142 non
427 3083 715 3140 secundum
742 3077 1080 3134 traditionem
1099 3115 1116 3142 ,
1143 3084 1166 3114 °
1198 3087 1357 3145 quam
1386 3066 1705 3124 tradidimus
1739 3061 1882 3119 vobis

296 3175 384 3249 (II
414 3175 595 3233 Thess.
619 3172 728 3246 ιιι).

597 3288 626 3361 §
651 3285 742 3344 VI.
769 3316 842 3330 -—-
866 3283 1004 3341 Item
1031 3282 1265 3356 ejusdem
1296 3278 1437 3354 (cap.
1469 3275 1581 3350 77).

367 3405 632 3474 lnterrog.
656 3401 685 3442 (ι
709 3401 865 3470 Quod
900 3400 947 3456 si
973 3399 1330 3456 contristatur
1355 3394 1475 3459 ille,
1507 3391 1601 3462 qui
1635 3401 1658 3429 ο
1685 3387 1890 3444 excita-

297 3508 422 3560 tur;
454 3501 549 3548 aut
572 3491 738 3546 etiam
769 3491 814 3544 si
841 3488 1117 3553 irascitur,
1147 3485 1277 3556 quid
1296 3485 1490 3553 dignus
1513 3476 1886 3547 est?—-Resp.

295 3585 524 3646 Interim
553 3579 1015 3639 excommunicari
1039 3579 1221 3644 debet,
1246 3585 1304 3632 et
1327 3590 1435 3630 non
1465 3574 1487 3613 ί
1522 3572 1887 3636 manducare,

298 3681 349 3738 si
383 3677 524 3734 forte
546 3680 900 3746 compunctus
925 3669 1170 3742 agnoscit
1191 3665 1410 3738 quantis
1436 3672 1492 3720 et
1521 3661 1773 3734 qualibus
1794 3660 1895 3716 bo-

271 3761 274 3763 λ
300 3773 390 3830 nis
417 3767 769 3840 semetipsum
789 3763 1109 3834 insipienter
1137 3759 1442 3825 defraudet,
1487 3765 1544 3812 et
1569 3755 1645 3810 ita
1668 3767 1894 3810 conver-

301 3878 398 3922 sus
425 3861 652 3932 recipiat
677 3857 907 3930 gratiam
936 3855 1076 3926 ejus,
1110 3853 1205 3924 qui
1234 3851 1408 3908 dixit:
1436 3847 1640 3904 Mentor
1665 3848 1745 3918 fui
1768 3846 1888 3913 Dei,

304 3967 357 4016 et
407 3956 696 4012 delectatus
734 3969 850 4007 sum
907 3947 1081 4023 (Psal.
1123 3947 1330 4021 Lxxvr).
1363 3945 1517 4014 Quod
1557 3946 1602 4001 si
1644 3959 1894 4016 perman-

302 4048 442 4106 serit
468 4047 524 4102 in
551 4044 780 4100 stultitia
806 4057 915 4098 non
951 4041 1255 4112 intelligens
1277 4040 1510 4112 gratiam
1530 4080 1544 4105 ,
1583 4037 1894 4093 abscidatur

305 4153 565 4212 tanquam
586 4137 950 4211 putrefactum
976 4136 1279 4191 membrum
1300 4150 1330 4188 a
1347 4149 1593 4204 corpore.
1619 4131 1891 4202 Scriptum

307 4242 395 4291 est
421 4232 565 4287 enim
593 4250 606 4285 :
633 4230 773 4296 Quia
803 4228 1008 4300 expedit
1060 4236 1118 4280 ut
1154 4235 1330 4298 pereat
1372 4242 1536 4279 unum
1577 4224 1891 4289 membrum,

311 4328 340 4368 8
367 4334 416 4380 et
444 4341 548 4379 non
589 4338 742 4378 omne
779 4337 968 4393 corpus
1013 4329 1162 4375 tuum
1211 4321 1456 4374 mittatur
1498 4319 1554 4371 in
1603 4317 1892 4388 gehennam

308 4421 528 4496 (Matth.
553 4420 632 4494 v).

384 4567 410 4596 α
444 4553 865 4626 Ενρα-ειιηιίᾳᾳί,
895 4561 1000 4608 etc.
1037 4550 1164 4608 Haec
1199 4541 1497 4626 su_nt_apu‘d
1537 4550 1594 4607 S.
1630 4549 1892 4626 Basiliam

309 4627 504 4682 interr.
525 4622 562 4679 9
586 4622 776 4695 Regul.
797 4625 976 4695 brev._,
998 4632 1053 4695 et
1085 4624 1222 4694 apud
1245 4623 1523 4695 Ruﬁnum,
1548 4638 1669 4695 cap,
1695 4622 1786 4676 ‘24.

385 4697 413 4735 ιι
445 4692 699 4766 Ιηᾳαίεῑᾰ.
744 4694 909 4766 Apud
940 4692 1196 4766 Ruﬁnum
1217 4692 1704 4766 ,Aimmoderatefln
1746 4701 1895 4766 textu

311 4767 507 4824 Graeco
525 4764 547 4819 ':
575 4768 829 4847 ᾁτάκτως,
860 4764 916 4820 id
935 4772 1040 4830 est,
1069 4764 1398 4832 inordinate,
1429 4773 1492 4818 ut
1513 4764 1676 4820 habet
1715 4764 1898 4819 versio

311 4852 640 4893 communis.

392 4919 413 4946 ε
451 4905 622 4972 Quam
650 4905 987 4960 tradidimus.
1029 4904 1110 4959 Ita
1155 4905 1296 4976 apud
1333 4903 1624 4961 Ruﬁnum:
1657 4906 1817 4962 aliter
1845 4906 1901 4961 in

315 4986 469 5060 textu
497 4976 724 5060 Graeco:
753 4979 811 5036 ἣν
835 4977 1125 5060 «spelaea»
1151 4977 1278 5049 παρ’
1301 4979 1472 5060 ἡμῶν.
1504 4976 1558 5032 id
1589 4986 1705 5060 est,
1732 4985 1791 5031 ut
1811 4977 1904 5031 ha-

314 5051 411 5105 bet
437 5049 614 5102 versio
635 5047 962 5113 communis,
985 5062 1141 5117 quam
1164 5047 1473 5117 acceperunt
1509 5066 1541 5100 a
1566 5049 1733 5103 nobis.

389 5119 415 5158 ά
453 5119 607 5183 Quod
636 5119 683 5172 si
706 5119 1071 5184 contristatur,
1110 5125 1217 5171 etc.
1245 5117 1438 5172 Exstat
1470 5119 1610 5187 apud
1654 5118 1711 5172 S.
1753 5119 1906 5174 Basi-

483 5189 696 5313 4igitur.
756 5187 826 5245 44
864 5187 1056 5260 Regul.
1113 5188 1265 5244 brev.
1318 5197 1373 5244 et
1426 5189 1569 5259 apud
1612 5189 1903 5258 Ruﬁnum,

394 5342 419 5402 ἦ
450 5329 765 5402 Eacitatur.
780 5330 868 5402 Ad,
888 5330 1122 5402 vigilias.

400 5400 420 5438 ί
460 5400 584 5454 Νοη
608 5400 1031 5456 manducare—Id
1059 5408 1161 5467 est,
1214 5416 1324 5458 uno
1366 5410 1461 5457 aut
1495 5403 1668 5459 altero
1699 5401 1788 5459 die
1829 5403 1913 5458 in-

320 5470 504 5555 ediam
533 5472 742 5555 pati,u.t
769 5488 935 5544 supra
956 5472 1260 5545 vidimusjn
1285 5473 1370 5529 his
1396 5473 1649 5530 Patribus
1671 5490 1702 5529 a
1723 5483 1912 5530 nostro

325 5551 552 5598 auclore
578 5551 779 5597 citatis.

397 5616 422 5653 8
461 5611 530 5666 Et
545 5628 660 5687 non
682 5623 849 5687 totum
877 5630 1067 5687 corpus
1093 5623 1260 5687 tuum.
1300 5615 1382 5670 Ad
1413 5617 1638 5673 verbum
1664 5630 1733 5671 ex
1762 5624 1915 5672 textu

325 5683 520 5740 (Ξῖ-προ
544 5683 826 5770 Evangelii
851 5703 865 5739 :
899 5683 989 5742 καὶ
1009 5692 1079 5759 μή
1105 5685 1222 5770 dicit
1246 5687 1399 5770 σῶμᾷ
1421 5709 1544 5770 ρον.
1574 5688 1729 5770 Apud
1766 5688 1918 5742 Ruﬁ-

327 5771 504 5840 num_:
540 5753 726 5822 Quani
737 5765 905 5812 totum
927 5753 1116 5830 corpus
1143 5753 1392 5826 tuum,nt
1419 5760 1474 5814 in
1495 5753 1748 5816 versione
1772 5775 1920 5816 eom-

327 5842 505 5886 muni.

392 5842 505 5882 [In].

403 5900 433 5944 ιι
471 5897 535 5958 Si
561 5900 680 5956 auis
702 5899 881 5968 habet,
920 5906 1030 5956 etc.
1064 5901 1360 5975 Reperitur
1395 5904 1537 5977 apud
1570 5902 1628 5964 S.
1660 5903 1924 5974 Basilium

654 5995 934 6061 ΡΔτιιοι..
981 5992 1151 6069 CIII,
1183 5990 1188 5997 ’
1272 5991 1279 6000 ’

1117 374 1508 438 αοΝαοιωιΑ
1542 371 2002 433 REGULARUM.
2041 400 2114 416 -
2149 353 2302 430 (ῙΑΡ.
2343 366 2608 426 xxxvn.

1908 3238 1957 3302 C

1916 4600 1972 4664 Ῑ)
1998 4600 2393 4680 ψῖῖὐοῖάιτὶτῖ

3389 366 3533 428 1054

2248 487 2276 560 §
2303 485 2415 543 VII.
2440 516 2510 525 —
2529 484 2666 540 Item
2694 483 2927 555 ejusdem
2953 480 3092 554 (cap.
3118 479 3232 553 75).

2027 581 2292 651 Interrog.
2317 579 2347 617 ιι
2372 579 2430 634 Si
2455 578 2577 649 quis
2599 576 2762 632 habet
2781 575 2997 647 aliquod
3014 575 3226 641 vitium,
3249 575 3394 644 quod
3419 590 3544 632 cor-

1957 675 2136 748 rigere
2165 688 2274 728 non
2302 679 2502 743 potest,
2534 681 2589 726 et
2626 670 2941 741 frequenter
2969 669 2987 708 ί
3013 674 3250 732 notatur,
3277 675 3332 721 et
3361 667 3416 720 in
3446 681 3544 736 pe-

1951 765 2042 836 jus
2087 764 2334 836 proﬁcit,
2375 765 2421 820 si
2459 779 2584 819 eum
2614 762 2834 834 expedit
2874 759 2888 812 i
2943 759 3360 816 intermitti?—
3386 756 3544 829 Resp.

1961 860 2030 916 Et
2051 860 2155 914 hoc
2184 858 2312 914 alibi
2342 856 2457 925 jam
2490 857 2754 923 diximus,
2799 854 2927 926 quia
2970 859 3547 924 oportet'peccantem

1962 950 2238 1020 corripere
2289 948 2560 1020 patienter
2613 946 2909 1003 secundum
2966 960 3122 1010 eum,
3171 959 3332 1014 quem
3383 956 3550 1014 supra

1963 1046 2323 1111 ostendimus,
2343 1045 2559 1100 modum
2577 1059 2606 1097 a
2622 1042 2852 1098 Domino
2873 1041 3112 1111 positum
3130 1038 3346 1109 (Matth.
3366 1035 3548 1108 xvm).

1963 1137 2119 1206 Quod
2164 1137 2209 1192 si
2251 1152 2361 1192 non
2403 1135 2670 1190 suﬁicitei
2701 1134 2769 1189 ad
2800 1132 3265 1194 emendationem,
3295 1129 3437 1184 sicut
3475 1126 3555 1181 illi

1963 1228 2266 1292 Corinthio,
2302 1226 2599 1297 objurgatio
2622 1226 2733 1279 htcc
2761 1241 2878 1296 qua:
2904 1223 2963 1292 ﬁt
2990 1220 3284 1292 a,pluribus
3313 1217 3397 1290 (11
3426 1216 3553 1272 Cor.

1965 1318 2054 1395 ιι),
2089 1318 2249 1375 sicuti
2277 1316 2498 1389 gentilis
2527 1315 2595 1370 de
2644 1314 2856 1384 reliquo
2906 1321 2964 1368 et
3003 1312 3327 1382 publicanus
3363 1308 3560 1364 haberi

1965 1413 2143 1475 debet,
2177 1411 2269 1481 qui
2301 1409 2567 1481 ejusmodi
2595 1416 2678 1463 est
2706 1407 2922 1480 (Matth.
2955 1405 3030 1477 v).
3064 1405 3201 1473 Quia
3227 1404 3276 1458 ci
3308 1417 3560 1474 parcere,

1965 1517 2130 1574 quem
2170 1500 2430 1556 Dominus
2477 1497 2879 1563 condemnavit,
2916 1496 2945 1536 Κ
2969 1495 3104 1550 velle
3125 1503 3278 1549 tuum
3302 1508 3407 1548 non
3444 1501 3560 1560 est;

1967 1598 2202 1653 maxime
2231 1611 2354 1650 cum
2377 1594 2640 1649 Dominus
2665 1590 2847 1646 dicat':
2879 1588 3018 1656 Quia
3045 1589 3251 1660 expedit
3275 1587 3567 1659 unicuique

1967 1700 2025 1745 ut
2055 1705 2220 1743 unum
2248 1687 2478 1753 oculum,
2507 1695 2597 1740 aut
2622 1702 2788 1740 unum
2811 1684 2993 1754 pedem
3019 1682 3244 1754 perdat,
3273 1691 3320 1736 et
3361 1681 3438 1736 ita
3479 1682 3566 1735 in-

1971 1789 2071 1835 tret
2095 1781 2151 1834 in
2177 1796 2412 1850 regnum,
2440 1794 2622 1849 quam,
2647 1777 2771 1830 dum
2792 1776 2962 1847 parcit
2989 1775 3168 1830 unica:
3191 1774 3273 1828 his
3295 1771 3564 1839 membris,

1897 1871 1945 1931 B
1973 1881 2139 1928 totum
2164 1888 2351 1942 corpus
2375 1870 2618 1925 mittatur
2636 1869 2692 1923 in
2713 1868 3002 1940 gehennam
3015 1867 3388 1938 ignis:ibierit
3410 1867 3568 1936 [lctus

1952 2015 1956 2021 .
1975 1971 2024 2018 et
2047 1963 2250 2017 stridor
2273 1962 2510 2016 dentium
2541 1959 2760 2033 (Matth.
2782 1958 2961 2032 XVIII).
2989 1958 3098 2014 Sed
3116 1967 3173 2014 et
3190 1956 3482 2028 Apostolus
3500 1955 3573 2011 de

1976 2053 2109 2126 ipsis
2140 2060 2374 2109 testatur
2401 2053 2589 2108 dicens
2618 2071 2631 2106 :
2663 2051 2802 2118 Quia
2837 2051 3105 2105 modicum
3140 2052 3454 2122 fermentum
3491 2058 3574 2105 to-

1977 2155 2085 2201 tam
2109 2163 2342 2201 massam
2364 2146 2655 2208 corrumpit
2685 2142 2830 2216 (Gal.
2863 2143 2968 2216 ιιι).

2049 2237 2426 2311 §Vlll.—-Ex
2464 2238 2685 2295 Recens
2723 2252 2914 2294 SANCTI
2955 2237 3158 2294 lsmom
3199 2238 3339 2311 (cap.
3381 2238 3495 2312 l6).

2054 2326 2073 2365 ι
2112 2326 2214 2395 Qui
2243 2328 2394 2400 gravi
2425 2328 2557 2382 vitio
2578 2342 2719 2397 saepe
2742 2329 3246 2384 excommunicatus
3271 2329 3578 2400 neglexerit

1977 2423 2289 2488 emendare,
2313 2422 2501 2476 tandiu
2517 2433 2557 2460 ω
2573 2421 2908 2476 damnationi
2927 2420 3227 2490 subjaceat,
3247 2433 3272 2459 η
3292 2436 3578 2492 quousque

1977 2515 2108 2571 vitia
2141 2515 2327 2570 inolita
2354 2516 2588 2586 deponat
2623 2533 2634 2568 :
2663 2523 2724 2570 ut
2749 2531 2912 2586 quem
2953 2515 3119 2570 semel
3152 2515 3301 2569 illata
3331 2514 3580 2570 animad-

1978 2609 2160 2664 versio
2173 2624 2281 2662 non
2300 2607 2563 2674 coercuit,
2585 2605 2840 2677 frequens
2864 2607 3130 2662 severitas
3152 2614 3375 2663 censeat
3387 2622 3580 2663 emen-

1983 2701 2240 2757 dandum.
2306 2700 2566 2768 Quamvis
2611 2699 2980 2770 frequentium
3017 2701 3582 2773 gravissimorumque

1981 2792 2242 2847 vitiorum
2257 2791 2502 2862 voragini
2517 2791 2589 2846 sit
2614 2791 2842 2860 quisque
2869 2791 3182 2857 immersus,
3209 2799 3234 2828 ο
3265 2808 3375 2846 non
3402 2801 3488 2848 est
3501 2801 3583 2847 ta-

1984 2899 2111 2940 men
2138 2900 2168 2938 a
2199 2885 2532 2940 monasterio
2555 2881 2946 2955 projieiendus,
2973 2885 3070 2939 sed
3085 2885 3243 2956 juxta
3264 2885 3583 2957 qualitatem

2983 2960 3009 2972 κ’

1987 2977 2171 3033 delicti
2199 2978 2529 3034 coercendus
2553 2986 2639 3033 est
2669 2995 2681 3031 :
2715 2992 2784 3032 ne
2817 2977 2958 3034 forte
2981 2977 3076 3048 qui
3104 2987 3321 3050 poterat
3338 2995 3438 3052 per
3463 2981 3585 3036 diu-

1986 3078 2205 3129 turnam
2227 3071 2628 3142 paenitudinem
2660 3068 2960 3139 emendari,
2994 3070 3124 3128 dum
3149 3072 3460 3146 projicitur,
3487 3087 3586 3132 ore
3642 3123 3644 3126 ,

1989 3161 2191 3218 diaboli
2219 3164 2530 3220 devoretur.
3120 3151 3121 3154 “

1992 3256 2054 3330 ,ς
2090 3257 2182 3314 IX.
2211 3259 2392 3347 —.Ex
2420 3257 2642 3316 Recens
2677 3273 2864 3316 SANCTI
2904 3258 3210 3317 Fnucruosr
3250 3260 3390 3332 (cap.
3432 3260 3545 3333 Ili).

2069 3356 2380 3413 Clamosum
2418 3354 2472 3408 in
2521 3353 2795 3408 locutione
2837 3352 3166 3407 monachum
3215 3362 3309 3408 aut
3362 3353 3582 3410 iracun-

1991 3454 2143 3519 dum,
2170 3448 2541 3512 ridiculosum,
2578 3447 3031 3502 subsannatorem
3057 3444 3173 3500 sive
3216 3447 3582 3505 detractorem

1991 3558 2114 3600 esse
2144 3555 2256 3597 non
2285 3540 2461 3604 decet,
2501 3545 2608 3592 etc.
2637 3547 2666 3587 Ρ

2289 3649 2318 3722 §
2352 3649 2423 3704 Χ.
2456 3677 2529 3688 --
2565 3647 2646 3702 Ex
2684 3647 2906 3705 Rasum
2944 3647 3267 3707 Garanum.

2063 3767 2123 3825 Si
2150 3766 2316 3824 fuerit
2345 3765 2542 3837 aliquis
2569 3773 2678 3821 tam
2705 3765 2894 3833 durus,
2929 3774 3040 3822 tam
3066 3766 3276 3823 alienus
3317 3781 3349 3822 a
3383 3766 3583 3825 timore

1992 3862 2230 3926 Domini,
2261 3868 2324 3915 ut
2349 3867 2429 3916 tot
2450 3859 2927 3930 castigationibus,
2959 3868 3015 3915 et
3057 3868 3136 3915 tot
3167 3861 3583 3922 remissionibus

1993 3971 2102 4011 non
2134 3953 2404 4018 emendet,
2455 3951 2775 4022 projiciatur
2818 3950 2884 4007 de
2919 3954 3274 4020 monasterio,
3324 3963 3379 4009 et
3417 3955 3587 4011 veluti

1994 4056 2287 4105 extraneus
2312 4044 2576 4100 habeatur
2601 4063 2614 4095 :
2646 4057 2714 4098 ne
2735 4043 2871 4098 vitio
2898 4043 3043 4098 illius
3063 4043 3157 4099 alii
3183 4045 3580 4115 periclitentur.

2164 4141 2191 4212 §
2229 4139 2320 4194 X'I.
2360 4170 2432 4180 —
2463 4139 2543 4194 Ex
2580 4138 2802 4194 REGULA
2842 4136 3115 4194 MAGISTRI
3154 4138 3291 4211 (cap.
3340 4140 3448 4211 l2).

2063 4244 2092 4284 (ι
2128 4232 2187 4286 1η
2218 4233 2302 4286 bis
2332 4231 2584 4286 omnibus
2606 4244 2770 4298 supra
2799 4228 2960 4284 dictis
2988 4229 3035 4284 si
3075 4233 3200 4299 quis
3246 4229 3417 4286 frater
3456 4247 3590 4287 con-

1994 4335 2178 4382 tumax
2216 4332 2311 4379 aut
2353 4322 2652 4394 superbus,
2705 4330 2799 4376 aut
2846 4337 3224 4387 murmurans,
3267 4332 3363 4377 aut
3402 4325 3591 4380 inobe-

1994 4416 2151 4473 diens
2190 4414 2494 4486 praepositis
2521 4413 2635 4468 suis
2663 4412 2978 4482 frequenter
2999 4412 3293 4480 exstiterit,
3320 4423 3374 4469 et
3394 4429 3587 4471 secun-

1997 4555 2192 4637 interr.
2225 4553 2294 4609 57
2327 4571 2338 4607 :
2369 4550 2560 4678 Regni.
2593 4551 2746 4606 brev.
2781 4557 2838 4603 et
2869 4549 3010 4632 apud
3041 4548 3298 4633 Ruﬁnum
3336 4566 3458 4623 cap.
3497 4553 3588 4609 84.

2075 4641 2091 4667 ι
2141 4626 2393 4678 Notatur.
2471 4624 2503 4678 d
2531 4629 2638 4678 est.
2685 4620 3049 4678 redarguitur,
3098 4623 3431 4678 corripitur:
3470 4625 3588 4678 vide

2471 4620 2503 4679 d
2531 4629 2638 4678 est.
2685 4620 3049 4692 redarguitur,
3098 4620 3431 4693 corripitur}
3470 4625 3594 4682 vide

1999 4713 2442 4840 sultmI‘ntermitti.
2491 4765 2759 4840 lta_apud_
2784 4763 3060 4840 R_uﬁnum.
3094 4763 3153 4820 in
3185 4773 3337 4821 textu
3369 4762 3600 4840 Graeco,

2004 4842 2285 4915 inaequat,
2325 4837 2378 4893 id
2406 4846 2492 4892 est
2514 4879 2528 4903 ,
2563 4835 2792 4915 dimitti:
2815 4835 3060 4915 Rectius.

2075 4905 2124 4952 κ’
2153 4909 2294 4966 Velle
2326 4918 2474 4962 tuum
2503 4924 2608 4961 non
2650 4918 2746 4962 cst.
2771 4906 3023 4978 ltaiapud
3055 4905 3434 4978 smaragdum.
3474 4907 3594 4965 Non

2003 4983 2079 5038 ita
2105 4990 2276 5038 recte.
2328 4979 2518 5050 Melius
2567 4980 2705 5050 apud
2757 4977 3054 5032 Ruﬁnum:
3102 4976 3589 5050 qulli‘tutumiest.

2003 5052 2164 5109 Juxta
2219 5060 2428 5108 textum
2479 5046 2750 5117 Grte'cum,
2795 5050 3018 5125 ἀσφαλὲς
3044 5046 3228 5114 οὐδενὶ,
3260 5049 3406 5119 quod
3447 5049 3595 5106 idem

2005 5134 2271 5268 soliatQui
2296 5197 2442 5268 gravi
2468 5195 2615 5268 vitio,
2655 5201 2783 5268 etc.‘
2810 5188 2937 5252 Haec
2973 5189 3248 5244 habentur
3291 5189 3345 5244 in
3389 5191 3596 5265 Regula

2008 5282 2210 5324 excusa
2249 5262 2316 5322 Sf
2333 5267 2701 5336 Isidoritcap.
2721 5262 2806 5317 16.

2081 5351 2122 5378 ιη
2162 5337 2524 5393 Damnationi.
2555 5335 2615 5391 Id
2642 5331 2747 5400 est,
2779 5333 3126 5404 correptioni.
3171 5331 3503 5405 Smaragdus
3522 5333 3602 5390 le-

2047 5409 2108 5463 it.
2141 5409 2513 5463 emendationi.
3494 5424 3496 5426 '

2010 5418 2108 5482 git,
2141 5418 2513 5463 emendationi.
3494 5424 3496 5426 '

2084 5491 2112 5518 ιι
2153 5478 2456 5551 Quousque.
2493 5479 2553 5534 In
2594 5477 2799 5549 Regula
2847 5475 3595 5551 excusa-quisquam;Male.

2087 5559 2112 5587 ο
2138 5550 2261 5606 Non
2281 5545 2550 5606 esttamen
2574 5568 2605 5604 a
2631 5545 2948 5604 monasterio
2974 5545 3349 5618 projiciendus.
3375 5547 3567 5603 Dissen

2017 5623 2085 5678 tit
2111 5623 2180 5677 ab
2208 5622 2437 5678 aliorum
2477 5622 2700 5677 Patrum
2733 5619 3024 5686 sententia,
3078 5627 3137 5672 ut
3182 5632 3344 5690 supra
3387 5619 3600 5676 monui-

2016 5710 2158 5750 mus.

2090 5775 2119 5817 ι»
2156 5766 2290 5838 Υῑάθ
2316 5781 2435 5838 cap.
2460 5765 2550 5830 51,
2577 5765 2606 5838 §
2637 5764 2724 5821 10.

2089 5849 2118 5898 ιι
2154 5835 2399 5898 Habetur
2435 5838 2493 5896 in
2533 5835 2668 5916 Reg.
2703 5852 2810 5900 ms.
2852 5835 2976 5901 eod.
3017 5851 3138 5910 cap.

3077 5998 3168 6071 .33
