  <div class='ocr_page' id='page_1' title='image "/cluster/home/n/w/nwhite01/storage/ocr_20150623/103/hvd.32044015466816/523.png"; bbox 0 0 4088 6330; ppageno 0'>
   <div class='ocr_carea' id='block_1_1' title="bbox 544 506 3823 611">
    <p class='ocr_par' dir='ltr' id='par_1_1' title="bbox 544 506 3823 611">
     <span class='ocr_line' id='line_1_1' title="bbox 544 506 3823 611; baseline 0 -9"><span class='ocrx_word' id='word_1_1' title='bbox 544 546 687 611; x_wconf 71' lang='lat'><strong>4055</strong></span> <span class='ocrx_word' id='word_1_2' title='bbox 1535 534 1595 600; x_wconf 90' lang='lat' dir='ltr'><strong>s.</strong></span> <span class='ocrx_word' id='word_1_3' title='bbox 1635 530 1998 601; x_wconf 70' lang='lat' dir='ltr'><strong>BENBDICTI</strong></span> <span class='ocrx_word' id='word_1_4' title='bbox 2031 526 2333 601; x_wconf 65' lang='lat' dir='ltr'><strong>austris</strong></span> <span class='ocrx_word' id='word_1_5' title='bbox 2358 516 2776 603; x_wconf 59' lang='lat' dir='ltr'><strong>induisse</strong></span> <span class='ocrx_word' id='word_1_6' title='bbox 2818 506 2821 509; x_wconf 56' lang='grc'><em>’</em></span> <span class='ocrx_word' id='word_1_7' title='bbox 3668 542 3823 603; x_wconf 69' lang='grc' dir='ltr'><strong>ιοεσ</strong></span> 
     </span>
    </p>
   </div>
   <div class='ocr_carea' id='block_1_2' title="bbox 545 640 3823 745">
    <p class='ocr_par' dir='ltr' id='par_1_2' title="bbox 545 640 3823 745">
     <span class='ocr_line' id='line_1_2' title="bbox 545 640 3823 745; baseline -0.002 -22"><span class='ocrx_word' id='word_1_8' title='bbox 545 640 939 726; x_wconf 61' lang='grc' dir='ltr'><strong>ᾶυωῶνίηθω</strong></span> <span class='ocrx_word' id='word_1_9' title='bbox 973 650 1389 735; x_wconf 75' lang='lat' dir='ltr'><strong>przeceptionem</strong></span> <span class='ocrx_word' id='word_1_10' title='bbox 1420 650 1617 729; x_wconf 65' lang='lat' dir='ltr'><strong>semei,</strong></span> <span class='ocrx_word' id='word_1_11' title='bbox 1662 670 1718 718; x_wconf 87' lang='lat' dir='ltr'><strong>et</strong></span> <span class='ocrx_word' id='word_1_12' title='bbox 1752 661 1993 745; x_wconf 77' lang='lat' dir='ltr'><strong>secundo</strong></span> <span class='ocrx_word' id='word_1_13' title='bbox 2028 659 2115 716; x_wconf 85' lang='lat' dir='ltr'><strong>vel</strong></span> <span class='ocrx_word' id='word_1_14' title='bbox 2140 657 2467 728; x_wconf 81' lang='lat' dir='ltr'><strong>Ascriptum</strong></span> <span class='ocrx_word' id='word_1_15' title='bbox 2516 666 2612 723; x_wconf 82' lang='lat' dir='ltr'><strong>est,</strong></span> <span class='ocrx_word' id='word_1_16' title='bbox 2665 658 2755 745; x_wconf 77' lang='lat' dir='ltr'><strong>qui</strong></span> <span class='ocrx_word' id='word_1_17' title='bbox 2803 657 2987 728; x_wconf 83' lang='lat' dir='ltr'><strong>abjicit</strong></span> <span class='ocrx_word' id='word_1_18' title='bbox 3035 654 3369 731; x_wconf 81' lang='lat' dir='ltr'><strong>disciplinam</strong></span> <span class='ocrx_word' id='word_1_19' title='bbox 3397 699 3414 727; x_wconf 93' lang='lat'><strong>,</strong></span> <span class='ocrx_word' id='word_1_20' title='bbox 3478 660 3678 731; x_wconf 61' lang='lat' dir='ltr'><strong>infelix</strong></span> <span class='ocrx_word' id='word_1_21' title='bbox 3736 675 3823 718; x_wconf 76' lang='lat' dir='ltr'><strong>est</strong></span> 
     </span>
    </p>
   </div>
   <div class='ocr_carea' id='block_1_3' title="bbox 543 744 3822 830">
    <p class='ocr_par' dir='ltr' id='par_1_3' title="bbox 543 744 3822 830">
     <span class='ocr_line' id='line_1_3' title="bbox 543 744 3822 830; baseline -0.003 -11"><span class='ocrx_word' id='word_1_22' title='bbox 543 763 709 820; x_wconf 86' lang='lat' dir='ltr'><strong>tertio</strong></span> <span class='ocrx_word' id='word_1_23' title='bbox 757 761 823 817; x_wconf 89' lang='lat' dir='ltr'><strong>de</strong></span> <span class='ocrx_word' id='word_1_24' title='bbox 868 757 1061 830; x_wconf 90' lang='lat' dir='ltr'><strong>quovis</strong></span> <span class='ocrx_word' id='word_1_25' title='bbox 1107 756 1241 813; x_wconf 90' lang='lat' dir='ltr'><strong>vitio</strong></span> <span class='ocrx_word' id='word_1_26' title='bbox 1290 754 1529 812; x_wconf 86' lang='lat' dir='ltr'><strong>monitus</strong></span> <span class='ocrx_word' id='word_1_27' title='bbox 1575 764 1628 811; x_wconf 87' lang='lat' dir='ltr'><strong>et</strong></span> <span class='ocrx_word' id='word_1_28' title='bbox 1675 762 1956 825; x_wconf 90' lang='lat' dir='ltr'><strong>correptus</strong></span> <span class='ocrx_word' id='word_1_29' title='bbox 1982 744 2113 810; x_wconf 80' lang='lat' dir='ltr'><strong>nun</strong></span> <span class='ocrx_word' id='word_1_30' title='bbox 2214 746 2366 820; x_wconf 86' lang='lat' dir='ltr'><strong>(Sap.</strong></span> <span class='ocrx_word' id='word_1_31' title='bbox 2398 745 2521 819; x_wconf 83' lang='lat' dir='ltr'><strong>Ill).</strong></span> <span class='ocrx_word' id='word_1_32' title='bbox 2561 744 2875 805; x_wconf 83' lang='lat' dir='ltr'><strong>Moderaute</strong></span> <span class='ocrx_word' id='word_1_33' title='bbox 2899 763 3026 819; x_wconf 88' lang='lat' dir='ltr'><strong>ergo</strong></span> <span class='ocrx_word' id='word_1_34' title='bbox 3049 749 3271 805; x_wconf 89' lang='lat' dir='ltr'><strong>scientia</strong></span> <span class='ocrx_word' id='word_1_35' title='bbox 3315 751 3486 807; x_wconf 89' lang='lat' dir='ltr'><strong>saniei</strong></span> <span class='ocrx_word' id='word_1_36' title='bbox 3525 750 3822 811; x_wconf 57' lang='lat' dir='ltr'><strong>medendae</strong></span> 
     </span>
    </p>
   </div>
   <div class='ocr_carea' id='block_1_4' title="bbox 543 838 3821 920">
    <p class='ocr_par' dir='ltr' id='par_1_4' title="bbox 543 838 3821 920">
     <span class='ocr_line' id='line_1_4' title="bbox 543 838 3821 920; baseline -0.004 -7"><span class='ocrx_word' id='word_1_37' title='bbox 543 852 939 919; x_wconf 78' lang='lat' dir='ltr'><strong>emendaverit,</strong></span> <span class='ocrx_word' id='word_1_38' title='bbox 973 848 1243 905; x_wconf 77' lang='lat' dir='ltr'><strong>referatur</strong></span> <span class='ocrx_word' id='word_1_39' title='bbox 1268 849 1373 905; x_wconf 86' lang='lat' dir='ltr'><strong>hoc</strong></span> <span class='ocrx_word' id='word_1_40' title='bbox 1397 865 1429 903; x_wconf 94' lang='lat' dir='ltr'><strong>a</strong></span> <span class='ocrx_word' id='word_1_41' title='bbox 1470 848 1779 920; x_wconf 64' lang='lat' dir='ltr'><strong>prmpositis</strong></span> <span class='ocrx_word' id='word_1_42' title='bbox 1805 848 2027 903; x_wconf 89' lang='lat' dir='ltr'><strong>abbati:</strong></span> <span class='ocrx_word' id='word_1_43' title='bbox 2060 853 2117 902; x_wconf 90' lang='lat' dir='ltr'><strong>et</strong></span> <span class='ocrx_word' id='word_1_44' title='bbox 2212 855 2345 896; x_wconf 91' lang='lat' dir='ltr'><strong>cura</strong></span> <span class='ocrx_word' id='word_1_45' title='bbox 2385 839 2727 896; x_wconf 75' lang='lat' dir='ltr'><strong>adhibeatur.</strong></span> <span class='ocrx_word' id='word_1_46' title='bbox 2771 840 2791 880; x_wconf 78' lang='grc' dir='ltr'><strong>ί</strong></span> <span class='ocrx_word' id='word_1_47' title='bbox 2834 838 2893 895; x_wconf 91' lang='lat' dir='ltr'><strong>Si</strong></span> <span class='ocrx_word' id='word_1_48' title='bbox 2939 839 3139 895; x_wconf 87' lang='lat' dir='ltr'><strong>iethaie</strong></span> <span class='ocrx_word' id='word_1_49' title='bbox 3179 841 3376 898; x_wconf 88' lang='lat' dir='ltr'><strong>vulnus</strong></span> <span class='ocrx_word' id='word_1_50' title='bbox 3422 856 3523 913; x_wconf 88' lang='lat' dir='ltr'><strong>per</strong></span> <span class='ocrx_word' id='word_1_51' title='bbox 3562 843 3821 901; x_wconf 82' lang='lat' dir='ltr'><strong>fomenta</strong></span> 
     </span>
    </p>
   </div>
   <div class='ocr_carea' id='block_1_5' title="bbox 542 939 2114 1019">
    <p class='ocr_par' dir='ltr' id='par_1_5' title="bbox 542 939 2114 1019">
     <span class='ocr_line' id='line_1_5' title="bbox 542 939 2114 1019; baseline -0.004 -17"><span class='ocrx_word' id='word_1_52' title='bbox 542 948 634 1019; x_wconf 85' lang='lat' dir='ltr'><strong>qui</strong></span> <span class='ocrx_word' id='word_1_53' title='bbox 661 953 857 1018; x_wconf 65' lang='lat' dir='ltr'><strong>praeest</strong></span> <span class='ocrx_word' id='word_1_54' title='bbox 886 943 1179 1001; x_wconf 86' lang='lat' dir='ltr'><strong>secundum</strong></span> <span class='ocrx_word' id='word_1_55' title='bbox 1207 942 1521 1015; x_wconf 77' lang='lat' dir='ltr'><strong>qualitatem</strong></span> <span class='ocrx_word' id='word_1_56' title='bbox 1551 941 1636 997; x_wconf 91' lang='lat' dir='ltr'><strong>vel</strong></span> <span class='ocrx_word' id='word_1_57' title='bbox 1666 941 1917 995; x_wconf 90' lang='lat' dir='ltr'><strong>meritum</strong></span> <span class='ocrx_word' id='word_1_58' title='bbox 1944 939 2114 1008; x_wconf 74' lang='lat' dir='ltr'><strong>culpze</strong></span> 
     </span>
    </p>
   </div>
   <div class='ocr_carea' id='block_1_6' title="bbox 538 1032 2110 1110">
    <p class='ocr_par' dir='ltr' id='par_1_6' title="bbox 538 1032 2110 1110">
     <span class='ocr_line' id='line_1_6' title="bbox 538 1032 2110 1110; baseline -0.007 -15"><span class='ocrx_word' id='word_1_59' title='bbox 538 1045 850 1110; x_wconf 87' lang='lat' dir='ltr'><strong>perpenset,</strong></span> <span class='ocrx_word' id='word_1_60' title='bbox 888 1044 943 1091; x_wconf 91' lang='lat' dir='ltr'><strong>et</strong></span> <span class='ocrx_word' id='word_1_61' title='bbox 980 1035 1073 1090; x_wconf 86' lang='lat' dir='ltr'><strong>tali</strong></span> <span class='ocrx_word' id='word_1_62' title='bbox 1108 1052 1232 1090; x_wconf 90' lang='lat' dir='ltr'><strong>eum</strong></span> <span class='ocrx_word' id='word_1_63' title='bbox 1269 1033 1826 1109; x_wconf 78' lang='lat' dir='ltr'><strong>excommunicatione</strong></span> <span class='ocrx_word' id='word_1_64' title='bbox 1856 1032 2110 1086; x_wconf 89' lang='lat' dir='ltr'><strong>condem-</strong></span> 
     </span>
    </p>
   </div>
   <div class='ocr_carea' id='block_1_7' title="bbox 540 1123 2115 1198">
    <p class='ocr_par' dir='ltr' id='par_1_7' title="bbox 540 1123 2115 1198">
     <span class='ocr_line' id='line_1_7' title="bbox 540 1123 2115 1198; baseline -0.007 -11"><span class='ocrx_word' id='word_1_65' title='bbox 540 1138 658 1195; x_wconf 87' lang='lat' dir='ltr'><strong>net,</strong></span> <span class='ocrx_word' id='word_1_66' title='bbox 688 1138 748 1185; x_wconf 89' lang='lat' dir='ltr'><strong>ut</strong></span> <span class='ocrx_word' id='word_1_67' title='bbox 785 1129 923 1184; x_wconf 88' lang='lat' dir='ltr'><strong>sciat</strong></span> <span class='ocrx_word' id='word_1_68' title='bbox 965 1128 1058 1198; x_wconf 86' lang='lat' dir='ltr'><strong>qui</strong></span> <span class='ocrx_word' id='word_1_69' title='bbox 1097 1127 1263 1182; x_wconf 89' lang='lat' dir='ltr'><strong>Deum</strong></span> <span class='ocrx_word' id='word_1_70' title='bbox 1307 1125 1605 1182; x_wconf 82' lang='lat' dir='ltr'><strong>contemnit</strong></span> <span class='ocrx_word' id='word_1_71' title='bbox 1628 1123 1899 1195; x_wconf 92' lang='lat' dir='ltr'><strong>quomodo</strong></span> <span class='ocrx_word' id='word_1_72' title='bbox 1923 1123 2115 1194; x_wconf 82' lang='lat' dir='ltr'><strong>dignus</strong></span> 
     </span>
    </p>
   </div>
   <div class='ocr_carea' id='block_1_8' title="bbox 538 1215 2112 1291">
    <p class='ocr_par' dir='ltr' id='par_1_8' title="bbox 538 1215 2112 1291">
     <span class='ocr_line' id='line_1_8' title="bbox 538 1215 2112 1291; baseline -0.006 -15"><span class='ocrx_word' id='word_1_73' title='bbox 538 1230 621 1276; x_wconf 87' lang='lat' dir='ltr'><strong>est</strong></span> <span class='ocrx_word' id='word_1_74' title='bbox 645 1220 877 1290; x_wconf 72' lang='lat' dir='ltr'><strong>iudicari</strong></span> <span class='ocrx_word' id='word_1_75' title='bbox 902 1226 1123 1291; x_wconf 92' lang='lat' dir='ltr'><strong>propter</strong></span> <span class='ocrx_word' id='word_1_76' title='bbox 1148 1226 1516 1288; x_wconf 89' lang='lat' dir='ltr'><strong>contemptum</strong></span> <span class='ocrx_word' id='word_1_77' title='bbox 1545 1215 1737 1285; x_wconf 81' lang='lat' dir='ltr'><strong>majori</strong></span> <span class='ocrx_word' id='word_1_78' title='bbox 1767 1216 2068 1270; x_wconf 80' lang='lat' dir='ltr'><strong>exhibitum</strong></span> <span class='ocrx_word' id='word_1_79' title='bbox 2096 1253 2112 1280; x_wconf 92' lang='lat'><strong>,</strong></span> 
     </span>
    </p>
   </div>
   <div class='ocr_carea' id='block_1_9' title="bbox 539 1305 2112 1373">
    <p class='ocr_par' dir='ltr' id='par_1_9' title="bbox 539 1305 2112 1373">
     <span class='ocr_line' id='line_1_9' title="bbox 539 1305 2112 1373; baseline -0.004 -6"><span class='ocrx_word' id='word_1_80' title='bbox 539 1313 751 1368; x_wconf 84' lang='lat' dir='ltr'><strong>dicente</strong></span> <span class='ocrx_word' id='word_1_81' title='bbox 796 1312 1027 1367; x_wconf 92' lang='lat' dir='ltr'><strong>Domino</strong></span> <span class='ocrx_word' id='word_1_82' title='bbox 1068 1309 1380 1366; x_wconf 85' lang='lat' dir='ltr'><strong>doctoribus</strong></span> <span class='ocrx_word' id='word_1_83' title='bbox 1425 1308 1627 1363; x_wconf 87' lang='lat' dir='ltr'><strong>nostris</strong></span> <span class='ocrx_word' id='word_1_84' title='bbox 1656 1307 1797 1373; x_wconf 77' lang='lat' dir='ltr'><strong>z-Qui</strong></span> <span class='ocrx_word' id='word_1_85' title='bbox 1827 1324 1913 1362; x_wconf 84' lang='lat' dir='ltr'><strong>vos</strong></span> <span class='ocrx_word' id='word_1_86' title='bbox 1943 1305 2112 1372; x_wconf 80' lang='lat' dir='ltr'><strong>audit,</strong></span> 
     </span>
    </p>
   </div>
   <div class='ocr_carea' id='block_1_10' title="bbox 537 1402 1646 1478">
    <p class='ocr_par' dir='ltr' id='par_1_10' title="bbox 537 1402 1646 1478">
     <span class='ocr_line' id='line_1_10' title="bbox 537 1402 1646 1478; baseline -0.006 -17"><span class='ocrx_word' id='word_1_87' title='bbox 537 1422 619 1461; x_wconf 86' lang='lat' dir='ltr'><strong>me</strong></span> <span class='ocrx_word' id='word_1_88' title='bbox 648 1406 829 1473; x_wconf 82' lang='lat' dir='ltr'><strong>audit;</strong></span> <span class='ocrx_word' id='word_1_89' title='bbox 858 1406 950 1478; x_wconf 88' lang='lat' dir='ltr'><strong>qui</strong></span> <span class='ocrx_word' id='word_1_90' title='bbox 973 1421 1060 1460; x_wconf 85' lang='lat' dir='ltr'><strong>vos</strong></span> <span class='ocrx_word' id='word_1_91' title='bbox 1088 1402 1303 1475; x_wconf 80' lang='lat' dir='ltr'><strong>spernit,</strong></span> <span class='ocrx_word' id='word_1_92' title='bbox 1329 1418 1410 1456; x_wconf 89' lang='lat' dir='ltr'><strong>me</strong></span> <span class='ocrx_word' id='word_1_93' title='bbox 1429 1402 1646 1472; x_wconf 83' lang='lat' dir='ltr'><strong>spernit.</strong></span> 
     </span>
    </p>
   </div>
   <div class='ocr_carea' id='block_1_11' title="bbox 841 1492 1827 1570">
    <p class='ocr_par' dir='ltr' id='par_1_11' title="bbox 841 1492 1827 1570">
     <span class='ocr_line' id='line_1_11' title="bbox 841 1492 1827 1570; baseline -0.008 -18"><span class='ocrx_word' id='word_1_94' title='bbox 841 1496 869 1570; x_wconf 87' lang='lat'><strong>§</strong></span> <span class='ocrx_word' id='word_1_95' title='bbox 904 1494 1020 1552; x_wconf 91' lang='lat' dir='ltr'><strong>XII.</strong></span> <span class='ocrx_word' id='word_1_96' title='bbox 1058 1502 1131 1536; x_wconf 53' lang='lat'><strong>4—</strong></span> <span class='ocrx_word' id='word_1_97' title='bbox 1166 1494 1247 1548; x_wconf 82' lang='lat' dir='ltr'><strong>Ex</strong></span> <span class='ocrx_word' id='word_1_98' title='bbox 1282 1492 1505 1548; x_wconf 66' lang='lat' dir='ltr'><strong>[tecum</strong></span> <span class='ocrx_word' id='word_1_99' title='bbox 1540 1504 1827 1546; x_wconf 62' lang='lat' dir='ltr'><strong>cumsuam.</strong></span> 
     </span>
    </p>
   </div>
   <div class='ocr_carea' id='block_1_12' title="bbox 608 1579 2116 1657">
    <p class='ocr_par' dir='ltr' id='par_1_12' title="bbox 608 1579 2116 1657">
     <span class='ocr_line' id='line_1_12' title="bbox 608 1579 2116 1657; baseline -0.006 -14"><span class='ocrx_word' id='word_1_100' title='bbox 608 1602 634 1630; x_wconf 79' lang='grc' dir='ltr'>ι</span> <span class='ocrx_word' id='word_1_101' title='bbox 673 1584 732 1643; x_wconf 88' lang='lat' dir='ltr'><strong>Si</strong></span> <span class='ocrx_word' id='word_1_102' title='bbox 761 1586 885 1657; x_wconf 87' lang='lat' dir='ltr'><strong>quis</strong></span> <span class='ocrx_word' id='word_1_103' title='bbox 912 1601 944 1640; x_wconf 91' lang='lat' dir='ltr'><strong>a</strong></span> <span class='ocrx_word' id='word_1_104' title='bbox 973 1584 1278 1641; x_wconf 88' lang='lat' dir='ltr'><strong>senioribus</strong></span> <span class='ocrx_word' id='word_1_105' title='bbox 1305 1590 1360 1637; x_wconf 90' lang='lat' dir='ltr'><strong>et</strong></span> <span class='ocrx_word' id='word_1_106' title='bbox 1396 1582 1680 1638; x_wconf 87' lang='lat' dir='ltr'><strong>abbatibus</strong></span> <span class='ocrx_word' id='word_1_107' title='bbox 1709 1580 2002 1637; x_wconf 87' lang='lat' dir='ltr'><strong>iracundus</strong></span> <span class='ocrx_word' id='word_1_108' title='bbox 2034 1579 2116 1635; x_wconf 86' lang='lat' dir='ltr'><strong>in-</strong></span> 
     </span>
    </p>
   </div>
   <div class='ocr_carea' id='block_1_13' title="bbox 529 1674 2117 1747">
    <p class='ocr_par' dir='ltr' id='par_1_13' title="bbox 529 1674 2117 1747">
     <span class='ocr_line' id='line_1_13' title="bbox 529 1674 2117 1747; baseline -0.003 -12"><span class='ocrx_word' id='word_1_109' title='bbox 529 1688 726 1736; x_wconf 85' lang='lat' dir='ltr'><strong>ventus</strong></span> <span class='ocrx_word' id='word_1_110' title='bbox 751 1678 934 1745; x_wconf 89' lang='lat' dir='ltr'><strong>fuerit,</strong></span> <span class='ocrx_word' id='word_1_111' title='bbox 979 1683 1227 1742; x_wconf 88' lang='lat' dir='ltr'><strong>notetur,</strong></span> <span class='ocrx_word' id='word_1_112' title='bbox 1258 1691 1540 1747; x_wconf 86' lang='lat' dir='ltr'><strong>usquequo</strong></span> <span class='ocrx_word' id='word_1_113' title='bbox 1582 1674 1907 1747; x_wconf 77' lang='lat' dir='ltr'><strong>corrigatur.</strong></span> <span class='ocrx_word' id='word_1_114' title='bbox 1938 1675 1967 1714; x_wconf 73' lang='lat' dir='ltr'><strong>b</strong></span> <span class='ocrx_word' id='word_1_115' title='bbox 1992 1675 2117 1730; x_wconf 86' lang='lat' dir='ltr'><strong>Sive</strong></span> 
     </span>
    </p>
   </div>
   <div class='ocr_carea' id='block_1_14' title="bbox 531 1766 2119 1841">
    <p class='ocr_par' dir='ltr' id='par_1_14' title="bbox 531 1766 2119 1841">
     <span class='ocr_line' id='line_1_14' title="bbox 531 1766 2119 1841; baseline -0.004 -12"><span class='ocrx_word' id='word_1_116' title='bbox 531 1774 601 1829; x_wconf 90' lang='lat' dir='ltr'><strong>ab</strong></span> <span class='ocrx_word' id='word_1_117' title='bbox 626 1776 732 1830; x_wconf 91' lang='lat' dir='ltr'><strong>hoc</strong></span> <span class='ocrx_word' id='word_1_118' title='bbox 761 1773 895 1829; x_wconf 88' lang='lat' dir='ltr'><strong>vitio</strong></span> <span class='ocrx_word' id='word_1_119' title='bbox 926 1770 1244 1829; x_wconf 90' lang='lat' dir='ltr'><strong>insanabilis</strong></span> <span class='ocrx_word' id='word_1_120' title='bbox 1274 1768 1514 1841; x_wconf 72' lang='lat' dir='ltr'><strong>t&#39;uerit,‘_c</strong></span> <span class='ocrx_word' id='word_1_121' title='bbox 1542 1771 1608 1825; x_wconf 89' lang='lat' dir='ltr'><strong>ab</strong></span> <span class='ocrx_word' id='word_1_122' title='bbox 1629 1768 1858 1840; x_wconf 90' lang='lat' dir='ltr'><strong>imperio</strong></span> <span class='ocrx_word' id='word_1_123' title='bbox 1888 1766 2119 1824; x_wconf 86' lang='lat' dir='ltr'><strong>fratrum</strong></span> 
     </span>
    </p>
   </div>
   <div class='ocr_carea' id='block_1_15' title="bbox 532 1859 2117 1933">
    <p class='ocr_par' dir='ltr' id='par_1_15' title="bbox 532 1859 2117 1933">
     <span class='ocr_line' id='line_1_15' title="bbox 532 1859 2117 1933; baseline -0.003 -12"><span class='ocrx_word' id='word_1_124' title='bbox 532 1863 900 1921; x_wconf 89' lang='lat' dir='ltr'><strong>detrudendus</strong></span> <span class='ocrx_word' id='word_1_125' title='bbox 937 1869 1060 1918; x_wconf 87' lang='lat' dir='ltr'><strong>est:</strong></span> <span class='ocrx_word' id='word_1_126' title='bbox 1090 1861 1345 1933; x_wconf 87' lang='lat' dir='ltr'><strong>quoniam</strong></span> <span class='ocrx_word' id='word_1_127' title='bbox 1386 1861 1500 1917; x_wconf 91' lang='lat' dir='ltr'><strong>sive</strong></span> <span class='ocrx_word' id='word_1_128' title='bbox 1530 1860 1709 1933; x_wconf 87' lang='lat' dir='ltr'><strong>juste,</strong></span> <span class='ocrx_word' id='word_1_129' title='bbox 1760 1860 1874 1919; x_wconf 86' lang='lat' dir='ltr'><strong>sive</strong></span> <span class='ocrx_word' id='word_1_130' title='bbox 1896 1859 2117 1931; x_wconf 85' lang='lat' dir='ltr'><strong>injuste,</strong></span> 
     </span>
    </p>
   </div>
   <div class='ocr_carea' id='block_1_16' title="bbox 528 1956 1087 2027">
    <p class='ocr_par' dir='ltr' id='par_1_16' title="bbox 528 1956 1087 2027">
     <span class='ocr_line' id='line_1_16' title="bbox 528 1956 1087 2027; baseline -0.011 -12"><span class='ocrx_word' id='word_1_131' title='bbox 528 1956 694 2015; x_wconf 84' lang='lat' dir='ltr'><strong>irasci</strong></span> <span class='ocrx_word' id='word_1_132' title='bbox 719 1972 827 2011; x_wconf 92' lang='lat' dir='ltr'><strong>non</strong></span> <span class='ocrx_word' id='word_1_133' title='bbox 855 1958 1087 2027; x_wconf 84' lang='lat' dir='ltr'><strong>oportet.</strong></span> 
     </span>
    </p>
   </div>
   <div class='ocr_carea' id='block_1_17' title="bbox 971 2045 1693 2121">
    <p class='ocr_par' dir='ltr' id='par_1_17' title="bbox 971 2045 1693 2121">
     <span class='ocr_line' id='line_1_17' title="bbox 971 2045 1693 2121; baseline -0.003 -17"><span class='ocrx_word' id='word_1_134' title='bbox 971 2048 998 2121; x_wconf 84' lang='lat'><strong>§</strong></span> <span class='ocrx_word' id='word_1_135' title='bbox 1033 2046 1171 2105; x_wconf 86' lang='lat' dir='ltr'><strong>XIII.</strong></span> <span class='ocrx_word' id='word_1_136' title='bbox 1185 2045 1298 2102; x_wconf 83' lang='grc' dir='ltr'><strong>-Ι</strong></span> <span class='ocrx_word' id='word_1_137' title='bbox 1301 2057 1404 2102; x_wconf 86' lang='lat' dir='ltr'><strong>tem</strong></span> <span class='ocrx_word' id='word_1_138' title='bbox 1437 2046 1693 2119; x_wconf 80' lang='lat' dir='ltr'><strong>ejusdem.</strong></span> 
     </span>
    </p>
   </div>
   <div class='ocr_carea' id='block_1_18' title="bbox 603 2137 2116 2213">
    <p class='ocr_par' dir='ltr' id='par_1_18' title="bbox 603 2137 2116 2213">
     <span class='ocr_line' id='line_1_18' title="bbox 603 2137 2116 2213; baseline -0.001 -17"><span class='ocrx_word' id='word_1_139' title='bbox 603 2140 630 2182; x_wconf 74' lang='grc' dir='ltr'><strong><em>ἀ</em></strong></span> <span class='ocrx_word' id='word_1_140' title='bbox 669 2140 841 2213; x_wconf 84' lang='lat' dir='ltr'><strong>Igitur</strong></span> <span class='ocrx_word' id='word_1_141' title='bbox 866 2141 915 2196; x_wconf 87' lang='lat' dir='ltr'><strong>si</strong></span> <span class='ocrx_word' id='word_1_142' title='bbox 961 2139 1157 2210; x_wconf 55' lang='lat' dir='ltr'><strong>saepius</strong></span> <span class='ocrx_word' id='word_1_143' title='bbox 1196 2146 1480 2210; x_wconf 89' lang='lat' dir='ltr'><strong>correptus</strong></span> <span class='ocrx_word' id='word_1_144' title='bbox 1519 2137 1813 2195; x_wconf 88' lang='lat' dir='ltr'><strong>emendare</strong></span> <span class='ocrx_word' id='word_1_145' title='bbox 1858 2138 2116 2206; x_wconf 87' lang='lat' dir='ltr'><strong>noluerit,</strong></span> 
     </span>
    </p>
   </div>
   <div class='ocr_carea' id='block_1_19' title="bbox 528 2230 2119 2304">
    <p class='ocr_par' dir='ltr' id='par_1_19' title="bbox 528 2230 2119 2304">
     <span class='ocr_line' id='line_1_19' title="bbox 528 2230 2119 2304; baseline -0.004 -13"><span class='ocrx_word' id='word_1_146' title='bbox 528 2232 1092 2292; x_wconf 84' lang='lat' dir='ltr'><strong>excommunicatione</strong></span> <span class='ocrx_word' id='word_1_147' title='bbox 1133 2248 1233 2304; x_wconf 92' lang='lat' dir='ltr'><strong>pro</strong></span> <span class='ocrx_word' id='word_1_148' title='bbox 1271 2231 1432 2287; x_wconf 90' lang='lat' dir='ltr'><strong>modo</strong></span> <span class='ocrx_word' id='word_1_149' title='bbox 1471 2232 1643 2303; x_wconf 66' lang='lat' dir='ltr'><strong>culpae</strong></span> <span class='ocrx_word' id='word_1_150' title='bbox 1691 2231 2017 2303; x_wconf 79' lang='lat' dir='ltr'><strong>corrigatur.</strong></span> <span class='ocrx_word' id='word_1_151' title='bbox 2059 2230 2119 2286; x_wconf 92' lang='lat' dir='ltr'><strong>Si</strong></span> 
     </span>
    </p>
   </div>
   <div class='ocr_carea' id='block_1_20' title="bbox 526 2323 2121 2395">
    <p class='ocr_par' dir='ltr' id='par_1_20' title="bbox 526 2323 2121 2395">
     <span class='ocr_line' id='line_1_20' title="bbox 526 2323 2121 2395; baseline -0.005 -12"><span class='ocrx_word' id='word_1_152' title='bbox 526 2343 631 2383; x_wconf 81' lang='lat' dir='ltr'><strong>nec</strong></span> <span class='ocrx_word' id='word_1_153' title='bbox 662 2326 741 2382; x_wconf 90' lang='lat' dir='ltr'><strong>sic</strong></span> <span class='ocrx_word' id='word_1_154' title='bbox 774 2323 980 2395; x_wconf 87' lang='lat' dir='ltr'><strong>aliquid</strong></span> <span class='ocrx_word' id='word_1_155' title='bbox 1018 2323 1269 2395; x_wconf 78' lang='lat' dir='ltr'><strong>proficiat</strong></span> <span class='ocrx_word' id='word_1_156' title='bbox 1299 2324 1635 2393; x_wconf 92' lang='lat' dir='ltr'><strong>increpantis</strong></span> <span class='ocrx_word' id='word_1_157' title='bbox 1667 2323 1966 2392; x_wconf 88' lang='lat' dir='ltr'><strong>correptio,</strong></span> <span class='ocrx_word' id='word_1_158' title='bbox 1998 2336 2121 2377; x_wconf 75' lang='lat' dir='ltr'><strong>ver-</strong></span> 
     </span>
    </p>
   </div>
   <div class='ocr_carea' id='block_1_21' title="bbox 525 2414 2121 2486">
    <p class='ocr_par' dir='ltr' id='par_1_21' title="bbox 525 2414 2121 2486">
     <span class='ocr_line' id='line_1_21' title="bbox 525 2414 2121 2486; baseline -0.004 -10"><span class='ocrx_word' id='word_1_159' title='bbox 525 2420 718 2476; x_wconf 84' lang='lat' dir='ltr'><strong>berum</strong></span> <span class='ocrx_word' id='word_1_160' title='bbox 765 2416 1022 2473; x_wconf 78' lang='lat' dir='ltr'><strong>vindictae</strong></span> <span class='ocrx_word' id='word_1_161' title='bbox 1072 2415 1391 2486; x_wconf 73' lang='lat' dir='ltr'><strong>subiacebit.</strong></span> <span class='ocrx_word' id='word_1_162' title='bbox 1440 2414 1593 2483; x_wconf 84' lang='lat' dir='ltr'><strong>Quod</strong></span> <span class='ocrx_word' id='word_1_163' title='bbox 1637 2415 1683 2471; x_wconf 94' lang='lat' dir='ltr'><strong>si</strong></span> <span class='ocrx_word' id='word_1_164' title='bbox 1719 2415 1799 2471; x_wconf 87' lang='lat' dir='ltr'><strong>sic</strong></span> <span class='ocrx_word' id='word_1_165' title='bbox 1828 2415 2121 2470; x_wconf 89' lang='lat' dir='ltr'><strong>emendare</strong></span> 
     </span>
    </p>
   </div>
   <div class='ocr_carea' id='block_1_22' title="bbox 525 2498 2121 2578">
    <p class='ocr_par' dir='ltr' id='par_1_22' title="bbox 525 2498 2121 2578">
     <span class='ocr_line' id='line_1_22' title="bbox 525 2498 2121 2578; baseline -0.002 -13"><span class='ocrx_word' id='word_1_166' title='bbox 525 2508 782 2577; x_wconf 81' lang='lat' dir='ltr'><strong>noluerit,</strong></span> <span class='ocrx_word' id='word_1_167' title='bbox 833 2509 928 2564; x_wconf 89' lang='lat' dir='ltr'><strong>sed</strong></span> <span class='ocrx_word' id='word_1_168' title='bbox 983 2508 1156 2578; x_wconf 84' lang='lat' dir='ltr'><strong>magis</strong></span> <span class='ocrx_word' id='word_1_169' title='bbox 1195 2507 1250 2561; x_wconf 91' lang='lat' dir='ltr'><strong>in</strong></span> <span class='ocrx_word' id='word_1_170' title='bbox 1294 2514 1563 2562; x_wconf 88' lang='lat' dir='ltr'><strong>tumorem</strong></span> <span class='ocrx_word' id='word_1_171' title='bbox 1612 2498 2121 2578; x_wconf 65' lang='lat' dir='ltr'><strong>superbize&#39;elatus</strong></span> 
     </span>
    </p>
   </div>
   <div class='ocr_carea' id='block_1_23' title="bbox 527 2594 2117 2671">
    <p class='ocr_par' dir='ltr' id='par_1_23' title="bbox 527 2594 2117 2671">
     <span class='ocr_line' id='line_1_23' title="bbox 527 2594 2117 2671; baseline -0.002 -15"><span class='ocrx_word' id='word_1_172' title='bbox 527 2613 716 2671; x_wconf 85' lang='lat' dir='ltr'><strong>opera,</strong></span> <span class='ocrx_word' id='word_1_173' title='bbox 764 2598 851 2657; x_wconf 87' lang='lat' dir='ltr'><strong>vel</strong></span> <span class='ocrx_word' id='word_1_174' title='bbox 884 2606 1058 2667; x_wconf 90' lang='lat' dir='ltr'><strong>actus,</strong></span> <span class='ocrx_word' id='word_1_175' title='bbox 1101 2597 1168 2653; x_wconf 91' lang='lat' dir='ltr'><strong>de</strong></span> <span class='ocrx_word' id='word_1_176' title='bbox 1198 2598 1396 2669; x_wconf 89' lang='lat' dir='ltr'><strong>quibus</strong></span> <span class='ocrx_word' id='word_1_177' title='bbox 1433 2597 1749 2669; x_wconf 74' lang='lat' dir='ltr'><strong>corrigitur,</strong></span> <span class='ocrx_word' id='word_1_178' title='bbox 1789 2594 2117 2665; x_wconf 80' lang='lat' dir='ltr'><strong>defenderit,</strong></span> 
     </span>
    </p>
   </div>
   <div class='ocr_carea' id='block_1_24' title="bbox 528 2688 2122 2763">
    <p class='ocr_par' dir='ltr' id='par_1_24' title="bbox 528 2688 2122 2763">
     <span class='ocr_line' id='line_1_24' title="bbox 528 2688 2122 2763; baseline -0.001 -16"><span class='ocrx_word' id='word_1_179' title='bbox 528 2700 664 2748; x_wconf 84' lang='lat' dir='ltr'><strong>tunc</strong></span> <span class='ocrx_word' id='word_1_180' title='bbox 691 2688 911 2749; x_wconf 82' lang='lat' dir='ltr'><strong>abbatis</strong></span> <span class='ocrx_word' id='word_1_181' title='bbox 938 2702 965 2732; x_wconf 77' lang='grc' dir='ltr'><strong>ο</strong></span> <span class='ocrx_word' id='word_1_182' title='bbox 987 2690 1272 2748; x_wconf 72' lang='lat' dir='ltr'><strong>sententiae</strong></span> <span class='ocrx_word' id='word_1_183' title='bbox 1310 2689 1576 2763; x_wconf 89' lang='lat' dir='ltr'><strong>regimine</strong></span> <span class='ocrx_word' id='word_1_184' title='bbox 1594 2688 1939 2761; x_wconf 78' lang='lat' dir='ltr'><strong>corrigatur:</strong></span> <span class='ocrx_word' id='word_1_185' title='bbox 1982 2689 2122 2756; x_wconf 83' lang='lat' dir='ltr'><strong>Quia</strong></span> 
     </span>
    </p>
   </div>
   <div class='ocr_carea' id='block_1_25' title="bbox 600 2820 2122 2894">
    <p class='ocr_par' dir='ltr' id='par_1_25' title="bbox 600 2820 2122 2894">
     <span class='ocr_line' id='line_1_25' title="bbox 600 2820 2122 2894; baseline -0.002 -15"><span class='ocrx_word' id='word_1_186' title='bbox 600 2835 627 2864; x_wconf 66' lang='grc' dir='ltr'><strong><em>α</em></strong></span> <span class='ocrx_word' id='word_1_187' title='bbox 668 2820 727 2879; x_wconf 86' lang='lat' dir='ltr'><strong>Si</strong></span> <span class='ocrx_word' id='word_1_188' title='bbox 754 2823 873 2893; x_wconf 87' lang='lat' dir='ltr'><strong>quis</strong></span> <span class='ocrx_word' id='word_1_189' title='bbox 905 2839 938 2878; x_wconf 91' lang='lat' dir='ltr'><strong>a</strong></span> <span class='ocrx_word' id='word_1_190' title='bbox 977 2822 1290 2878; x_wconf 72' lang='lat' dir='ltr'><strong>senioribus.</strong></span> <span class='ocrx_word' id='word_1_191' title='bbox 1343 2822 1511 2893; x_wconf 82' lang='lat' dir='ltr'><strong>Lege,</strong></span> <span class='ocrx_word' id='word_1_192' title='bbox 1554 2822 1603 2878; x_wconf 82' lang='lat' dir='ltr'><strong>si</strong></span> <span class='ocrx_word' id='word_1_193' title='bbox 1641 2823 1762 2894; x_wconf 75' lang='lat' dir='ltr'><strong>quis</strong></span> <span class='ocrx_word' id='word_1_194' title='bbox 1790 2837 1857 2878; x_wconf 77' lang='lat' dir='ltr'><strong>ea:</strong></span> <span class='ocrx_word' id='word_1_195' title='bbox 1895 2822 2122 2877; x_wconf 80' lang='lat' dir='ltr'><strong>seniori-</strong></span> 
     </span>
    </p>
   </div>
   <div class='ocr_carea' id='block_1_26' title="bbox 531 2894 1435 2964">
    <p class='ocr_par' dir='ltr' id='par_1_26' title="bbox 531 2894 1435 2964">
     <span class='ocr_line' id='line_1_26' title="bbox 531 2894 1435 2964; baseline 0.002 -17"><span class='ocrx_word' id='word_1_196' title='bbox 531 2894 625 2947; x_wconf 88' lang='lat' dir='ltr'><strong>bus</strong></span> <span class='ocrx_word' id='word_1_197' title='bbox 644 2935 659 2959; x_wconf 95' lang='lat'><strong>,</strong></span> <span class='ocrx_word' id='word_1_198' title='bbox 688 2901 756 2964; x_wconf 83' lang='lat' dir='ltr'><strong>ut</strong></span> <span class='ocrx_word' id='word_1_199' title='bbox 785 2900 935 2964; x_wconf 83' lang='lat' dir='ltr'><strong>patet</strong></span> <span class='ocrx_word' id='word_1_200' title='bbox 962 2907 1030 2947; x_wconf 81' lang='lat' dir='ltr'><strong>ex</strong></span> <span class='ocrx_word' id='word_1_201' title='bbox 1058 2894 1435 2963; x_wconf 83' lang='lat' dir='ltr'><strong>sequentibus.</strong></span> 
     </span>
    </p>
   </div>
   <div class='ocr_carea' id='block_1_27' title="bbox 604 2962 1246 3036">
    <p class='ocr_par' dir='ltr' id='par_1_27' title="bbox 604 2962 1246 3036">
     <span class='ocr_line' id='line_1_27' title="bbox 604 2962 1246 3036; baseline 0 -18"><span class='ocrx_word' id='word_1_202' title='bbox 604 2965 632 3004; x_wconf 75' lang='grc' dir='ltr'><strong>ι’</strong></span> <span class='ocrx_word' id='word_1_203' title='bbox 675 2962 811 3036; x_wconf 62' lang='lat' dir='ltr'><strong>Sive.</strong></span> <span class='ocrx_word' id='word_1_204' title='bbox 840 2963 1005 3036; x_wconf 87' lang='lat' dir='ltr'><strong>Lege,</strong></span> <span class='ocrx_word' id='word_1_205' title='bbox 1030 2964 1084 3036; x_wconf 67' lang='lat' dir='ltr'><strong>si</strong></span> <span class='ocrx_word' id='word_1_206' title='bbox 1108 2962 1246 3018; x_wconf 77' lang='lat' dir='ltr'><strong>vero.</strong></span> 
     </span>
    </p>
   </div>
   <div class='ocr_carea' id='block_1_28' title="bbox 605 3030 2123 3104">
    <p class='ocr_par' dir='ltr' id='par_1_28' title="bbox 605 3030 2123 3104">
     <span class='ocr_line' id='line_1_28' title="bbox 605 3030 2123 3104; baseline 0.002 -18"><span class='ocrx_word' id='word_1_207' title='bbox 605 3045 626 3072; x_wconf 77' lang='grc' dir='ltr'><em>ε</em></span> <span class='ocrx_word' id='word_1_208' title='bbox 667 3034 745 3087; x_wconf 71' lang='lat' dir='ltr'><strong>Ab</strong></span> <span class='ocrx_word' id='word_1_209' title='bbox 773 3030 991 3103; x_wconf 66' lang='lat' dir='ltr'><strong>impeﬁ&#39;o</strong></span> <span class='ocrx_word' id='word_1_210' title='bbox 1015 3034 1264 3104; x_wconf 76' lang='lat' dir='ltr'><strong>fratrum.</strong></span> <span class='ocrx_word' id='word_1_211' title='bbox 1294 3032 1353 3090; x_wconf 88' lang='lat' dir='ltr'><strong>Id</strong></span> <span class='ocrx_word' id='word_1_212' title='bbox 1379 3044 1482 3102; x_wconf 85' lang='lat' dir='ltr'><strong>est,</strong></span> <span class='ocrx_word' id='word_1_213' title='bbox 1513 3049 1624 3091; x_wconf 89' lang='lat' dir='ltr'><strong>non</strong></span> <span class='ocrx_word' id='word_1_214' title='bbox 1655 3034 1815 3091; x_wconf 92' lang='lat' dir='ltr'><strong>debet</strong></span> <span class='ocrx_word' id='word_1_215' title='bbox 1842 3030 1984 3090; x_wconf 87' lang='lat' dir='ltr'><strong>ultra</strong></span> <span class='ocrx_word' id='word_1_216' title='bbox 2011 3033 2123 3089; x_wconf 86' lang='lat' dir='ltr'><strong>fra-</strong></span> 
     </span>
    </p>
   </div>
   <div class='ocr_carea' id='block_1_29' title="bbox 529 3103 2118 3177">
    <p class='ocr_par' dir='ltr' id='par_1_29' title="bbox 529 3103 2118 3177">
     <span class='ocr_line' id='line_1_29' title="bbox 529 3103 2118 3177; baseline 0.003 -20"><span class='ocrx_word' id='word_1_217' title='bbox 529 3103 707 3158; x_wconf 89' lang='lat' dir='ltr'><strong>tribus</strong></span> <span class='ocrx_word' id='word_1_218' title='bbox 738 3103 940 3177; x_wconf 71' lang='lat' dir='ltr'><strong>praeiici</strong></span> <span class='ocrx_word' id='word_1_219' title='bbox 967 3103 1427 3177; x_wconf 78' lang='lat' dir='ltr'><strong>ohirscundiam,</strong></span> <span class='ocrx_word' id='word_1_220' title='bbox 1452 3121 1575 3177; x_wconf 64' lang='lat' dir='ltr'><strong>quae</strong></span> <span class='ocrx_word' id='word_1_221' title='bbox 1607 3107 1902 3161; x_wconf 80' lang='lat' dir='ltr'><strong>maximum</strong></span> <span class='ocrx_word' id='word_1_222' title='bbox 1943 3114 2028 3161; x_wconf 86' lang='lat' dir='ltr'><strong>est</strong></span> <span class='ocrx_word' id='word_1_223' title='bbox 2060 3107 2118 3161; x_wconf 90' lang='lat' dir='ltr'><strong>in</strong></span> 
     </span>
    </p>
   </div>
   <div class='ocr_carea' id='block_1_30' title="bbox 530 3174 2115 3248">
    <p class='ocr_par' dir='ltr' id='par_1_30' title="bbox 530 3174 2115 3248">
     <span class='ocr_line' id='line_1_30' title="bbox 530 3174 2115 3248; baseline 0.002 -20"><span class='ocrx_word' id='word_1_224' title='bbox 530 3178 748 3248; x_wconf 79' lang='lat' dir='ltr'><strong>rectore</strong></span> <span class='ocrx_word' id='word_1_225' title='bbox 777 3174 994 3248; x_wconf 57' lang='lat' dir='ltr'><strong>vitium,</strong></span> <span class='ocrx_word' id='word_1_226' title='bbox 1025 3175 1140 3248; x_wconf 83' lang='lat' dir='ltr'><strong>sive</strong></span> <span class='ocrx_word' id='word_1_227' title='bbox 1164 3174 1251 3248; x_wconf 82' lang='lat' dir='ltr'><strong>ille</strong></span> <span class='ocrx_word' id='word_1_228' title='bbox 1282 3177 1353 3232; x_wconf 91' lang='lat' dir='ltr'><strong>sit</strong></span> <span class='ocrx_word' id='word_1_229' title='bbox 1382 3174 1567 3248; x_wconf 81' lang='lat' dir='ltr'><strong>abbas,</strong></span> <span class='ocrx_word' id='word_1_230' title='bbox 1612 3177 1727 3233; x_wconf 89' lang='lat' dir='ltr'><strong>sive</strong></span> <span class='ocrx_word' id='word_1_231' title='bbox 1756 3177 2081 3248; x_wconf 81' lang='lat' dir='ltr'><strong>praepositus</strong></span> <span class='ocrx_word' id='word_1_232' title='bbox 2100 3218 2115 3241; x_wconf 90' lang='lat'><strong>,</strong></span> 
     </span>
    </p>
   </div>
   <div class='ocr_carea' id='block_1_31' title="bbox 530 3243 2118 3321">
    <p class='ocr_par' dir='ltr' id='par_1_31' title="bbox 530 3243 2118 3321">
     <span class='ocr_line' id='line_1_31' title="bbox 530 3243 2118 3321; baseline 0.002 -20"><span class='ocrx_word' id='word_1_233' title='bbox 530 3244 649 3321; x_wconf 79' lang='lat' dir='ltr'><strong>sive</strong></span> <span class='ocrx_word' id='word_1_234' title='bbox 672 3245 931 3321; x_wconf 69' lang='lat' dir='ltr'><strong>decanus.</strong></span> <span class='ocrx_word' id='word_1_235' title='bbox 962 3243 1079 3321; x_wconf 81' lang='lat' dir='ltr'><strong>Sed</strong></span> <span class='ocrx_word' id='word_1_236' title='bbox 1093 3246 1263 3301; x_wconf 84' lang='lat' dir='ltr'><strong>abbas</strong></span> <span class='ocrx_word' id='word_1_237' title='bbox 1288 3247 1532 3321; x_wconf 63' lang='lat' dir='ltr'><strong>abdicari</strong></span> <span class='ocrx_word' id='word_1_238' title='bbox 1566 3248 1729 3303; x_wconf 89' lang='lat' dir='ltr'><strong>debet</strong></span> <span class='ocrx_word' id='word_1_239' title='bbox 1750 3243 1819 3304; x_wconf 74' lang='lat' dir='ltr'><strong>ab</strong></span> <span class='ocrx_word' id='word_1_240' title='bbox 1841 3243 2118 3321; x_wconf 81' lang='lat' dir='ltr'><strong>episcopo.</strong></span> 
     </span>
    </p>
   </div>
   <div class='ocr_carea' id='block_1_32' title="bbox 604 3314 2121 3443">
    <p class='ocr_par' dir='ltr' id='par_1_32' title="bbox 604 3314 2121 3443">
     <span class='ocr_line' id='line_1_32' title="bbox 604 3314 2121 3443; baseline 0.003 -75"><span class='ocrx_word' id='word_1_241' title='bbox 604 3314 632 3354; x_wconf 75' lang='grc' dir='ltr'>ἀ</span> <span class='ocrx_word' id='word_1_242' title='bbox 676 3314 854 3386; x_wconf 74' lang='lat' dir='ltr'><strong>Igitur</strong></span> <span class='ocrx_word' id='word_1_243' title='bbox 876 3318 924 3369; x_wconf 81' lang='lat' dir='ltr'><strong>si</strong></span> <span class='ocrx_word' id='word_1_244' title='bbox 951 3317 1166 3443; x_wconf 46' lang='lat' dir='ltr'><strong>agito,</strong></span> <span class='ocrx_word' id='word_1_245' title='bbox 1195 3323 1303 3372; x_wconf 93' lang='lat' dir='ltr'><strong>etc.</strong></span> <span class='ocrx_word' id='word_1_246' title='bbox 1333 3317 1461 3375; x_wconf 51' lang='lat' dir='ltr'><strong>Hae</strong></span> <span class='ocrx_word' id='word_1_247' title='bbox 1500 3317 1617 3375; x_wconf 78' lang='lat' dir='ltr'><strong>fere</strong></span> <span class='ocrx_word' id='word_1_248' title='bbox 1643 3327 1861 3389; x_wconf 82' lang='lat' dir='ltr'><strong>sumpta</strong></span> <span class='ocrx_word' id='word_1_249' title='bbox 1874 3314 2121 3375; x_wconf 47' lang='lat' dir='ltr'><strong>&#39;sunt&#39;ex</strong></span> 
     </span>
     <span class='ocr_line' id='line_1_33' title="bbox 604 3384 1163 3443; baseline 0.007 -5"><span class='ocrx_word' id='word_1_250' title='bbox 604 3386 738 3443; x_wconf 67' lang='lat' dir='ltr'><strong>rgula</strong></span> <span class='ocrx_word' id='word_1_251' title='bbox 770 3384 829 3441; x_wconf 89' lang='lat' dir='ltr'><strong>S.</strong></span> <span class='ocrx_word' id='word_1_252' title='bbox 862 3386 974 3442; x_wconf 90' lang='lat' dir='ltr'><strong>Ben</strong></span> <span class='ocrx_word' id='word_1_253' title='bbox 1048 3397 1163 3443; x_wconf 67' lang='lat' dir='ltr'><strong>Ictu.</strong></span> 
     </span>
    </p>
   </div>
   <div class='ocr_carea' id='block_1_33' title="bbox 530 3384 1163 3460">
    <p class='ocr_par' dir='ltr' id='par_1_33' title="bbox 530 3384 1163 3460">
     <span class='ocr_line' id='line_1_34' title="bbox 530 3384 1163 3460; baseline 0.002 -20"><span class='ocrx_word' id='word_1_254' title='bbox 530 3384 738 3460; x_wconf 68' lang='lat' dir='ltr'><strong>Regula</strong></span> <span class='ocrx_word' id='word_1_255' title='bbox 770 3384 829 3441; x_wconf 89' lang='lat' dir='ltr'><strong>S.</strong></span> <span class='ocrx_word' id='word_1_256' title='bbox 862 3384 1163 3460; x_wconf 79' lang='lat' dir='ltr'><strong>Benedicti.</strong></span> 
     </span>
    </p>
   </div>
   <div class='ocr_carea' id='block_1_34' title="bbox 607 3455 2075 3533">
    <p class='ocr_par' dir='ltr' id='par_1_34' title="bbox 607 3455 2075 3533">
     <span class='ocr_line' id='line_1_35' title="bbox 607 3455 2075 3533; baseline 0.006 -26"><span class='ocrx_word' id='word_1_257' title='bbox 607 3455 640 3533; x_wconf 61' lang='grc' dir='ltr'><strong>εξ</strong></span> <span class='ocrx_word' id='word_1_258' title='bbox 672 3455 978 3533; x_wconf 63' lang='grc' dir='ltr'><strong>ξρῃιεῃιίρε.</strong></span> <span class='ocrx_word' id='word_1_259' title='bbox 1004 3457 1159 3533; x_wconf 87' lang='lat' dir='ltr'><strong>Apud</strong></span> <span class='ocrx_word' id='word_1_260' title='bbox 1186 3456 1545 3533; x_wconf 63' lang='lat' dir='ltr'><strong>Smaragdum</strong></span> <span class='ocrx_word' id='word_1_261' title='bbox 1568 3460 1789 3533; x_wconf 72' lang='lat' dir='ltr'><strong>legitur,</strong></span> <span class='ocrx_word' id='word_1_262' title='bbox 1820 3462 2075 3516; x_wconf 64' lang='lat' dir='ltr'><strong>scientiis.</strong></span> 
     </span>
    </p>
   </div>
   <div class='ocr_carea' id='block_1_35' title="bbox 609 3524 2119 3603">
    <p class='ocr_par' dir='ltr' id='par_1_35' title="bbox 609 3524 2119 3603">
     <span class='ocr_line' id='line_1_36' title="bbox 609 3524 2119 3603; baseline 0.004 -22"><span class='ocrx_word' id='word_1_263' title='bbox 609 3527 630 3567; x_wconf 71' lang='grc' dir='ltr'>ί</span> <span class='ocrx_word' id='word_1_264' title='bbox 672 3524 729 3582; x_wconf 80' lang='lat' dir='ltr'><strong>Si</strong></span> <span class='ocrx_word' id='word_1_265' title='bbox 752 3527 949 3603; x_wconf 51' lang='lat' dir='ltr'><strong>tentate</strong></span> <span class='ocrx_word' id='word_1_266' title='bbox 974 3524 1199 3603; x_wconf 74' lang='lat' dir='ltr'><strong>uulnus,</strong></span> <span class='ocrx_word' id='word_1_267' title='bbox 1210 3537 1320 3603; x_wconf 80' lang='lat' dir='ltr'><strong>etc.</strong></span> <span class='ocrx_word' id='word_1_268' title='bbox 1354 3524 1538 3603; x_wconf 69' lang='lat' dir='ltr'><strong>Kecte.</strong></span> <span class='ocrx_word' id='word_1_269' title='bbox 1571 3524 1728 3598; x_wconf 71' lang='lat' dir='ltr'><strong>Nam,</strong></span> <span class='ocrx_word' id='word_1_270' title='bbox 1771 3524 1831 3587; x_wconf 82' lang='lat' dir='ltr'><strong>ut</strong></span> <span class='ocrx_word' id='word_1_271' title='bbox 1855 3533 2119 3603; x_wconf 60' lang='lat' dir='ltr'><strong>praeclare</strong></span> 
     </span>
    </p>
   </div>
   <div class='ocr_carea' id='block_1_36' title="bbox 531 3596 2121 3674">
    <p class='ocr_par' dir='ltr' id='par_1_36' title="bbox 531 3596 2121 3674">
     <span class='ocr_line' id='line_1_37' title="bbox 531 3596 2121 3674; baseline 0.003 -19"><span class='ocrx_word' id='word_1_272' title='bbox 531 3606 721 3674; x_wconf 79' lang='lat' dir='ltr'><strong>monet</strong></span> <span class='ocrx_word' id='word_1_273' title='bbox 748 3596 807 3653; x_wconf 90' lang='lat' dir='ltr'><strong>S.</strong></span> <span class='ocrx_word' id='word_1_274' title='bbox 836 3598 1140 3674; x_wconf 83' lang='lat' dir='ltr'><strong>Cyprianus</strong></span> <span class='ocrx_word' id='word_1_275' title='bbox 1170 3600 1262 3656; x_wconf 92' lang='lat' dir='ltr'><strong>lib.</strong></span> <span class='ocrx_word' id='word_1_276' title='bbox 1295 3603 1371 3674; x_wconf 84' lang='lat' dir='ltr'><strong>De</strong></span> <span class='ocrx_word' id='word_1_277' title='bbox 1418 3602 1603 3673; x_wconf 85' lang='lat' dir='ltr'><strong>lapsis,</strong></span> <span class='ocrx_word' id='word_1_278' title='bbox 1642 3620 1662 3653; x_wconf 72' lang='grc' dir='ltr'><strong><em>ι</em></strong></span> <span class='ocrx_word' id='word_1_279' title='bbox 1710 3596 1995 3674; x_wconf 72' lang='lat' dir='ltr'><strong>imperitus</strong></span> <span class='ocrx_word' id='word_1_280' title='bbox 2035 3612 2121 3659; x_wconf 91' lang='lat' dir='ltr'><strong>est</strong></span> 
     </span>
    </p>
   </div>
   <div class='ocr_carea' id='block_1_37' title="bbox 530 3669 2122 3744">
    <p class='ocr_par' dir='ltr' id='par_1_37' title="bbox 530 3669 2122 3744">
     <span class='ocr_line' id='line_1_38' title="bbox 530 3669 2122 3744; baseline 0.001 -18"><span class='ocrx_word' id='word_1_281' title='bbox 530 3669 800 3735; x_wconf 89' lang='lat' dir='ltr'><strong>medicus,</strong></span> <span class='ocrx_word' id='word_1_282' title='bbox 826 3669 1223 3744; x_wconf 77' lang='lat' dir='ltr'><strong>quitumentes</strong></span> <span class='ocrx_word' id='word_1_283' title='bbox 1264 3669 1552 3744; x_wconf 79' lang='lat' dir='ltr'><strong>vulnerum</strong></span> <span class='ocrx_word' id='word_1_284' title='bbox 1595 3674 1750 3744; x_wconf 10' lang='lat' dir='ltr'><strong>Vsinus</strong></span> <span class='ocrx_word' id='word_1_285' title='bbox 1788 3669 1954 3729; x_wconf 77' lang='lat' dir='ltr'><strong>manu</strong></span> <span class='ocrx_word' id='word_1_286' title='bbox 1997 3689 2122 3744; x_wconf 86' lang='lat' dir='ltr'><strong>par-</strong></span> 
     </span>
    </p>
   </div>
   <div class='ocr_carea' id='block_1_38' title="bbox 531 3740 2119 3806">
    <p class='ocr_par' dir='ltr' id='par_1_38' title="bbox 531 3740 2119 3806">
     <span class='ocr_line' id='line_1_39' title="bbox 531 3740 2119 3806; baseline 0.003 -10"><span class='ocrx_word' id='word_1_287' title='bbox 531 3748 693 3796; x_wconf 91' lang='lat' dir='ltr'><strong>cente</strong></span> <span class='ocrx_word' id='word_1_288' title='bbox 721 3748 1040 3806; x_wconf 90' lang='lat' dir='ltr'><strong>contrectat,</strong></span> <span class='ocrx_word' id='word_1_289' title='bbox 1070 3750 1126 3796; x_wconf 90' lang='lat' dir='ltr'><strong>et</strong></span> <span class='ocrx_word' id='word_1_290' title='bbox 1155 3740 1210 3797; x_wconf 91' lang='lat' dir='ltr'><strong>in</strong></span> <span class='ocrx_word' id='word_1_291' title='bbox 1243 3741 1368 3798; x_wconf 88' lang='lat' dir='ltr'><strong>altis</strong></span> <span class='ocrx_word' id='word_1_292' title='bbox 1404 3743 1711 3800; x_wconf 90' lang='lat' dir='ltr'><strong>recessibus</strong></span> <span class='ocrx_word' id='word_1_293' title='bbox 1739 3740 2015 3799; x_wconf 80' lang='lat' dir='ltr'><strong>viscerum</strong></span> <span class='ocrx_word' id='word_1_294' title='bbox 2033 3746 2119 3800; x_wconf 90' lang='lat' dir='ltr'><strong>vi-</strong></span> 
     </span>
    </p>
   </div>
   <div class='ocr_carea' id='block_1_39' title="bbox 531 3812 2119 3886">
    <p class='ocr_par' dir='ltr' id='par_1_39' title="bbox 531 3812 2119 3886">
     <span class='ocr_line' id='line_1_40' title="bbox 531 3812 2119 3886; baseline 0.001 -18"><span class='ocrx_word' id='word_1_295' title='bbox 531 3826 629 3886; x_wconf 79' lang='lat' dir='ltr'><strong>rus</strong></span> <span class='ocrx_word' id='word_1_296' title='bbox 673 3812 941 3867; x_wconf 85' lang='lat' dir='ltr'><strong>inclusum</strong></span> <span class='ocrx_word' id='word_1_297' title='bbox 984 3813 1113 3877; x_wconf 83' lang='lat' dir='ltr'><strong>dum</strong></span> <span class='ocrx_word' id='word_1_298' title='bbox 1153 3821 1361 3886; x_wconf 74' lang='lat' dir='ltr'><strong>servat,</strong></span> <span class='ocrx_word' id='word_1_299' title='bbox 1402 3824 1715 3886; x_wconf 76' lang='lat' dir='ltr'><strong>exaggerat.</strong></span> <span class='ocrx_word' id='word_1_300' title='bbox 1753 3814 2119 3884; x_wconf 84' lang='lat' dir='ltr'><strong>Aperiendum</strong></span> 
     </span>
    </p>
   </div>
   <div class='ocr_carea' id='block_1_40' title="bbox 528 3880 2123 3956">
    <p class='ocr_par' dir='ltr' id='par_1_40' title="bbox 528 3880 2123 3956">
     <span class='ocr_line' id='line_1_41' title="bbox 528 3880 2123 3956; baseline 0.004 -21"><span class='ocrx_word' id='word_1_301' title='bbox 528 3880 728 3956; x_wconf 80' lang='lat' dir='ltr'><strong>vulnus</strong></span> <span class='ocrx_word' id='word_1_302' title='bbox 755 3891 860 3956; x_wconf 78' lang='lat' dir='ltr'><strong>est,</strong></span> <span class='ocrx_word' id='word_1_303' title='bbox 887 3890 943 3956; x_wconf 84' lang='lat' dir='ltr'><strong>et</strong></span> <span class='ocrx_word' id='word_1_304' title='bbox 967 3885 1281 3950; x_wconf 90' lang='lat' dir='ltr'><strong>secandum,</strong></span> <span class='ocrx_word' id='word_1_305' title='bbox 1312 3892 1367 3939; x_wconf 92' lang='lat' dir='ltr'><strong>et</strong></span> <span class='ocrx_word' id='word_1_306' title='bbox 1389 3880 2123 3956; x_wconf 56' lang='lat' dir='ltr'><strong>putraininihus&#39;amputatis</strong></span> 
     </span>
    </p>
   </div>
   <div class='ocr_carea' id='block_1_41' title="bbox 531 3951 2124 4012">
    <p class='ocr_par' dir='ltr' id='par_1_41' title="bbox 531 3951 2124 4012">
     <span class='ocr_line' id='line_1_42' title="bbox 531 3951 2124 4012; baseline 0.003 -5"><span class='ocrx_word' id='word_1_307' title='bbox 531 3951 747 4007; x_wconf 89' lang='lat' dir='ltr'><strong>medela</strong></span> <span class='ocrx_word' id='word_1_308' title='bbox 779 3951 1004 4007; x_wconf 79' lang='lat' dir='ltr'><strong>fortiore</strong></span> <span class='ocrx_word' id='word_1_309' title='bbox 1032 3956 1351 4008; x_wconf 91' lang='lat' dir='ltr'><strong>curandum.</strong></span> <span class='ocrx_word' id='word_1_310' title='bbox 1390 3951 1728 4011; x_wconf 85' lang='lat' dir='ltr'><strong>Vociferetur</strong></span> <span class='ocrx_word' id='word_1_311' title='bbox 1752 3965 1808 4011; x_wconf 90' lang='lat' dir='ltr'><strong>et</strong></span> <span class='ocrx_word' id='word_1_312' title='bbox 1831 3951 2030 4012; x_wconf 80' lang='lat' dir='ltr'><strong>clamet</strong></span> <span class='ocrx_word' id='word_1_313' title='bbox 2058 3958 2124 4011; x_wconf 89' lang='lat' dir='ltr'><strong>li-</strong></span> 
     </span>
    </p>
   </div>
   <div class='ocr_carea' id='block_1_42' title="bbox 533 4024 2121 4099">
    <p class='ocr_par' dir='ltr' id='par_1_42' title="bbox 533 4024 2121 4099">
     <span class='ocr_line' id='line_1_43' title="bbox 533 4024 2121 4099; baseline 0.004 -23"><span class='ocrx_word' id='word_1_314' title='bbox 533 4029 625 4076; x_wconf 88' lang='lat' dir='ltr'><strong>cet</strong></span> <span class='ocrx_word' id='word_1_315' title='bbox 653 4037 797 4099; x_wconf 55' lang='grc' dir='ltr'><strong>μέδει-</strong></span> <span class='ocrx_word' id='word_1_316' title='bbox 826 4024 1115 4091; x_wconf 84' lang='lat' dir='ltr'><strong>impatiens</strong></span> <span class='ocrx_word' id='word_1_317' title='bbox 1134 4037 1234 4099; x_wconf 86' lang='lat' dir='ltr'><strong>per</strong></span> <span class='ocrx_word' id='word_1_318' title='bbox 1262 4024 1524 4099; x_wconf 82' lang='lat' dir='ltr'><strong>dolorem,</strong></span> <span class='ocrx_word' id='word_1_319' title='bbox 1557 4027 1762 4097; x_wconf 88' lang='lat' dir='ltr'><strong>gratias</strong></span> <span class='ocrx_word' id='word_1_320' title='bbox 1800 4035 1923 4098; x_wconf 87' lang='lat' dir='ltr'><strong>aget</strong></span> <span class='ocrx_word' id='word_1_321' title='bbox 1962 4034 2121 4099; x_wconf 90' lang='lat' dir='ltr'><strong>post-</strong></span> 
     </span>
    </p>
   </div>
   <div class='ocr_carea' id='block_1_43' title="bbox 538 4092 1567 4151">
    <p class='ocr_par' dir='ltr' id='par_1_43' title="bbox 538 4092 1567 4151">
     <span class='ocr_line' id='line_1_44' title="bbox 538 4092 1567 4151; baseline 0.001 -3"><span class='ocrx_word' id='word_1_322' title='bbox 538 4092 762 4148; x_wconf 87' lang='lat' dir='ltr'><strong>modum</strong></span> <span class='ocrx_word' id='word_1_323' title='bbox 789 4107 914 4147; x_wconf 89' lang='lat' dir='ltr'><strong>cum</strong></span> <span class='ocrx_word' id='word_1_324' title='bbox 938 4092 1176 4148; x_wconf 81' lang='lat' dir='ltr'><strong>senserit</strong></span> <span class='ocrx_word' id='word_1_325' title='bbox 1202 4096 1514 4151; x_wconf 86' lang='lat' dir='ltr'><strong>sanitatem.</strong></span> <span class='ocrx_word' id='word_1_326' title='bbox 1548 4092 1567 4149; x_wconf 64' lang='grc' dir='ltr'><em>ὁ</em></span> 
     </span>
    </p>
   </div>
   <div class='ocr_carea' id='block_1_44' title="bbox 614 4158 2123 4238">
    <p class='ocr_par' dir='ltr' id='par_1_44' title="bbox 614 4158 2123 4238">
     <span class='ocr_line' id='line_1_45' title="bbox 614 4158 2123 4238; baseline 0.007 -25"><span class='ocrx_word' id='word_1_327' title='bbox 614 4162 640 4201; x_wconf 75' lang='grc' dir='ltr'>ε</span> <span class='ocrx_word' id='word_1_328' title='bbox 677 4158 1229 4238; x_wconf 54' lang='lat' dir='ltr'><strong>Prretercustodibus.</strong></span> <span class='ocrx_word' id='word_1_329' title='bbox 1262 4164 1429 4238; x_wconf 86' lang='lat' dir='ltr'><strong>Lege,</strong></span> <span class='ocrx_word' id='word_1_330' title='bbox 1456 4176 1646 4236; x_wconf 68' lang='lat' dir='ltr'><strong>praeter</strong></span> <span class='ocrx_word' id='word_1_331' title='bbox 1682 4182 1841 4238; x_wconf 84' lang='lat' dir='ltr'><strong>quam</strong></span> <span class='ocrx_word' id='word_1_332' title='bbox 1879 4184 1913 4221; x_wconf 92' lang='lat' dir='ltr'><strong>a</strong></span> <span class='ocrx_word' id='word_1_333' title='bbox 1942 4178 2123 4223; x_wconf 82' lang='lat' dir='ltr'><strong>custo-</strong></span> 
     </span>
    </p>
   </div>
   <div class='ocr_carea' id='block_1_45' title="bbox 534 4231 2121 4308">
    <p class='ocr_par' dir='ltr' id='par_1_45' title="bbox 534 4231 2121 4308">
     <span class='ocr_line' id='line_1_46' title="bbox 534 4231 2121 4308; baseline 0.005 -21"><span class='ocrx_word' id='word_1_334' title='bbox 534 4232 711 4288; x_wconf 84' lang='lat' dir='ltr'><strong>dibus.</strong></span> <span class='ocrx_word' id='word_1_335' title='bbox 764 4231 1020 4308; x_wconf 80' lang='lat' dir='ltr'><strong>lntelligit</strong></span> <span class='ocrx_word' id='word_1_336' title='bbox 1046 4249 1140 4308; x_wconf 81' lang='lat' dir='ltr'><strong>eos</strong></span> <span class='ocrx_word' id='word_1_337' title='bbox 1183 4231 1427 4292; x_wconf 72' lang='lat' dir='ltr'><strong>seniores</strong></span> <span class='ocrx_word' id='word_1_338' title='bbox 1456 4231 1573 4308; x_wconf 58' lang='lat' dir='ltr'><strong>&#39;qui</strong></span> <span class='ocrx_word' id='word_1_339' title='bbox 1614 4231 2121 4296; x_wconf 80' lang='lat' dir='ltr'><strong>excommunicato-</strong></span> 
     </span>
    </p>
   </div>
   <div class='ocr_carea' id='block_1_46' title="bbox 534 4304 1195 4360">
    <p class='ocr_par' dir='ltr' id='par_1_46' title="bbox 534 4304 1195 4360">
     <span class='ocr_line' id='line_1_47' title="bbox 534 4304 1195 4360; baseline 0 -1"><span class='ocrx_word' id='word_1_340' title='bbox 534 4317 658 4359; x_wconf 86' lang='lat' dir='ltr'><strong>rum</strong></span> <span class='ocrx_word' id='word_1_341' title='bbox 686 4318 872 4358; x_wconf 90' lang='lat' dir='ltr'><strong>curam</strong></span> <span class='ocrx_word' id='word_1_342' title='bbox 904 4304 1195 4360; x_wconf 91' lang='lat' dir='ltr'><strong>habebant.</strong></span> 
     </span>
    </p>
   </div>
   <div class='ocr_carea' id='block_1_47' title="bbox 612 4372 2123 4448">
    <p class='ocr_par' dir='ltr' id='par_1_47' title="bbox 612 4372 2123 4448">
     <span class='ocr_line' id='line_1_48' title="bbox 612 4372 2123 4448; baseline 0.006 -20"><span class='ocrx_word' id='word_1_343' title='bbox 612 4374 642 4414; x_wconf 77' lang='grc' dir='ltr'><strong>ιι</strong></span> <span class='ocrx_word' id='word_1_344' title='bbox 681 4372 1006 4448; x_wconf 85' lang='lat' dir='ltr'><strong>Cast_igetur_</strong></span> <span class='ocrx_word' id='word_1_345' title='bbox 1025 4376 1242 4432; x_wconf 82' lang='lat' dir='ltr'><strong>diversis</strong></span> <span class='ocrx_word' id='word_1_346' title='bbox 1299 4377 1760 4448; x_wconf 83' lang='lat' dir='ltr'><strong>increpationibus.</strong></span> <span class='ocrx_word' id='word_1_347' title='bbox 1816 4378 1947 4437; x_wconf 72' lang='lat' dir='ltr'><strong>Hmc</strong></span> <span class='ocrx_word' id='word_1_348' title='bbox 2008 4389 2123 4438; x_wconf 86' lang='lat' dir='ltr'><strong>sta-</strong></span> 
     </span>
    </p>
   </div>
   <div class='ocr_carea' id='block_1_48' title="bbox 534 4443 2119 4528">
    <p class='ocr_par' dir='ltr' id='par_1_48' title="bbox 534 4443 2119 4528">
     <span class='ocr_line' id='line_1_49' title="bbox 534 4443 2119 4528; baseline 0.004 -29"><span class='ocrx_word' id='word_1_349' title='bbox 534 4452 765 4528; x_wconf 61' lang='lat' dir='ltr'><strong>tuuntur</strong></span> <span class='ocrx_word' id='word_1_350' title='bbox 789 4443 949 4526; x_wconf 78' lang='lat' dir='ltr'><strong>juxta</strong></span> <span class='ocrx_word' id='word_1_351' title='bbox 978 4446 1239 4528; x_wconf 80' lang='lat' dir='ltr'><strong>Regulam</strong></span> <span class='ocrx_word' id='word_1_352' title='bbox 1263 4443 1488 4505; x_wconf 83' lang='lat' dir='ltr'><strong>alterius</strong></span> <span class='ocrx_word' id='word_1_353' title='bbox 1509 4451 1814 4528; x_wconf 83' lang='lat' dir='ltr'><strong>Fructuosi,</strong></span> <span class='ocrx_word' id='word_1_354' title='bbox 1844 4467 1965 4522; x_wconf 86' lang='lat' dir='ltr'><strong>cap.</strong></span> <span class='ocrx_word' id='word_1_355' title='bbox 2012 4454 2119 4528; x_wconf 79' lang='lat' dir='ltr'><strong>H_:</strong></span> 
     </span>
    </p>
   </div>
   <div class='ocr_carea' id='block_1_49' title="bbox 540 4515 2125 4591">
    <p class='ocr_par' dir='ltr' id='par_1_49' title="bbox 540 4515 2125 4591">
     <span class='ocr_line' id='line_1_50' title="bbox 540 4515 2125 4591; baseline 0.008 -24"><span class='ocrx_word' id='word_1_356' title='bbox 540 4534 563 4567; x_wconf 75' lang='grc' dir='ltr'>ι</span> <span class='ocrx_word' id='word_1_357' title='bbox 597 4515 773 4591; x_wconf 71' lang='lat' dir='ltr'><strong>illittat</strong></span> <span class='ocrx_word' id='word_1_358' title='bbox 802 4517 1006 4583; x_wconf 90' lang='lat' dir='ltr'><strong>senior,</strong></span> <span class='ocrx_word' id='word_1_359' title='bbox 1034 4515 1127 4588; x_wconf 58' lang='lat' dir='ltr'><strong>q&#39;ui</strong></span> <span class='ocrx_word' id='word_1_360' title='bbox 1153 4535 1277 4574; x_wconf 91' lang='lat' dir='ltr'><strong>eum</strong></span> <span class='ocrx_word' id='word_1_361' title='bbox 1304 4515 1817 4591; x_wconf 77' lang='lat' dir='ltr'><strong>excommunicavit,</strong></span> <span class='ocrx_word' id='word_1_362' title='bbox 1866 4515 2032 4580; x_wconf 79' lang='lat' dir='ltr'><strong>unum</strong></span> <span class='ocrx_word' id='word_1_363' title='bbox 2058 4526 2125 4579; x_wconf 91' lang='lat' dir='ltr'><strong>de</strong></span> 
     </span>
    </p>
   </div>
   <div class='ocr_carea' id='block_1_50' title="bbox 533 4584 2124 4670">
    <p class='ocr_par' dir='ltr' id='par_1_50' title="bbox 533 4584 2124 4670">
     <span class='ocr_line' id='line_1_51' title="bbox 533 4584 2124 4670; baseline 0.006 -28"><span class='ocrx_word' id='word_1_364' title='bbox 533 4584 855 4670; x_wconf 74' lang='lat' dir='ltr'><strong>majoribus,</strong></span> <span class='ocrx_word' id='word_1_365' title='bbox 888 4584 1365 4670; x_wconf 50' lang='lat' dir='ltr'><strong>quem—probatum</strong></span> <span class='ocrx_word' id='word_1_366' title='bbox 1418 4594 1601 4659; x_wconf 90' lang='lat' dir='ltr'><strong>habet,</strong></span> <span class='ocrx_word' id='word_1_367' title='bbox 1649 4596 1744 4665; x_wconf 90' lang='lat' dir='ltr'><strong>qui</strong></span> <span class='ocrx_word' id='word_1_368' title='bbox 1772 4584 1899 4651; x_wconf 79' lang='lat' dir='ltr'><strong>eum</strong></span> <span class='ocrx_word' id='word_1_369' title='bbox 1939 4597 2124 4652; x_wconf 86' lang='lat' dir='ltr'><strong>verbis</strong></span> 
     </span>
    </p>
   </div>
   <div class='ocr_carea' id='block_1_51' title="bbox 536 4656 1297 4731">
    <p class='ocr_par' dir='ltr' id='par_1_51' title="bbox 536 4656 1297 4731">
     <span class='ocr_line' id='line_1_52' title="bbox 536 4656 1297 4731; baseline 0.007 -20"><span class='ocrx_word' id='word_1_370' title='bbox 536 4656 946 4714; x_wconf 85' lang='lat' dir='ltr'><strong>contumeliosis</strong></span> <span class='ocrx_word' id='word_1_371' title='bbox 973 4656 1236 4731; x_wconf 74' lang='lat' dir='ltr'><strong>increpet.</strong></span> <span class='ocrx_word' id='word_1_372' title='bbox 1276 4681 1297 4715; x_wconf 71' lang='grc' dir='ltr'><strong>ο</strong></span> 
     </span>
    </p>
   </div>
   <div class='ocr_carea' id='block_1_52' title="bbox 2212 934 3821 1012">
    <p class='ocr_par' dir='ltr' id='par_1_52' title="bbox 2212 934 3821 1012">
     <span class='ocr_line' id='line_1_53' title="bbox 2212 934 3821 1012; baseline 0.007 -26"><span class='ocrx_word' id='word_1_373' title='bbox 2212 934 2632 1003; x_wconf 83' lang='lat' dir='ltr'><strong>castigationum</strong></span> <span class='ocrx_word' id='word_1_374' title='bbox 2667 942 2722 989; x_wconf 90' lang='lat' dir='ltr'><strong>et</strong></span> <span class='ocrx_word' id='word_1_375' title='bbox 2763 934 2981 1005; x_wconf 86' lang='lat' dir='ltr'><strong>pietatis</strong></span> <span class='ocrx_word' id='word_1_376' title='bbox 3025 946 3081 993; x_wconf 89' lang='lat' dir='ltr'><strong>et</strong></span> <span class='ocrx_word' id='word_1_377' title='bbox 3120 938 3362 996; x_wconf 85' lang='lat' dir='ltr'><strong>lenitatis</strong></span> <span class='ocrx_word' id='word_1_378' title='bbox 3390 949 3673 1012; x_wconf 87' lang='lat' dir='ltr'><strong>unguenta</strong></span> <span class='ocrx_word' id='word_1_379' title='bbox 3696 956 3821 997; x_wconf 84' lang='lat' dir='ltr'><strong>sos-</strong></span> 
     </span>
    </p>
   </div>
   <div class='ocr_carea' id='block_1_53' title="bbox 2210 1026 3816 1104">
    <p class='ocr_par' dir='ltr' id='par_1_53' title="bbox 2210 1026 3816 1104">
     <span class='ocr_line' id='line_1_54' title="bbox 2210 1026 3816 1104; baseline 0.005 -25"><span class='ocrx_word' id='word_1_380' title='bbox 2210 1026 2369 1095; x_wconf 89' lang='lat' dir='ltr'><strong>pitati</strong></span> <span class='ocrx_word' id='word_1_381' title='bbox 2400 1040 2507 1081; x_wconf 89' lang='lat' dir='ltr'><strong>non</strong></span> <span class='ocrx_word' id='word_1_382' title='bbox 2535 1026 2801 1094; x_wconf 86' lang='lat' dir='ltr'><strong>redditur,</strong></span> <span class='ocrx_word' id='word_1_383' title='bbox 2831 1028 3025 1085; x_wconf 86' lang='lat' dir='ltr'><strong>saltem</strong></span> <span class='ocrx_word' id='word_1_384' title='bbox 3070 1030 3435 1087; x_wconf 89' lang='lat' dir='ltr'><strong>incisionibus</strong></span> <span class='ocrx_word' id='word_1_385' title='bbox 3469 1040 3816 1104; x_wconf 87' lang='lat' dir='ltr'><strong>amputetur.</strong></span> 
     </span>
    </p>
   </div>
   <div class='ocr_carea' id='block_1_54' title="bbox 2212 1115 3821 1187">
    <p class='ocr_par' dir='ltr' id='par_1_54' title="bbox 2212 1115 3821 1187">
     <span class='ocr_line' id='line_1_55' title="bbox 2212 1115 3821 1187; baseline 0.006 -18"><span class='ocrx_word' id='word_1_386' title='bbox 2212 1115 2280 1169; x_wconf 87' lang='lat' dir='ltr'><strong>Et</strong></span> <span class='ocrx_word' id='word_1_387' title='bbox 2299 1117 2346 1171; x_wconf 92' lang='lat' dir='ltr'><strong>si</strong></span> <span class='ocrx_word' id='word_1_388' title='bbox 2377 1116 2456 1171; x_wconf 90' lang='lat' dir='ltr'><strong>sic</strong></span> <span class='ocrx_word' id='word_1_389' title='bbox 2477 1115 2659 1173; x_wconf 87' lang='lat' dir='ltr'><strong>sanies</strong></span> <span class='ocrx_word' id='word_1_390' title='bbox 2679 1117 2894 1173; x_wconf 87' lang='lat' dir='ltr'><strong>desecta</strong></span> <span class='ocrx_word' id='word_1_391' title='bbox 2936 1126 3208 1177; x_wconf 86' lang='lat' dir='ltr'><strong>tumorem</strong></span> <span class='ocrx_word' id='word_1_392' title='bbox 3231 1138 3338 1178; x_wconf 87' lang='lat' dir='ltr'><strong>non</strong></span> <span class='ocrx_word' id='word_1_393' title='bbox 3379 1123 3648 1187; x_wconf 90' lang='lat' dir='ltr'><strong>amiserit,</strong></span> <span class='ocrx_word' id='word_1_394' title='bbox 3680 1131 3821 1179; x_wconf 89' lang='lat' dir='ltr'><strong>tunc</strong></span> 
     </span>
    </p>
   </div>
   <div class='ocr_carea' id='block_1_55' title="bbox 2212 1208 3823 1286">
    <p class='ocr_par' dir='ltr' id='par_1_55' title="bbox 2212 1208 3823 1286">
     <span class='ocr_line' id='line_1_56' title="bbox 2212 1208 3823 1286; baseline 0.006 -26"><span class='ocrx_word' id='word_1_395' title='bbox 2212 1208 2798 1266; x_wconf 81' lang='lat' dir='ltr'><strong>excommunicationis</strong></span> <span class='ocrx_word' id='word_1_396' title='bbox 2823 1212 3147 1267; x_wconf 85' lang='lat' dir='ltr'><strong>sententiam</strong></span> <span class='ocrx_word' id='word_1_397' title='bbox 3178 1213 3263 1267; x_wconf 86' lang='lat' dir='ltr'><strong>vel</strong></span> <span class='ocrx_word' id='word_1_398' title='bbox 3285 1212 3583 1284; x_wconf 68' lang='lat' dir='ltr'><strong>disciplinae</strong></span> <span class='ocrx_word' id='word_1_399' title='bbox 3618 1230 3823 1286; x_wconf 87' lang='lat' dir='ltr'><strong>corpo-</strong></span> 
     </span>
    </p>
   </div>
   <div class='ocr_carea' id='block_1_56' title="bbox 2211 1299 3819 1370">
    <p class='ocr_par' dir='ltr' id='par_1_56' title="bbox 2211 1299 3819 1370">
     <span class='ocr_line' id='line_1_57' title="bbox 2211 1299 3819 1370; baseline 0.007 -18"><span class='ocrx_word' id='word_1_400' title='bbox 2211 1299 2342 1354; x_wconf 87' lang='lat' dir='ltr'><strong>ralis</strong></span> <span class='ocrx_word' id='word_1_401' title='bbox 2368 1315 2585 1370; x_wconf 74' lang='lat' dir='ltr'><strong>ptnnam</strong></span> <span class='ocrx_word' id='word_1_402' title='bbox 2613 1302 2873 1358; x_wconf 87' lang='lat' dir='ltr'><strong>incurrat.</strong></span> <span class='ocrx_word' id='word_1_403' title='bbox 2905 1302 2973 1358; x_wconf 87' lang='lat' dir='ltr'><strong>Et</strong></span> <span class='ocrx_word' id='word_1_404' title='bbox 3000 1304 3048 1360; x_wconf 92' lang='lat' dir='ltr'><strong>si</strong></span> <span class='ocrx_word' id='word_1_405' title='bbox 3078 1316 3181 1360; x_wconf 89' lang='lat' dir='ltr'><strong>nec</strong></span> <span class='ocrx_word' id='word_1_406' title='bbox 3220 1307 3819 1365; x_wconf 80' lang='lat' dir='ltr'><strong>excommunicationis</strong></span> 
     </span>
    </p>
   </div>
   <div class='ocr_carea' id='block_1_57' title="bbox 2213 1392 3817 1473">
    <p class='ocr_par' dir='ltr' id='par_1_57' title="bbox 2213 1392 3817 1473">
     <span class='ocr_line' id='line_1_58' title="bbox 2213 1392 3817 1473; baseline 0.005 -25"><span class='ocrx_word' id='word_1_407' title='bbox 2213 1398 2377 1457; x_wconf 88' lang='lat' dir='ltr'><strong>metu,</strong></span> <span class='ocrx_word' id='word_1_408' title='bbox 2410 1409 2509 1449; x_wconf 86' lang='lat' dir='ltr'><strong>nec</strong></span> <span class='ocrx_word' id='word_1_409' title='bbox 2536 1392 2729 1466; x_wconf 78' lang='lat' dir='ltr'><strong>flagelli</strong></span> <span class='ocrx_word' id='word_1_410' title='bbox 2754 1409 2913 1465; x_wconf 80' lang='lat' dir='ltr'><strong>poena</strong></span> <span class='ocrx_word' id='word_1_411' title='bbox 2954 1397 3265 1470; x_wconf 83' lang='lat' dir='ltr'><strong>frangatur,</strong></span> <span class='ocrx_word' id='word_1_412' title='bbox 3305 1408 3570 1473; x_wconf 83' lang='lat' dir='ltr'><strong>augeatur</strong></span> <span class='ocrx_word' id='word_1_413' title='bbox 3617 1400 3817 1456; x_wconf 87' lang='lat' dir='ltr'><strong>adhuc</strong></span> 
     </span>
    </p>
   </div>
   <div class='ocr_carea' id='block_1_58' title="bbox 2212 1483 3822 1564">
    <p class='ocr_par' dir='ltr' id='par_1_58' title="bbox 2212 1483 3822 1564">
     <span class='ocr_line' id='line_1_59' title="bbox 2212 1483 3822 1564; baseline 0.004 -23"><span class='ocrx_word' id='word_1_414' title='bbox 2212 1487 2430 1559; x_wconf 83' lang='lat' dir='ltr'><strong>pietatis</strong></span> <span class='ocrx_word' id='word_1_415' title='bbox 2462 1488 2631 1544; x_wconf 89' lang='lat' dir='ltr'><strong>fomes</strong></span> <span class='ocrx_word' id='word_1_416' title='bbox 2664 1507 2676 1543; x_wconf 89' lang='lat'><strong>:</strong></span> <span class='ocrx_word' id='word_1_417' title='bbox 2702 1489 2777 1544; x_wconf 90' lang='lat' dir='ltr'><strong>ita</strong></span> <span class='ocrx_word' id='word_1_418' title='bbox 2799 1499 2861 1545; x_wconf 86' lang='lat' dir='ltr'><strong>ut</strong></span> <span class='ocrx_word' id='word_1_419' title='bbox 2880 1490 2948 1545; x_wconf 91' lang='lat' dir='ltr'><strong>ab</strong></span> <span class='ocrx_word' id='word_1_420' title='bbox 2975 1492 3123 1547; x_wconf 92' lang='lat' dir='ltr'><strong>omni</strong></span> <span class='ocrx_word' id='word_1_421' title='bbox 3164 1483 3585 1563; x_wconf 83' lang='lat' dir='ltr'><strong>congregatione</strong></span> <span class='ocrx_word' id='word_1_422' title='bbox 3614 1504 3719 1564; x_wconf 89' lang='lat' dir='ltr'><strong>pro</strong></span> <span class='ocrx_word' id='word_1_423' title='bbox 3749 1507 3822 1548; x_wconf 87' lang='lat' dir='ltr'><strong>eo</strong></span> 
     </span>
    </p>
   </div>
   <div class='ocr_carea' id='block_1_59' title="bbox 2216 1578 3821 1657">
    <p class='ocr_par' dir='ltr' id='par_1_59' title="bbox 2216 1578 3821 1657">
     <span class='ocr_line' id='line_1_60' title="bbox 2216 1578 3821 1657; baseline 0.003 -22"><span class='ocrx_word' id='word_1_424' title='bbox 2216 1581 2519 1636; x_wconf 86' lang='lat' dir='ltr'><strong>communis</strong></span> <span class='ocrx_word' id='word_1_425' title='bbox 2535 1581 2795 1639; x_wconf 83' lang='lat' dir='ltr'><strong>Dominus</strong></span> <span class='ocrx_word' id='word_1_426' title='bbox 2811 1584 3075 1639; x_wconf 80' lang='lat' dir='ltr'><strong>orationis</strong></span> <span class='ocrx_word' id='word_1_427' title='bbox 3088 1578 3265 1639; x_wconf 69' lang='grc' dir='ltr'><strong>οἱπεῑο</strong></span> <span class='ocrx_word' id='word_1_428' title='bbox 3280 1584 3624 1657; x_wconf 89' lang='lat' dir='ltr'><strong>deprecetur,</strong></span> <span class='ocrx_word' id='word_1_429' title='bbox 3645 1583 3821 1656; x_wconf 85' lang='lat' dir='ltr'><strong>utqui</strong></span> 
     </span>
    </p>
   </div>
   <div class='ocr_carea' id='block_1_60' title="bbox 2216 1670 3820 1742">
    <p class='ocr_par' dir='ltr' id='par_1_60' title="bbox 2216 1670 3820 1742">
     <span class='ocr_line' id='line_1_61' title="bbox 2216 1670 3820 1742; baseline 0.003 -17"><span class='ocrx_word' id='word_1_430' title='bbox 2216 1671 2408 1741; x_wconf 85' lang='lat' dir='ltr'><strong>laqueo</strong></span> <span class='ocrx_word' id='word_1_431' title='bbox 2426 1672 2624 1727; x_wconf 86' lang='lat' dir='ltr'><strong>diaboli</strong></span> <span class='ocrx_word' id='word_1_432' title='bbox 2646 1673 2889 1731; x_wconf 85' lang='lat' dir='ltr'><strong>irretitus</strong></span> <span class='ocrx_word' id='word_1_433' title='bbox 2905 1684 3141 1742; x_wconf 84' lang='lat' dir='ltr'><strong>tenetur,</strong></span> <span class='ocrx_word' id='word_1_434' title='bbox 3174 1670 3388 1731; x_wconf 85' lang='lat' dir='ltr'><strong>Domini</strong></span> <span class='ocrx_word' id='word_1_435' title='bbox 3430 1677 3820 1733; x_wconf 83' lang='lat' dir='ltr'><strong>misericordia</strong></span> 
     </span>
    </p>
   </div>
   <div class='ocr_carea' id='block_1_61' title="bbox 2219 1766 3821 1841">
    <p class='ocr_par' dir='ltr' id='par_1_61' title="bbox 2219 1766 3821 1841">
     <span class='ocr_line' id='line_1_62' title="bbox 2219 1766 3821 1841; baseline 0.002 -22"><span class='ocrx_word' id='word_1_436' title='bbox 2219 1780 2282 1820; x_wconf 84' lang='lat' dir='ltr'><strong>ac</strong></span> <span class='ocrx_word' id='word_1_437' title='bbox 2321 1766 2524 1835; x_wconf 82' lang='lat' dir='ltr'><strong>pietate</strong></span> <span class='ocrx_word' id='word_1_438' title='bbox 2546 1774 2785 1822; x_wconf 88' lang='lat' dir='ltr'><strong>curetur.</strong></span> <span class='ocrx_word' id='word_1_439' title='bbox 2811 1766 2964 1835; x_wconf 86' lang='lat' dir='ltr'><strong>Quod</strong></span> <span class='ocrx_word' id='word_1_440' title='bbox 3003 1768 3046 1823; x_wconf 79' lang='lat' dir='ltr'><strong>si</strong></span> <span class='ocrx_word' id='word_1_441' title='bbox 3080 1782 3182 1824; x_wconf 89' lang='lat' dir='ltr'><strong>nec</strong></span> <span class='ocrx_word' id='word_1_442' title='bbox 3219 1770 3298 1825; x_wconf 78' lang='lat' dir='ltr'><strong>Sic</strong></span> <span class='ocrx_word' id='word_1_443' title='bbox 3335 1768 3536 1841; x_wconf 88' lang='lat' dir='ltr'><strong>corripi</strong></span> <span class='ocrx_word' id='word_1_444' title='bbox 3573 1769 3821 1825; x_wconf 89' lang='lat' dir='ltr'><strong>voluerit</strong></span> 
     </span>
    </p>
   </div>
   <div class='ocr_carea' id='block_1_62' title="bbox 2219 1857 3822 1930">
    <p class='ocr_par' dir='ltr' id='par_1_62' title="bbox 2219 1857 3822 1930">
     <span class='ocr_line' id='line_1_63' title="bbox 2219 1857 3822 1930; baseline 0.002 -19"><span class='ocrx_word' id='word_1_445' title='bbox 2219 1857 2362 1911; x_wconf 88' lang='lat' dir='ltr'><strong>intra</strong></span> <span class='ocrx_word' id='word_1_446' title='bbox 2400 1865 2553 1927; x_wconf 90' lang='lat' dir='ltr'><strong>septa</strong></span> <span class='ocrx_word' id='word_1_447' title='bbox 2602 1859 2920 1914; x_wconf 82' lang='lat' dir='ltr'><strong>monasterii</strong></span> <span class='ocrx_word' id='word_1_448' title='bbox 2977 1861 3078 1916; x_wconf 88' lang='lat' dir='ltr'><strong>sub</strong></span> <span class='ocrx_word' id='word_1_449' title='bbox 3124 1861 3457 1930; x_wconf 72' lang='lat' dir='ltr'><strong>poenitentiae</strong></span> <span class='ocrx_word' id='word_1_450' title='bbox 3503 1868 3699 1915; x_wconf 87' lang='lat' dir='ltr'><strong>tenore</strong></span> <span class='ocrx_word' id='word_1_451' title='bbox 3746 1858 3822 1915; x_wconf 89' lang='lat' dir='ltr'><strong>ab</strong></span> 
     </span>
    </p>
   </div>
   <div class='ocr_carea' id='block_1_63' title="bbox 2218 1948 3823 2026">
    <p class='ocr_par' dir='ltr' id='par_1_63' title="bbox 2218 1948 3823 2026">
     <span class='ocr_line' id='line_1_64' title="bbox 2218 1948 3823 2026; baseline 0.004 -22"><span class='ocrx_word' id='word_1_452' title='bbox 2218 1950 2472 2006; x_wconf 89' lang='lat' dir='ltr'><strong>omnibus</strong></span> <span class='ocrx_word' id='word_1_453' title='bbox 2500 1952 2525 1992; x_wconf 68' lang='grc' dir='ltr'><em>τ</em></span> <span class='ocrx_word' id='word_1_454' title='bbox 2548 1960 2747 2021; x_wconf 77' lang='lat' dir='ltr'><strong>praeter</strong></span> <span class='ocrx_word' id='word_1_455' title='bbox 2765 1950 3083 2008; x_wconf 79' lang='lat' dir='ltr'><strong>custodibus</strong></span> <span class='ocrx_word' id='word_1_456' title='bbox 3105 1963 3426 2026; x_wconf 83' lang='lat' dir='ltr'><strong>segregatus</strong></span> <span class='ocrx_word' id='word_1_457' title='bbox 3451 1948 3644 2009; x_wconf 83' lang='lat' dir='ltr'><strong>tandiu</strong></span> <span class='ocrx_word' id='word_1_458' title='bbox 3674 1954 3703 1993; x_wconf 77' lang='grc' dir='ltr'><strong>ιι</strong></span> <span class='ocrx_word' id='word_1_459' title='bbox 3730 1969 3823 2010; x_wconf 81' lang='lat' dir='ltr'><strong>ca-</strong></span> 
     </span>
    </p>
   </div>
   <div class='ocr_carea' id='block_1_64' title="bbox 2045 2019 3819 2118">
    <p class='ocr_par' dir='ltr' id='par_1_64' title="bbox 2045 2019 3819 2118">
     <span class='ocr_line' id='line_1_65' title="bbox 2045 2019 3819 2118; baseline 0.003 -20"><span class='ocrx_word' id='word_1_460' title='bbox 2045 2068 2053 2077; x_wconf 88' lang='lat'><strong>-</strong></span> <span class='ocrx_word' id='word_1_461' title='bbox 2147 2019 2194 2080; x_wconf 74' lang='grc' dir='ltr'><strong>Β</strong></span> <span class='ocrx_word' id='word_1_462' title='bbox 2222 2046 2452 2113; x_wconf 79' lang='lat' dir='ltr'><strong>stigetur</strong></span> <span class='ocrx_word' id='word_1_463' title='bbox 2491 2019 2717 2100; x_wconf 74' lang='lat' dir='ltr'><strong>diversis</strong></span> <span class='ocrx_word' id='word_1_464' title='bbox 2767 2019 3248 2116; x_wconf 78' lang='lat' dir='ltr'><strong>increpationibus,</strong></span> <span class='ocrx_word' id='word_1_465' title='bbox 3269 2019 3469 2118; x_wconf 35' lang='lat' dir='ltr'><strong>vusque</strong></span> <span class='ocrx_word' id='word_1_466' title='bbox 3515 2046 3644 2100; x_wconf 85' lang='lat' dir='ltr'><strong>dum</strong></span> <span class='ocrx_word' id='word_1_467' title='bbox 3692 2044 3819 2115; x_wconf 81' lang='lat' dir='ltr'><strong>eius</strong></span> 
     </span>
    </p>
   </div>
   <div class='ocr_carea' id='block_1_65' title="bbox 2220 2137 3817 2210">
    <p class='ocr_par' dir='ltr' id='par_1_65' title="bbox 2220 2137 3817 2210">
     <span class='ocr_line' id='line_1_66' title="bbox 2220 2137 3817 2210; baseline 0.001 -17"><span class='ocrx_word' id='word_1_468' title='bbox 2220 2137 2500 2193; x_wconf 85' lang='lat' dir='ltr'><strong>humilitas</strong></span> <span class='ocrx_word' id='word_1_469' title='bbox 2527 2139 2778 2193; x_wconf 89' lang='lat' dir='ltr'><strong>omnibus</strong></span> <span class='ocrx_word' id='word_1_470' title='bbox 2812 2152 2943 2193; x_wconf 85' lang='lat' dir='ltr'><strong>vera</strong></span> <span class='ocrx_word' id='word_1_471' title='bbox 2981 2137 3302 2195; x_wconf 82' lang='lat' dir='ltr'><strong>credulitate</strong></span> <span class='ocrx_word' id='word_1_472' title='bbox 3347 2138 3572 2209; x_wconf 85' lang='lat' dir='ltr'><strong>pateﬁat</strong></span> <span class='ocrx_word' id='word_1_473' title='bbox 3602 2141 3649 2205; x_wconf 78' lang='grc' dir='ltr'><strong>ἱ,</strong></span> <span class='ocrx_word' id='word_1_474' title='bbox 3684 2140 3817 2210; x_wconf 89' lang='lat' dir='ltr'><strong>quia</strong></span> 
     </span>
    </p>
   </div>
   <div class='ocr_carea' id='block_1_66' title="bbox 2220 2229 3819 2305">
    <p class='ocr_par' dir='ltr' id='par_1_66' title="bbox 2220 2229 3819 2305">
     <span class='ocr_line' id='line_1_67' title="bbox 2220 2229 3819 2305; baseline 0.003 -21"><span class='ocrx_word' id='word_1_475' title='bbox 2220 2237 2275 2284; x_wconf 88' lang='lat' dir='ltr'><strong>et</strong></span> <span class='ocrx_word' id='word_1_476' title='bbox 2309 2229 2493 2284; x_wconf 81' lang='lat' dir='ltr'><strong>invitis</strong></span> <span class='ocrx_word' id='word_1_477' title='bbox 2532 2244 2674 2300; x_wconf 71' lang='lat' dir='ltr'><strong>saepe</strong></span> <span class='ocrx_word' id='word_1_478' title='bbox 2729 2230 2875 2286; x_wconf 84' lang='lat' dir='ltr'><strong>salus</strong></span> <span class='ocrx_word' id='word_1_479' title='bbox 2906 2232 3213 2300; x_wconf 55' lang='lat' dir='ltr'><strong>praestatur.</strong></span> <span class='ocrx_word' id='word_1_480' title='bbox 3253 2230 3267 2281; x_wconf 84' lang='lat' dir='ltr'><strong>t</strong></span> <span class='ocrx_word' id='word_1_481' title='bbox 3310 2229 3446 2285; x_wconf 83' lang='lat' dir='ltr'><strong>Nam</strong></span> <span class='ocrx_word' id='word_1_482' title='bbox 3494 2230 3617 2287; x_wconf 92' lang='lat' dir='ltr'><strong>ideo</strong></span> <span class='ocrx_word' id='word_1_483' title='bbox 3648 2248 3819 2305; x_wconf 84' lang='lat' dir='ltr'><strong>sepa-</strong></span> 
     </span>
    </p>
   </div>
   <div class='ocr_carea' id='block_1_67' title="bbox 2219 2323 3822 2395">
    <p class='ocr_par' dir='ltr' id='par_1_67' title="bbox 2219 2323 3822 2395">
     <span class='ocr_line' id='line_1_68' title="bbox 2219 2323 3822 2395; baseline 0.001 -17"><span class='ocrx_word' id='word_1_484' title='bbox 2219 2323 2421 2380; x_wconf 86' lang='lat' dir='ltr'><strong>randus</strong></span> <span class='ocrx_word' id='word_1_485' title='bbox 2444 2331 2529 2379; x_wconf 92' lang='lat' dir='ltr'><strong>est</strong></span> <span class='ocrx_word' id='word_1_486' title='bbox 2552 2339 2582 2377; x_wconf 85' lang='lat' dir='ltr'><strong>a</strong></span> <span class='ocrx_word' id='word_1_487' title='bbox 2606 2325 3048 2395; x_wconf 83' lang='lat' dir='ltr'><strong>congregatione,</strong></span> <span class='ocrx_word' id='word_1_488' title='bbox 3092 2332 3154 2379; x_wconf 88' lang='lat' dir='ltr'><strong>ut</strong></span> <span class='ocrx_word' id='word_1_489' title='bbox 3188 2336 3288 2380; x_wconf 91' lang='lat' dir='ltr'><strong>suo</strong></span> <span class='ocrx_word' id='word_1_490' title='bbox 3311 2324 3447 2379; x_wconf 89' lang='lat' dir='ltr'><strong>vitio</strong></span> <span class='ocrx_word' id='word_1_491' title='bbox 3483 2340 3591 2380; x_wconf 91' lang='lat' dir='ltr'><strong>non</strong></span> <span class='ocrx_word' id='word_1_492' title='bbox 3612 2342 3822 2392; x_wconf 60' lang='lat' dir='ltr'><strong>,macuo</strong></span> 
     </span>
    </p>
   </div>
   <div class='ocr_carea' id='block_1_68' title="bbox 2219 2412 3815 2486">
    <p class='ocr_par' dir='ltr' id='par_1_68' title="bbox 2219 2412 3815 2486">
     <span class='ocr_line' id='line_1_69' title="bbox 2219 2412 3815 2486; baseline 0.002 -18"><span class='ocrx_word' id='word_1_493' title='bbox 2219 2413 2295 2469; x_wconf 90' lang='lat' dir='ltr'><strong>let</strong></span> <span class='ocrx_word' id='word_1_494' title='bbox 2328 2414 2669 2472; x_wconf 88' lang='lat' dir='ltr'><strong>innocentes.</strong></span> <span class='ocrx_word' id='word_1_495' title='bbox 2704 2412 2915 2471; x_wconf 83' lang='lat' dir='ltr'><strong>Tenera</strong></span> <span class='ocrx_word' id='word_1_496' title='bbox 2944 2422 3099 2482; x_wconf 66' lang='lat' dir='ltr'><strong>anas,</strong></span> <span class='ocrx_word' id='word_1_497' title='bbox 3132 2428 3253 2486; x_wconf 72' lang='lat' dir='ltr'><strong>quae</strong></span> <span class='ocrx_word' id='word_1_498' title='bbox 3278 2414 3306 2457; x_wconf 73' lang='grc' dir='ltr'><strong>ιε</strong></span> <span class='ocrx_word' id='word_1_499' title='bbox 3336 2417 3815 2473; x_wconf 78' lang='lat' dir='ltr'><strong>excommunicata</strong></span> 
     </span>
    </p>
   </div>
   <div class='ocr_carea' id='block_1_69' title="bbox 2220 2504 3820 2583">
    <p class='ocr_par' dir='ltr' id='par_1_69' title="bbox 2220 2504 3820 2583">
     <span class='ocr_line' id='line_1_70' title="bbox 2220 2504 3820 2583; baseline 0.003 -21"><span class='ocrx_word' id='word_1_500' title='bbox 2220 2508 2331 2563; x_wconf 92' lang='lat' dir='ltr'><strong>vim</strong></span> <span class='ocrx_word' id='word_1_501' title='bbox 2361 2509 2559 2576; x_wconf 85' lang='lat' dir='ltr'><strong>nescit,</strong></span> <span class='ocrx_word' id='word_1_502' title='bbox 2589 2524 2700 2566; x_wconf 86' lang='lat' dir='ltr'><strong>non</strong></span> <span class='ocrx_word' id='word_1_503' title='bbox 2728 2510 3319 2576; x_wconf 62' lang='lat' dir='ltr'><strong>cacuminum,</strong></span> <span class='ocrx_word' id='word_1_504' title='bbox 3342 2509 3441 2567; x_wconf 75' lang='lat' dir='ltr'><strong>sed</strong></span> <span class='ocrx_word' id='word_1_505' title='bbox 3462 2504 3685 2583; x_wconf 69' lang='lat' dir='ltr'><strong>ﬂagello</strong></span> <span class='ocrx_word' id='word_1_506' title='bbox 3702 2526 3820 2568; x_wconf 86' lang='lat' dir='ltr'><strong>cor-</strong></span> 
     </span>
    </p>
   </div>
   <div class='ocr_carea' id='block_1_70' title="bbox 2217 2598 2581 2672">
    <p class='ocr_par' dir='ltr' id='par_1_70' title="bbox 2217 2598 2581 2672">
     <span class='ocr_line' id='line_1_71' title="bbox 2217 2598 2581 2672; baseline 0.003 -18"><span class='ocrx_word' id='word_1_507' title='bbox 2217 2598 2447 2672; x_wconf 84' lang='lat' dir='ltr'><strong>rigenda</strong></span> <span class='ocrx_word' id='word_1_508' title='bbox 2476 2606 2581 2657; x_wconf 85' lang='lat' dir='ltr'><strong>est.</strong></span> 
     </span>
    </p>
   </div>
   <div class='ocr_carea' id='block_1_71' title="bbox 2299 2816 3811 2896">
    <p class='ocr_par' dir='ltr' id='par_1_71' title="bbox 2299 2816 3811 2896">
     <span class='ocr_line' id='line_1_72' title="bbox 2299 2816 3811 2896; baseline 0.001 -21"><span class='ocrx_word' id='word_1_509' title='bbox 2299 2825 2313 2864; x_wconf 78' lang='grc' dir='ltr'><strong><em>ι</em></strong></span> <span class='ocrx_word' id='word_1_510' title='bbox 2342 2823 2485 2896; x_wconf 76' lang='lat' dir='ltr'><strong>Quia</strong></span> <span class='ocrx_word' id='word_1_511' title='bbox 2510 2831 2558 2896; x_wconf 78' lang='lat' dir='ltr'><strong>et</strong></span> <span class='ocrx_word' id='word_1_512' title='bbox 2580 2821 2753 2878; x_wconf 76' lang='lat' dir='ltr'><strong>inritis</strong></span> <span class='ocrx_word' id='word_1_513' title='bbox 2778 2836 2915 2896; x_wconf 65' lang='lat' dir='ltr'><strong>sirpe</strong></span> <span class='ocrx_word' id='word_1_514' title='bbox 2936 2818 3083 2896; x_wconf 58' lang='lat' dir='ltr'><strong>satus</strong></span> <span class='ocrx_word' id='word_1_515' title='bbox 3106 2826 3414 2896; x_wconf 51' lang='lat' dir='ltr'><strong>&quot;testatur.</strong></span> <span class='ocrx_word' id='word_1_516' title='bbox 3441 2816 3559 2896; x_wconf 73' lang='lat' dir='ltr'><strong>Hoc</strong></span> <span class='ocrx_word' id='word_1_517' title='bbox 3584 2832 3694 2876; x_wconf 89' lang='lat' dir='ltr'><strong>non</strong></span> <span class='ocrx_word' id='word_1_518' title='bbox 3737 2820 3811 2877; x_wconf 87' lang='lat' dir='ltr'><strong>ita</strong></span> 
     </span>
    </p>
   </div>
   <div class='ocr_carea' id='block_1_72' title="bbox 2222 2891 3813 2965">
    <p class='ocr_par' dir='ltr' id='par_1_72' title="bbox 2222 2891 3813 2965">
     <span class='ocr_line' id='line_1_73' title="bbox 2222 2891 3813 2965; baseline -0.001 -16"><span class='ocrx_word' id='word_1_519' title='bbox 2222 2894 2629 2965; x_wconf 87' lang='lat' dir='ltr'><strong>intelligendum</strong></span> <span class='ocrx_word' id='word_1_520' title='bbox 2657 2905 2744 2950; x_wconf 86' lang='lat' dir='ltr'><strong>est</strong></span> <span class='ocrx_word' id='word_1_521' title='bbox 2765 2891 2920 2965; x_wconf 80' lang='lat' dir='ltr'><strong>quasi</strong></span> <span class='ocrx_word' id='word_1_522' title='bbox 2949 2891 3331 2965; x_wconf 56' lang='lat' dir='ltr'><strong>Deus&#39;ntiquos</strong></span> <span class='ocrx_word' id='word_1_523' title='bbox 3358 2891 3557 2965; x_wconf 85' lang='lat' dir='ltr'><strong>invitos</strong></span> <span class='ocrx_word' id='word_1_524' title='bbox 3580 2905 3813 2965; x_wconf 52' lang='lat' dir='ltr'><strong>cpnvern</strong></span> 
     </span>
    </p>
   </div>
   <div class='ocr_carea' id='block_1_73' title="bbox 2223 2962 3813 3036">
    <p class='ocr_par' dir='ltr' id='par_1_73' title="bbox 2223 2962 3813 3036">
     <span class='ocr_line' id='line_1_74' title="bbox 2223 2962 3813 3036; baseline -0.001 -15"><span class='ocrx_word' id='word_1_525' title='bbox 2223 2974 2301 3021; x_wconf 86' lang='lat' dir='ltr'><strong>tat</strong></span> <span class='ocrx_word' id='word_1_526' title='bbox 2318 2962 2473 3036; x_wconf 70' lang='lat' dir='ltr'><strong>juita</strong></span> <span class='ocrx_word' id='word_1_527' title='bbox 2503 2981 2745 3020; x_wconf 88' lang='lat' dir='ltr'><strong>errorem</strong></span> <span class='ocrx_word' id='word_1_528' title='bbox 2775 2962 3180 3036; x_wconf 83' lang='lat' dir='ltr'><strong>CassianiColl.</strong></span> <span class='ocrx_word' id='word_1_529' title='bbox 3210 2962 3300 3030; x_wconf 74' lang='grc'><strong>15,</strong></span> <span class='ocrx_word' id='word_1_530' title='bbox 3327 2979 3449 3034; x_wconf 86' lang='lat' dir='ltr'><strong>cap.</strong></span> <span class='ocrx_word' id='word_1_531' title='bbox 3484 2964 3568 3036; x_wconf 75' lang='lat'><strong>17.</strong></span> <span class='ocrx_word' id='word_1_532' title='bbox 3599 2962 3813 3036; x_wconf 77' lang='lat' dir='ltr'><strong>Dicitur</strong></span> 
     </span>
    </p>
   </div>
   <div class='ocr_carea' id='block_1_74' title="bbox 2223 3032 3811 3117">
    <p class='ocr_par' dir='ltr' id='par_1_74' title="bbox 2223 3032 3811 3117">
     <span class='ocr_line' id='line_1_75' title="bbox 2223 3032 3811 3117; baseline -0.001 -25"><span class='ocrx_word' id='word_1_533' title='bbox 2223 3032 2368 3117; x_wconf 73' lang='lat' dir='ltr'><strong>salus</strong></span> <span class='ocrx_word' id='word_1_534' title='bbox 2396 3036 2640 3117; x_wconf 57' lang='lat' dir='ltr'><strong>praestari</strong></span> <span class='ocrx_word' id='word_1_535' title='bbox 2694 3037 2902 3117; x_wconf 74' lang='lat' dir='ltr'><strong>invitis,</strong></span> <span class='ocrx_word' id='word_1_536' title='bbox 2943 3035 3044 3117; x_wconf 76' lang='lat' dir='ltr'><strong>sed</strong></span> <span class='ocrx_word' id='word_1_537' title='bbox 3082 3032 3609 3117; x_wconf 50' lang='lat' dir='ltr'><strong>smpius_correptis‘,</strong></span> <span class='ocrx_word' id='word_1_538' title='bbox 3648 3032 3811 3117; x_wconf 55' lang='lat' dir='ltr'><strong>iusta</strong></span> 
     </span>
    </p>
   </div>
   <div class='ocr_carea' id='block_1_75' title="bbox 2225 3102 3809 3176">
    <p class='ocr_par' dir='ltr' id='par_1_75' title="bbox 2225 3102 3809 3176">
     <span class='ocr_line' id='line_1_76' title="bbox 2225 3102 3809 3176; baseline -0.001 -15"><span class='ocrx_word' id='word_1_539' title='bbox 2225 3102 2503 3176; x_wconf 77' lang='lat' dir='ltr'><strong>vulgarem</strong></span> <span class='ocrx_word' id='word_1_540' title='bbox 2551 3108 2803 3176; x_wconf 87' lang='lat' dir='ltr'><strong>loquendi</strong></span> <span class='ocrx_word' id='word_1_541' title='bbox 2835 3107 3052 3161; x_wconf 80' lang='lat' dir='ltr'><strong>modum</strong></span> <span class='ocrx_word' id='word_1_542' title='bbox 3077 3120 3091 3160; x_wconf 90' lang='lat'>:</span> <span class='ocrx_word' id='word_1_543' title='bbox 3113 3102 3218 3161; x_wconf 85' lang='lat' dir='ltr'><strong>nisi</strong></span> <span class='ocrx_word' id='word_1_544' title='bbox 3246 3104 3312 3175; x_wconf 64' lang='lat' dir='ltr'><strong>gid</strong></span> <span class='ocrx_word' id='word_1_545' title='bbox 3354 3102 3545 3175; x_wconf 78' lang='lat' dir='ltr'><strong>sponte</strong></span> <span class='ocrx_word' id='word_1_546' title='bbox 3573 3102 3809 3171; x_wconf 83' lang='lat' dir='ltr'><strong>feceris,</strong></span> 
     </span>
    </p>
   </div>
   <div class='ocr_carea' id='block_1_76' title="bbox 2224 3176 3812 3250">
    <p class='ocr_par' dir='ltr' id='par_1_76' title="bbox 2224 3176 3812 3250">
     <span class='ocr_line' id='line_1_77' title="bbox 2224 3176 3812 3250; baseline 0 -18"><span class='ocrx_word' id='word_1_547' title='bbox 2224 3180 2546 3233; x_wconf 84' lang='lat' dir='ltr'><strong>verberibus</strong></span> <span class='ocrx_word' id='word_1_548' title='bbox 2589 3187 2641 3232; x_wconf 91' lang='lat' dir='ltr'><strong>te</strong></span> <span class='ocrx_word' id='word_1_549' title='bbox 2689 3193 2900 3250; x_wconf 89' lang='lat' dir='ltr'><strong>cogam.</strong></span> <span class='ocrx_word' id='word_1_550' title='bbox 2935 3176 3052 3245; x_wconf 84' lang='lat' dir='ltr'><strong>Qua</strong></span> <span class='ocrx_word' id='word_1_551' title='bbox 3072 3178 3294 3250; x_wconf 77' lang='lat' dir='ltr'><strong>ratione</strong></span> <span class='ocrx_word' id='word_1_552' title='bbox 3321 3176 3463 3231; x_wconf 73' lang='lat' dir='ltr'><strong>Dens</strong></span> <span class='ocrx_word' id='word_1_553' title='bbox 3490 3182 3812 3246; x_wconf 76' lang='lat' dir='ltr'><strong>peccatores</strong></span> 
     </span>
    </p>
   </div>
   <div class='ocr_carea' id='block_1_77' title="bbox 2224 3247 3813 3319">
    <p class='ocr_par' dir='ltr' id='par_1_77' title="bbox 2224 3247 3813 3319">
     <span class='ocr_line' id='line_1_78' title="bbox 2224 3247 3813 3319; baseline -0.002 -15"><span class='ocrx_word' id='word_1_554' title='bbox 2224 3264 2368 3319; x_wconf 68' lang='lat' dir='ltr'><strong>srepe</strong></span> <span class='ocrx_word' id='word_1_555' title='bbox 2394 3250 2654 3318; x_wconf 83' lang='lat' dir='ltr'><strong>castigat;</strong></span> <span class='ocrx_word' id='word_1_556' title='bbox 2698 3247 3025 3305; x_wconf 64' lang='lat' dir='ltr'><strong>et&#39;rectores</strong></span> <span class='ocrx_word' id='word_1_557' title='bbox 3053 3247 3347 3319; x_wconf 87' lang='lat' dir='ltr'><strong>discipulos</strong></span> <span class='ocrx_word' id='word_1_558' title='bbox 3394 3261 3698 3318; x_wconf 85' lang='lat' dir='ltr'><strong>perversos,</strong></span> <span class='ocrx_word' id='word_1_559' title='bbox 3751 3256 3813 3301; x_wconf 90' lang='lat' dir='ltr'><strong>ut</strong></span> 
     </span>
    </p>
   </div>
   <div class='ocr_carea' id='block_1_78' title="bbox 2224 3318 2691 3375">
    <p class='ocr_par' dir='ltr' id='par_1_78' title="bbox 2224 3318 2691 3375">
     <span class='ocr_line' id='line_1_79' title="bbox 2224 3318 2691 3375; baseline -0.009 0"><span class='ocrx_word' id='word_1_560' title='bbox 2224 3318 2417 3375; x_wconf 26' lang='lat' dir='ltr'><strong>ad’cor</strong></span> <span class='ocrx_word' id='word_1_561' title='bbox 2447 3318 2691 3373; x_wconf 89' lang='lat' dir='ltr'><strong>redeant.</strong></span> 
     </span>
    </p>
   </div>
   <div class='ocr_carea' id='block_1_79' title="bbox 2143 3387 3801 3460">
    <p class='ocr_par' dir='ltr' id='par_1_79' title="bbox 2143 3387 3801 3460">
     <span class='ocr_line' id='line_1_80' title="bbox 2143 3387 3801 3460; baseline 0.005 -19"><span class='ocrx_word' id='word_1_562' title='bbox 2143 3396 2189 3460; x_wconf 74' lang='grc' dir='ltr'><strong>ρ</strong></span> <span class='ocrx_word' id='word_1_563' title='bbox 2293 3389 2306 3440; x_wconf 83' lang='lat' dir='ltr'><strong>i</strong></span> <span class='ocrx_word' id='word_1_564' title='bbox 2359 3388 2503 3444; x_wconf 78' lang='lat' dir='ltr'><strong>Nam</strong></span> <span class='ocrx_word' id='word_1_565' title='bbox 2553 3390 2700 3460; x_wconf 22' lang='lat' dir='ltr'><strong>idem»</strong></span> <span class='ocrx_word' id='word_1_566' title='bbox 2741 3389 3166 3460; x_wconf 66' lang='lat' dir='ltr'><strong>separandum</strong></span> <span class='ocrx_word' id='word_1_567' title='bbox 3196 3402 3231 3445; x_wconf 78' lang='grc' dir='ltr'><strong>α</strong></span> <span class='ocrx_word' id='word_1_568' title='bbox 3275 3387 3678 3460; x_wconf 52' lang='lat' dir='ltr'><strong>congregem.</strong></span> <span class='ocrx_word' id='word_1_569' title='bbox 3736 3396 3801 3440; x_wconf 75' lang='grc' dir='ltr'><strong>ιιι</strong></span> 
     </span>
    </p>
   </div>
   <div class='ocr_carea' id='block_1_80' title="bbox 2221 3457 3809 3526">
    <p class='ocr_par' dir='ltr' id='par_1_80' title="bbox 2221 3457 3809 3526">
     <span class='ocr_line' id='line_1_81' title="bbox 2221 3457 3809 3526; baseline -0.001 -11"><span class='ocrx_word' id='word_1_570' title='bbox 2221 3477 2316 3515; x_wconf 86' lang='lat' dir='ltr'><strong>suo</strong></span> <span class='ocrx_word' id='word_1_571' title='bbox 2347 3460 2488 3526; x_wconf 86' lang='lat' dir='ltr'><strong>vitio,</strong></span> <span class='ocrx_word' id='word_1_572' title='bbox 2519 3470 2627 3515; x_wconf 89' lang='lat' dir='ltr'><strong>etc.</strong></span> <span class='ocrx_word' id='word_1_573' title='bbox 2661 3457 2953 3515; x_wconf 79' lang='lat' dir='ltr'><strong>Vitandum</strong></span> <span class='ocrx_word' id='word_1_574' title='bbox 2991 3468 3078 3516; x_wconf 89' lang='lat' dir='ltr'><strong>est</strong></span> <span class='ocrx_word' id='word_1_575' title='bbox 3119 3457 3393 3516; x_wconf 79' lang='lat' dir='ltr'><strong>malorum</strong></span> <span class='ocrx_word' id='word_1_576' title='bbox 3434 3457 3809 3526; x_wconf 78' lang='lat' dir='ltr'><strong>consortium,</strong></span> 
     </span>
    </p>
   </div>
   <div class='ocr_carea' id='block_1_81' title="bbox 2222 3522 3809 3615">
    <p class='ocr_par' dir='ltr' id='par_1_81' title="bbox 2222 3522 3809 3615">
     <span class='ocr_line' id='line_1_82' title="bbox 2222 3522 3809 3615; baseline 0 -31"><span class='ocrx_word' id='word_1_577' title='bbox 2222 3530 2348 3615; x_wconf 71' lang='lat' dir='ltr'><strong>quia</strong></span> <span class='ocrx_word' id='word_1_578' title='bbox 2371 3522 2752 3615; x_wconf 69' lang='lat' dir='ltr'><strong>contagiosum</strong></span> <span class='ocrx_word' id='word_1_579' title='bbox 2777 3537 2880 3615; x_wconf 70' lang='lat' dir='ltr'><strong>est,</strong></span> <span class='ocrx_word' id='word_1_580' title='bbox 2915 3538 2974 3585; x_wconf 91' lang='lat' dir='ltr'><strong>ut</strong></span> <span class='ocrx_word' id='word_1_581' title='bbox 3002 3538 3151 3615; x_wconf 68' lang='lat' dir='ltr'><strong>recte</strong></span> <span class='ocrx_word' id='word_1_582' title='bbox 3180 3537 3363 3615; x_wconf 73' lang='lat' dir='ltr'><strong>monet</strong></span> <span class='ocrx_word' id='word_1_583' title='bbox 3403 3537 3621 3615; x_wconf 85' lang='lat' dir='ltr'><strong>sanctus</strong></span> <span class='ocrx_word' id='word_1_584' title='bbox 3651 3522 3809 3615; x_wconf 55' lang='lat' dir='ltr'><strong>Basi}</strong></span> 
     </span>
    </p>
   </div>
   <div class='ocr_carea' id='block_1_82' title="bbox 2220 3600 3808 3671">
    <p class='ocr_par' dir='ltr' id='par_1_82' title="bbox 2220 3600 3808 3671">
     <span class='ocr_line' id='line_1_83' title="bbox 2220 3600 3808 3671; baseline -0.002 -14"><span class='ocrx_word' id='word_1_585' title='bbox 2220 3600 2328 3659; x_wconf 86' lang='lat' dir='ltr'><strong>lius</strong></span> <span class='ocrx_word' id='word_1_586' title='bbox 2370 3603 2423 3657; x_wconf 90' lang='lat' dir='ltr'><strong>in</strong></span> <span class='ocrx_word' id='word_1_587' title='bbox 2467 3600 2982 3659; x_wconf 69' lang='lat' dir='ltr'><strong>Adinonitionibus:</strong></span> <span class='ocrx_word' id='word_1_588' title='bbox 3045 3621 3065 3653; x_wconf 72' lang='grc' dir='ltr'>ι</span> <span class='ocrx_word' id='word_1_589' title='bbox 3098 3601 3259 3657; x_wconf 67' lang='lat' dir='ltr'><strong>Evita&#39;</strong></span> <span class='ocrx_word' id='word_1_590' title='bbox 3288 3601 3456 3666; x_wconf 82' lang='lat' dir='ltr'><strong>viros,</strong></span> <span class='ocrx_word' id='word_1_591' title='bbox 3497 3614 3635 3670; x_wconf 83' lang='lat' dir='ltr'><strong>quos</strong></span> <span class='ocrx_word' id='word_1_592' title='bbox 3679 3614 3808 3671; x_wconf 85' lang='lat' dir='ltr'><strong>erga</strong></span> 
     </span>
    </p>
   </div>
   <div class='ocr_carea' id='block_1_83' title="bbox 2222 3672 3809 3745">
    <p class='ocr_par' dir='ltr' id='par_1_83' title="bbox 2222 3672 3809 3745">
     <span class='ocr_line' id='line_1_84' title="bbox 2222 3672 3809 3745; baseline -0.003 -15"><span class='ocrx_word' id='word_1_593' title='bbox 2222 3674 2476 3730; x_wconf 85' lang='lat' dir='ltr'><strong>mandata</strong></span> <span class='ocrx_word' id='word_1_594' title='bbox 2508 3673 2605 3728; x_wconf 86' lang='lat' dir='ltr'><strong>Dei</strong></span> <span class='ocrx_word' id='word_1_595' title='bbox 2650 3674 2854 3745; x_wconf 85' lang='lat' dir='ltr'><strong>videris</strong></span> <span class='ocrx_word' id='word_1_596' title='bbox 2897 3672 3256 3745; x_wconf 80' lang='lat' dir='ltr'><strong>negligentes,</strong></span> <span class='ocrx_word' id='word_1_597' title='bbox 3288 3673 3809 3745; x_wconf 7' lang='lat' dir='ltr'><strong>(pronuntiarant</strong></span> 
     </span>
    </p>
   </div>
   <div class='ocr_carea' id='block_1_84' title="bbox 2220 3742 3809 3821">
    <p class='ocr_par' dir='ltr' id='par_1_84' title="bbox 2220 3742 3809 3821">
     <span class='ocr_line' id='line_1_85' title="bbox 2220 3742 3809 3821; baseline -0.001 -22"><span class='ocrx_word' id='word_1_598' title='bbox 2220 3745 2533 3821; x_wconf 80' lang='lat' dir='ltr'><strong>virtutibus,</strong></span> <span class='ocrx_word' id='word_1_599' title='bbox 2581 3750 2637 3799; x_wconf 90' lang='lat' dir='ltr'><strong>et</strong></span> <span class='ocrx_word' id='word_1_600' title='bbox 2675 3742 3535 3821; x_wconf 64' lang='lat' dir='ltr'><strong>videnturviverepassionibus,</strong></span> <span class='ocrx_word' id='word_1_601' title='bbox 3575 3742 3673 3815; x_wconf 71' lang='lat' dir='ltr'><strong>qui</strong></span> <span class='ocrx_word' id='word_1_602' title='bbox 3716 3742 3809 3797; x_wconf 66' lang='lat' dir='ltr'><strong>lae-</strong></span> 
     </span>
    </p>
   </div>
   <div class='ocr_carea' id='block_1_85' title="bbox 2226 3812 3808 3886">
    <p class='ocr_par' dir='ltr' id='par_1_85' title="bbox 2226 3812 3808 3886">
     <span class='ocr_line' id='line_1_86' title="bbox 2226 3812 3808 3886; baseline -0.002 -16"><span class='ocrx_word' id='word_1_603' title='bbox 2226 3823 2409 3870; x_wconf 88' lang='lat' dir='ltr'><strong>tantur</strong></span> <span class='ocrx_word' id='word_1_604' title='bbox 2458 3814 2510 3886; x_wconf 83' lang='lat' dir='ltr'><strong>in</strong></span> <span class='ocrx_word' id='word_1_605' title='bbox 2543 3816 2818 3886; x_wconf 86' lang='lat' dir='ltr'><strong>prosperis</strong></span> <span class='ocrx_word' id='word_1_606' title='bbox 2857 3812 3226 3886; x_wconf 76' lang='lat' dir='ltr'><strong>voluntatibus</strong></span> <span class='ocrx_word' id='word_1_607' title='bbox 3249 3823 3323 3886; x_wconf 12' lang='lat' dir='ltr'><strong>“et</strong></span> <span class='ocrx_word' id='word_1_608' title='bbox 3371 3812 3808 3886; x_wconf 43' lang='lat' dir='ltr'><strong>gaudio—carent</strong></span> 
     </span>
    </p>
   </div>
   <div class='ocr_carea' id='block_1_86' title="bbox 2223 3883 3808 3954">
    <p class='ocr_par' dir='ltr' id='par_1_86' title="bbox 2223 3883 3808 3954">
     <span class='ocr_line' id='line_1_87' title="bbox 2223 3883 3808 3954; baseline -0.003 -13"><span class='ocrx_word' id='word_1_609' title='bbox 2223 3886 2425 3941; x_wconf 91' lang='lat' dir='ltr'><strong>divino.</strong></span> <span class='ocrx_word' id='word_1_610' title='bbox 2474 3883 2609 3941; x_wconf 78' lang='lat' dir='ltr'><strong>Cum</strong></span> <span class='ocrx_word' id='word_1_611' title='bbox 2658 3883 2966 3954; x_wconf 74' lang='lat' dir='ltr'><strong>huiusmodi</strong></span> <span class='ocrx_word' id='word_1_612' title='bbox 3004 3884 3139 3941; x_wconf 88' lang='lat' dir='ltr'><strong>viris</strong></span> <span class='ocrx_word' id='word_1_613' title='bbox 3170 3884 3313 3940; x_wconf 88' lang='lat' dir='ltr'><strong>nulla</strong></span> <span class='ocrx_word' id='word_1_614' title='bbox 3344 3883 3443 3939; x_wconf 84' lang='lat' dir='ltr'><strong>tibi</strong></span> <span class='ocrx_word' id='word_1_615' title='bbox 3485 3883 3808 3940; x_wconf 77' lang='lat' dir='ltr'><strong>commixtio</strong></span> 
     </span>
    </p>
   </div>
   <div class='ocr_carea' id='block_1_87' title="bbox 2224 3956 3807 4026">
    <p class='ocr_par' dir='ltr' id='par_1_87' title="bbox 2224 3956 3807 4026">
     <span class='ocr_line' id='line_1_88' title="bbox 2224 3956 3807 4026; baseline -0.001 -15"><span class='ocrx_word' id='word_1_616' title='bbox 2224 3956 2314 4019; x_wconf 89' lang='lat' dir='ltr'><strong>sit,</strong></span> <span class='ocrx_word' id='word_1_617' title='bbox 2346 3971 2523 4026; x_wconf 88' lang='lat' dir='ltr'><strong>neque</strong></span> <span class='ocrx_word' id='word_1_618' title='bbox 2548 3958 2683 4013; x_wconf 86' lang='lat' dir='ltr'><strong>velis</strong></span> <span class='ocrx_word' id='word_1_619' title='bbox 2729 3972 2852 4012; x_wconf 89' lang='lat' dir='ltr'><strong>cum</strong></span> <span class='ocrx_word' id='word_1_620' title='bbox 2893 3958 2975 4012; x_wconf 84' lang='lat' dir='ltr'><strong>eis</strong></span> <span class='ocrx_word' id='word_1_621' title='bbox 3020 3958 3375 4013; x_wconf 82' lang='lat' dir='ltr'><strong>sermocinari</strong></span> <span class='ocrx_word' id='word_1_622' title='bbox 3425 3957 3664 4018; x_wconf 78' lang='lat' dir='ltr'><strong>assidue,</strong></span> <span class='ocrx_word' id='word_1_623' title='bbox 3703 3956 3807 4010; x_wconf 81' lang='lat' dir='ltr'><strong>nisi</strong></span> 
     </span>
    </p>
   </div>
   <div class='ocr_carea' id='block_1_88' title="bbox 2222 4026 3805 4085">
    <p class='ocr_par' dir='ltr' id='par_1_88' title="bbox 2222 4026 3805 4085">
     <span class='ocr_line' id='line_1_89' title="bbox 2222 4026 3805 4085; baseline 0.001 -4"><span class='ocrx_word' id='word_1_624' title='bbox 2222 4027 2406 4083; x_wconf 90' lang='lat' dir='ltr'><strong>valeas</strong></span> <span class='ocrx_word' id='word_1_625' title='bbox 2435 4026 2774 4083; x_wconf 88' lang='lat' dir='ltr'><strong>solummodo</strong></span> <span class='ocrx_word' id='word_1_626' title='bbox 2804 4026 2873 4081; x_wconf 87' lang='lat' dir='ltr'><strong>ab</strong></span> <span class='ocrx_word' id='word_1_627' title='bbox 2919 4029 3123 4084; x_wconf 90' lang='lat' dir='ltr'><strong>erroris</strong></span> <span class='ocrx_word' id='word_1_628' title='bbox 3146 4042 3242 4085; x_wconf 87' lang='lat' dir='ltr'><strong>eos</strong></span> <span class='ocrx_word' id='word_1_629' title='bbox 3282 4029 3478 4082; x_wconf 84' lang='lat' dir='ltr'><strong>itinere</strong></span> <span class='ocrx_word' id='word_1_630' title='bbox 3520 4038 3805 4083; x_wconf 74' lang='lat' dir='ltr'><strong>revocare.</strong></span> 
     </span>
    </p>
   </div>
   <div class='ocr_carea' id='block_1_89' title="bbox 2223 4096 3804 4163">
    <p class='ocr_par' dir='ltr' id='par_1_89' title="bbox 2223 4096 3804 4163">
     <span class='ocr_line' id='line_1_90' title="bbox 2223 4096 3804 4163; baseline -0.002 -10"><span class='ocrx_word' id='word_1_631' title='bbox 2223 4098 2491 4153; x_wconf 81' lang='lat' dir='ltr'><strong>Caeterum</strong></span> <span class='ocrx_word' id='word_1_632' title='bbox 2523 4100 2565 4154; x_wconf 90' lang='lat' dir='ltr'><strong>si</strong></span> <span class='ocrx_word' id='word_1_633' title='bbox 2598 4115 2704 4153; x_wconf 93' lang='lat' dir='ltr'><strong>non</strong></span> <span class='ocrx_word' id='word_1_634' title='bbox 2749 4096 2920 4163; x_wconf 90' lang='lat' dir='ltr'><strong>vales,</strong></span> <span class='ocrx_word' id='word_1_635' title='bbox 2950 4099 3130 4153; x_wconf 87' lang='lat' dir='ltr'><strong>devita</strong></span> <span class='ocrx_word' id='word_1_636' title='bbox 3162 4109 3220 4154; x_wconf 91' lang='lat' dir='ltr'><strong>ut</strong></span> <span class='ocrx_word' id='word_1_637' title='bbox 3251 4098 3527 4163; x_wconf 88' lang='lat' dir='ltr'><strong>publicum</strong></span> <span class='ocrx_word' id='word_1_638' title='bbox 3570 4097 3804 4153; x_wconf 88' lang='lat' dir='ltr'><strong>hostem.</strong></span> 
     </span>
    </p>
   </div>
   <div class='ocr_carea' id='block_1_90' title="bbox 2226 4114 3808 4241">
    <p class='ocr_par' dir='ltr' id='par_1_90' title="bbox 2226 4114 3808 4241">
     <span class='ocr_line' id='line_1_91' title="bbox 2226 4114 3804 4163; baseline -0.002 -10"><span class='ocrx_word' id='word_1_639' title='bbox 2226 4114 2491 4153; x_wconf 63' lang='lat' dir='ltr'><strong>nunerum</strong></span> <span class='ocrx_word' id='word_1_640' title='bbox 2523 4114 2565 4154; x_wconf 80' lang='lat' dir='ltr'><strong>s1</strong></span> <span class='ocrx_word' id='word_1_641' title='bbox 2598 4115 2704 4153; x_wconf 92' lang='lat' dir='ltr'><strong>non</strong></span> <span class='ocrx_word' id='word_1_642' title='bbox 2749 4114 2920 4163; x_wconf 81' lang='lat' dir='ltr'><strong>vates,</strong></span> <span class='ocrx_word' id='word_1_643' title='bbox 2950 4114 3130 4153; x_wconf 82' lang='lat' dir='ltr'><strong>ucvtta</strong></span> <span class='ocrx_word' id='word_1_644' title='bbox 3162 4114 3220 4154; x_wconf 82' lang='lat' dir='ltr'><strong>ut</strong></span> <span class='ocrx_word' id='word_1_645' title='bbox 3290 4114 3527 4153; x_wconf 87' lang='lat' dir='ltr'><strong>unncum</strong></span> <span class='ocrx_word' id='word_1_646' title='bbox 3571 4114 3804 4153; x_wconf 68' lang='lat' dir='ltr'><strong>nosrem.</strong></span> 
     </span>
     <span class='ocr_line' id='line_1_92' title="bbox 2226 4114 3808 4241; baseline -0.001 -17"><span class='ocrx_word' id='word_1_647' title='bbox 2226 4168 2380 4239; x_wconf 73' lang='lat' dir='ltr'><strong>Saepe</strong></span> <span class='ocrx_word' id='word_1_648' title='bbox 2409 4169 2551 4225; x_wconf 88' lang='lat' dir='ltr'><strong>enim</strong></span> <span class='ocrx_word' id='word_1_649' title='bbox 2567 4184 2666 4241; x_wconf 91' lang='lat' dir='ltr'><strong>per</strong></span> <span class='ocrx_word' id='word_1_650' title='bbox 2686 4184 2849 4223; x_wconf 90' lang='lat' dir='ltr'><strong>unam</strong></span> <span class='ocrx_word' id='word_1_651' title='bbox 2870 4184 3024 4241; x_wconf 84' lang='lat' dir='ltr'><strong>ovem</strong></span> <span class='ocrx_word' id='word_1_652' title='bbox 3054 4114 3354 4226; x_wconf 58' lang='lat' dir='ltr'><strong>morhhﬁm</strong></span> <span class='ocrx_word' id='word_1_653' title='bbox 3376 4166 3637 4241; x_wconf 82' lang='lat' dir='ltr'><strong>polluitur</strong></span> <span class='ocrx_word' id='word_1_654' title='bbox 3662 4176 3808 4241; x_wconf 81' lang='lat' dir='ltr'><strong>totus</strong></span> 
     </span>
    </p>
   </div>
   <div class='ocr_carea' id='block_1_91' title="bbox 2225 4238 3805 4312">
    <p class='ocr_par' dir='ltr' id='par_1_91' title="bbox 2225 4238 3805 4312">
     <span class='ocr_line' id='line_1_93' title="bbox 2225 4238 3805 4312; baseline -0.001 -18"><span class='ocrx_word' id='word_1_655' title='bbox 2225 4238 2378 4312; x_wconf 82' lang='lat' dir='ltr'><strong>grex,</strong></span> <span class='ocrx_word' id='word_1_656' title='bbox 2403 4251 2459 4295; x_wconf 91' lang='lat' dir='ltr'><strong>et</strong></span> <span class='ocrx_word' id='word_1_657' title='bbox 2503 4238 2715 4297; x_wconf 80' lang='lat' dir='ltr'><strong>modica</strong></span> <span class='ocrx_word' id='word_1_658' title='bbox 2740 4253 2870 4310; x_wconf 83' lang='lat' dir='ltr'><strong>pars</strong></span> <span class='ocrx_word' id='word_1_659' title='bbox 2915 4240 3055 4312; x_wconf 74' lang='lat' dir='ltr'><strong>fellis</strong></span> <span class='ocrx_word' id='word_1_660' title='bbox 3083 4254 3332 4312; x_wconf 82' lang='lat' dir='ltr'><strong>magnam</strong></span> <span class='ocrx_word' id='word_1_661' title='bbox 3365 4238 3707 4312; x_wconf 80' lang='lat' dir='ltr'><strong>dulcedinem</strong></span> <span class='ocrx_word' id='word_1_662' title='bbox 3748 4238 3805 4292; x_wconf 89' lang='lat' dir='ltr'><strong>in</strong></span> 
     </span>
    </p>
   </div>
   <div class='ocr_carea' id='block_1_92' title="bbox 2225 4310 3807 4378">
    <p class='ocr_par' dir='ltr' id='par_1_92' title="bbox 2225 4310 3807 4378">
     <span class='ocr_line' id='line_1_94' title="bbox 2225 4310 3807 4378; baseline -0.001 -13"><span class='ocrx_word' id='word_1_663' title='bbox 2225 4310 2643 4367; x_wconf 78' lang='lat' dir='ltr'><strong>amaritudinem</strong></span> <span class='ocrx_word' id='word_1_664' title='bbox 2668 4312 2851 4378; x_wconf 82' lang='lat' dir='ltr'><strong>vertit,</strong></span> <span class='ocrx_word' id='word_1_665' title='bbox 2885 4320 2944 4367; x_wconf 90' lang='lat' dir='ltr'><strong>et</strong></span> <span class='ocrx_word' id='word_1_666' title='bbox 2976 4310 3304 4369; x_wconf 81' lang='lat' dir='ltr'><strong>fermentum</strong></span> <span class='ocrx_word' id='word_1_667' title='bbox 3333 4310 3610 4365; x_wconf 67' lang='lat' dir='ltr'><strong>modicum</strong></span> <span class='ocrx_word' id='word_1_668' title='bbox 3635 4318 3807 4365; x_wconf 74' lang='lat' dir='ltr'><strong>totam</strong></span> 
     </span>
    </p>
   </div>
   <div class='ocr_carea' id='block_1_93' title="bbox 2224 4383 2809 4452">
    <p class='ocr_par' dir='ltr' id='par_1_93' title="bbox 2224 4383 2809 4452">
     <span class='ocr_line' id='line_1_95' title="bbox 2224 4383 2809 4452; baseline -0.002 -15"><span class='ocrx_word' id='word_1_669' title='bbox 2224 4397 2459 4437; x_wconf 87' lang='lat' dir='ltr'><strong>massam</strong></span> <span class='ocrx_word' id='word_1_670' title='bbox 2488 4383 2809 4452; x_wconf 88' lang='lat' dir='ltr'><strong>corrumpit.</strong></span> 
     </span>
    </p>
   </div>
   <div class='ocr_carea' id='block_1_94' title="bbox 2298 4449 3808 4524">
    <p class='ocr_par' dir='ltr' id='par_1_94' title="bbox 2298 4449 3808 4524">
     <span class='ocr_line' id='line_1_96' title="bbox 2298 4449 3808 4524; baseline -0.003 -17"><span class='ocrx_word' id='word_1_671' title='bbox 2298 4453 2322 4491; x_wconf 60' lang='grc' dir='ltr'>ι</span> <span class='ocrx_word' id='word_1_672' title='bbox 2366 4449 2859 4524; x_wconf 73' lang='lat' dir='ltr'><strong>Excommunicuta.</strong></span> <span class='ocrx_word' id='word_1_673' title='bbox 2892 4451 3059 4524; x_wconf 84' lang='lat' dir='ltr'><strong>Lege,</strong></span> <span class='ocrx_word' id='word_1_674' title='bbox 3090 4450 3593 4524; x_wconf 71' lang='lat' dir='ltr'><strong>excommunicatm,</strong></span> <span class='ocrx_word' id='word_1_675' title='bbox 3622 4449 3678 4504; x_wconf 86' lang='lat' dir='ltr'><strong>id</strong></span> <span class='ocrx_word' id='word_1_676' title='bbox 3701 4456 3808 4513; x_wconf 86' lang='lat' dir='ltr'><strong>est,</strong></span> 
     </span>
    </p>
   </div>
   <div class='ocr_carea' id='block_1_95' title="bbox 2226 4522 3812 4596">
    <p class='ocr_par' dir='ltr' id='par_1_95' title="bbox 2226 4522 3812 4596">
     <span class='ocr_line' id='line_1_97' title="bbox 2226 4522 3812 4596; baseline -0.004 -17"><span class='ocrx_word' id='word_1_677' title='bbox 2226 4523 2805 4596; x_wconf 56' lang='lat' dir='ltr'><strong>excommunicatiouis,</strong></span> <span class='ocrx_word' id='word_1_678' title='bbox 2839 4531 2899 4577; x_wconf 90' lang='lat' dir='ltr'><strong>ut</strong></span> <span class='ocrx_word' id='word_1_679' title='bbox 2918 4522 3264 4596; x_wconf 77' lang='lat' dir='ltr'><strong>congregata,</strong></span> <span class='ocrx_word' id='word_1_680' title='bbox 3294 4522 3351 4579; x_wconf 85' lang='lat' dir='ltr'><strong>id</strong></span> <span class='ocrx_word' id='word_1_681' title='bbox 3378 4530 3487 4589; x_wconf 80' lang='lat' dir='ltr'><strong>est,</strong></span> <span class='ocrx_word' id='word_1_682' title='bbox 3509 4535 3812 4592; x_wconf 79' lang='lat' dir='ltr'><strong>congrega-</strong></span> 
     </span>
    </p>
   </div>
   <div class='ocr_carea' id='block_1_96' title="bbox 2225 4590 2862 4650">
    <p class='ocr_par' dir='ltr' id='par_1_96' title="bbox 2225 4590 2862 4650">
     <span class='ocr_line' id='line_1_98' title="bbox 2225 4590 2862 4650; baseline -0.002 0"><span class='ocrx_word' id='word_1_683' title='bbox 2225 4595 2323 4650; x_wconf 87' lang='lat' dir='ltr'><strong>tio.</strong></span> <span class='ocrx_word' id='word_1_684' title='bbox 2357 4590 2466 4649; x_wconf 89' lang='lat' dir='ltr'><strong>Sed</strong></span> <span class='ocrx_word' id='word_1_685' title='bbox 2491 4594 2556 4649; x_wconf 92' lang='lat' dir='ltr'><strong>de</strong></span> <span class='ocrx_word' id='word_1_686' title='bbox 2582 4593 2668 4649; x_wconf 91' lang='lat' dir='ltr'><strong>his</strong></span> <span class='ocrx_word' id='word_1_687' title='bbox 2700 4592 2862 4649; x_wconf 86' lang='lat' dir='ltr'><strong>infra.</strong></span> 
     </span>
    </p>
   </div>
   <div class='ocr_carea' id='block_1_97' title="bbox 544 4790 3806 4831">
    <p class='ocr_par' dir='ltr' id='par_1_97' title="bbox 544 4790 3806 4831">
     <span class='ocr_line' id='line_1_99' title="bbox 544 4790 3806 4831; baseline 0.001 -3"><span class='ocrx_word' id='word_1_688' title='bbox 544 4790 3806 4831; x_wconf 44' lang='grc' dir='ltr'>ω</span> 
     </span>
    </p>
   </div>
   <div class='ocr_carea' id='block_1_98' title="bbox 1744 4918 2585 5003">
    <p class='ocr_par' dir='ltr' id='par_1_98' title="bbox 1744 4918 2585 5003">
     <span class='ocr_line' id='line_1_100' title="bbox 1744 4918 2585 5003; baseline 0 -2"><span class='ocrx_word' id='word_1_689' title='bbox 1744 4918 2082 5001; x_wconf 77' lang='lat' dir='ltr'><strong>CAPUT</strong></span> <span class='ocrx_word' id='word_1_690' title='bbox 2152 4921 2585 5003; x_wconf 84' lang='lat' dir='ltr'><strong>XXXVIII.</strong></span> 
     </span>
    </p>
   </div>
   <div class='ocr_carea' id='block_1_99' title="bbox 987 5068 3390 5141">
    <p class='ocr_par' dir='ltr' id='par_1_99' title="bbox 987 5068 3390 5141">
     <span class='ocr_line' id='line_1_101' title="bbox 987 5068 3390 5141; baseline 0.004 -11"><span class='ocrx_word' id='word_1_691' title='bbox 987 5069 1051 5129; x_wconf 87' lang='lat' dir='ltr'><strong>SI</strong></span> <span class='ocrx_word' id='word_1_692' title='bbox 1085 5072 1408 5133; x_wconf 77' lang='lat' dir='ltr'><strong>DEBEANT</strong></span> <span class='ocrx_word' id='word_1_693' title='bbox 1444 5075 1773 5135; x_wconf 76' lang='lat' dir='ltr'><strong>FRATRES</strong></span> <span class='ocrx_word' id='word_1_694' title='bbox 1809 5075 2186 5135; x_wconf 83' lang='lat' dir='ltr'><strong>EXEUNTES</strong></span> <span class='ocrx_word' id='word_1_695' title='bbox 2218 5078 2310 5135; x_wconf 88' lang='lat' dir='ltr'><strong>DE</strong></span> <span class='ocrx_word' id='word_1_696' title='bbox 2345 5072 2796 5141; x_wconf 70' lang='lat' dir='ltr'><strong>MONAS&#39;I‘ERIO</strong></span> <span class='ocrx_word' id='word_1_697' title='bbox 2842 5076 3110 5141; x_wconf 74' lang='lat' dir='ltr'><strong>ITERUM</strong></span> <span class='ocrx_word' id='word_1_698' title='bbox 3144 5068 3390 5140; x_wconf 75' lang='lat' dir='ltr'><strong>RECIPI.</strong></span> 
     </span>
    </p>
   </div>
   <div class='ocr_carea' id='block_1_100' title="bbox 772 5266 1876 5347">
    <p class='ocr_par' dir='ltr' id='par_1_100' title="bbox 772 5266 1876 5347">
     <span class='ocr_line' id='line_1_102' title="bbox 772 5266 1876 5347; baseline 0.008 -17"><span class='ocrx_word' id='word_1_699' title='bbox 772 5272 803 5347; x_wconf 67' lang='grc' dir='ltr'>ς</span> <span class='ocrx_word' id='word_1_700' title='bbox 827 5270 871 5331; x_wconf 87' lang='lat' dir='ltr'><strong>l.</strong></span> <span class='ocrx_word' id='word_1_701' title='bbox 894 5305 966 5317; x_wconf 97' lang='lat'><strong>—</strong></span> <span class='ocrx_word' id='word_1_702' title='bbox 988 5266 1068 5330; x_wconf 80' lang='lat' dir='ltr'><strong>Ex</strong></span> <span class='ocrx_word' id='word_1_703' title='bbox 1097 5274 1319 5332; x_wconf 66' lang='lat' dir='ltr'><strong>Rasum</strong></span> <span class='ocrx_word' id='word_1_704' title='bbox 1348 5292 1536 5334; x_wconf 76' lang='lat' dir='ltr'><strong>SANC‘I&#39;I</strong></span> <span class='ocrx_word' id='word_1_705' title='bbox 1563 5277 1876 5340; x_wconf 66' lang='lat' dir='ltr'><strong>Bessorum.</strong></span> 
     </span>
    </p>
   </div>
   <div class='ocr_carea' id='block_1_101' title="bbox 613 5366 2123 5448">
    <p class='ocr_par' dir='ltr' id='par_1_101' title="bbox 613 5366 2123 5448">
     <span class='ocr_line' id='line_1_103' title="bbox 613 5366 2123 5448; baseline 0.005 -24"><span class='ocrx_word' id='word_1_706' title='bbox 613 5379 641 5411; x_wconf 74' lang='grc'><strong>⁸</strong></span> <span class='ocrx_word' id='word_1_707' title='bbox 667 5366 892 5435; x_wconf 80' lang='lat' dir='ltr'><strong>Frater,</strong></span> <span class='ocrx_word' id='word_1_708' title='bbox 916 5369 1010 5441; x_wconf 87' lang='lat' dir='ltr'><strong>qui</strong></span> <span class='ocrx_word' id='word_1_709' title='bbox 1035 5370 1258 5441; x_wconf 82' lang='lat' dir='ltr'><strong>proprio</strong></span> <span class='ocrx_word' id='word_1_710' title='bbox 1279 5370 1415 5427; x_wconf 89' lang='lat' dir='ltr'><strong>vitio</strong></span> <span class='ocrx_word' id='word_1_711' title='bbox 1448 5372 1747 5444; x_wconf 83' lang='lat' dir='ltr'><strong>egreditur,</strong></span> <span class='ocrx_word' id='word_1_712' title='bbox 1783 5385 1876 5431; x_wconf 80' lang='lat' dir='ltr'><strong>aut</strong></span> <span class='ocrx_word' id='word_1_713' title='bbox 1907 5376 2123 5448; x_wconf 80' lang='lat' dir='ltr'><strong>proiici-</strong></span> 
     </span>
    </p>
   </div>
   <div class='ocr_carea' id='block_1_102' title="bbox 2142 5260 3813 5359">
    <p class='ocr_par' dir='ltr' id='par_1_102' title="bbox 2142 5260 3813 5359">
     <span class='ocr_line' id='line_1_104' title="bbox 2142 5260 3813 5359; baseline -0.005 -17"><span class='ocrx_word' id='word_1_714' title='bbox 2142 5287 2199 5349; x_wconf 85' lang='lat' dir='ltr'><strong>D</strong></span> <span class='ocrx_word' id='word_1_715' title='bbox 2222 5266 2375 5359; x_wconf 86' lang='lat' dir='ltr'><strong>prius</strong></span> <span class='ocrx_word' id='word_1_716' title='bbox 2399 5297 2614 5341; x_wconf 90' lang='lat' dir='ltr'><strong>omnem</strong></span> <span class='ocrx_word' id='word_1_717' title='bbox 2650 5260 3084 5335; x_wconf 68' lang='lat' dir='ltr'><strong>emendationem</strong></span> <span class='ocrx_word' id='word_1_718' title='bbox 3123 5278 3262 5344; x_wconf 87' lang='lat' dir='ltr'><strong>vitii,</strong></span> <span class='ocrx_word' id='word_1_719' title='bbox 3294 5264 3529 5349; x_wconf 80' lang='lat' dir='ltr'><strong>proque</strong></span> <span class='ocrx_word' id='word_1_720' title='bbox 3555 5288 3813 5347; x_wconf 86' lang='lat' dir='ltr'><strong>egressus</strong></span> 
     </span>
    </p>
   </div>
   <div class='ocr_carea' id='block_1_103' title="bbox 2221 5366 3813 5445">
    <p class='ocr_par' dir='ltr' id='par_1_103' title="bbox 2221 5366 3813 5445">
     <span class='ocr_line' id='line_1_105' title="bbox 2221 5366 3813 5445; baseline -0.007 -12"><span class='ocrx_word' id='word_1_721' title='bbox 2221 5384 2307 5433; x_wconf 91' lang='lat' dir='ltr'><strong>est</strong></span> <span class='ocrx_word' id='word_1_722' title='bbox 2343 5393 2358 5430; x_wconf 92' lang='lat'><strong>:</strong></span> <span class='ocrx_word' id='word_1_723' title='bbox 2391 5376 2420 5416; x_wconf 74' lang='grc' dir='ltr'><strong>ιο</strong></span> <span class='ocrx_word' id='word_1_724' title='bbox 2461 5381 2518 5430; x_wconf 92' lang='lat' dir='ltr'><strong>et</strong></span> <span class='ocrx_word' id='word_1_725' title='bbox 2547 5374 2624 5428; x_wconf 91' lang='lat' dir='ltr'><strong>sic</strong></span> <span class='ocrx_word' id='word_1_726' title='bbox 2649 5372 2703 5427; x_wconf 90' lang='lat' dir='ltr'><strong>in</strong></span> <span class='ocrx_word' id='word_1_727' title='bbox 2726 5370 2917 5427; x_wconf 91' lang='lat' dir='ltr'><strong>ultimo</strong></span> <span class='ocrx_word' id='word_1_728' title='bbox 2949 5370 3118 5443; x_wconf 85' lang='lat' dir='ltr'><strong>gradu</strong></span> <span class='ocrx_word' id='word_1_729' title='bbox 3152 5368 3476 5445; x_wconf 81' lang='lat' dir='ltr'><strong>recipiatur;</strong></span> <span class='ocrx_word' id='word_1_730' title='bbox 3513 5375 3577 5423; x_wconf 90' lang='lat' dir='ltr'><strong>ut</strong></span> <span class='ocrx_word' id='word_1_731' title='bbox 3609 5382 3677 5423; x_wconf 78' lang='lat' dir='ltr'><strong>ex</strong></span> <span class='ocrx_word' id='word_1_732' title='bbox 3707 5366 3813 5423; x_wconf 85' lang='lat' dir='ltr'><strong>hoc</strong></span> 
     </span>
    </p>
   </div>
   <div class='ocr_carea' id='block_1_104' title="bbox 542 5459 3810 5538">
    <p class='ocr_par' dir='ltr' id='par_1_104' title="bbox 542 5459 3810 5538">
     <span class='ocr_line' id='line_1_106' title="bbox 542 5459 3810 5538; baseline -0.002 -21"><span class='ocrx_word' id='word_1_733' title='bbox 542 5470 653 5527; x_wconf 83' lang='lat' dir='ltr'><strong>tur.</strong></span> <span class='ocrx_word' id='word_1_734' title='bbox 704 5459 773 5518; x_wconf 90' lang='lat' dir='ltr'><strong>de</strong></span> <span class='ocrx_word' id='word_1_735' title='bbox 815 5463 1167 5528; x_wconf 89' lang='lat' dir='ltr'><strong>monasterio,</strong></span> <span class='ocrx_word' id='word_1_736' title='bbox 1199 5461 1246 5518; x_wconf 89' lang='lat' dir='ltr'><strong>si</strong></span> <span class='ocrx_word' id='word_1_737' title='bbox 1298 5463 1499 5519; x_wconf 89' lang='lat' dir='ltr'><strong>reverti</strong></span> <span class='ocrx_word' id='word_1_738' title='bbox 1560 5464 1813 5533; x_wconf 91' lang='lat' dir='ltr'><strong>voluerit,</strong></span> <span class='ocrx_word' id='word_1_739' title='bbox 1865 5468 2128 5538; x_wconf 89' lang='lat' dir='ltr'><strong>spondeat</strong></span> <span class='ocrx_word' id='word_1_740' title='bbox 2223 5467 2500 5525; x_wconf 86' lang='lat' dir='ltr'><strong>humilitas</strong></span> <span class='ocrx_word' id='word_1_741' title='bbox 2522 5464 2641 5536; x_wconf 78' lang='lat' dir='ltr'><strong>ejus</strong></span> <span class='ocrx_word' id='word_1_742' title='bbox 2668 5460 3071 5534; x_wconf 84' lang='lat' dir='ltr'><strong>comprobetur.</strong></span> <span class='ocrx_word' id='word_1_743' title='bbox 3114 5460 3270 5528; x_wconf 81' lang='lat' dir='ltr'><strong>Quod</strong></span> <span class='ocrx_word' id='word_1_744' title='bbox 3299 5461 3347 5516; x_wconf 86' lang='lat' dir='ltr'><strong>si</strong></span> <span class='ocrx_word' id='word_1_745' title='bbox 3375 5460 3555 5516; x_wconf 82' lang='lat' dir='ltr'><strong>denuo</strong></span> <span class='ocrx_word' id='word_1_746' title='bbox 3582 5460 3810 5525; x_wconf 79' lang='lat' dir='ltr'><strong>exierit,</strong></span> 
     </span>
    </p>
   </div>
   <div class='ocr_carea' id='block_1_105' title="bbox 617 5618 2125 5693">
    <p class='ocr_par' dir='ltr' id='par_1_105' title="bbox 617 5618 2125 5693">
     <span class='ocr_line' id='line_1_107' title="bbox 617 5618 2125 5693; baseline 0.003 -19"><span class='ocrx_word' id='word_1_747' title='bbox 617 5633 641 5660; x_wconf 74' lang='grc' dir='ltr'>ι</span> <span class='ocrx_word' id='word_1_748' title='bbox 679 5620 869 5693; x_wconf 72' lang='lat' dir='ltr'><strong>Frater</strong></span> <span class='ocrx_word' id='word_1_749' title='bbox 908 5621 997 5693; x_wconf 73' lang='lat' dir='ltr'><strong>qui</strong></span> <span class='ocrx_word' id='word_1_750' title='bbox 1033 5620 1242 5693; x_wconf 83' lang='lat' dir='ltr'><strong>proprio</strong></span> <span class='ocrx_word' id='word_1_751' title='bbox 1280 5620 1401 5693; x_wconf 84' lang='lat' dir='ltr'><strong>vitio</strong></span> <span class='ocrx_word' id='word_1_752' title='bbox 1444 5622 1729 5693; x_wconf 74' lang='lat' dir='ltr'><strong>egreditur,</strong></span> <span class='ocrx_word' id='word_1_753' title='bbox 1778 5629 1882 5678; x_wconf 89' lang='lat' dir='ltr'><strong>etc.</strong></span> <span class='ocrx_word' id='word_1_754' title='bbox 1952 5618 2125 5693; x_wconf 79' lang='lat' dir='ltr'><strong>Hujus</strong></span> 
     </span>
    </p>
   </div>
   <div class='ocr_carea' id='block_1_106' title="bbox 547 5692 2127 5757">
    <p class='ocr_par' dir='ltr' id='par_1_106' title="bbox 547 5692 2127 5757">
     <span class='ocr_line' id='line_1_108' title="bbox 547 5692 2127 5757; baseline 0.002 -12"><span class='ocrx_word' id='word_1_755' title='bbox 547 5692 951 5747; x_wconf 86' lang='lat' dir='ltr'><strong>constitutionis</strong></span> <span class='ocrx_word' id='word_1_756' title='bbox 993 5692 1323 5747; x_wconf 89' lang='lat' dir='ltr'><strong>mentionem</strong></span> <span class='ocrx_word' id='word_1_757' title='bbox 1357 5692 1562 5749; x_wconf 86' lang='lat' dir='ltr'><strong>faciunt</strong></span> <span class='ocrx_word' id='word_1_758' title='bbox 1589 5693 1646 5749; x_wconf 93' lang='lat' dir='ltr'><strong>S.</strong></span> <span class='ocrx_word' id='word_1_759' title='bbox 1676 5692 2001 5757; x_wconf 89' lang='lat' dir='ltr'><strong>Bernardus,</strong></span> <span class='ocrx_word' id='word_1_760' title='bbox 2026 5692 2127 5748; x_wconf 86' lang='lat' dir='ltr'><strong>Pe-</strong></span> 
     </span>
    </p>
   </div>
   <div class='ocr_carea' id='block_1_107' title="bbox 549 5760 2126 5887">
    <p class='ocr_par' dir='ltr' id='par_1_107' title="bbox 549 5760 2126 5887">
     <span class='ocr_line' id='line_1_109' title="bbox 550 5760 2126 5880; baseline 0.005 -67"><span class='ocrx_word' id='word_1_761' title='bbox 550 5769 670 5813; x_wconf 86' lang='lat' dir='ltr'><strong>trus</strong></span> <span class='ocrx_word' id='word_1_762' title='bbox 708 5760 1061 5880; x_wconf 54' lang='grc' dir='ltr'><strong>Υῗηεέξὼίιίε,</strong></span> <span class='ocrx_word' id='word_1_763' title='bbox 1114 5770 1170 5816; x_wconf 89' lang='lat' dir='ltr'><strong>et</strong></span> <span class='ocrx_word' id='word_1_764' title='bbox 1215 5763 1409 5819; x_wconf 84' lang='lat' dir='ltr'><strong>Petrus</strong></span> <span class='ocrx_word' id='word_1_765' title='bbox 1449 5764 1734 5820; x_wconf 62' lang='lat' dir='ltr'><strong>Blaesensis</strong></span> <span class='ocrx_word' id='word_1_766' title='bbox 1778 5765 1833 5819; x_wconf 91' lang='lat' dir='ltr'><strong>in</strong></span> <span class='ocrx_word' id='word_1_767' title='bbox 1882 5765 2126 5834; x_wconf 85' lang='lat' dir='ltr'><strong>epistolis</strong></span> 
     </span>
     <span class='ocr_line' id='line_1_110' title="bbox 549 5844 955 5887; baseline -0.01 0"><span class='ocrx_word' id='word_1_768' title='bbox 549 5844 675 5887; x_wconf 81' lang='lat' dir='ltr'><strong>mox</strong></span> <span class='ocrx_word' id='word_1_769' title='bbox 706 5844 755 5882; x_wconf 80' lang='lat' dir='ltr'><strong>c1</strong></span> <span class='ocrx_word' id='word_1_770' title='bbox 783 5845 851 5881; x_wconf 90' lang='lat' dir='ltr'><strong>an</strong></span> <span class='ocrx_word' id='word_1_771' title='bbox 892 5845 955 5883; x_wconf 82' lang='lat' dir='ltr'><strong>IS.</strong></span> 
     </span>
    </p>
   </div>
   <div class='ocr_carea' id='block_1_108' title="bbox 624 5897 2120 5973">
    <p class='ocr_par' dir='ltr' id='par_1_108' title="bbox 624 5897 2120 5973">
     <span class='ocr_line' id='line_1_111' title="bbox 624 5897 2120 5973; baseline 0.007 -21"><span class='ocrx_word' id='word_1_772' title='bbox 624 5899 652 5941; x_wconf 69' lang='grc' dir='ltr'><strong>ιτ</strong></span> <span class='ocrx_word' id='word_1_773' title='bbox 684 5897 754 5953; x_wconf 89' lang='lat' dir='ltr'><strong>Et</strong></span> <span class='ocrx_word' id='word_1_774' title='bbox 788 5897 862 5953; x_wconf 85' lang='lat' dir='ltr'><strong>sic</strong></span> <span class='ocrx_word' id='word_1_775' title='bbox 900 5898 955 5952; x_wconf 84' lang='lat' dir='ltr'><strong>in</strong></span> <span class='ocrx_word' id='word_1_776' title='bbox 980 5897 1162 5953; x_wconf 71' lang='lat' dir='ltr'><strong>ultimo</strong></span> <span class='ocrx_word' id='word_1_777' title='bbox 1185 5899 1355 5971; x_wconf 85' lang='lat' dir='ltr'><strong>gradu</strong></span> <span class='ocrx_word' id='word_1_778' title='bbox 1384 5900 1687 5973; x_wconf 84' lang='lat' dir='ltr'><strong>recipiatur.</strong></span> <span class='ocrx_word' id='word_1_779' title='bbox 1733 5904 1881 5962; x_wconf 90' lang='lat' dir='ltr'><strong>Idem</strong></span> <span class='ocrx_word' id='word_1_780' title='bbox 1928 5907 2120 5963; x_wconf 89' lang='lat' dir='ltr'><strong>statuit</strong></span> 
     </span>
    </p>
   </div>
   <div class='ocr_carea' id='block_1_109' title="bbox 2225 5611 3811 5686">
    <p class='ocr_par' dir='ltr' id='par_1_109' title="bbox 2225 5611 3811 5686">
     <span class='ocr_line' id='line_1_112' title="bbox 2225 5611 3811 5686; baseline -0.008 -8"><span class='ocrx_word' id='word_1_781' title='bbox 2225 5622 2559 5678; x_wconf 85' lang='lat' dir='ltr'><strong>Fructuosus</strong></span> <span class='ocrx_word' id='word_1_782' title='bbox 2613 5618 2753 5674; x_wconf 85' lang='lat' dir='ltr'><strong>alter</strong></span> <span class='ocrx_word' id='word_1_783' title='bbox 2790 5630 2909 5686; x_wconf 73' lang='lat' dir='ltr'><strong>cap.</strong></span> <span class='ocrx_word' id='word_1_784' title='bbox 2945 5614 3036 5670; x_wconf 73' lang='lat'><strong>20.</strong></span> <span class='ocrx_word' id='word_1_785' title='bbox 3079 5613 3205 5669; x_wconf 67' lang='lat' dir='ltr'><strong>Non</strong></span> <span class='ocrx_word' id='word_1_786' title='bbox 3236 5614 3441 5685; x_wconf 72' lang='lat' dir='ltr'><strong>prima,</strong></span> <span class='ocrx_word' id='word_1_787' title='bbox 3491 5611 3811 5686; x_wconf 65' lang='lat' dir='ltr'><strong>sed_ultima</strong></span> 
     </span>
    </p>
   </div>
   <div class='ocr_carea' id='block_1_110' title="bbox 2228 5681 3808 5760">
    <p class='ocr_par' dir='ltr' id='par_1_110' title="bbox 2228 5681 3808 5760">
     <span class='ocr_line' id='line_1_113' title="bbox 2228 5681 3808 5760; baseline -0.008 -12"><span class='ocrx_word' id='word_1_788' title='bbox 2228 5692 2475 5749; x_wconf 77' lang='lat' dir='ltr'><strong>cathedra</strong></span> <span class='ocrx_word' id='word_1_789' title='bbox 2524 5681 2873 5760; x_wconf 49' lang='lat' dir='ltr'><strong>recipiantur.—</strong></span> <span class='ocrx_word' id='word_1_790' title='bbox 2910 5686 3142 5760; x_wconf 80' lang='lat' dir='ltr'><strong>Quidatn</strong></span> <span class='ocrx_word' id='word_1_791' title='bbox 3164 5681 3552 5760; x_wconf 66' lang='lat' dir='ltr'><strong>monachorum</strong></span> <span class='ocrx_word' id='word_1_792' title='bbox 3582 5681 3751 5738; x_wconf 71' lang='lat' dir='ltr'><strong>Pater</strong></span> <span class='ocrx_word' id='word_1_793' title='bbox 3788 5688 3808 5736; x_wconf 74' lang='lat'><strong>2</strong></span> 
     </span>
    </p>
   </div>
   <div class='ocr_carea' id='block_1_111' title="bbox 2233 5755 3810 5826">
    <p class='ocr_par' dir='ltr' id='par_1_111' title="bbox 2233 5755 3810 5826">
     <span class='ocr_line' id='line_1_114' title="bbox 2233 5755 3810 5826; baseline -0.008 -6"><span class='ocrx_word' id='word_1_794' title='bbox 2233 5763 2323 5820; x_wconf 82' lang='lat' dir='ltr'><strong>Sic</strong></span> <span class='ocrx_word' id='word_1_795' title='bbox 2375 5775 2549 5817; x_wconf 77' lang='lat' dir='ltr'><strong>tamen</strong></span> <span class='ocrx_word' id='word_1_796' title='bbox 2588 5755 2643 5814; x_wconf 68' lang='lat' dir='ltr'><strong>in</strong></span> <span class='ocrx_word' id='word_1_797' title='bbox 2701 5768 2932 5815; x_wconf 64' lang='lat' dir='ltr'><strong>extremo</strong></span> <span class='ocrx_word' id='word_1_798' title='bbox 2978 5756 3092 5811; x_wconf 79' lang='lat' dir='ltr'><strong>loco</strong></span> <span class='ocrx_word' id='word_1_799' title='bbox 3122 5757 3263 5810; x_wconf 75' lang='lat' dir='ltr'><strong>inter</strong></span> <span class='ocrx_word' id='word_1_800' title='bbox 3314 5755 3613 5826; x_wconf 61' lang='lat' dir='ltr'><strong>patientes</strong></span> <span class='ocrx_word' id='word_1_801' title='bbox 3668 5768 3810 5826; x_wconf 65' lang='lat' dir='ltr'><strong>recc-</strong></span> 
     </span>
    </p>
   </div>
   <div class='ocr_carea' id='block_1_112' title="bbox 2228 5823 3806 5907">
    <p class='ocr_par' dir='ltr' id='par_1_112' title="bbox 2228 5823 3806 5907">
     <span class='ocr_line' id='line_1_115' title="bbox 2228 5823 3806 5907; baseline -0.006 -20"><span class='ocrx_word' id='word_1_802' title='bbox 2228 5846 2367 5907; x_wconf 69' lang='lat' dir='ltr'><strong>plus.</strong></span> <span class='ocrx_word' id='word_1_803' title='bbox 2407 5832 2638 5907; x_wconf 68' lang='lat' dir='ltr'><strong>sanctus</strong></span> <span class='ocrx_word' id='word_1_804' title='bbox 2673 5845 2803 5907; x_wconf 65' lang='lat' dir='ltr'><strong>vero</strong></span> <span class='ocrx_word' id='word_1_805' title='bbox 2838 5826 3160 5907; x_wconf 74' lang='lat' dir='ltr'><strong>Pachomius</strong></span> <span class='ocrx_word' id='word_1_806' title='bbox 3192 5823 3806 5907; x_wconf 27' lang='lat' dir='ltr'><strong>art.;79_,lhzec‘statuit:</strong></span> 
     </span>
    </p>
   </div>
   <div class='ocr_carea' id='block_1_113' title="bbox 2230 5888 3695 5968">
    <p class='ocr_par' dir='ltr' id='par_1_113' title="bbox 2230 5888 3695 5968">
     <span class='ocr_line' id='line_1_116' title="bbox 2230 5888 3695 5968; baseline -0.009 -8"><span class='ocrx_word' id='word_1_807' title='bbox 2230 5888 2358 5961; x_wconf 65' lang='grc' dir='ltr'><strong>Ἰνοκ</strong></span> <span class='ocrx_word' id='word_1_808' title='bbox 2384 5904 2483 5958; x_wconf 81' lang='lat' dir='ltr'><strong>erit</strong></span> <span class='ocrx_word' id='word_1_809' title='bbox 2511 5904 2566 5956; x_wconf 67' lang='lat' dir='ltr'><strong>in</strong></span> <span class='ocrx_word' id='word_1_810' title='bbox 2596 5901 2779 5956; x_wconf 65' lang='lat' dir='ltr'><strong>ordine</strong></span> <span class='ocrx_word' id='word_1_811' title='bbox 2801 5915 2899 5955; x_wconf 74' lang='lat' dir='ltr'><strong>suo</strong></span> <span class='ocrx_word' id='word_1_812' title='bbox 2922 5898 3125 5968; x_wconf 60' lang='lat' dir='ltr'><strong>om</strong></span> <span class='ocrx_word' id='word_1_813' title='bbox 3143 5896 3363 5966; x_wconf 69' lang='lat' dir='ltr'><strong>maioris</strong></span> <span class='ocrx_word' id='word_1_814' title='bbox 3673 5912 3695 5948; x_wconf 66' lang='grc' dir='ltr'><strong><em>ι</em></strong></span> 
     </span>
    </p>
   </div>
  </div>
