4088 6330
309 324 443 384 1οη

424 436 453 509 §
487 419 552 513 ll.
576 427 746 484 --Ex
774 426 996 484 Recuu
1029 440 1215 483 SANCTI
1267 425 1467 482 lsmoat
1500 423 1638 498 (cap.
1673 422 1783 494 l7).

372 582 432 636 In
468 577 668 634 minori
698 583 858 632 aitate
892 560 1002 630 non
1026 583 1152 631 sunt
1194 574 1482 631 coercendi
1509 573 1777 630 sententia
1805 589 1899 629 ex-

301 670 840 735 communicationis,
873 670 968 726 sed
991 685 1092 739 pro
1117 669 1378 740 qualitate
1400 668 1741 741 negligentia:
1770 683 1899 723 con-

301 768 452 839 gruis
475 764 796 821 emendandi
842 770 970 818 sunt
1003 762 1174 834 plagis
1205 780 1218 817 :
1270 772 1330 816 ut
1365 778 1502 834 quos
1541 761 1718 817 aetatis
1747 761 1900 816 inﬁr-

299 859 465 915 mitas
495 874 525 912 a
559 856 716 928 culpa
753 870 859 910 non
903 862 1144 920 revocat,
1195 852 1393 926 ﬂagelli
1441 853 1723 924 disciplina
1750 868 1900 909 com-

297 955 508 1022 pescat.

355 1103 382 1179 §
414 1103 500 1158 lli.
531 1134 604 1144 —
634 1103 714 1158 Ex
747 1103 968 1161 Bscuu
997 1115 1188 1159 saxc'rt
1217 1101 1517 1158 Aunnuam
1560 1100 1698 1174 (cap.
1726 1099 1840 1173 40).

373 1236 634 1308 Superbis
683 1252 812 1293 vero
851 1277 865 1302 ,
926 1235 1380 1300 inobedientibus,
1445 1241 1503 1289 et
1556 1233 1896 1290 iracundiam

299 1328 746 1400 protrahentibus
791 1342 1070 1400 nunquam
1095 1325 1470 1399 parcendum:
1522 1327 1695 1382 donec
1724 1325 1896 1382 corri-

300 1430 498 1496 gantur

580 1579 607 1653 §
636 1581 723 1637 IV.
753 1610 825 1621 -—
855 1578 992 1634 Item
1015 1578 1252 1650 ejusdem
1289 1577 1308 1652 (
1341 1596 1460 1650 cap.
1489 1578 1553 1633 41

368 1717 474 1774 Pro
503 1717 744 1787 qualibet
769 1716 948 1786 culpa,
993 1715 1040 1770 si
1065 1728 1288 1770 necesse
1318 1711 1484 1768 fuerit
1521 1711 1713 1783 ﬂagelli
1745 1713 1894 1769 acci-

296 1826 430 1882 pere
483 1810 823 1881 disciplinam
852 1850 869 1874 ,
928 1823 1206 1878 nunquam
1267 1807 1545 1878 legitimus
1596 1807 1970 1896 excedaturB

297 1907 578 1968 numerus,
611 1903 666 1958 id
691 1910 796 1966 est,
830 1900 1050 1972 triginta
1081 1913 1297 1954 novem.
1342 1898 1412 1952 Et
1432 1897 1730 1968 quamlibet
1746 1898 1895 1968 juste

295 1995 582 2066 disciplina
629 1977 902 2058 teneatur,
949 1999 1131 2045 tamen
1179 1989 1476 2044 secundum
1526 1988 1691 2043 illud:
1731 1987 1896 2042 Boni-

294 2095 456 2142 tatem
499 2095 548 2141 et
593 2083 926 2155 disciplinam
972 2079 1145 2153 (Psal.
1177 2079 1392 2152 cxvul),
1432 2087 1719 2151 paternum
1765 2080 1895 2136 alie-

296 2188 444 2235 ctum
482 2186 703 2234 sanctus
749 2176 917 2231 abbas
964 2175 1106 2230 circa
1138 2189 1330 2230 omnes
1364 2182 1563 2240 teneat,
1595 2175 1890 2231 secundum

292 2269 614 2341 Apostolum
661 2288 673 2324 :
721 2267 996 2339 Tanquam
1021 2267 1068 2322 si
1093 2267 1274 2320 nutrix
1294 2266 1465 2336 foveat
1492 2265 1740 2337 parvulos
1767 2284 1890 2322 suos

293 2383 417 2439 Vita
445 2383 657 2438 Alcuini
682 2400 696 2436 :
729 2400 748 2432 ‹
777 2379 893 2436 Non
916 2379 1080 2435 istum
1105 2378 1442 2441 verberibus,
1472 2379 1599 2448 quia
1624 2379 1776 2434 rudis
1792 2379 1890 2434 ad-

291 2454 421 2518 huc,
447 2455 609 2519 acris,
633 2460 764 2518 etc.,
787 2453 1134 2521 castigemus.
1159 2469 1179 2500 ι
1206 2449 1298 2521 Ita
1313 2449 1444 2519 legit
1471 2448 1528 2521 S_.
1554 2449 1891 2521 Fructuosus

292 2525 433 2594 apud
465 2518 753 2579 Henricum
785 2518 1061 2594 Canisium
1092 2530 1223 2574 tom.
1248 2518 1320 2594 _V,
1352 2518 1464 2594 ant.
1498 2519 1642 2594 lect;
1667 2520 1809 2594 Kero
1834 2523 1891 2594 in

291 2589 607 2650 Klamanica
636 2593 976 2664 expositione
1023 2607 1216 2664 vocum
1248 2590 1468 2664 Regula:
1515 2589 1574 2645 S.
1607 2590 1889 2664 Benedicti

293 2665 495 2722 habet:
539 2662 725 2729 Caris,-
764 2663 861 2718 sed
893 2671 1024 2732 puto
1067 2662 1280 2716 litteras
1325 2662 1493 2717 fuisse
1523 2663 1888 2732 transpositas

292 2751 424 2806 pro:
450 2736 623 2791 Acris.
658 2735 988 2806 Smaragdus
1008 2733 1143 2806 etS.
1170 2732 1481 2806 Dunstanus
1498 2732 1717 2806 legunt:
1743 2733 1891 2788 Acri-

295 2803 424 2872 bus;
454 2809 573 2862 cod.
597 2822 700 2861 ms.
728 2805 786 2860 S.
819 2803 1111 2874 Ebrulphi;
1142 2803 1352 2857 Acrius.

367 2890 394 2918 ι
429 2876 606 2947 Supra
639 2892 758 2946 cap.
801 2877 891 2932 51.

364 2949 392 2988 ιι
419 2943 742 3018 ΙηῙαηιιιιοὲ.
781 2948 1025 3018 llabetur
1044 2945 1101 2999 in
1125 2945 1458 3018 Regulams.
1490 2943 1735 3018 Magistri
1765 2948 1886 3018 cod.

293 3019 454 3076 Corb.
483 3016 672 3074 eodem
701 3019 896 3088 capite.
933 3016 1031 3072 llic
1060 3016 1242 3071 autem
1292 3017 1486 3088 nititur
1529 3016 1742 3072 eilicere
1779 3017 1896 3072 Μειι.

331 3091 461 3145 ister
489 3105 583 3144 eos
605 3105 714 3144 non
743 3087 863 3146 esse
897 3089 1128 3143 verbere
1175 3087 1526 3152 coercendos,
1564 3089 1655 3156 qui
1685 3104 1888 3144 annum

331 3107 461 3145 ister
489 3107 583 3144 eos
605 3107 714 3144 non
743 3107 863 3146 csse
897 3107 1128 3143 verbere
1175 3107 1526 3152 coercendos,
1564 3107 1655 3156 qui
1685 3107 1888 3144 annum

263 3107 560 3241 .gecjmum
600 3162 851 3241 quintum
893 3159 1201 3230 attigerint:
1233 3160 1360 3241 quia
1389 3158 1442 3241 in
1487 3159 1578 3214 illa
1601 3168 1763 3241 tetate
1787 3160 1888 3241 im-

292 3232 500 3304 perium
531 3226 728 3288 mentis
753 3239 858 3297 est,
894 3226 1020 3304 non'
1043 3226 1325 3304 corporis:
1376 3238 1440 3304 et
1459 3239 1740 3304 peccatum
1788 3231 1890 3286 im—
1915 3226 1960 3290 C

291 3301 536 3372 perantis
574 3311 678 3368 est,
706 3319 813 3358 non
853 3301 1182 3372 servientis;
1233 3317 1298 3357 ac
1326 3302 1554 3372 proinde
1579 3318 1734 3357 mens
1756 3317 1884 3372 pec-

292 3371 424 3428 eans
450 3374 1006 3429 excommunicatione
1045 3371 1288 3428 ferienda
1321 3373 1526 3443 potius,
1571 3389 1735 3443 quam
1761 3371 1884 3428 cor-

1271 307 1666 369 CONCORDIA
1699 303 2162 368 REGULARUM.
2200 338 2274 351 —
2311 276 2463 367 CAP.
2504 308 2617 366 XL.

1920 421 1976 485 Α
1999 420 2054 493 (I
2087 421 2268 479 Thess.
2293 423 2374 497 ιι).
2405 423 2476 480 Et
2500 424 2756 481 Omnibus
2777 425 3168 500 omniafactus
3209 445 3366 487 sum:
3390 441 3450 490 ut
3475 452 3604 492 orna

3443 296 3590 374 tota

2000 533 2092 573 nes
2117 517 2479 590 lucrifacerem
2503 519 2556 593 (Ι
2581 520 2704 576 Cor.
2736 522 2834 597 ιχ).

2199 612 2227 684 §
2258 613 2321 669 V.
2349 645 2420 654 —
2456 614 2536 670 Ex
2564 614 2786 673 Rasum
2807 616 3072 674 MAGISTRI
3106 617 3245 691 (cap.
3277 617 3391 692 14),
3423 685 3426 688 ,

2072 695 2101 734 b
2123 693 2419 750 Infantulos
2473 711 2646 767 usque
2688 698 2757 753 ad
2784 697 2851 752 15
2878 714 3049 754 annos
3079 715 3189 756 non
3216 701 3591 757 excommuni-
3664 693 3676 714 '

1999 787 2138 855 cari,
2174 789 2268 844 sed
2315 789 2663 861 praecipimus
2689 791 2948 866 vapulare
2987 808 3086 863 pro
3128 776 3320 865 culpis.
3363 775 3494 850 Post
3523 795 3592 851 15

1997 893 2128 936 vero
2159 894 2332 936 annos
2369 878 2482 949 jam
2526 895 2634 936 non
2673 881 2950 952 vapulare,
2993 884 3088 938 sed
3129 871 3599 961 excommunicari‘

1997 971 2280 1028 condecet.
2310 971 2450 1040 Quia
2469 973 2582 1043 jam
2603 973 2930 1046 intelligunt,
2948 976 3220 1045 quomodo
3245 977 3511 1046 poenitere
3536 983 3595 1033 et

1996 1064 2290 1120 emendare
2315 1065 2544 1121 debeant
2579 1066 2646 1122 de
2675 1076 2888 1122 matura
2925 1075 3085 1123 aetate
3105 1068 3250 1138 quod
3275 1068 3414 1124 male
3441 1083 3595 1139 com:

1996 1155 2242 1210 mittunt.
2268 1155 2405 1224 Quia
2428 1157 2623 1213 merito
2647 1158 2810 1214 corde
2837 1159 2996 1214 debet
3029 1159 3319 1229 poenitere,
3342 1143 3438 1228 qui
3460 1151 3596 1230 pec?

1996 1255 2106 1314 cat,
2129 1256 2314 1304 etnon
2334 1235 2434 1319 pro
2457 1264 2522 1305 eo
2544 1265 2741 1321 corpus
2769 1249 3052 1322 vapulare,
3081 1261 3103 1290 ο
3139 1251 3266 1322 quia
3297 1251 3463 1305 animi
3489 1251 3594 1306 im-
3626 1267 3628 1269 '

1994 1339 2167 1413 perio,
2222 1341 2468 1411 corporis
2522 1341 2745 1396 servitio
2794 1341 2970 1412 magis
3022 1341 3244 1396 utimur.
3271 1340 3433 1413 Ergo,
3466 1333 3596 1396 cum

1993 1432 2177 1488 anima
2198 1432 2443 1502 imperat,
2477 1443 2532 1488 et
2552 1448 2749 1503 corpus
2787 1434 2973 1500 servit,
3015 1435 3330 1505 agnoscitur
3365 1435 3596 1504 amplior

1993 1539 2117 1580 esse
2145 1525 2302 1596 culpa
2345 1525 2688 1596 imperantis,
2741 1541 2906 1596 quam
2936 1527 3241 1582 servientis.
3293 1525 3420 1583 Ideo
3460 1523 3594 1599 pro-3

1993 1623 2117 1687 pter
2148 1615 2456 1673 intellectus
2490 1616 2888 1671 emendationis
2925 1617 3079 1672 radix
3106 1616 3286 1672 cordis
3314 1617 3380 1672 de
3424 1618 3596 1688 spinis

1995 1716 2343 1780 peccatorum
2364 1709 2925 1765 excommunicatione
2940 1708 2967 1748 δ
2992 1709 3154 1765 debet
3173 1710 3414 1780 purgari,
3430 1726 3596 1780 quam

1998 1803 2136 1857 rami
2180 1802 2443 1873 corporis,
2493 1803 2691 1872 quibus
2735 1805 2804 1858 ab
2857 1803 3028 1858 invito
3052 1817 3106 1882 av
3130 1800 3373 1871 iussione
3415 1803 3598 1859 cordis

1997 1903 2283 1969 peccatum
2315 1896 2628 1969 impositum
2657 1905 2762 1962 est,
2798 1907 2822 1935 θ
2872 1895 3070 1966 injuste
3097 1912 3197 1968 pro
3237 1897 3412 1952 aliena
3437 1889 3598 1968 culpa

1997 1989 2136 2043 alter
2184 1989 2344 2044 debet
2387 2001 2606 2059 poenam
2656 1989 2880 2063 sentire.
2935 1989 3016 2044 Illi
3045 2004 3194 2058 vero
3233 1987 3433 2044 fratres
3476 1998 3601 2059 post

1998 2078 2067 2134 15
2105 2095 2278 2135 annos
2328 2081 2500 2135 aetatis
2541 2081 2816 2150 vapulent,
2857 2081 2951 2150 qui
3001 2081 3135 2137 satis
3179 2096 3398 2152 gravem
3444 2081 3465 2120 ί
3504 2092 3600 2138 aut

1995 2171 2131 2227 furti
2157 2172 2388 2244 fugacis,
2413 2180 2508 2229 aut
2531 2173 2876 2229 criminalem
2914 2172 3154 2244 aliquam
3184 2174 3400 2246 culpam
3438 2189 3595 2230 com-

1996 2267 2268 2324 miserint.

1993 2397 2096 2453 pus
2119 2383 2372 2437 verbere.

2000 2521 2003 2522 ν
2068 2463 2101 2522 εγ
2123 2452 2264 2518 Quia
2304 2452 2467 2506 animi
2490 2453 2728 2522 imperio,
2776 2460 2881 2510 etc.
2931 2452 3214 2508 Sententia
3243 2462 3329 2507 est
3363 2451 3589 2507 Salustii

1994 2521 2048 2605 in
2078 2521 2392 2605 Catilinario
2420 2521 2570 2605 circa
2592 2524 2826 2605 initium,
2865 2523 3110 2605 Meminit
3133 2523 3190 2605 S.
3223 2523 3588 2605 Ilieronymus

1993 2593 2115 2648 libr.
2162 2611 2199 2648 ιι
2231 2603 2420 2648 contra
2453 2593 2836 2649 Jovinianum:
2869 2611 2888 2644 ι
2950 2595 3099 2650 Unde
3138 2604 3194 2649 et
3242 2593 3547 2649 Historicus
3579 2611 3594 2648 :

1994 2665 2185 2731 animi,
2218 2665 2415 2737 inquit,
2451 2664 2700 2737 imperio,
2753 2665 3000 2737 corporis
3018 2664 3255 2737 servitio
3281 2665 3456 2737 magis
3470 2665 3592 2737 ⁸ιιιῇ-

1993 2751 2156 2801 mur;
2189 2733 2422 2790 alterum
2468 2733 2624 2792 nobis
2654 2751 2780 2790 cum
2824 2733 2950 2802 dits,
2981 2735 3213 2791 aiterum
3245 2733 3595 2793 cum‘belluis

1991 2822 2279 2863 commune
2299 2817 2402 2861 θεῖ.
2429 2826 2447 2858 ι
3439 2829 3443 2832 ·

2064 2877 2091 2916 ἀ
2117 2869 2279 2958 Debet
2303 2877 2539 2949 purgari.
2566 2875 2890 2950 .Legendum
2918 2877 3169 2934 videtur:
3209 2876 3373 2932 Debet
3415 2879 3594 2948 potius

2031 2965 2232 3018 urgarr.

1991 2966 2326 3091 Puzgltiiguste
2373 3037 2468 3091 pro
2494 3018 2668 3074 aliena
2702 3018 2857 3091 culpa
2885 3020 3019 3074 alter
3061 3020 3209 3076 debet
3234 3035 3441 3091 poenam
3469 3036 3592 3075 sen-

1994 3092 2112 3162 tire.
2142 3087 2316 3160 Lege:
2353 3087 2574 3160 .Injuste
2613 3091 2754 3146 enim
2783 3087 2879 3162 pro
2919 3091 3097 3147 aliena
3143 3087 3299 3162 culpa
3326 3089 3463 3145 alter
3486 3109 3594 3148 non

1995 3161 2144 3216 debet
2174 3177 2379 3231 paruam
2413 3163 2622 3216 sentire.
2786 3161 2789 3162 ⁷
3232 3161 3235 3162 ⁷
3314 3181 3316 3183 ‘

2068 3231 2087 3271 ἲ
2128 3235 2232 3303 Aut
2263 3232 2394 3302 furti
2423 3233 2644 3303 fugacis.
2684 3233 2762 3287 lta
2795 3233 2849 3288 in
2879 3234 2999 3289 cod.
3029 3233 3191 3290 Vind.
3217 3242 3274 3288 et
3299 3233 3354 3287 in
3384 3232 3590 3303 Regula

1993 3301 2270 3373 ms.Apud
2291 3301 2646 3374 Smaragdum
2681 3304 2908 3375 legitur:
2942 3304 3046 3358 Aut
3075 3304 3202 3373 fasti
3245 3301 3590 3374 fugacis,'sed

1996 3390 2062 3431 ex
2090 3375 2271 3429 citatis
2295 3375 2574 3429 codicibus
2600 3381 2682 3428 est
2705 3375 3070 3446 castigandus.

1652 3568 1988 3646 CAPUT
2061 3569 2221 3646 XL.

1191 3704 1274 3765 DE
1313 3703 1760 3763 CELLARARIO
1797 3702 2244 3771 MONASTERII,
2277 3700 2532 3772 QUALIS
2561 3703 2689 3759 SIT.

521 3906 550 3980 §
576 3905 617 3962 I.
651 3935 722 3948 —-
743 3903 826 3960 Ex
853 3903 1078 3961 REGULA
1108 3917 1296 3960 SANCTI
1331 3903 1650 3961 Bassareu.

368 4083 399 4115 ι
416 4068 743 4128 Cellararius
763 4067 1081 4124 monasterii
1115 4066 1350 4138 eligatur
1374 4067 1439 4122 de
1463 4067 1884 4140 congregatione

296 4254 300 4258 .
365 4224 394 4255 ι
427 4209 770 4266 ϐειιαταηιιε.
823 4206 902 4263 Ita
933 4206 1074 4278 apud
1102 4206 1370 4263 Keronem
1412 4221 1539 4262 mox
1577 4207 1877 4263 citandunt.

289 4281 465 4353 Vulgo
490 4282 829 4353 cellerarius.
875 4295 912 4353 Aa
945 4278 1099 4353 cella,
1130 4286 1399 4353 utnotum
1431 4287 1553 4334 est:
1596 4279 1795 4334 dicitur
1822 4286 1879 4334 et

290 4349 564 4412 cellarius.
618 4352 841 4408 Plautus
874 4351 927 4404 in
961 4349 1128 4404 Milite
1149 4349 1421 4422 glorioso:

480 4455 675 4505 Dimisit
697 4454 887 4504 nardinl
911 4453 1013 4503 vini
1037 4453 1316 4516 amphoram
1340 4452 1586 4504 cellarius.

289 4540 640 4611 Lampridius
670 4540 723 4594 in
748 4538 1094 4609 Heliogabalo
1124 4557 1195 4611 id!
1225 4538 1471 4594 Mittebat
1491 4537 1882 4611 parasitis‘per

289 4608 541 4668 cellarius
569 4611 764 4666 Salaria
814 4608 1013 4664 annua.
1051 4629 1068 4660 ι
1131 4609 1271 4665 Kero
1322 4611 1375 4664 in
1435 4608 1882 4679 interpretatione

287 4683 605 4738 Alamanica
632 4680 1016 4751 vocabulorum
1040 4681 1258 4751 Regulae
1286 4679 1343 4735 S.
1372 4678 1679 4736 Benedicti:
1710 4678 1880 4751 Cella-

290 4756 505 4826 (arius,
534 4753 623 4826 qui
649 4761 700 4826 et
731 4750 976 4826 cellarius
1008 4764 1025 4801 :
1063 4750 1386 4826 Cyprianus.
1438 4752 1531 4806 lib.
1583 4768 1621 4826 t_
1650 4751 1786 4826 Vita:

287 4823 511 4880 Cmsarii
543 4822 555 4874 Ξ
593 4843 612 4874 ‹
645 4823 774 4878 Post
799 4822 964 4894 breve
993 4831 1208 4893 tempus
1232 4824 1285 4877 in
1313 4822 1747 4894 congregationis
1770 4822 1880 4877 cel-

286 4895 488 4968 larium
537 4895 774 4968 eligitu_r_.
815 4913 834 4945 ι
878 4891 1068 4968 Graece
1111 4891 1279 4968 etiam
1333 4891 1871 4968 di‘citurtxnellc'zptoc.

285 4962 674 5022 Constantinus
698 4964 960 5040 Tbemate
990 4964 1023 5018 6
1051 4983 1063 5018 :
1090 4965 1346 5040 ιιελλὰριᾳς
1371 4964 1403 5040 ἑ
1427 4966 1581 5040 φύλαξ
1604 4962 1804 5040 ἄρτοι),⁵
1823 4964 1876 5018 id

285 5045 394 5103 est,
421 5046 603 5107 custos
631 5036 811 5107 panis.
854 5034 923 5091 Ut
945 5034 998 5088 in
1021 5033 1253 5107 tractaui
1281 5035 1348 5089 de
1371 5033 1572 5095 Ptenis,
1602 5033 1694 5103 q'ui
1717 5033 1877 5107 vulgo

286 5108 346 5164 S.
375 5131 378 5134 η
411 5106 608 5162 Basilio
632 5105 912 5179 tribuitur
935 5105 1135 5179 ξιιμ-40
1163 5123 1175 5157 :
1210 5105 1334 5166 Πλὴν
1363 5113 1452 5162 τοῦ
1481 5107 1766 5179 χελλαρξου.
1821 5106 1874 5160 id

288 5187 388 5242 est,
447 5189 674 5249 excepto
720 5176 970 5231 Cellario.
1030 5177 1263 5249 Glossaai
1292 5185 1544 5249 veteres:
1587 5176 1872 5249 Κέλλάριος,

281 5246 598 5323 penuarius;
625 5249 711 5323 _Et
737 5248 987 5323 κελλαρξα,
1023 5248 1305 5323 cellcraria
1335 5246 1624 5323 Hesychio,
1659 5248 1725 5323 in_
1740 5246 1874 5323 voce

282 5317 463 5390 ίταμιη.
523 5319 734 5393 Dicitur
757 5328 812 5372 et
839 5317 1148 5393 κέλῖαρίτης,
1197 5317 1676 5393 cellarariusapud
1694 5317 1750 5372 S.
1770 5319 1875 5372 Do-

283 5393 534 5446 rotheum
569 5391 834 5446 doctrina.
872 5407 932 5444 ιι.
964 5390 1248 5445 Accurate
1271 5398 1450 5444 autem
1479 5391 1568 5444 hic
1593 5404 1789 5443 munus
1819 5397 1873 5443 et

285 5461 438 5516 dotes
465 5462 730 5517 cellerarii
771 5462 1171 5526 describuntur,
1210 5463 1359 5532 quia,
1393 5477 1516 5515 cum
1554 5476 1720 5532 penes
1747 5475 1873 5532 eum

282 5532 353 5586 sit
373 5533 544 5588 totius
584 5533 898 5588 monasterii
927 5531 1249 5599 substantia,
1274 5547 1496 5588 necesse
1523 5541 1608 5586 est
1634 5531 1873 5599 discipli-

280 5618 409 5658 nam
469 5603 774 5674 regularem
820 5603 1173 5668 labefactari,
1218 5605 1264 5659 si
1301 5602 1418 5672 ejus
1471 5602 1720 5658 socordia
1761 5617 1871 5674 non

281 5685 430 5730 recte
473 5673 904 5730 administretur.
963 5675 1232 5731 Praeterea
1273 5676 1375 5730 hoc
1411 5681 1573 5744 caput
1602 5679 1789 5744 exstat
1814 5673 1871 5727 in

281 5746 731 5818 recapitulatione
761 5745 818 5800 S.
847 5745 1069 5818 Cwsarii
1095 5753 1302 5818 mutato
1327 5759 1523 5818 genere
1566 5743 1870 5818 masculino

281 5815 342 5873 in
367 5814 714 5887 femininum,
728 5817 1012 5888 potuitque
1034 5818 1220 5875 videre
1247 5816 1306 5878 S.
1322 5814 1870 5889 Cwsariusiliegulam

1984 3884 2225 3955 sapiens,
2261 3882 2492 3938 maturis
2543 3880 2810 3946 moribus,
2841 3879 2868 3919 ι’
2898 3878 3132 3946 sobrius,
3179 3894 3289 3935 non
3345 3881 3577 3938 multum

1981 3977 2142 4042 edax,
2170 3987 2192 4016 ε
2226 3976 2334 4031 non
2361 3975 2556 4040 elatus,
2581 3971 2608 4012 ά
2639 3989 2746 4028 non
2777 3971 3143 4038 turbulentus,
3169 3983 3192 4010 θ
3216 3987 3324 4028 non
3348 3973 3576 4045 injurioo

1979 4085 2092 4135 sus,
2131 4068 2151 4107 ί
2195 4084 2301 4124 non
2343 4068 2559 4132 tardus,
2619 4068 2644 4106 ε
2682 4079 2789 4119 non
2827 4065 3120 4136 prodigus,
3160 4063 3192 4104 ιι
3232 4065 3328 4120 sed
3383 4065 3580 4122 timens

1982 4203 2042 4258 S.
2077 4203 2355 4259 Benedicti
2390 4220 2402 4256 :
2452 4201 2579 4272 quia
2612 4199 2688 4256 illi
2709 4199 2936 4270 aequalis
2966 4197 3087 4264 fuit,
3133 4205 3189 4254 et
3215 4198 3272 4254 in
3308 4199 3462 4255 Italia
3478 4200 3579 4256 ali-

1983 4276 2220 4352 quandiu
2247 4282 2614 4352 commoratus
2646 4281 2747 4352 est.
3068 4339 3079 4350 .
3335 4338 3349 4352 ἱ
3413 4338 3425 4352 ο

2058 4347 2086 4384 b
2130 4343 2370 4408 Sobrius,
2409 4355 2515 4398 etc.
2572 4343 2733 4409 Quia,
2763 4357 2886 4396 cum
2933 4339 3116 4394 omnia
3137 4354 3258 4406 quae
3284 4338 3352 4392 ad
3374 4338 3579 4395 victum

1987 4414 2217 4470 fratrum
2245 4415 2561 4484 pertinent.
2595 4415 2648 4466 in
2675 4418 2946 4484 potestate
2995 4409 3212 4484 babe‘at,
3236 4423 3467 4484 pronum
3499 4411 3577 4465 illi

1906 4458 1960 4517 Ι)
1986 4458 3096 4555 egi';;}:i:;‘giganteos?scias;
3111 4458 3574 4536 arcessam;

1983 4566 2069 4613 est
2093 4573 2198 4612 non
2227 4555 2574 4610 temulentus.

2053 4639 2075 4668 ο
2120 4627 2247 4681 Non
2272 4625 2462 4680 elatus.
2513 4624 2593 4680 Ob
2613 4630 2958 4694 potestatem.
3568 4661 3572 4665 .

2049 4697 2077 4737 ά
2121 4697 2245 4751 Νοιι
2267 4695 2619 4751 turbulentus.
2670 4694 2805 4761 Quia
2829 4694 3246 4767 sic_universam
3267 4708 3573 4767 congrega-

1979 4771 2182 4824 tionem
2212 4770 2476 4833 turbaret,
2505 4776 2558 4820 et
2581 4767 2762 4822 omnia
2775 4772 2780 4780 ‘
2793 4763 3171 4820 confunderet.
3381 4763 3390 4810 ἶ

1993 4855 1996 4858 ’
2053 4853 2076 4880 ο
2120 4838 2245 4892 Νοη
2289 4840 2600 4909 injuriosus.
2661 4836 2759 4909 Ms.
2799 4851 2855 4906 p.
2911 4835 3053 4891 Vict.
3119 4835 3246 4909 _Non
3269 4835 3569 4909 jurgiosus.

1977 4911 2109 4979 Qua:
2143 4906 2360 4980 quidem
2390 4909 2552 4984 lectio
2573 4907 2739 4984 -haud
2768 4907 3164 4984 contemnenda
3200 4924 3212 4959 :
3272 4921 3398 4984 nam
3427 4906 3570 4960 mul-

1977 4975 2359 5038 tarum-rerum
2385 4979 2813 5035 administratori
2838 4993 2946 5034 non
2975 4975 3450 5046 deestjurgiorum
3475 4991 3571 5031 oc-

2008 5070 2145 5108 asuo.

1974 5069 2573 5197 ωῗωίνοηεατόαεηθά
2609 5137 2684 5197 ea
2709 5135 2830 5190 qua:
2880 5125 3008 5197 sunt
3053 5131 3287 5197 suturam
3326 5115 3566 5197 partium

1974 5196 2246 5268 obeunda,
2277 5202 2332 5268 et
2353 5184 2590 5268 maaime
2609 5193 2697 5268 _ad_
2714 5184 3164 5268 suppeditandum
3187 5184 3446 5268 {ratribus
3473 5202 3568 5268 ne:

1974 5260 2238 5322 cessaria.
2259 5266 2338 5320 Ac
2358 5264 2586 5334 proinde
2609 5263 2736 5334 huic
2750 5260 3050 5316 ministerio
3075 5260 3246 5328 inepti
3269 5264 3398 5311 sunt
3411 5260 3565 5316 avari

1974 5347 2028 5392 et
2054 5338 2246 5408 quovis
2275 5333 2542 5407 polypode
2563 5333 2889 5390 tenaciores.

2161 5449 2250 5499 Ubi
2271 5451 2309 5498 si
2331 5449 2449 5512 quid
2475 5460 2659 5512 poscas,
2682 5444 2738 5494 ad
2761 5444 2909 5492 ravim
2937 5452 3105 5506 poscas
3130 5441 3261 5503 prius

2157 5515 2308 5572 Quam
2330 5508 2591 5574 quidquam
2614 5508 2774 5558 detur.

2047 5599 2071 5636 ε
2585 5591 2720 5658 Quia
2742 5604 2810 5645 ex
2844 5585 2961 5657 ejus
2979 5583 3360 5657 nrodigalitate
3394 5582 3562 5640 totius

1959 5668 2286 5724 monasterii
2324 5666 2478 5720 ruina
2504 5669 2769 5718 manaret.

2039 5740 2069 5780 ιι
2111 5737 2216 5794 Sed
2251 5739 2436 5792 timens
2460 5735 2647 5789 Deum.
2702 5731 2815 5788 Hoc
2835 5737 2919 5786 est
2936 5727 3261 5785 veluti‘ante
3290 5725 3560 5782 dictorum

1970 5809 2334 5876 corollarium,
2355 5807 2424 5866 ad
2446 5807 2592 5877 quod
2616 5803 2709 5862 illa
2730 5802 2910 5865 omnia
2932 5799 3125 5864 referri
3158 5797 3372 5884 debent.
