4088 6330
538 319 690 407 latr

644 435 787 508 διν.
813 465 883 478 —-
909 435 990 492 Ex
1019 437 1240 496 ﬁscum
1268 451 1458 496 sucu
1493 437 1694 496 BASlLll
1727 439 1876 512 (cap.
1902 439 2013 513 tt).

619 526 883 600 Interrog.
929 541 955 569 α
1001 527 1119 597 Qua
1165 545 1421 587 mensura
1467 531 1630 588 debet
1674 540 1980 603 temperare
2024 547 2124 603 po-

532 627 796 678 testatem
847 621 1269 692 dispensationis
1321 638 1436 679 suae
1492 624 1539 680 is
1586 624 1676 679 cui
1729 624 1936 680 cellarii
1987 640 2120 680 cura

531 713 828 769 commissa
855 714 977 768 est?
995 744 1067 755 —-
1089 713 1247 785 Resp.
1274 715 1302 754 δ
1325 714 1467 787 Erga
1508 731 1634 772 eum
1681 717 1920 788 quidem,
1947 719 2041 790 qui
2069 719 2121 774 ei

534 805 772 861 credidit
816 805 1192 877 hujuscemodi
1237 807 1698 878 dispensationem
1739 819 1762 848 α
1806 810 2122 866 meminisse

531 899 681 954 debet
703 898 918 956 Domini
945 900 1176 956 dicentis
1203 917 1216 954 :
1246 898 1372 955 Non
1409 918 1622 972 possum
1653 918 1747 973 ego
1781 919 1813 956 a
1837 919 1919 957 me
1947 902 2121 972 facere

529 991 820 1064 quidquam
865 990 1068 1062 (Joan.
1108 992 1198 1064 v).
1247 991 1276 1032 ἀ
1316 991 1400 1049 Ad
1429 1001 1657 1050 caeteros
1708 1009 1838 1050 vero
1887 994 2120 1050 sollicite

528 1086 675 1141 seire
695 1085 876 1153 debet,
906 1086 1036 1156 quid
1059 1091 1432 1158 unusquisque
1458 1103 1593 1159 opus
1622 1089 1840 1154 habeat,
1876 1097 1938 1144 ut
1970 1103 2120 1145 com-

524 1175 674 1247 pleat
724 1178 868 1248 quod
902 1179 1165 1250 scriptum
1213 1188 1298 1236 est
1335 1199 1348 1235 :
1393 1179 1738 1236 Dividebatur
1775 1189 1949 1236 autem
1999 1181 2120 1236 uni-

525 1271 735 1341 cuique,
773 1281 931 1342 prout
974 1290 1104 1344 opus
1133 1284 1244 1328 erat
1277 1271 1416 1347 (Act.
1445 1277 1544 1346 Iv).
1581 1275 1785 1331 Eadem
1816 1285 1998 1332 autem
2026 1292 2114 1332 ra-

525 1361 606 1417 tio
641 1363 920 1418 observari
949 1364 1112 1420 debet
1139 1365 1207 1420 ab
1227 1367 1482 1422 omnibus
1498 1367 1913 1438 quibuscunque
1937 1368 2118 1439 aliqua

524 1455 817 1513 ministerii
855 1457 941 1514 vel
986 1457 1409 1532 dispensationis
1455 1459 1766 1516 sollicitudo
1826 1461 2116 1517 commissa

523 1556 628 1604 est.

839 1667 866 1741 §
893 1667 958 1724 ν.
986 1697 1056 1711 —-
1088 1666 1224 1723 Item
1259 1669 1496 1739 ejusdem
1520 1670 1675 1743 (cap.
1702 1670 1850 1744 “2).

1575 323 1634 380 S.
1675 320 2038 382 BENEDICTI
2074 305 2366 380 ABBATlS
2402 321 2814 384 ANIANENSIS

3683 327 3848 392 loss

2147 441 2293 503 Aex
2333 440 2501 512 ipsius
2547 441 2731 498 verbis
2776 440 2995 498 Domini
3040 440 3272 501 dicentis
3301 459 3317 500 :
3346 439 3616 500 Discedite
3656 463 3692 500 a
3724 463 3839 516 me,

2226 531 2516 599 maledicti,
2553 532 2610 586 in
2644 533 2816 604 ignem
2845 541 3122 601 a-ternum,
3147 536 3238 607 qui
3258 546 3474 607 paratus
3500 547 3576 591 est
3606 538 3838 594 diabolo

2225 631 2274 677 et
2302 623 2502 695 angelis
2537 624 2688 692 eius;
2735 625 2931 680 esurivi
2969 627 3131 692 enim,
3162 635 3212 681 et
3259 644 3365 683 non
3411 628 3635 683 dedistis
3692 629 3836 684 mihi

2222 718 2575 784 manducare;
2612 718 2769 785 sitivi,
2795 727 2844 774 et
2884 735 2988 773 non
3007 719 3225 774 dedistis
3247 720 3378 774 mihi
3405 720 3576 775 bibere
3598 719 3831 788 (Matth.

2222 809 2312 880 v);
2341 819 2397 866 et
2425 824 2490 865 ea
2527 825 2648 881 quae
2694 820 2998 881 sequuntur
3029 828 3042 864 :
3076 810 3204 881 quia
3250 809 3569 866 Maledictus
3622 811 3831 879 omnis,

2221 905 2311 976 qui
2339 905 2470 975 facit
2494 921 2625 975 opus
2644 905 2742 960 Dei
2763 905 3084 978 negligenter
3104 904 3161 978 (J
3165 923 3240 962 er.
3259 905 3360 978 tv).

2249 1018 2277 1092 §
2311 1018 2419 1075 VII.
2442 1049 2514 1060 -
2541 1019 2622 1075 Ex
2650 1020 2873 1078 REGULA
2909 1019 3076 1077 PAULI
3103 1037 3174 1077 ετ
3199 1021 3472 1078 STEPHANI
3502 1021 3649 1097 (cap.
3674 1020 3802 1093 '25).

2292 1135 2322 1176 ιι
2368 1135 2435 1190 Hi
2463 1151 2702 1208 quoque,
2733 1137 2932 1208 quibus
2971 1143 3026 1193 in
3079 1136 3305 1208 singulis
3353 1138 3518 1194 rebus
3565 1137 3826 1194 custodia

2219 1229 2513 1286 commissa
2532 1271 2546 1296 ,
2587 1230 2932 1286 eonvenienti
2963 1229 3252 1286 devotione
3275 1238 3333 1285 et
3358 1229 3690 1285 charissima
3711 1230 3821 1285 bu-

2218 1321 2478 1388 militate,
2505 1337 2628 1392 quae
2658 1323 2970 1378 necessaria
2993 1331 3124 1377 sunt
3150 1322 3269 1377 sine
3299 1337 3457 1378 mora
3489 1329 3547 1378 et
3573 1321 3830 1384 fastidio,

2211 1410 2438 1482 jubente
2466 1417 2703 1481 seniore,
2752 1415 3230 1472 ministrentznec
3273 1431 3372 1486 per
3414 1417 3710 1486 superbam
3737 1417 3833 1471 in-

2215 1505 2492 1564 ﬂationem
2528 1506 2825 1564 differendo
2854 1511 3171 1566 occasiones
3198 1509 3402 1565 faciant
3442 1510 3826 1581 querelarum,

2214 1613 2314 1671 per
2346 1615 2483 1670 quas
2512 1601 2876 1656 murmuratio
2903 1610 3096 1656 contra
3143 1616 3237 1656 eos
3257 1603 3393 1672 justi
3440 1601 3650 1657 doloris
3682 1617 3827 1657 oon-

2216 1699 2426 1762 surgat.
2445 1689 2511 1745 Et
2531 1705 2562 1745 e
2586 1701 2776 1745 contra
2801 1690 3000 1762 injusta
3019 1691 3382 1746 murmuratio
3401 1699 3594 1746 contra
3618 1705 3824 1746 eorum

592 1778 859 1854 Interrog.
897 1793 920 1822 ο
950 1782 1082 1851 Quae
1107 1784 1378 1840 sententia
1409 1785 1790 1840 observabitur
1835 1798 1966 1857 erga
2004 1785 2117 1840 dis-
2141 1822 2192 1884 Β
2218 1783 2485 1851 laborem,
2505 1784 2597 1854 qui
2620 1783 2776 1839 nobis
2805 1785 2860 1838 in
2891 1784 3188 1855 assignatis
3216 1784 3379 1840 rebus
3411 1784 3688 1840 charitate
3720 1784 3825 1840 de-

517 1885 858 1946 pensantem,
893 1878 938 1934 si
970 1878 1174 1950 aliquid
1221 1879 1517 1936 secundum
1547 1894 1798 1950 persona:
1842 1881 2116 1950 acceptio—

519 1985 649 2025 nem
693 1971 778 2026 vel
835 1973 1238 2028 contentionem
1290 1972 1490 2029 faciat?
1523 2003 1596 2012 ——
1643 1972 1803 2044 Resp.
1853 1972 2113 2044 Apostolo

516 2062 867 2134 praecipiente
911 2065 1179 2135 quidem:
1227 2064 1248 2104 ί
1296 2064 1381 2120 Ne
1425 2065 1551 2137 quid
1600 2065 1770 2135 facias
1825 2065 2112 2120 secundum

519 2155 777 2226 favorem,
808 2157 886 2213 vel
926 2159 980 2212 in
1011 2157 1235 2214 alteram
1279 2168 1484 2231 partem
1527 2159 1844 2215 declinando
1873 2159 1937 2231 (Ι
1972 2159 2107 2213 Tim.

516 2246 618 2318 v);
643 2247 935 2318 aliquando
964 2258 1146 2305 autem
1188 2249 1406 2306 dicente
1439 2269 1451 2304 :
1483 2251 1623 2317 Quia
1665 2251 1713 2305 si
1740 2251 1858 2322 quis
1902 2250 2111 2304 videtur

518 2341 875 2395 contentiosus
904 2359 1036 2408 esse,
1065 2360 1159 2398 nos
1182 2343 1341 2398 talem
1367 2343 1799 2398 consuetudinem
1826 2360 1931 2398 non
1952 2343 2111 2398 habe-

512 2448 657 2499 mus,
683 2451 846 2506 neque
877 2435 1116 2492 Ecclesia
1155 2437 1256 2492 Dei
1283 2452 1302 2491 :
1333 2438 1380 2491 si
1409 2438 1534 2506 quis
1574 2437 1681 2491 hoc
1704 2436 1855 2502 facit,
1894 2439 1920 2477 ε
1957 2445 2110 2493 note-

465 2563 470 2568 .
517 2531 610 2579 tur
638 2540 921 2595 usquequo
951 2527 1276 2598 corrigatur.
1308 2527 1698 2582 Verumtamen
1731 2534 1948 2597 oportet
1982 2541 2109 2582 cum

515 2628 732 2670 summa
759 2616 1038 2686 diligentia
1068 2626 1126 2672 et
1147 2617 1467 2686 probatione
1512 2617 1808 2683 discutere,
1841 2626 1897 2673 et
1924 2618 2110 2674 consio

514 2705 715 2764 derare
745 2710 812 2763 ad
840 2725 1005 2779 quam
1037 2719 1250 2780 partem
1295 2712 1670 2781 unusquisque
1699 2717 1859 2780 aptus
1913 2711 1983 2766 sit
2025 2710 2110 2765 vel

516 2811 956 2872 opportunuszet
986 2805 1060 2859 ita
1087 2805 1137 2860 ei
1169 2803 1374 2876 injungi
1399 2804 1760 2875 quodcunque
1781 2803 1911 2858 illud
1926 2804 2108 2874 operis

515 2895 604 2951 vel
649 2897 832 2963 oﬂicii,
881 2908 940 2954 ut
972 2915 1148 2969 neque
1173 2899 1249 2954 illi
1280 2899 1371 2970 qui
1403 2897 1694 2972 injungunt
1741 2915 1809 2955 ex
1855 2901 1960 2955 hoc
1992 2900 2108 2970 ipso

516 2989 977 3058 condemnentur,
1025 2992 1168 3061 quod
1209 3008 1318 3048 non
1349 3001 1534 3062 aptum
1565 2993 1726 3048 alicui
1758 2992 1994 3049 ollicium
2027 2994 2106 3048 in-

509 3077 817 3148 junxerint,
832 3089 886 3136 et
914 3083 1260 3138 inveniantur
1278 3083 1405 3138 mali
1432 3099 1552 3139 esse
1571 3084 1976 3154 dispensatores
1994 3084 2108 3140 sive

2215 1877 2474 1942 servient,
2511 1891 2619 1931 non
2647 1877 2808 1932 debet
2837 1877 3091 1932 excitari.

2314 1971 2342 2044 ἕ
2372 1970 2507 2027 Vlll.
2539 2001 2612 2011 —
2633 1971 2712 2025 Ex
2745 1970 2968 2028 Recuut
3019 1971 3366 2027 TARNATENSI
3406 1971 3548 2043 (cap.
3592 1969 3708 2040 10).

2226 2075 2236 2085 ·
2285 2065 2368 2122 Ad
2397 2065 2680 2121 celiarium
2717 2065 2844 2121 talis
2878 2065 3162 2121 ordinetur
3203 2065 3414 2120 abbatis
3451 2063 3684 2136 judicio,
3732 2063 3825 2119 vel

2213 2157 2448 2214 concilio
2479 2157 2772 2222 seniorum,
2809 2155 2826 2195 ι
2860 2172 2967 2212 non
3011 2157 3104 2227 qui
3133 2156 3443 2212 voluntates
3483 2156 3822 2226 aliquorum,

2213 2251 2309 2307 sed
2337 2251 2694 2307 necessitates
2730 2250 2974 2306 omnium
3004 2264 3130 2305 cum
3155 2249 3349 2304 timore
3387 2248 3602 2303 Domini
3630 2256 3692 2304 et
3719 2247 3827 2303 fra-

2213 2352 2359 2400 trum
2385 2344 2676 2400 dilectione
2706 2343 3035 2399 consideret.
3064 2342 3162 2398 Cui
3195 2352 3376 2398 tamen
3407 2341 3636 2397 absente
3675 2357 3820 2412 prie-

2210 2435 2388 2506 posito
2418 2449 2646 2491 concors
2671 2435 2975 2490 obedientia
3008 2435 3356 2505 praebeatur;
3393 2442 3450 2489 et
3485 2433 3579 2489 ubi
3614 2434 3822 2491 utilitas

2209 2527 2541 2598 poposcerit,
2567 2538 2608 2565 ω
2637 2525 2893 2581 solatium
2923 2541 3031 2581 non
3059 2526 3378 2596 denegetur.

2543 2618 2570 2691 §
2607 2617 2699 2672 IX.
2728 2648 2799 2658 —
2828 2618 2908 2673 Ex
2936 2616 3157 2672 REGULA
3185 2615 3514 2672 ORIENTALI.

2281 2711 2565 2768 Cellararii
2593 2727 2726 2767 cura
2753 2711 2826 2766 sit
2862 2718 2922 2764 ut
2949 2710 3336 2766 abstinentiam
3377 2720 3433 2766 et
3462 2709 3818 2765 sobrietatem

2211 2808 2435 2864 studens
2471 2805 2618 2860 illata
2651 2806 2704 2860 in
2751 2805 3144 2860 monasterium
3191 2805 3259 2859 ad
3305 2813 3556 2873 sumptus
3585 2802 3816 2857 fratrum

2212 2899 2499 2971 diligenter
2541 2905 2598 2954 et
2635 2897 2866 2953 fideliter
2912 2904 3117 2962 servet,
3165 2895 3301 2950 nihil
3344 2896 3668 2968 suscipiens,
3717 2907 3817 2950 nec

2211 2995 2506 3065 quidquam
2548 2992 2769 3048 tradens
2799 2991 2916 3053 sine
2958 2990 3280 3046 auctoritate
3323 2988 3410 3045 vel
3460 2988 3690 3044 consilio
3719 3003 3809 3043 se-

2212 3089 2449 3144 niorum.
2477 3085 2578 3153 Qui
2610 3084 2774 3138 etiam
2802 3082 2985 3138 omnia
3015 3081 3269 3138 utensilia
3307 3096 3429 3151 qua:
3459 3082 3514 3135 in
3538 3089 3814 3135 monaste-

515 3175 844 3240 animarum,
897 3177 1011 3230 sive
1055 3177 1434 3232 mandatorum
1488 3177 1703 3232 Domini
1741 3195 1753 3230 :
1801 3193 1976 3247 neque
2030 3177 2105 3230 illi
2136 3192 2180 3254 ρ
2213 3181 2297 3235 rio
2319 3186 2464 3242 sunt,
2506 3178 2558 3232 id
2588 3184 2692 3241 est,
2728 3183 2960 3240 vestem,
2991 3189 3108 3240 vas,
3137 3173 3552 3237 ferramentum,
3581 3180 3633 3227 et
3657 3171 3814 3241 quid-

515 3265 621 3336 ipsi
677 3267 874 3336 quibus
924 3267 1222 3337 injungitur
1246 3269 1593 3324 occasionem
1621 3268 1834 3338 peccati
1881 3284 1949 3323 ex
1997 3269 2102 3323 hoc

513 3360 717 3416 habere
765 3361 1072 3427 videantur,
1107 3360 1136 3400 ιι
1168 3361 1252 3416 vel
1300 3363 1578 3418 voluntate
1632 3361 1837 3432 aliquid
1890 3377 2100 3431 agere:

513 3454 612 3510 sed
663 3455 780 3525 ejus
828 3457 922 3526 qui
992 3463 1190 3526 przeest
1234 3455 1442 3526 judicio
1494 3456 1945 3512 committendum
1997 3464 2101 3511 est.

514 3543 840 3614 Unicuique,
886 3555 947 3601 ut
995 3561 1082 3602 res
1133 3547 1213 3604 vel
1261 3548 1562 3604 necessitas
1606 3549 1858 3618 expedit,
1911 3563 2106 3604 consu-

513 3637 591 3692 lat
627 3638 905 3707 :primum
929 3640 1172 3694 omnium
1205 3641 1259 3694 in
1305 3641 1390 3695 his
1434 3657 1556 3711 qua:
1595 3641 1790 3695 anima:
1826 3648 2058 3710 prosunt
2088 3655 2102 3694 :

513 3730 710 3786 deinde
761 3732 998 3787 secundo
1036 3731 1155 3788 loco
1183 3732 1351 3788 etiam
1395 3742 1454 3787 ut
1499 3732 1876 3804 corporalibus
1915 3732 2105 3787 usibus

511 3824 810 3878 secundum
845 3824 1175 3879 voluntatem
1207 3825 1302 3879 Dei
1335 3825 1664 3880 moderetur.

787 3915 814 3985 §
843 3915 930 3970 Vl.
952 3947 1024 3956 ——
1052 3915 1185 3970 Item
1233 3917 1467 3986 ejusdem
1497 3918 1635 3989 (cap.
1681 3917 1826 3986 115).

592 4005 856 4076 Interrog.
896 4007 912 4046 ἱ
947 4005 1005 4060 Si
1045 4016 1226 4062 autem
1257 4008 1561 4078 neglexerit
1587 4009 1717 4062 dare
1757 4006 1918 4062 fratri
1960 4006 2105 4076 quod

513 4111 651 4168 opus
677 4097 794 4154 est?
817 4127 889 4139 —
928 4096 1085 4168 Resp.
1112 4097 1126 4147 i
1166 4097 1457 4153 Manifesta
1485 4107 1572 4154 est
1601 4100 1668 4155 de
1697 4100 1803 4155 hoc
1836 4099 2104 4154 sententia

587 4283 613 4312 α
652 4270 772 4345 Qua
791 4288 1044 4345 mensura
1066 4278 1228 4345 ,_etc.
1283 4271 1478 4327 Exstat
1503 4273 1660 4345 apud
1721 4271 1779 4328 8.
1819 4274 2102 4340 Basilium,

511 4342 702 4414 interr.
744 4343 846 4399 MS
872 4343 1062 4414 Begu].
1087 4341 1270 4408 Brev.,
1294 4352 1349 4398 et
1374 4344 1517 4414 apud
1555 4341 1818 4399 Rufinum
1849 4361 1967 4414 cap.
2009 4345 2102 4402 58.

585 4360 702 4398 terr.
744 4360 846 4399 ωδ
874 4360 1062 4414 negui.
1090 4360 1270 4408 brev.,
1294 4360 1349 4398 et
1374 4361 1401 4398 a
1445 4360 1517 4399 uo
1565 4360 1818 4399 uunnum
1849 4361 1967 4414 cap.
2009 4360 2098 4402 ais.

585 4416 615 4456 ι)
651 4413 796 4485 Erga
839 4430 956 4469 eum
982 4414 1213 4485 quidem,
1245 4425 1353 4472 etc.
1400 4360 1528 4470 llaec
1559 4416 1693 4471 nihil
1724 4416 1867 4470 aliud
1894 4417 2098 4482 dicunt,

587 4431 615 4456 ο
651 4431 796 4485 erga
839 4431 956 4469 eum
982 4431 1213 4538 quiaem,
1245 4431 1353 4472 etc.
1400 4431 1528 4470 meo
1559 4431 1693 4471 mnu
1724 4431 1867 4470 anna
1894 4431 2098 4482 dicunt,

511 4501 674 4556 quam
720 4485 864 4554 quod
909 4485 991 4541 cel
1015 4487 1226 4542 erarius
1257 4487 1311 4542 in
1344 4501 1441 4542 sua
1489 4488 1960 4543 administratione
1994 4504 2102 4544 non

511 4556 809 4628 suam,_sed
840 4556 1057 4628 abbatis
1085 4558 1238 4628 sequi
1265 4558 1462 4613 debeat
1490 4559 1847 4613 voluntatem.

581 4638 613 4753 (εἰ
647 4625 948 4752 ξςῐῗὲηἰεεε
973 4627 1142 4682 debet.
1164 4625 1251 4686 ’Τό
1284 4628 1431 4684 debet
1457 4631 1702 4700 supplevi
1723 4645 1790 4685 ex
1830 4628 2028 4684 Ruﬁno
2049 4639 2103 4686 et

622 4735 634 4748 .
711 4714 722 4750 I
808 4737 820 4750 .

510 4709 634 4754 000.
667 4709 820 4752 γιηα.

505 4769 508 4775 ’
582 4767 611 4808 (ι
636 4767 718 4846 Ad
754 4777 970 4846 caeteros
991 4785 1139 4846 vero.
1170 4769 1229 4825 In
1270 4779 1420 4826 textu
1447 4770 1639 4827 Graeco
1665 4785 1680 4824 :
1710 4771 1840 4846 Πρός
1895 4768 1952 4846 δέ
1978 4774 2102 4846 reb;

509 4841 960 4922 γροντιζομίνογς,
990 4839 1044 4922 id
1079 4849 1198 4907 est;
1231 4859 1250 4894 ι
1279 4855 1409 4915 erga
1448 4852 1675 4897 cteteros
1704 4839 1836 4896 vero
1863 4841 1956 4910 qui
1983 4843 2101 4912 ejus

511 4926 656 4966 curat
689 4919 1122 4966 committuntur.
1161 4933 1180 4965 ι

589 4981 777 5054 {Quae
825 4982 1102 5048 sententia,
1135 4991 1240 5042 etc.
1288 4984 1700 5054 Habeturgapud
1739 4981 1988 5038 eumdem
2038 4983 2097 5039 S.

506 5050 766 5126 Basilium
810 5056 1004 5110 interr.
1033 5069 1158 5126 seq.
1184 5067 1240 5111 et
1270 5054 1410 5125 apud
1439 5050 1696 5126 Rufinum
1727 5054 2092 5126 eap._eodem.

585 5123 605 5198 ξ
646 5123 829 5195 Neque
855 5125 984 5198 quid
1015 5123 1183 5198 facias
1206 5123 1499 5198 secundum
1526 5125 1775 5198 favorem.
1795 5123 1808 5126 ⁷
1829 5123 1955 5198 Haec
1987 5142 2094 5182 non

505 5193 778 5268 habentur
829 5193 968 5268 apud
999 5193 1313 5266 Apostolum
1339 5238 1354 5263 ,
1390 5211 1568 5268 neque
1620 5196 1676 5268 in
1713 5205 1858 5252 textu
1905 5195 2093 5253 Grmco

507 5264 568 5338 8.
591 5264 774 5338 Basilii
811 5287 823 5322 :
853 5264 1107 5323 videntur
1136 5275 1320 5325 tamen
1357 5267 1534 5338 posita
1565 5267 1635 5321 ad
1669 5268 1895 5324 alterius
1919 5269 2096 5338 partis

505 5333 936 5402 intelligentiam.
971 5394 982 5402 ,

579 5409 604 5446 ⁸
635 5409 904 5490 .Notetur.
948 5409 1197 5490 ln_textu
1251 5411 1440 5468 Grmco
1489 5411 1810 5490 εᾏλᾎότρρς
1851 5421 1944 5475 τῆς
1993 5411 2095 5490 Ἐκς

502 5477 712 5558 πλησίας
740 5490 830 5558 τοᾷ
862 5481 1051 5558 Θεοῦ
1081 5489 1310 5558 totout-oc
1355 5477 1782 5558 yuwptCs'oOm,'i_d
1810 5491 1969 5558 Aest,_
1993 5501 2012 5534 ε
2043 5483 2090 5538 si
2135 5543 2138 5546 ,

501 5550 626 5616 quis
671 5561 755 5608 est
781 5552 1066 5622 ejusmodi,
1114 5555 1323 5610 alienus
1349 5550 1418 5610 ab
1457 5550 1701 5615 Ecclesia
1730 5554 1826 5610 Dei
1857 5553 2093 5611 declare-

503 5625 612 5684 tur,
643 5639 682 5690 λ
697 5622 748 5676 id
772 5633 877 5690 est,
903 5627 1426 5682 cxcommunicetur.

574 5689 603 5728 ιι
643 5687 735 5743 γει
765 5687 1046 5768 voluntate.
1070 5697 1196 5753 Haec
1234 5713 1408 5768 usque
1443 5703 1510 5757 ad
1540 5701 1706 5756 finem
1733 5707 1951 5755 exstant
1971 5698 2092 5768 qui-

499 5759 624 5844 dem
669 5765 1123 5844 apiidﬁuﬁnum,
1157 5768 1252 5826 sed
1282 5759 1390 5826 non
1441 5772 1785 5844 reperiuntur
1835 5770 1892 5826 in
1938 5759 2092 5828 te'xtu

499 5825 923 5892 Graeco—Basilii.

2213 3273 2342 3346 quid
2370 3272 2556 3327 usibus
2593 3269 2924 3340 quotidianis
2953 3267 3326 3323 necessarium
3366 3276 3466 3331 est,
3495 3265 3771 3320 custodiat
3795 3281 3810 3317 :

2213 3378 2268 3426 et
2297 3380 2732 3438 unamquamque
2778 3380 2893 3420 rem
2940 3362 3243 3434 proferens,
3273 3378 3390 3418 cum
3428 3359 3588 3413 fuerit
3613 3373 3811 3413 neces-

2213 3463 2438 3526 sarium,
2478 3461 2546 3515 ab
2587 3474 2654 3514 eo
2696 3457 2894 3512 iterum
2941 3455 3010 3510 ad
3059 3453 3450 3524 reponendum,
3484 3449 3573 3504 cui
3599 3447 3812 3503 utendo

2213 3549 2630 3623 consignaverit,
2687 3553 3026 3618 recepturus.
3072 3543 3153 3598 Ad
3183 3544 3388 3599 victum
3418 3556 3550 3596 vero
3578 3537 3810 3593 fratrum

2211 3643 2454 3716 proferat
2505 3656 2569 3697 ac
2609 3640 2828 3705 ‘tradat,
2892 3637 3298 3709 septimanariis
3353 3635 3423 3690 ad
3477 3633 3811 3690 condiendos

2213 3738 2366 3793 cibos
2390 3736 2482 3790 det
2506 3733 2814 3790 necessaria
2842 3732 3140 3788 secundum
3185 3728 3519 3800 quotidianm
3563 3741 3812 3797 expensa:

2212 3825 2682 3891 consuetudinem,
2742 3838 2917 3893 neque
2966 3821 3207 3892 profuse,
3266 3833 3444 3890 neque
3493 3832 3699 3873 avare:
3743 3832 3812 3872 ne

2211 3922 2344 3976 vitio
2389 3919 2535 3974 illius
2579 3917 2666 3973 vel
2713 3915 3032 3972 monasterii
3067 3912 3370 3970 substantia
3411 3920 3691 3983 gravetur,
3721 3909 3808 3965 vel

2212 4015 2414 4071 fratres
2450 4013 2729 4084 patiantur
2773 4010 3048 4082 injuriam.
3083 4006 3191 4063 Sed
3216 4013 3272 4062 et
3317 4005 3704 4061 necessitatem
3735 4003 3810 4058 iu-

2212 4110 2493 4165 firmorum
2540 4106 2774 4162 fratrum
2823 4119 2888 4160 ac
2941 4103 3184 4158 laborem
3239 4097 3614 4164 considerans,
3674 4094 3807 4152 nihil

2287 4288 2304 4326 ί
2346 4285 2408 4342 Si
2435 4293 2610 4339 autem
2639 4279 2944 4352 neglexerit,
2966 4287 3074 4335 etc.
3103 4277 3240 4352 Huic
3249 4277 3523 4352 habentur
3551 4273 3695 4343 apud

2209 4357 2488 4420 Basilium,
2519 4344 2725 4409 interr:
2765 4352 2890 4413 150.
2933 4344 2995 4406 ει
3035 4350 3174 4420 apud
3206 4347 3495 4420 Rufinum2
3545 4359 3668 4420 cap.
3704 4344 3801 4420 _58.

2284 4427 2297 4478 i
2342 4415 2627 4494 Manifesta
2649 4432 2722 4494 est
2744 4424 2808 4494 de
2833 4415 3574 4494 hoc_sententia.ldem__liabet
3607 4415 3669 4470 S.
3704 4415 3806 4470 Ba-

2209 4498 2362 4554 silius
2412 4488 2606 4550 interr.
2656 4492 3104 4565 547llegularu‘m
3151 4489 3324 4565 fusius
3368 4488 3802 4565 disputatamm;

2210 4585 2311 4624 nec
2337 4566 2632 4627 immerito,
2670 4564 2796 4635 quia
2840 4556 3112 4626 monachi,
3143 4561 3236 4635 qui
3263 4575 3322 4615 se
3349 4556 3804 4635 omniibusfacul-

2209 4641 2413 4694 tatibus
2465 4629 2704 4707 propter
2738 4634 3016 4707 Christum
3065 4629 3457 4707 spoliaverunt,
3507 4629 3625 4707 veti
3679 4636 3804 4682 sunt

2205 4698 2511 4780 pauperes,
2569 4698 2736 4780 atque
2791 4705 2958 4780 etiam
3009 4698 3389 4780 vefa__C|iri_sti
3428 4698 3708 4780 membra;
3741 4713 3804 4780 ac

2207 4771 2432 4852 proinde
2454 4778 2603 4832 avari
2625 4771 2689 4832 a'c
2716 4777 3048 4852 negligentes
3068 4773 3358 4852 cellerarii,
3373 4771 3472 4852 qui
3487 4771 3802 4852 necessaria

2206 4839 2468 4905 fratribus
2495 4864 2602 4904 non
2624 4839 2989 4918 suppeditant,
3004 4845 3251 4918 eamdem
3279 4839 3600 4918 perditionis
3625 4839 3800 4918 aleam

2207 4921 2469 4976 subibunt
2497 4920 2553 4974 in
2579 4914 2928 4987 die'j‘udicii,
2985 4932 3108 4971 eum
3157 4914 3386 4996 biquui.
3432 4926 3708 4996 pauperes
3746 4916 3801 4996 et

2206 5008 2407 5064 egenos
2434 5006 2543 5046 non
2578 4983 2870 5060 paverunt,
2893 4998 2949 5045 et
2979 4996 3177 5043 caetera
3206 4983 3595 5041 misericordia:
3630 4995 3795 5054 opera

2206 5064 2582 5118 neglexerunt.

2278 5081 2667 5215 ﬁgamque.
2697 5130 2756 5186 1n
2789 5130 2908 5185 cod.
2939 5131 3173 5186 Floriac.
3199 5143 3320 5252 eaq.
3345 5127 3434 5181 26.
3709 5193 3722 5206 .
3781 5191 3794 5204 _

2284 5203 2302 5242 1
2338 5204 2459 5252 Non
2480 5221 2570 5252 aut
2593 5201 2885 5252 voluntates
2909 5201 3228 5252 aliauorum.
3304 5209 3430 5252 υκαι
3467 5211 3591 5252 eam
3635 5209 3794 5249 annm

2284 5203 2302 5242 ι
2335 5201 2463 5258 Non
2480 5201 2570 5274 qui
2593 5201 2885 5274 voluntates
2909 5201 3228 5274 aliquorum.
3271 5201 3430 5254 Juxta
3467 5211 3591 5252 eam
3626 5201 3798 5274 animi
3831 5242 3836 5246 .

2202 5266 2627 5347 propensionem
2671 5287 2765 5328 seu
2813 5266 3252 5347 benevolentiam
3303 5266 3794 5347 et_§y_mpatbiam,

2203 5284 2623 5347 propensionem
2671 5287 2765 5328 seu
2815 5284 3252 5327 nenevotentiam
3303 5284 3358 5324 et
3408 5284 3794 5392 szympatniam,

2203 5345 2451 5428 quam
2502 5344 2698 5428 Paulus
2726 5343 3025 5428 πρόσκλισιν
3075 5339 3320 5428 appellat
3331 5338 3386 5428 (-I
3426 5335 3796 5428 *ξω-.-ΧΑὴὲ

2201 5407 2286 5473 est
2315 5416 2734 5473 declinationem
2766 5407 2818 5469 in
2863 5407 3372 5483 alteram'partem',
3419 5417 3476 5464 et
3511 5407 3795 5483 celleij

2194 5490 2469 5560 prmeipue
2493 5484 2773 5560 vitandam
2803 5485 2963 5540 docet
2989 5484 3047 5540 S.
3068 5475 3327 5560 Dasiljus,
3359 5481 3551 5560 interr.
3578 5477 3683 5560 ΜΛ
3698 5475 3795 5560 Re:

2195 5547 2305 5631 gul.
2333 5547 2505 5615 fusius
2533 5558 2950 5631 disputatarum,
2980 5556 3162 5631 et_lb'0
3205 5547 3394 5626 Regni.
3437 5550 3596 5631 Brev.
3641 5547 3791 5631 Quod

2196 5619 2257 5686 ut
2282 5619 2754 5701 praestarepossit,
2780 5627 3151 5701 necessarium
3173 5619 3359 5689 estfut
3375 5623 3562 5678 credat
3583 5636 3643 5701 se
3659 5619 3787 5701 Deo,

2196 5697 2307 5757 non
2357 5697 2670 5756 hominibus
2720 5698 3052 5754 ministrare.
3105 5697 3234 5752 Htec
3280 5703 3461 5749 autem
3520 5697 3789 5748 sententia

2197 5771 2613 5828 Tarnatensium
2649 5777 2828 5824 exstat
2853 5769 2906 5822 in
2946 5768 3152 5838 Regula
3182 5767 3240 5823 8.
3270 5765 3516 5830 Ctesarii,
3542 5780 3662 5834 cap.
3693 5761 3781 5816 28.

2268 5853 2308 5883 ω
2331 5841 2612 5898 Salutium.
2638 5840 2693 5898 ld
2715 5848 2822 5907 est,
2842 5839 3124 5908 auxilium,
3150 5846 3388 5909 utsupra
3411 5844 3660 5894 notatum
3676 5840 3776 5892 est.
