4088 6330
3177 328 3276 337 πλε.

320 349 464 410 uno
1283 319 2182 408 conconnm'wcumnuu.
2230 377 2297 394 -
2330 350 2482 415 ωε,
2525 336 2634 414 XL.
2942 321 2973 326 ”
3071 320 3081 325 ’
3463 351 3605 426 ιοδο

316 467 702 543 :egrotantium
728 459 1010 521 desideriis
1041 466 1206 532 neget
1243 473 1312 516 ex
1357 460 1444 517 his
1473 475 1594 531 quae
1630 459 1902 553 habixirit,
1932 465 1987 528 Α
2010 462 2163 520 lestis
2189 465 2450 524 Dominus
2479 477 2668 525 noster
2701 483 2821 541 quae
2849 461 3177 549 indigemus,
3202 487 3257 535 et
3293 493 3600 553 prreparat:

314 570 578 632 quantum
609 557 718 615 illis
743 570 966 613 necesse
987 554 1173 611 fuerit.
1199 553 1624 646 Advenientibus
1644 545 1906 615 fratribus
2008 556 2160 612 vides
2203 573 2332 630 ergo
2375 561 2502 630 quia
2540 568 2596 618 ει
2638 573 2661 602 ο
2690 563 2944 622 victuma
2972 545 3202 637 ἠθείη,
3235 545 3357 627 cu'm
3387 545 3453 629 a'b
3485 575 3605 646 ipso

313 671 470 713 escas
493 652 724 725 parabit.
757 649 884 706 Haec
911 649 1017 705 erit
1058 663 1188 703 cura
1215 645 1454 719 custodis
1491 646 1694 702 cellarii
1721 661 1907 702 recur-
2006 649 2165 704 nobis
2191 660 2589 720 praeparantur,
2615 654 2896 712 Dominica
2921 658 3060 715 dona
3087 671 3236 716 sunt.
3283 662 3420 717 Nam
3465 645 3608 721 sicut

251 797 254 800 .
313 765 444 805 rens
469 762 684 817 semper
721 745 788 799 ad
812 743 1101 811 seniorum
1121 741 1425 806 consilium,
1451 749 1506 796 et
1531 739 1815 811 requirens
1839 739 1908 795 de
2006 743 2240 800 carnalis
2265 745 2467 802 domini
2489 763 2702 816 servus,
2740 749 2760 788 ί
2793 750 2932 806 alter
2960 761 3140 809 tamen
3170 755 3358 821 homo,
3382 757 3448 812 de
3469 773 3607 828 pra:-

251 829 258 852 ⁷
311 842 586 907 carnibus,
618 839 704 894 vel
754 837 1024 910 praecipue
1069 835 1136 891 de
1179 834 1265 890 his
1292 848 1412 905 quae
1448 832 1668 906 proprio
1695 847 1794 889 suo
1823 833 1908 889 in-
2005 833 2182 890 bendo
2219 836 2443 893 servitio
2490 854 2588 895 suo
2639 840 2976 898 solummodo
3013 853 3098 900 est
3144 846 3444 915 sollicitus;
3477 849 3604 918 quia

311 934 533 990 ῑθυθθῑυ
559 947 665 987 ηοη
687 931 889 1001 Pomm
922 928 1238 999 adimplere-
2005 927 2075 984 de
2122 932 2492 1000 prwparandis
2538 950 2569 989 a
2619 935 2836 991 domino
2881 952 2978 994 suo
3033 954 3284 1006 annona},
3332 941 3599 1009 vestiarii,

525 1024 551 1096 §
581 1023 650 1077 X.
687 1053 757 1062 —
786 1023 865 1078 Ex
894 1022 1117 1076 Renum
1140 1017 1408 1075 MAGIS'I‘BI
1447 1018 1587 1090 (cap.
1619 1017 1732 1090 16).
2009 1018 2038 1060 ⁸
2064 1017 2304 1076 calciarii
2334 1022 2522 1078 usibus
2549 1033 2632 1080 est
2674 1040 2898 1082 securus
2923 1048 2937 1083 :
2972 1037 3178 1100 quanto
3216 1032 3389 1102 magis
3419 1031 3608 1086 Domi-

383 1129 410 1157 ι
437 1114 679 1180 Fratres,
711 1113 891 1169 omnis
919 1127 1085 1182 opera
1114 1110 1351 1181 pretium
1374 1109 1558 1173 habet,
1586 1108 1714 1178 quia
1738 1106 1905 1180 digno
2005 1125 2109 1166 nus
2133 1119 2320 1167 noster
2347 1113 2585 1170 caelestis
2611 1119 2916 1174 necessaria
2943 1120 3071 1175 vitae
3113 1131 3312 1178 nostrre
3331 1121 3478 1192 juste
3504 1138 3607 1180 nos

308 1208 650 1265 mercenaria
703 1207 984 1262 mercedes
1031 1206 1318 1269 debentur,
1364 1213 1420 1259 et
1461 1203 1592 1257 Bovi
1633 1201 1904 1257 trituranti
2004 1215 2114 1256 non
2142 1204 2392 1275 praecipit
2415 1207 2678 1277 cogitare.
2705 1210 2733 1248 ιι
2757 1208 2922 1278 Quasi
2948 1211 3111 1267 homo
3133 1213 3341 1268 homini
3362 1215 3606 1270 serviens

307 1319 415 1358 non
437 1300 744 1372 alligabitur
766 1315 823 1353 os
865 1297 1044 1370 (Deut.
1069 1295 1255 1361 xm;l
1280 1295 1414 1350 Tim.
1437 1293 1668 1368 v).Nam
1689 1295 1904 1350 labores
2003 1293 2073 1348 ad
2115 1297 2529 1365 praeparandum
2575 1298 2678 1354 sibi
2728 1301 2744 1340 ί
2801 1301 3028 1358 idoneus
3076 1303 3360 1359 creditur:
3401 1311 3606 1375 quanto

306 1393 582 1449 fructuum
607 1407 828 1448 suorum
847 1391 1066 1447 beatum
1089 1390 1296 1446 faciunt
1315 1390 1750 1456 manducantem,
1777 1388 1904 1460 quia
2003 1385 2179 1455 magis
2195 1386 2545 1443 credentibus
2570 1389 2655 1444 vel
2680 1393 3042 1449 servientibus
3074 1394 3207 1460 Deo.
3257 1395 3351 1466 qui
3400 1397 3609 1454 creavit

308 1489 573 1546 Dominus
605 1489 813 1545 homini
864 1498 1052 1546 creato
1079 1489 1263 1544 omnia
1290 1487 1521 1556 subjecit
1551 1487 1651 1544 sub
1674 1486 1904 1558 pedibus
2004 1477 2120 1548 ipsa
2151 1478 2356 1544 omnia.
2384 1487 2440 1534 ει
2469 1491 2663 1536 cuncta
2707 1490 2900 1552 potens
2947 1485 3379 1556 estadimplere,
3411 1487 3597 1544 omnia

306 1581 431 1650 ejus
460 1588 680 1651 propter
703 1596 867 1650 quem
889 1579 1330 1634 creavitcuncta.
1359 1577 1502 1649 Ergo
1530 1577 1578 1633 si
1604 1576 1820 1646 injustis
1848 1584 1905 1633 et

2002 1576 2261 1640 poterunt
2288 1570 2560 1626 famulari.
2608 1571 2712 1639 Qui
2737 1571 2749 1622 i
2775 1574 2964 1643 junior
3006 1576 3106 1645 fui,
3130 1587 3178 1630 et
3223 1579 3396 1645 senui,
3425 1588 3471 1634 et
3502 1596 3608 1635 non

306 1671 544 1728 inimicis
568 1671 685 1737 Dei,
721 1671 774 1726 id
798 1679 903 1736 est,
940 1687 1051 1726 non
1080 1671 1427 1726 credentibus
1467 1670 1690 1741 paganis
1718 1678 1774 1726 ei,
1794 1671 1904 1725 hae.
2003 1661 2108 1716 vidi
2127 1661 2332 1730 justum
2355 1662 2684 1730 derelictum,
2713 1665 2738 1703 ¹ί
2765 1682 2859 1719 nec
2880 1683 3055 1721 semen
3075 1669 3190 1739 ejus
3229 1687 3380 1741 egens
3427 1668 3606 1742 (Psal.

306 1766 516 1832 reticis,
545 1766 630 1822 vel
661 1765 892 1821 diversis
926 1765 1310 1836 peccatoribus
1341 1766 1370 1805 δ
1413 1764 1626 1820 diversa
1651 1763 1903 1819 victualis

2003 1752 2226 1825 xxxvi):
2259 1754 2354 1809 sed
2391 1755 2564 1826 magis
2595 1763 2706 1810 tota
2743 1756 2830 1811 die
2869 1758 3162 1814 miseretur
3184 1769 3239 1815 et
3277 1763 3604 1818 commodat.

304 1867 559 1912 creatura
601 1857 896 1912 famulatur
938 1857 1203 1928 subjecta,
1245 1864 1308 1913 ut
1353 1857 1640 1912 universus
1665 1857 1900 1912 mundus

2005 1844 2150 1916 Ergo
2194 1861 2316 1901 cum
2362 1847 2428 1902 de
2475 1847 2590 1902 solo
2613 1849 2836 1905 servitio
2860 1859 3047 1907 nostro
3074 1853 3127 1907 in
3150 1853 3473 1924 inquirendo
3516 1869 3605 1911 re-

304 1948 539 2005 diversis
567 1949 832 2016 deseruit,
868 1957 1074 2019 quanto
1100 1948 1274 2021 magis
1301 1949 1652 2004 credentibus
1677 1949 1732 2012 in
1764 1948 1898 2016 Deo,

2006 1951 2113 2008 gno
2141 1946 2197 1992 et
2215 1937 2485 2008 justitiam
2527 1939 2646 2010 ejus
2690 1940 2954 1998 fuerimus
2994 1943 3232 2011 solliciti,
3277 1946 3444 2001 Deum
3485 1963 3605 2004 cre-

300 2048 360 2096 oi
383 2041 522 2097 bono
565 2041 927 2097 servientibus
967 2040 1018 2095 ei
1063 2039 1210 2109 justo
1257 2049 1312 2097 ει
1338 2041 1497 2113 digno
1545 2040 1807 2098 Dominus
1833 2041 1903 2098 ad
2007 2027 2200 2083 damus
2218 2028 2399 2082 omnia
2425 2029 2581 2084 nobis
2605 2031 2939 2099 ministrare,
2965 2035 3056 2104 qui
3084 2035 3224 2090 ultro
3246 2051 3303 2092 se
3325 2037 3482 2094 nobis
3509 2052 3600 2094 ne—

300 2131 473 2188 vitam
495 2134 768 2189 diversam
797 2140 1106 2188 creaturam
1137 2132 1360 2189 tradidit
1394 2148 1560 2204 quam
1582 2133 1810 2200 creavit,
1847 2139 1904 2188 et

2007 2119 2246 2176 cessaria
2273 2120 2453 2177 omnia
2485 2124 2758 2192 promittit
2792 2140 3079 2195 apponere.
3128 2128 3274 2200 Ergo
3307 2131 3490 2186 omnia
3515 2131 3604 2186 vi-

302 2225 464 2294 qnnsi
497 2225 696 2297 pignus
725 2223 922 2279 totum
948 2224 1385 2295 repromissionis
1413 2224 1468 2280 in
1508 2225 1766 2295 praesenti
1798 2225 1904 2282 hoc
2006 2212 2206 2268 ctualia
2236 2214 2573 2279 monasterii,
2621 2230 2742 2285 qua:
2768 2216 2824 2271 in
2851 2218 3141 2276 praebenda
3184 2222 3450 2290 operariis
3487 2223 3605 2279 suis

299 2326 550 2388 tempore
577 2317 760 2372 omnia
783 2318 909 2372 γίιω
936 2316 1246 2372 necessaria
1273 2315 1634 2372 ministrando
1673 2331 1780 2372 non
1810 2316 1903 2372 de.
2005 2303 2267 2359 Dominus
2293 2319 2510 2359 annona
2540 2305 2835 2371 distribuit,
2870 2308 2916 2363 si
2944 2309 3086 2364 male
3126 2319 3182 2365 et
3227 2311 3604 2370 fraudulenter
3703 2381 3706 2384 g

297 2409 574 2480 relinquet
601 2409 865 2465 Dominus
897 2416 1206 2480 quaerentes
1231 2423 1326 2464 se:
1353 2409 1480 2478 quia
1510 2408 1708 2464 divites
1737 2423 1900 2480 egue-
2003 2407 2036 2448 a
2063 2393 2348 2450 cellarario
2381 2394 2781 2452 distribuantur
2809 2407 2865 2452 et
2893 2410 3138 2469 pereant,
3171 2403 3309 2458 sciat
3338 2419 3396 2460 se
3437 2420 3603 2476 supra

295 2509 431 2557 runt
457 2507 513 2556 et
539 2502 884 2566 egw-ierunt;
918 2500 1255 2570 inquirentes
1297 2515 1429 2554 vero
1470 2499 1762 2556 Dominum
1791 2516 1901 2556 non
2002 2484 2182 2540 ᾶὶοωε
2210 2485 2528 2542 cellararius
2557 2487 2614 2542 in
2977 2491 3178 2548 diViDiS
3207 2502 3334 2548 ante
3357 2495 3599 2551 tribunal

295 2593 548 2652 deﬁcient
565 2595 711 2650 omni
738 2597 878 2651 bono
894 2635 910 2661 ,
934 2601 990 2649 ει
1011 2594 1316 2649 esui-ionico
1337 2592 1523 2663 impio;
1541 2593 1700 2649 bonis
1720 2593 1903 2649 Domi-
2002 2579 2302 2635 ra'tioc‘iniis
2323 2579 2538 2647 discuti,
2571 2597 2698 2637 cum
2720 2597 2992 2638 annonam
3015 2601 3299 2642 servorum
3328 2589 3593 2647 Dominus

293 2703 422 2754 nus,
442 2687 705 2744 etdivites
721 2688 1526 2772 dimisitinanes:et,tanquam
1542 2686 1676 2742 nihil
1700 2687 1881 2744 haben
1998 2688 2100 2772 per
2133 2673 2520 2772 negligentiam
2552 2674 2750 2730 viderit
2793 2674 3054 2732 ‘strican
3086 2693 3100 2732 =
3134 2680 3261 2750 quia
3284 2681 3592 2751 quodiuste

293 2785 399 2843 tes,
416 2786 473 2833 et
491 2778 671 2832 omnia
684 2778 1044 2848 possidentes.
1076 2777 1219 2848 Ergo
1239 2768 1558 2833 cellararius
1579 2777 1900 2833 monasterii
2000 2768 2263 2825 Dominus
2293 2769 2472 2841 dignis
2501 2771 2686 2836 tradit,
2740 2771 2959 2844 indigne
3000 2772 3068 2828 ab
3110 2775 3454 2832 eversoribus
3487 2791 3600 2832 non

293 2885 406 2926 non
438 2869 656 2925 aliunde
680 2885 843 2940 qnam
879 2882 902 2910 ο
951 2871 1295 2941 dispensaioi-
1329 2871 1633 2926 divinarum
1685 2887 1896 2938 rerum;
2000 2863 2206 2933 patitur
2231 2863 2468 2919 stricari.
2495 2864 2598 2931 Qui
2623 2865 2942 2922 cellararius
2971 2867 3088 2922 sine
3125 2877 3398 2940 prmeepto
3437 2870 3602 2926 abba-

293 2947 570 3017 inianinm
591 2962 898 3018 divinarum
927 2969 986 3016 αι
1005 2963 1265 3020 Dominus
1287 2963 1344 3017 in
1364 2961 1658 3034 Evangeiio
1678 2963 1903 3032 promit-
2002 2955 2074 3010 tis
2104 2953 2242 3008 nihil
2273 2953 2493 3020 tribuat,
2538 2963 2633 3009 aut
2660 2964 2871 3027 eroget,
2919 2949 3013 3011 aut
3043 2960 3332 3046 expendat,
3377 2975 3478 3017 nec
3516 2961 3600 3017 in-

292 3061 376 3109 ιω
400 3051 650 3109 ﬁdelibus
685 3054 900 3110 dicens:
937 3054 1118 3109 Nolite
1155 3055 1384 3126 cogicare
1403 3054 1530 3125 quid
1546 3054 1894 3120 manducetis,
2000 3045 2159 3101 firmo
2174 3047 2228 3101 in
2245 3046 2528 3117 prmsentia
2555 3045 2672 3115 ejus
2694 3056 2848 3104 extra
2870 3046 3082 3116 jussum
3099 3045 3303 3123 aliquid
3328 3054 3592 3126 porrigat.

293 3153 390 3198 aut
405 3145 534 3215 quid
558 3144 768 3210 bibatis,
793 3154 886 3199 aut
906 3146 1034 3216 quid
1049 3145 1346 3200 induamini
1368 3144 1694 3218 (Matt/nu).
1722 3143 1897 3201 Simul
1924 3197 1966 3218 η
2001 3137 2329 3194 Cellararius
2353 3139 2754 3213 eleemosynam
2797 3141 2966 3198 faciat
3010 3159 3134 3198 cum
3178 3141 3334 3211 jussu
3375 3144 3592 3203 abbatis

292 3235 430 3292 etde
449 3238 690 3292 crastino
705 3245 889 3295 monet
912 3253 1020 3292 non
1043 3237 1239 3293 debere
1258 3252 1585 3308 quemquam
1599 3250 1722 3292 esse
1744 3236 1892 3292 solli-
1921 3197 1968 3260 θ
1998 3228 2055 3284 in
2078 3230 2365 3300 praesentia
2387 3229 2504 3300 ejus
2530 3249 2543 3286 :
2576 3231 2632 3286 in
2675 3231 2924 3288 absentia
2953 3232 3074 3302 ejus
3120 3233 3281 3289 liceat
3309 3236 3359 3290 ei
3388 3237 3593 3306 petenti

289 3328 497 3384 citum:
538 3329 632 3385 sed
659 3331 763 3386 hoc
801 3330 1055 3386 admonet
1094 3329 1320 3385 dicens:
1354 3328 1382 3369 (ι
1416 3328 1649 3396 Quwrite
1672 3345 1890 3400 regnum
1990 3323 2218 3393 pauperi
2246 3322 2650 3395 eleemosynam
2693 3325 2956 3380 exhibere
2984 3334 3211 3396 propter
3257 3337 3592 3398 praeceptum

288 3429 339 3476 et
367 3420 637 3490 justitiam
679 3421 799 3486 Dei,
851 3430 899 3475 et
948 3422 1059 3476 haec
1108 3422 1287 3476 omnia
1334 3429 1662 3492 apponentur
1702 3421 1886 3476 vobis:
1991 3414 2233 3480 Domini,
2264 3414 2406 3483 quod
2436 3415 2604 3470 dicit:
2641 3414 2800 3470 Omni
2825 3418 3017 3487 petenti
3066 3418 3275 3472 tribuite
3302 3415 3454 3493 (Luc.
3486 3419 3586 3492 v1).

286 3512 391 3566 scit
417 3511 556 3564 enim
585 3507 750 3564 Pater
773 3527 940 3576 meus,
963 3512 1054 3582 qui
1091 3521 1167 3566 est
1206 3513 1261 3565 in
1289 3511 1450 3576 cwlis,
1473 3513 1598 3582 quia
1627 3513 1738 3566 lucc
1778 3527 1890 3565 om-
1990 3508 2061 3563 Et
2084 3510 2254 3564 item:
2289 3519 2329 3547 ω
2362 3527 2381 3559 ι
2409 3509 2486 3564 Da
2515 3527 2527 3562 :
2566 3523 2638 3564 ne
2673 3509 2760 3563 cui
2787 3525 2896 3564 non
2927 3509 3145 3566 dederis
3186 3511 3300 3582 ipse
3329 3511 3400 3566 sit
3435 3509 3594 3567 Chri-

289 3600 384 3656 nia
413 3599 658 3670 indigetis
688 3598 899 3671 (Ibid.).
948 3599 1091 3670 Ergo
1119 3600 1164 3654 si
1209 3601 1321 3655 Deo
1367 3600 1729 3656 servientibus
1763 3600 1890 3656 vitae
1990 3599 2465 3668 stus.inQuolidie
2489 3600 2806 3659 cellararjus
2832 3617 2954 3656 cum
2979 3603 3384 3673 septimanariis
3407 3617 3591 3661 coram

244 3705 248 3708 ‘
287 3690 607 3747 necessaria
628 3705 659 3744 a
697 3689 927 3745 Domino
968 3698 1336 3761 apponuntur,
1363 3699 1421 3745 et
1447 3691 1553 3746 scit
1580 3690 1742 3746 Pater
1778 3705 1890 3747 οω-
1990 3690 2187 3748 abbate
2222 3691 2279 3746 in
2309 3693 2553 3748 oratorio
2587 3708 2713 3748 eum
2754 3693 3173 3765 congregatione
3199 3694 3585 3750 communicet.

363 3817 390 3846 ι
420 3804 860 3879 Fratres,_omni_s
887 3819 1066 3879 opera,
1097 3812 1205 3858 etc.
1236 3802 1350 3879 Hoc
1369 3811 1531 3874 caput
1565 3802 1797 3860 habetur
1833 3805 1890 3860 in
1989 3812 2071 3861 tet
2089 3820 2244 3879 nos.»
2265 3803 2416 3879 EtS.
2439 3805 2783 3879 Reimbertus
2805 3806 3242 3879 archiepisc0pus
3257 3809 3586 3877 Bremensis,

287 3873 426 3946 Reg.
454 3891 559 3931 ms.
581 3874 882 3931 cod.Corb.
908 3875 1098 3946 eodem
1129 3889 1248 3944 cap.
1269 3873 1357 3928 16.
1442 3873 1472 3946 λ
1987 3884 2051 3931 ut
2076 3875 2244 3932 refert
2267 3876 2434 3931 Adam
2468 3877 2590 3931 libr.
2630 3895 2646 3932 ι
2683 3878 2822 3934 Ilist.
2855 3873 3007 3934 Eccl:
3041 3873 3350 3935 Breinensis
3381 3897 3394 3934 :
3437 3873 3585 3936 «Non

359 3943 399 3986 ιῖ
436 3946 666 4021 Diversa
693 3946 958 4021 vietuaiis.
1014 3944 1165 4021 Haec
1193 3943 1477 4021 usquead
1538 3943 1630 4000 illa
1684 3946 1885 4002 verba:
1988 3955 2095 4021 est,
2125 3947 2376 4021 inquiens
2391 3947 2470 4018 (S.
2503 3947 2892 4021 Reimbertus),
2927 3950 3268 4016 tardandum,
3294 3958 3354 4005 ut
3377 3952 3589 4009 cunctis

287 4009 502 4092 Quanto
526 4019 718 4088 magis,
747 4016 1127 4092 desiderantur
1151 4015 1207 4071 in
1229 4009 1433 4087 Regula
1460 4030 1562 4071 ms.
1987 4009 2373 4092 subveniamus
2397 4009 2727 4092 pauperibus
2762 4039 2774 4074 :
2804 4009 2930 4091 quia
2956 4022 3080 4092 quis
3102 4021 3172 4078 sit
3194 4009 3463 4088 Christus,
3495 4022 3584 4079 vel

361 4097 384 4163 εξ
413 4085 777 4163 Djspensator.
803 4086 968 4158 Supp.
1003 4088 1090 4140 sit.
1127 4155 1176 4163 __
1261 4157 1276 4163 _
1318 4085 1333 4087 ⁷
1558 4157 1573 4163 _
1743 4157 1758 4163 _
1987 4090 2204 4163 quando
2242 4085 2428 4163 adpo-5
2455 4085 2658 4163 veniat,
2697 4085 3026 4163 ignoramus.
3052 4113 3070 4144 ι

291 4179 306 4186 τ
356 4155 411 4240 ἀ,
435 4155 668 4224 Qucerite
708 4155 944 4240 regnum,
973 4165 1080 4213 etc.
1127 4155 1318 4240 Matth.
1347 4172 1442 4223 vr;
1481 4157 1575 4213 sed
1625 4157 1888 4228 producta
1987 4155 2023 4240 ξ
2060 4159 2366 4240 ξιριιρτὶᾷὶε
2389 4155 2829 4240 ςειιαναι-ἱιιεῘΕχ
2858 4163 3119 4240 ho_e__loco
3167 4162 3357 4219 inferri
3402 4171 3586 4240 potest

285 4235 508 4304 suntex
547 4227 833 4304 memoria,
864 4244 972 4304 non
999 4242 1067 4304 ex
1096 4227 1303 4283 codice.
1367 4297 1378 4304 _
1552 4296 1583 4304 _
1628 4227 1641 4228 ί
1674 4298 1684 4304 Δ
1762 4300 1776 4304 _
1987 4229 2146 4304 hujus
2170 4230 2409 4300 Magistri
2446 4233 2741 4304 monachos
2788 4234 3031 4304 quotidie
3071 4250 3282 4290 sacram
3333 4227 3586 4290 euchari-

363 4309 387 4338 θ
418 4297 704 4376 Ϊῇσεαᾳέὶα.
733 4297 864 4376 Qua;
890 4299 959 4354 ad
993 4299 1204 4376 victum
1243 4297 1518 4376 pertinent
1550 4296 1608 4353 S.
1657 4298 1889 4376 Ambro-
1987 4296 2146 4376 stiam
2169 4296 2381 4376 sumere
2412 4302 2598 4376 solitos
2626 4321 2638 4356 :
2666 4296 2824 4376 juxta
2851 4301 3006 4372 cujus
3030 4304 3311 4376 Regulam,
3336 4319 3457 4374 cap.
3487 4304 3580 4376 21,

282 4369 403 4455 sius
415 4369 867 4455 _l.ib.vHexameri
897 4369 1124 4441 cap.2l.
1146 4386 1166 4420 ι
1184 4367 1473 4440 lnvigilare
1493 4370 1785 4440 quaerendo
1807 4372 1889 4426 vi-
1988 4372 2302 4455 cellararius
2333 4381 2389 4455 et
2421 4367 2980 4455 hebdomadariipost
3000 4367 3250 4455 abbatem
3275 4367 3581 4455 communi;

281 4441 535 4497 ctualia.»
1988 4443 2204 4503 cabant,
2238 4450 2294 4495 et
2330 4441 2474 4496 facta
2498 4443 2711 4498 modica
2733 4441 2981 4499 oratione
3008 4444 3350 4499 recedebant.
3397 4441 3581 4499 Sacra:

362 4511 962 4611 '..f‘.’.“’.’f."."_'f.’1.{'?."f?.°
981 4511 1311 4611 3333332333:
1337 4526 1449 4611 ἓξὲξ
1473 4510 1882 4611 Ἶίξξὲωὲᾳέῗ
1908 4550 1963 4611 D
1990 4511 2481 4611 ξΡηθηδέητὲῗίίὲηἷὲἷξξς
2511 4514 2714 4611 231T“?
2719 4514 3415 4611 ἮῗςίἒέἓδηΨῖἔέἓῖΗοῗ.
3425 4529 3577 4611 9.59.5:

283 4583 355 4640 da
379 4593 504 4638 sunt
526 4584 870 4654 parenthesi;
894 4591 956 4638 ut
981 4597 1175 4638 sensus
1199 4581 1311 4639 sit:
1337 4581 1452 4637 Etsi
1491 4589 1672 4637 tamen
1719 4583 1877 4650 alter,
1908 4581 1963 4611 υ
1988 4582 2235 4654 Monachi
2264 4581 2484 4654 gEgypti
2511 4583 2701 4637 diebus
2731 4583 3023 4654 Dominicis
3049 4591 3103 4638 et
3125 4583 3335 4638 sabbati
3359 4599 3575 4640 sacram

281 4652 538 4711 dominus
555 4654 824 4719 videlicet,
845 4654 929 4710 .sit
952 4655 1134 4709 homo.
1987 4652 2369 4708 eucharistiam
2395 4654 2702 4719 sumebant,
2734 4665 2792 4708 ut
2842 4653 3000 4709 docet
3047 4654 3336 4710 Cassianus
3388 4654 3482 4710 lib.
3514 4671 3576 4712 ιιι

359 4726 386 4765 ε
421 4725 692 4780 Calciarii.
718 4724 1056 4795 Calcearium
1078 4731 1163 4778 est
1189 4723 1242 4795 id
1279 4738 1440 4795 omne
1483 4725 1627 4794 quod
1672 4725 1882 4781 homini
1983 4722 2051 4777 de
2081 4723 2299 4778 Diurnis
2328 4721 2696 4795 Orationibus,
2724 4723 2928 4795 cap.2:
2971 4744 2988 4776 ι
3017 4725 3376 4792 Quamobrem
3416 4741 3580 4781 exce-

279 4795 789 4869 ealc‘eandojaptum
815 4803 917 4869 est.
944 4793 1002 4848 S.
1019 4792 1460 4869 Gregoriuslibr.
1488 4792 1551 4860 ιι,
1575 4795 1735 4869 epist.
1763 4796 1832 4850 57
1865 4816 1877 4851 :
1983 4795 2090 4863 ptis
2111 4794 2453 4869 vespertinis
2474 4792 3408 4869 nocturnisquecongregationibus,
3427 4796 3574 4869 nulla

286 4865 601 4922 «Atl‘eratad
611 4864 936 4922 calcearium
950 4864 1456 4936 puerorumsolidos
1467 4865 1840 4936 quadraginta.
1855 4887 1874 4920 ι
1983 4865 2126 4936 apud
2153 4879 2247 4936 eos
2276 4880 2373 4935 per
2390 4864 2544 4936 odiem
2566 4864 2788 4936 publica
2805 4864 3120 4922 solemnitas
3134 4867 3338 4935 absque
3353 4867 3439 4922 die
3453 4868 3578 4924 sab-

348 4937 378 4979 h
405 4936 570 5003 Quasi
592 4939 766 4992 homo.
791 4933 968 5008 Lege:
1000 4933 1138 5001 Quia
1166 4935 1212 4989 si
1240 4935 1414 4999 homo,
1454 4942 1517 4988 ut
1543 4943 1627 4990 est
1654 4933 1706 4989 in
1745 4937 1876 5008 Reg.
1979 4933 2092 4988 bati
2113 4942 2163 5008 et
2189 4933 2492 5008 Dominica,
2523 4933 2796 5008 inquibus
2837 4938 2968 4992 hora
3007 4939 3166 4993 tertia
3201 4933 3371 4992 sacra:
3426 4953 3576 4993 com-

276 5024 384 5064 ms.
408 5017 463 5063 et
490 5010 611 5064 cod.
640 5008 797 5064 Vind.
875 5005 891 5008 ⁷
1829 5005 1849 5008 ⁷
1982 5005 2253 5060 munionis
2277 5006 2502 5060 obtentu
2527 5005 2903 5062 conveniunt.»
2939 5008 3087 5064 Idem
3113 5015 3344 5063 testatur
3367 5008 3436 5062 de
3482 5008 3571 5064 die

356 5081 372 5148 ἰ
403 5078 636 5133 ldoneus
660 5080 912 5133 creditur.
937 5077 1078 5148 Lege
1099 5094 1112 5129 :
1134 5076 1391 5148 Idoneum
1405 5075 1874 5148 dominumcredit.
1981 5074 2261 5148 Dominica
2294 5074 2532 5143 ejusdem
2558 5076 2699 5141 libri,
2727 5092 2844 5148 cap.
2893 5095 2953 5133 ιι.
2991 5077 3263 5148 Magister,
3315 5086 3376 5132 ut
3411 5079 3572 5148 paulo

351 5147 364 5199 i
405 5149 601 5204 Iunior
628 5150 800 5217 fui,et
827 5149 995 5204 senui.
1020 5145 1098 5202 Ita
1120 5148 1174 5201 in
1196 5146 1750 5218 PsalterioRomano.
1979 5154 2104 5200 ante
2122 5145 2381 5218 diximus,
2404 5161 2530 5218 suos
2577 5145 2870 5218 discipulos
2928 5145 3168 5217 quotidie
3215 5148 3357 5203 sacri
3411 5145 3608 5216 bujus‘

351 5219 378 5291 if
409 5220 519 5291 Nec
539 5216 711 5291 semen
737 5220 850 5291 ejus
873 5235 1044 5289 egens.
1073 5218 1150 5273 lta
1175 5216 1818 5291 in_Psa_lterio_Romano._
1977 5216 2220 5291 mysterii
2245 5217 2537 5291 participes
2557 5232 2682 5291 esse
2699 5216 2895 5291 voluit;
2925 5216 3084 5291 quem
3131 5227 3347 5291 secutus
3388 5229 3471 5291 est
3506 5219 3564 5275 8.

356 5288 374 5329 ι
405 5289 649 5346 Stricari.
683 5285 771 5345 lta'
793 5285 926 5360 Regi
952 5305 1055 5344 ms.
1079 5297 1137 5345 et
1155 5289 1276 5344 cod.
1320 5287 1480 5360 Vind.
1524 5287 1582 5360 ld
1609 5296 1723 5354 est,
1768 5288 1878 5360 dis-
1977 5285 2306 5360 Dunstauus,
2337 5287 2428 5358 qui
2446 5285 2632 5360 capite
2664 5290 2688 5342 -Ι
2718 5285 3030 5346 Concordiae
3055 5291 3124 5344 ita
3150 5289 3365 5345 statuit:
3387 5305 3408 5342 ι
3438 5289 3568 5345 Post

275 5363 450 5432 perdi,
483 5361 751 5427 consumi,
775 5355 1110 5416 Glossarium
1145 5367 1298 5414 vetus
1326 5376 1339 5412 :
1367 5356 1732 5426 Instricatum,
1767 5359 1877 5414 vul-
1974 5371 2163 5432 pacem
2195 5355 2392 5432 fratres
2413 5355 2656 5432 quotidie
2687 5359 2812 5431 (nisi
2853 5361 2946 5431 qui
2990 5361 3216 5416 crimine
3256 5375 3324 5432 se,
3358 5360 3562 5432 aliquo,

277 5427 539 5511 iteratum.
703 5505 713 5511 _
889 5503 900 5511 _
955 5502 966 5511 Α
1033 5503 1045 5511 _
1162 5509 1168 5511 Α
1263 5500 1310 5511 ﬂ
1521 5507 1530 5511 Δ
1616 5500 1648 5511 Α.
1706 5499 1721 5511 .
1778 5502 1792 5511 _
1973 5427 2057 5511 vel
2079 5428 2262 5484 carnis
2292 5427 2582 5511 fragilitate
2619 5427 2742 5511 reos
2765 5427 3113 5511 cognoverint
3127 5441 3154 5511 )_
3183 5431 3414 5502 regulari
3447 5427 3562 5486 stu-

347 5514 388 5542 ιη
413 5503 518 5569 Da,
546 5520 608 5557 ne
630 5505 713 5557 cui
741 5519 845 5557 non
865 5502 1093 5568 dederis,
1121 5509 1226 5558 etc.
1263 5500 1391 5556 Haec
1415 5500 1684 5572 sententia
1706 5499 1874 5557 habe—
1973 5498 2062 5572 dio
2109 5514 2334 5572 prorsus
2364 5498 2572 5572 intenti
2615 5498 2996 5556 eucharistiam
3043 5498 3288 5572 accipere
3334 5517 3442 5557 non
3480 5516 3564 5557 re-

276 5581 368 5629 tur
393 5576 446 5630 in
476 5574 654 5628 libello
685 5573 743 5629 8.
771 5574 962 5630 lsidori
992 5574 1059 5630 de
1087 5571 1286 5630 Norma
1307 5571 1538 5642 vivendi,
1575 5572 1750 5642 capite
1797 5572 1876 5626 ulc
1971 5570 2163 5624 nuant.
2190 5589 2209 5622 ι
2237 5569 2464 5642 QuirLde
2486 5569 2589 5627 hac
2611 5587 2668 5626 re
2683 5573 2938 5642 statuerit
2974 5572 3032 5627 S.
3066 5569 3407 5638 Benedictus,
3448 5587 3559 5629 non

276 5645 440 5701 timo:
467 5663 484 5696 ι
507 5644 770 5714 Omnibus
791 5646 859 5700 da
878 5664 892 5699 :
909 5660 978 5701 ne
1004 5643 1144 5700 forte
1167 5643 1255 5698 cui
1290 5657 1398 5698 non
1424 5639 1776 5714 dederjs'ipse
1796 5643 1870 5698 sit
1969 5641 2102 5714 satis
2121 5639 2578 5714 coustat._Tamen
2600 5657 2667 5695 ex
2681 5641 2767 5697 his
2787 5643 2966 5714 verbis
2987 5643 3179 5714 capitis
3198 5643 3266 5699 55
3290 5662 3302 5697 :
3342 5642 3409 5697 In
3453 5643 3559 5698 die-

273 5715 542 5772 Christus.
568 5736 586 5768 ι
622 5713 1118 5786 Quamdoctrinam
1147 5721 1364 5786 secutus
1384 5720 1468 5786 est
1490 5711 1548 5766 8.
1574 5710 1730 5786 ξοειῐι.
1752 5728 1870 5786 _pa-
1965 5712 2060 5786 bus
2094 5721 2267 5765 autem
2288 5711 2602 5786 solemnibus
2622 5729 2782 5786 usque
2803 5713 2871 5768 ad
2890 5710 3077 5786 missas
3097 5717 3553 5786 sustineant,con.

272 5787 516 5844 triareha
544 5785 965 5853 Alexandrinus,
988 5781 1110 5843 cum
1138 5784 1274 5840 dixit
1296 5783 1472 5839 datori
1499 5801 1512 5835 :
1544 5781 1866 5840 «Daeiduo-
1957 5781 2054 5851 jici
2085 5789 2266 5852 potest
2293 5782 2484 5841 diebus
2513 5781 2810 5841 Dominicis
2837 5792 2892 5840 et
2922 5784 3132 5844 festivis
3152 5785 3553 5843 communican-

273 5856 452 5917 decim
470 5857 824 5930 numismata,
848 5873 920 5916 ne
946 5858 1086 5918 forte
1106 5855 1356 5917 Christus
1380 5868 1534 5913 meus
1553 5854 1644 5924 sit,
1670 5862 1725 5912 et
1747 5861 1865 5914 ten-
1884 5916 1932 5942 ᾳ,
1965 5854 2092 5911 dum
2113 5867 2249 5912 esse.
