4088 6330
595 304 735 401 teet

1634 334 1696 395 s.
1736 320 2103 397 BENEDICTI
2139 328 2435 394 ABBATIS
2468 326 2886 391 ANIANENSIS

3776 342 3939 401 1052

592 457 932 522 Intrantibus
961 456 1018 515 in
1059 426 1461 515 hebdomadam
1509 455 1911 529 septimanariis
1941 473 2070 513 vasa
2099 472 2192 513 co-
2218 454 2266 518 Α
2293 452 2498 527 bibere.
2524 466 2591 506 ne
2610 452 2770 509 detur
2793 450 2945 509 locus
2980 451 3219 521 diabolo.
3244 453 3387 513 sicut
3408 454 3545 515 dicit
3574 455 3893 531 Scriptura
3915 473 3935 511 :

596 558 779 630 quina:
832 554 951 626 ipse
990 553 1271 627 consignct
1311 569 1325 606 :
1373 551 1638 622 completa
1692 550 2024 608 bebdomada
2074 553 2189 622 ipse

598 648 979 722 recipiat'aliis
1000 647 1330 704 intrantibus
1357 645 1746 718 consignanda.
1776 647 1904 716 Quae
1931 662 2056 701 vasa
2081 662 2192 701 mo—

595 741 826 813 nasterii
890 741 938 798 si
995 739 1098 795 sub
1177 739 1360 813 aliquo
1426 754 1524 812 per
1579 739 1962 812 negligentiam
2016 738 2190 795 fracta

595 812 817 902 fuerint,
850 851 960 891 non
1003 834 1156 911 prius
1203 812 1297 906 qui
1340 816 1517 906 fregit,
1562 836 1786 891 accedat
1825 837 1892 891 ad
1921 851 2187 903 mensam,

593 927 701 1003 nisi
756 926 1041 1000 ptenitens‘
1081 924 1262 985 abbati
1313 924 1643 1003 satisfecerit
1674 942 1774 999 per
1825 928 2189 985 humilitatem

592 1002 663 1078 ad
687 1036 860 1094 genua
886 1012 1222 1095 incurvatus.
1259 1019 1460 1091 Ejectis
1485 1035 1618 1076 vero
1660 1019 1728 1076 de
1768 1020 1989 1076 cellario
2014 1021 2190 1077 omni-

590 1113 697 1175 bus
721 1106 1049 1170 necessariis
1076 1128 1199 1169 cum
1223 1112 1647 1185 congregatione
1663 1113 1730 1168 ad
1745 1127 1987 1168 mensam
2004 1112 2191 1167 sedeat

540 1200 544 1204 ⁷
590 1188 795 1260 tacitus
819 1214 873 1263 et
894 1204 1205 1283 manducet.
1232 1203 1334 1272 Qui
1367 1202 1707 1271 cellararius,
1739 1203 1785 1259 si
1825 1218 1882 1259 se
1927 1202 2189 1259 levaverit

592 1296 799 1377 aliquid
853 1296 1165 1368 adportare,
1218 1311 1389 1369 usque
1441 1295 1568 1376 dum
1622 1295 1831 1360 redeat,
1887 1310 2075 1350 omnes
2122 1295 2189 1351 de

590 1402 797 1453 mensa,
826 1388 880 1444 in
903 1403 1009 1458 qua
1042 1387 1285 1454 sedebat,
1313 1387 1382 1442 ad
1407 1387 1841 1441 manducandum
1874 1392 2190 1456 exspectent
2228 1417 2251 1432 κ

594 1462 599 1471 ,
610 1464 615 1467 .

589 1495 735 1543 eum.
763 1478 910 1555 Opus
941 1478 1159 1550 aliquod
1185 1478 1389 1537 laboris
1412 1477 1724 1547 faciendum
1770 1477 1855 1533 his
1895 1478 2046 1534 horis
2079 1482 2188 1534 cet-

588 1570 827 1639 lararius
857 1569 1141 1649 suscipiat,
1174 1568 1392 1642 quando
1423 1570 1604 1641 aliqua
1649 1584 1778 1626 cura
1806 1578 1861 1625 et
1889 1570 2182 1643 diligentia,

586 1662 676 1721 vel
700 1662 1031 1736 dispensatio
1060 1661 1270 1717 cellarii
1294 1662 1516 1721 minime
1545 1673 1857 1741 exercetur,
1901 1673 1959 1719 ut
1981 1666 2188 1721 otiosus

2294 541 2475 597 Nolite
2521 542 2650 597 dare
2701 544 3032 599 occasionem
3085 547 3444 616 querentibus
3491 565 3659 615 sunt;
3721 561 3787 607 et
3842 554 3936 607 vi-

2292 636 2485 691 deatur
2510 637 2906 709 gastrimargim
2946 636 3086 708 gulae
3109 639 3396 697 voracibus
3436 642 3521 699 vel
3554 643 3933 714 gluttouibus

2290 728 2549 786 fratribus
2569 732 2844 802 provideri
2872 733 3044 803 magis
3078 748 3243 803 quam
3272 734 3559 795 refrenari.

2506 820 2532 893 §
2566 819 2835 879 XL—Ex
2865 822 3088 879 REGULA
3118 840 3384 885 curuantur
3422 826 3563 905 (αφ.
3599 827 3680 903 4).

2369 912 2391 954 f
2424 913 2734 971 Monasterii
2762 914 3085 972 eellerarius
3115 919 3333 989 sapiens
3385 929 3441 979 et
3490 921 3798 994 religiosus
3848 942 3919 982 ex

2290 1007 2439 1063 omni
2467 1009 2881 1080 congregatione
2913 1010 3195 1082 eligendus
3214 1019 3325 1081 est,
3354 1015 3448 1084 qui
3474 1030 3587 1074 non
3629 1017 3769 1084 sibi,
3814 1036 3918 1076 nec

2291 1099 2406 1157 suis
2418 1101 2811 1169 voluntatibus,
2832 1104 2928 1159 sed
2949 1105 3049 1160 toti
3070 1108 3481 1178 congregationi
3506 1111 3913 1180 aequanimiter

2289 1199 2346 1248 et
2371 1193 2459 1263 pie
2485 1194 2699 1264 placeat
2721 1194 3103 1267 dispensanda,
3131 1214 3233 1256 nec
3272 1197 3400 1256 inde
3426 1199 3649 1270 placere
3674 1203 3909 1261 studeat

2288 1284 2433 1339 unde
2455 1293 2512 1339 et
2541 1299 2599 1340 se
2630 1285 2685 1343 in
2718 1278 2931 1342 ruinam
2950 1289 3187 1359 peccati,
3216 1297 3275 1345 et
3292 1290 3430 1349 alios
3449 1307 3549 1362 per
3574 1301 3907 1364 transgres—

2290 1379 2460 1435 sionis
2502 1395 2700 1436 noxam
2742 1383 3133 1439 consentiendo
3175 1384 3503 1443 introducat.
3553 1386 3618 1445 1d
3675 1394 3793 1453 est,
3847 1394 3909 1443 ut

2291 1469 2425 1526 nihil
2456 1480 2609 1535 extra
2640 1472 2879 1529 debitam
2916 1490 3231 1537 mensuram
3275 1491 3376 1546 pro
3429 1477 3678 1546 qualibet
3730 1478 3896 1535 fami-

2288 1560 2544 1629 liaritate,
2574 1565 2600 1605 3
2631 1579 2731 1634 pro
2758 1565 2935 1634 gratia
2964 1565 3145 1623 meriti
3169 1566 3537 1636 dispeusando
3577 1567 3897 1637 distribuat,

2291 1656 2512 1711 sciens:
2542 1656 2667 1728 quia
2694 1696 2711 1723 ,
2756 1654 2947 1712 Justus
2998 1657 3142 1715 Deus
3184 1658 3214 1699 ιι
3245 1658 3514 1729 justitiam
3562 1660 3580 1700 ί
3627 1678 3663 1715 a
3699 1660 3902 1716 saeculo

586 1752 644 1813 in
674 1753 780 1810 illis
804 1754 954 1809 horis
983 1769 1090 1809 non
1119 1753 1209 1809 sit.
1247 1754 1306 1810 In
1337 1755 1578 1810 oratorio
1608 1756 1805 1813 absens
1830 1770 1928 1827 per
1954 1771 2189 1826 occupa—
2221 1826 2256 1830 _
2292 1750 2498 1818 dilexit,
2526 1753 2822 1823 tenuitatem
2850 1752 2977 1808 vidit
3005 1752 3178 1811 ultus
3200 1754 3315 1824 ejus
3340 1753 3516 1825 (Psal.
3549 1754 3628 1827 ι).
3652 1755 3741 1812 Sit
3772 1773 3901 1830 ergo

558 1829 562 1831 Δ
586 1842 793 1919 tionem
820 1845 1031 1900 dicente
1059 1845 1253 1901 abbate
1276 1860 1376 1916 pro
1398 1860 1464 1902 eo
1486 1843 1767 1911 fratribus,
1791 1858 1816 1885 ο
1840 1854 1899 1899 ut
1925 1846 2191 1900 habeatur
2219 1826 2267 1887 Β
2294 1840 2707 1911 omnibusjusta
2739 1843 3144 1914 dispensatione
3164 1853 3375 1914 gratus.
3401 1846 3477 1903 sit
3499 1826 3751 1911 moribus
3782 1826 3898 1902 rna-

584 1934 643 1995 in
672 1946 876 2005 mente,
905 1938 1067 1995 simul
1095 1946 1151 1995 et
1193 1939 1311 2010 ipse
1335 1939 1680 2005 cellararius,
1717 1938 1763 1995 si
1789 1954 1959 2013 prope
2002 1946 2187 1994 orato-

584 2026 728 2089 rium
756 2029 1038 2101 cellarium
1084 2028 1277 2098 fuerit,
1335 2046 1431 2086 sua
1461 2046 1595 2087 voce
1626 2038 1771 2102 petat
1819 2045 1877 2085 se
1905 2030 2104 2085 debere
2132 2031 2187 2086 in

584 2118 929 2193 orationibus
950 2121 1265 2178 memorari.
1290 2121 1320 2161 1³
1343 2121 1411 2177 Ει
1434 2128 1612 2177 tamen
1635 2120 1780 2177 lente
1792 2122 1871 2177 sic
1892 2132 2188 2194 occupatus

589 2212 648 2270 in
676 2212 823 2285 facto
848 2230 985 2287 opus
1016 2215 1110 2271 Dei
1141 2216 1243 2272 sibi
1267 2216 1430 2282 dicat,
1458 2226 1514 2272 et
1541 2217 1658 2288 ipse
1687 2217 1963 2288 sequendo
1989 2233 2179 2273 vocem

590 2302 677 2359 vel
694 2320 923 2381 versum
952 2308 1196 2363 oratorii.
1226 2296 1293 2361 Et
1318 2307 1515 2371 merito
1545 2307 1691 2363 intus
1730 2307 1785 2365 in
1829 2308 2069 2362 oratorio
2098 2308 2189 2362 de-

548 2391 685 2450 ~'bet
713 2396 781 2451 ab
808 2397 1063 2453 omnibus
1109 2398 1423 2463 memorari,
1456 2397 1584 2468 quia
1615 2413 1716 2469 pro
1757 2397 1999 2453 omnium
2042 2398 2189 2453 solli-

592 2485 831 2542 citudine
856 2497 1190 2558 occupatur:
1222 2497 1277 2544 et
1303 2489 1573 2565 quomodo
1620 2489 1689 2543 ab
1733 2506 1842 2546 uno
1884 2490 2187 2557 communis

574 2577 701 2650 pro
725 2578 978 2634 omnibus
1007 2580 1214 2635 utilitas
1253 2588 1597 2651 procuratur,
1648 2580 1726 2636 sic
1771 2580 2015 2635 omnium
2060 2596 2186 2636 cum

560 2664 700 2722 "uno
740 2669 1008 2739 partiatur
1051 2670 1246 2725 oratio.
1280 2669 1425 2725 Vitia
1452 2686 1581 2726 vero
1611 2671 1724 2728 oris
1769 2680 1825 2727 et
1862 2672 2109 2743 corporis
2134 2673 2186 2728 ei

587 2760 944 2817 custodienda
974 2763 1040 2817 ab
1071 2763 1188 2833 ipso
1218 2762 1414 2819 abbate
1440 2764 1856 2821 custodiantur:
1882 2766 2007 2837 quia
2030 2766 2189 2822 cella-

552 2842 769 2908 ‘rarius
813 2854 913 2911 sub
961 2854 1161 2911 nullius
1203 2841 1421 2911 decadze
1466 2873 1695 2913 numero
1739 2859 1839 2915 sub
1866 2860 2186 2931 praeposito

582 2945 935 3002 continetur:
971 2962 1043 3003 ne
1069 2945 1230 3014 forte,
1262 2951 1533 3019 quomodo
1573 2966 1700 3008 caro
1737 2961 1883 3008 amat
1920 2968 2042 3025 quae
2088 2968 2187 3008 sua

560 3032 730 3103 'sunt,
762 3046 984 3109 propter
1030 3036 1267 3110 aliquem
1316 3043 1616 3112 appetitum
1664 3044 1752 3099 vel
1798 3030 2183 3100 subministra-

580 3126 785 3193 tionem
812 3127 947 3201 gulae
974 3145 1139 3185 causa
1186 3131 1279 3187 Dei
1308 3126 1781 3204 praetermittatur,
1828 3143 1884 3191 et
1925 3152 2026 3206 pro
2055 3137 2185 3194 cibo

2291 1943 2465 2001 turus,
2496 1934 2569 1989 sit
2594 1935 2829 2000 sobrius,
2857 1950 2964 1991 non
2986 1936 3148 2001 edax,
3176 1951 3286 1995 non
3310 1935 3510 2002 elatus,
3539 1951 3655 1993 non
3710 1939 3902 1993 turbu-

2286 2026 2490 2093 lentus,
2516 2043 2624 2083 non
2651 2026 2967 2097 iniuriosus,
2994 2044 3103 2093 non
3131 2027 3343 2094 tardus,
3371 2044 3479 2087 non
3511 2029 3695 2102 piger,
3719 2030 3819 2086 sed
3847 2031 3898 2087 in

2288 2126 2541 2180 omnibus
2605 2124 2819 2179 actibus
2881 2124 2953 2179 sit
3042 2123 3397 2195 compositus.
3481 2123 3899 2194 Congregationi

2285 2208 2453 2278 omni,
2489 2214 2543 2268 id
2569 2208 2677 2278 est,
2706 2223 2818 2269 tam
2850 2213 3160 2271 senioribus
3184 2229 3348 2284 quam
3371 2213 3538 2271 etiam
3557 2213 3893 2285 junioribus,

2286 2320 2386 2376 pro
2415 2304 2608 2385 affectu
2639 2314 2696 2361 et
2727 2315 2959 2376 paterno
2987 2305 3179 2362 ordine
3204 2304 3367 2367 debet
3396 2306 3738 2371 ministrare.
3786 2305 3890 2363 Cu-

2288 2417 2406 2457 ram
2446 2401 2514 2457 de
2543 2401 2795 2458 omnibus
2815 2392 2917 2457 sibi
2942 2400 3246 2458 commissis
3272 2400 3436 2461 rebus
3487 2400 3715 2457 habeat.
3752 2400 3891 2457 Nihil

2286 2501 2470 2549 tamen
2505 2492 2671 2549 sinei
2720 2500 3026 2549 commeatu
3084 2491 3297 2549 abbatis
3348 2490 3535 2549 facere
3580 2500 3891 2562 praenatat.

2285 2581 2511 2638 Fratres
2537 2592 2646 2637 tam
2674 2583 2919 2647 seniores
2952 2590 3113 2641 aetate
3142 2597 3307 2652 quam
3350 2580 3604 2651 inniores
3657 2583 3892 2641 nullate-

2286 2688 2391 2728 nus
2427 2675 2736 2730 conturbet.
2777 2674 2844 2762 ἰῇ
2867 2674 2915 2732 si
2940 2675 3139 2746 aliquis
3159 2673 3395 2735 fratrum
3420 2674 3490 2735 ab
3509 2689 3577 2731 eo
3603 2674 3893 2753 irrationa-

2288 2764 2473 2820 biliter
2497 2765 2698 2836 aliquid
2730 2767 3062 2837 poposcerit,
3087 2765 3194 2826 leni
3224 2766 3582 2837 responsione
3601 2783 3730 2825 cum
3760 2783 3887 2823 voce

2287 2857 2609 2914 humilitatis
2630 2868 2821 2915 contra
2849 2860 3115 2923 rationem
3143 2860 3351 2931 petenti
3382 2861 3631 2932 deneget.
3659 2862 3719 2919 ln
3744 2861 3887 2923 inﬁr-

2288 2950 2480 3007 mitate
2507 2951 2702 3021 positis
2731 2951 2990 3008 fratribus
3027 2951 3270 3023 diligenti
3309 2967 3443 3013 cura
3484 2962 3540 3009 et
3594 2954 3891 3026 promptis-

2258 3042 2429 3098 .sirno
2453 3041 2649 3099 affectu
2675 3042 2967 3099 ministret.
3013 3042 3280 3103 Similiter
3342 3058 3645 3115 pauperum
3702 3059 3891 3101 curam

2288 3140 2442 3202 gerat
2485 3133 2540 3187 in
2580 3130 2834 3189 omnibus
2883 3135 3136 3190 timorem
3178 3134 3394 3193 Domini
3446 3151 3786 3206 praeponens,
3837 3144 3892 3195 et

558 3219 667 3275 ‘vel
714 3227 845 3292 potu
875 3232 897 3260 ο
937 3237 1048 3279 non
1091 3231 1283 3278 exacta
1331 3212 1829 3283 excommunicatio
1881 3205 2178 3285 carnaliter
2212 3205 2259 3269 Ο
2290 3218 2469 3281 Sciens
2495 3225 2572 3280 illi
2595 3226 2720 3281 inde
2748 3227 3016 3283 rationem
3046 3226 3406 3291 redditurum,
3440 3228 3486 3284 si
3513 3244 3617 3284 non
3642 3244 3746 3300 pro
3768 3230 3892 3302 ejus

560 3312 967 3389 ~provendatur.
1001 3316 1263 3373 Utensilia
1307 3318 1486 3374 omnia
1533 3320 1849 3399 monasterii
1896 3320 2011 3392 ipse
2040 3322 2184 3380 reci-

572 3406 694 3481 piat
719 3406 747 3448 ἀ
773 3408 844 3465 ad
877 3424 1185 3477 numerum,
1220 3417 1275 3465 et
1316 3410 1550 3466 diversis
1599 3411 1903 3482 consignet.
1950 3413 2029 3468 De
2058 3429 2181 3469 om-

577 3501 742 3561 nibus
772 3517 901 3559 vero
940 3518 1061 3574 qua:
1104 3511 1232 3559 sunt
1259 3503 1313 3558 in
1346 3504 1697 3570 monasterio,
1747 3512 1902 3561 extra
1929 3505 2182 3563 abbatem

577 3594 758 3657 nullus
795 3594 900 3652 sibi
948 3594 1151 3666 aliquid
1201 3595 1348 3651 velut
1394 3611 1572 3662 suum,
1622 3597 1737 3652 sive
1784 3598 1928 3668 quod
1966 3599 2172 3665 attulit,

581 3684 698 3743 sive
727 3687 872 3758 quod
900 3687 1123 3753 invenit,
1152 3688 1267 3744 sive
1292 3689 1435 3760 quod
1463 3689 1755 3755 laboravit,
1782 3689 1867 3744 vel
1890 3690 2182 3760 acquisivit

572 3777 809 3859 [nullus]
836 3780 1111 3852 peculiare
1153 3781 1412 3848 vindicet,
1464 3789 1558 3836 aut
1587 3780 1864 3837 defendat.
1911 3782 2049 3850 Quia
2096 3797 2182 3839 re-

574 3870 718 3942 gula:
741 3873 1010 3931 sententia
1041 3883 1126 3930 est
1152 3892 1164 3931 :
1195 3885 1216 3913 ε
1245 3873 1349 3930 Res
1393 3875 1701 3930 monasterii
1735 3884 1783 3930 et
1833 3877 2086 3943 omnium,
2131 3886 2179 3932 et

570 3960 783 4015 nullius
829 3969 926 4017 est.
968 3962 1301 4019 Cellararius
1350 3978 1481 4019 vero
1529 3961 1644 4033 ipse
1677 3963 1846 4019 frater
1874 3965 2176 4035 ordinetur,

578 4050 675 4121 qui
702 4052 960 4125 probatus
986 4051 1148 4106 fuerit
1172 4048 1238 4106 ab
1265 4053 1460 4108 abbate
1494 4053 1673 4108 fidelis
1696 4061 1751 4108 et
1775 4054 2054 4111 abstinens
2076 4071 2136 4111 se
2161 4075 2175 4111 :

570 4144 745 4219 quem
797 4157 1075 4213 nunquam
1120 4143 1290 4207 vincit
1336 4144 1626 4213 aliquando
1658 4143 1837 4215 aliqua
1873 4143 2179 4201 desiderio-

578 4244 711 4291 .rnm
735 4233 882 4303 gula,
910 4234 998 4290 vel
1020 4234 1116 4305 qui
1138 4250 1246 4290 non
1278 4235 1504 4291 multum
1552 4230 1698 4291 amat
1732 4236 2063 4294 manducare
2085 4247 2179 4295 aut

652 4361 679 4422 ξ
706 4347 776 4405 Ut
798 4350 1060 4422 habeatur
1082 4350 1137 4405 in
1161 4359 1349 4422 mente.
1373 4350 1450 4405 Ita
1468 4351 1522 4407 in
1546 4350 1684 4422 Reg.
1711 4366 1814 4406 ms.
1842 4367 1856 4416 ;
1896 4351 1992 4407 sed
2023 4355 2084 4410 τὸ
2116 4364 2172 4409 ut

576 4421 795 4478 videtur
821 4421 1143 4485 redundare.
1177 4418 1379 4477 Sensus
1402 4429 1486 4478 est
1512 4436 1527 4475 :
1556 4420 1612 4478 Si
1634 4418 1951 4482 cellerarius
1970 4424 2174 4479 nonin-

578 4493 739 4565 tersit
757 4491 957 4547 divinis
981 4492 1195 4565 olliciis,
1226 4493 1339 4565 ipse
1356 4493 1525 4549 abbas
1544 4508 1669 4549 eum
1694 4491 1925 4548 fratrum
1972 4495 2177 4550 oratio-

575 4563 737 4619 nibus
763 4564 1123 4620 commendet.

652 4633 679 4673 ι)
704 4632 772 4688 Et
797 4644 968 4688 tamen
996 4632 1151 4700 lente,
1195 4642 1300 4689 etc.
1346 4632 1549 4689 Sensus
1596 4642 1680 4691 est
1710 4652 1723 4688 :
1753 4633 1812 4690 Si
1858 4634 2174 4693 eellerarius

577 4702 995 4776 habensccllam
1019 4705 1175 4775 juxta
1219 4705 1515 4776 oratorium
1565 4704 1733 4760 faciat
1776 4705 1994 4776 aliquod
2039 4722 2173 4776 opus

618 4775 723 4831 uod
771 4774 1286 4831 debitam’orationi
1335 4776 1687 4830 attentionem
1724 4774 1947 4831 minime
1998 4774 2172 4831 imbe-

618 4789 723 4831 noa
771 4789 1011 4831 acnuam
1052 4789 1286 4831 orationi
1335 4789 1687 4830 attentionem
1724 4791 1947 4831 mmune
1998 4793 2070 4831 1m
2144 4809 2169 4819 -

577 4789 712 4911 3m,
742 4844 975 4900 oﬂicium
1004 4845 1242 4916 divinum
1266 4861 1364 4916 per
1392 4861 1451 4901 se
1474 4844 1721 4901 recitabit
1743 4848 2019 4915 sequendo
2054 4792 2169 4903 lii:-

578 4923 723 4972 trum
751 4917 804 4974 in
827 4917 995 4973 choro
1014 4915 1353 4989 psallentium
1380 4932 1606 4989 vocem.
1626 4916 1715 4989 Ex_
1735 4932 1840 4989 quo
1865 4916 2034 4989 liquet
2055 4934 2175 4988 pos-

578 5002 639 5043 se
682 4989 848 5044 horas
885 4986 1175 5043 cano'nicas
1216 4987 1449 5057 persolvi
1506 4986 1761 5058 faciendo
1793 4986 2173 5058 leve’aliquod

577 5073 734 5130 opus,
756 5059 899 5130 quod
922 5058 1116 5115 debitae
1132 5058 1418 5130 attentioni
1444 5074 1551 5130 non
1568 5056 1799 5130 inmeiat.
1814 5056 1992 5130 idque
2013 5056 2172 5130 vulgo

576 5128 1119 5195 docentsummistm,
1153 5129 1428 5184 Navarrus
1468 5129 1523 5183 in
1566 5128 1878 5185 Enchiridio
1918 5130 1985 5185 de
2024 5128 2175 5188 horis

577 5200 873 5273 canonicis,
895 5217 1015 5271 cap.
1030 5200 1129 5273 “l5.
1162 5200 1293 5273 Spto
1328 5200 1451 5255 libr.
1498 5216 1553 5255 1v
1593 5201 1660 5255 de
1698 5198 1914 5268 justitia
1937 5209 1994 5255 et
2026 5201 2169 5273 jure,

577 5284 635 5340 q.
659 5269 780 5340 5,a.
809 5271 874 5337 5;
907 5269 978 5326 et
994 5271 1084 5326 alii
1120 5272 1292 5327 multi.

528 5338 550 5405 ἓ
596 5338 609 5340 ⁷
652 5350 674 5379 ο
704 5339 827 5397 Νοη
855 5351 1041 5398 exacta
1065 5343 1553 5398 excommunicatio.
1569 5340 1645 5397 ita
1664 5340 1886 5413 dicitur,
1908 5341 2035 5413 quia
2050 5357 2173 5400 eam

575 5413 849 5536 prﬁpositi
893 5428 1001 5471 non
1042 5415 1342 5486 exigerent.
1382 5421 1443 5468 ut
1482 5423 1703 5482 possent
1751 5412 1892 5467 inire
1928 5412 2176 5485 gratiam

576 5497 641 5536 ce
681 5498 865 5536 erarn.

576 5497 865 5542 cenerarn.

644 5552 675 5595 ἀ
697 5555 781 5611 Ad
804 5573 1098 5614 numerum.
1126 5555 1329 5613 Gallice
1358 5574 1372 5610 :
1406 5554 1520 5609 Par
1548 5562 1767 5614 compte.

652 5571 675 5595 ιι
697 5571 778 5611 Aa
804 5573 1098 5614 numerum.
1126 5571 1329 5613 uautce
1358 5574 1372 5610 :
1406 5571 1520 5609 rar
1548 5571 1767 5678 com/ne.

652 5636 677 5665 ⁸
704 5624 803 5686 Res
826 5630 1130 5686 monasterii
1155 5638 1203 5683 et
1232 5628 1485 5687 omnium,
1510 5634 1555 5679 et
1581 5642 1649 5681 nu
1674 5624 1776 5681 lius
1791 5635 1887 5681 est.
1912 5626 2175 5684 Omnium

578 5693 636 5755 In
652 5702 950 5768 communi,
976 5699 1175 5757 nullius
1195 5700 1247 5755 in
1263 5695 1526 5768 particula
1535 5696 1600 5768 ri.

657 5765 994 5824 "Monasterii
1041 5765 1369 5834 eellerarius,
1417 5776 1522 5823 etc.
1570 5766 1804 5822 Maxima

1882 5782 1971 5822 ars
2007 5765 2170 5839 huius

581 5836 775 5907 capitis
801 5848 1015 5909 sumpta
1033 5849 1117 5897 est
1147 5854 1217 5897 ex
1260 5837 1529 5909 superiori
1572 5837 1749 5911 capite
1771 5838 1828 5897 S.

2198 4578 2254 4640 D

1940 5837 2165 5909 nedlcti,
2222 5870 2231 5873 ν

2286 3316 2576 3386 praeceptis
2602 3316 3036 3387 implendisme
3067 3318 3254 3377 omnia
3282 3317 3463 3385 faciat,
3494 3334 3704 3375 memor
3732 3336 3889 3383 sem-

2286 3425 2385 3480 per
2413 3409 2577 3476 illius,
2609 3410 2702 3481 qui
2729 3410 2866 3469 dixit
2898 3425 2913 3465 :
2945 3408 3048 3476 Qui
3070 3410 3199 3469 mihi
3221 3410 3502 3475 ministrat,
3522 3426 3602 3467 me
3626 3422 3896 3482 sequatur

2286 3499 2472 3571 (Joan.
2504 3500 2625 3573 xu).
2657 3499 2818 3556 Omni
2869 3517 3000 3573 ergo
3043 3502 3197 3572 operi
3248 3503 3394 3568 bono
3446 3502 3588 3573 quod
3631 3502 3887 3571 facimus,

2286 3590 2502 3648 Domini
2534 3593 2784 3648 timorem
2806 3592 3120 3664 iungamus.
3160 3593 3251 3651 Sic
3298 3594 3353 3653 in
3396 3594 3650 3659 omnibus
3696 3610 3887 3667 curam

2288 3690 2438 3752 agat,
2469 3692 2532 3738 ut
2558 3685 2610 3738 in
2642 3684 2791 3740 nullo
2820 3685 3162 3758 negligentiae
3185 3678 3382 3741 damna
3412 3685 3677 3751 incurrat.
3706 3686 3734 3729 ιι
3757 3678 3893 3743 Ava-

2264 3773 2433 3830 ritiae
2464 3781 2519 3830 et
2553 3775 2870 3846 cupiditatis
2895 3782 3108 3846 pestem
3135 3776 3356 3842 omnino
3385 3776 3574 3848 fugiat.
3628 3776 3892 3833 Similiter

2283 3867 2426 3923 sicut
2453 3883 2562 3933 non
2583 3884 2801 3932 avarus,
2835 3868 2914 3929 sic
2938 3884 3045 3923 non
3078 3868 3151 3924 sit
3186 3868 3446 3940 prodigus
3475 3887 3488 3923 :
3518 3869 3571 3923 id
3592 3878 3717 3937 _est,
3751 3870 3891 3927 sinit

2283 3961 2424 4017 dona
2455 3961 2843 4033 omnipotentis
2872 3960 2969 4016 Dei
2997 3962 3097 4016 sub
3124 3961 3370 4016 avaritia:
3394 3962 3530 4017 vitio
3566 3962 3889 4019 occultando

2283 4052 2605 4107 subtrahere
2631 4068 2736 4108 non
2777 4052 2959 4119 debet,
2988 4052 3067 4108 sic
3117 4053 3236 4109 sine
3286 4051 3436 4123 justa
3481 4054 3885 4127 dispensatione

2280 4144 2445 4199 nimis
2473 4143 2492 4183 1
2520 4143 2818 4203 fenerando
2848 4160 3198 4211 communem
3231 4144 3599 4212 substantiam
3638 4163 3750 4219 non
3790 4148 3886 4205 de-

2280 4238 2373 4294 bet
2408 4239 2662 4309 diripere,
2696 4239 2790 4294 sed
2822 4239 3004 4294 omnia
3026 4252 3125 4311 per
3148 4238 3533 4296 discretionem
3578 4248 3885 4315 temper-n-

2279 4369 2443 4424 quem
2467 4353 2581 4410 fere
2598 4354 2652 4408 in
2677 4354 2930 4417 omnibus
2956 4354 3058 4424 hic
3084 4351 3249 4409 Pater
3268 4354 3537 4424 sequitur.

2354 4425 2515 4508 BJPro
2542 4425 2715 4508 gratia
2743 4426 2937 4479 meriti.
2963 4422 3204 4496 Lege,ut
3225 4423 3282 4479 in
3315 4422 3439 4480 cod.
3467 4425 3647 4487 Vind:
3673 4423 3771 4497 Vel
3787 4444 3883 4501 pro

2278 4504 2454 4568 gratia
2474 4504 2668 4550 meriti.

2349 4566 2378 4640 ιθ
2408 4565 2702 4640 Justitiam.
2731 4565 2809 4640 Ita
2838 4564 3068 4640 in_Psal.
3111 4566 3268 4640 llum.
3299 4608 3315 4633 ,
3343 4568 3540 4640 psalmg.
3568 4567 3656 4627 ιο.

2360 4638 2375 4677 ί
2413 4637 2457 4690 Α
2507 4634 2720 4690 screulo.
2779 4635 3038 4697 Additum
3086 4636 3156 4694 ab
3190 4634 3434 4697 auctore
3481 4638 3659 4696 citatis
3702 4637 3879 4697 locum

2276 4722 2349 4762 ex
2370 4707 2654 4771 memoria,
2677 4722 2784 4763 non
2802 4723 2875 4764 ex
2894 4708 3101 4766 codice.

2356 4775 2529 4854 i_Sine
2556 4790 2867 4835 commeatu.
2892 4778 2954 4837 Id
2994 4789 3098 4847 est,
3125 4779 3245 4835 sine
3275 4780 3567 4854 permissu-
3614 4778 3754 4853 Vide
3790 4796 3875 4853 Si“

2280 4848 2467 4918 perius
2486 4857 2768 4906 annouta.

2351 4918 2735 4992 k_Avariti¢c_e_t
2766 4919 3069 4992 cupiditatis
3095 4929 3309 4992 pestem,
3348 4931 3456 4979 etc.
3498 4921 3770 4980 Prmelare
3816 4923 3871 4980 ὃ.

2279 4988 2512 5075 Dasilius
2550 4992 2604 5045 in
2648 4988 3157 5074 Adrnpnitioriibus:
3191 4992 3378 5075 «Cave.
3408 5009 3625 5075 quoque
3671 4995 3872 5075 cupidi-

2280 5066 2470 5127 tatem,
2495 5076 2599 5134 nec
2625 5061 3192 5134 amoripecuniarum
3241 5061 3499 5134 subjicias
3537 5061 3622 5129 (te,
3671 5061 3765 5122 sed
3808 5066 3871 5119 ab

2277 5134 2423 5188 omni
2450 5132 2683 5188 avaritia
2706 5132 2938 5198 declina,
2970 5148 3039 5189 ne
3077 5132 3459 5191 condemneris
3490 5144 3551 5191 ut
3570 5135 3785 5191 adulter
3820 5146 3871 5189 et

2277 5202 2545 5277 idolor_um
2571 5201 2906 5277 cultor.l‘_ioli
2938 5219 3125 5265 amare
3155 5221 3497 5272 mammona;
3526 5222 3597 5262 ne
3618 5216 3675 5263 te
3718 5222 3870 5277 sepa—

2276 5283 2362 5347 ret
2384 5291 2414 5329 a
2440 5275 2571 5347 Deo.
2596 5273 2716 5347 Noli
2736 5274 2958 5347 diligere
2973 5290 3104 5347 epes
3135 5286 3403 5344 terrenas,
3424 5293 3494 5347 ne
3517 5278 3742 5333 amittas
3765 5273 3870 5332 ἐω-

2278 5345 2463 5419 lestes.
2519 5346 2671 5401 Multi
2720 5345 3214 5419 cupientesaliena
3251 5363 3283 5402 a
3323 5345 3680 5419 suisprivati
3723 5356 3865 5404 sunt.

2276 5416 2484 5473 Alienze
2505 5426 2632 5473 sunt
2661 5432 2691 5471 a
2720 5417 2879 5473 nobis
2910 5415 3068 5486 hujus
3098 5419 3281 5473 saeculi
3315 5415 3603 5476 facultates
3634 5437 3648 5474 :
3682 5428 3864 5477 nostra

2283 5496 2466 5573 autem
2508 5488 3058 5573 pgssessio‘regnum
3098 5488 3506 5573 omlorum‘est.
3529 5511 3549 5544 ι
3606 5490 3678 5546 Et
3712 5489 3867 5573 paulo

2281 5568 2443 5630 post:
2483 5578 2500 5611 ι
2530 5559 2674 5635 Cave
2710 5558 2960 5635 radicem
2985 5560 3234 5635 omnium
3280 5560 3547 5635 malorum
3599 5558 3865 5635 cupidita-

2281 5638 2390 5705 tem
2418 5631 2770 5705 pecuniarum
2798 5630 3068 5702 :cnpidus
3099 5632 3247 5693 enim
3302 5631 3543 5705 animam
3582 5630 3743 5693 suam
3774 5644 3867 5687 ve-

2279 5701 2455 5759 nalem
2482 5702 2665 5757 habet.
2698 5722 2716 5755 ι

2357 5771 2376 5815 1
2417 5770 2752 5831 Fenerando.
2793 5773 2852 5832 ω
2875 5781 2960 5833 est
3007 5772 3341 5848 dissipando-
