4088 6330
512 279 652 352 {055

1543 284 1602 340 S.
1640 278 2005 339 BENEDICTI
2040 273 2332 334 ABBATIS
2370 271 2780 334 AMANENSIS

3675 254 3853 335 ξοδδ

507 423 698 468 curam
745 418 937 478 gerere
986 401 1458 468 ferramentorum,
1487 412 1514 442 δ
1539 397 1855 454 utensilium
1907 410 2096 452 eorum
2121 394 2177 457 Α
2198 393 2291 464 qui
2322 408 2386 448 ea
2417 392 2770 463 operantibus
2800 390 3115 474 distribuat,
3148 399 3480 465 receptaque
3502 395 3842 452 custodiat.

509 504 577 560 de
600 503 796 574 quibus
819 502 849 541 ι)
875 499 1204 571 operantur?
1224 496 1463 567 -—Resp.
1487 493 1730 548 Primum
1748 491 1967 562 quidem
1989 490 2100 546 sic-

511 604 572 652 ut
593 596 739 651 vasis
757 594 876 658 Dei,
901 593 986 648 vel
1011 591 1096 646 bis
1117 607 1237 661 quae
1253 591 1365 662 jam
1383 590 1496 644 Deo
1523 593 1843 643 consecrata
1861 592 2006 650 sunt,
2023 583 2104 638 uti

514 688 746 743 debent:
789 685 982 741 deinde
1024 691 1280 753 tanquam
1309 682 1401 752 qui
1430 696 1537 736 non
1565 679 1776 751 possint
1803 678 1923 734 sine
1971 676 2105 747 ipsis
2163 708 2170 713 ι

515 779 814 836 devotionis
840 786 895 832 et
920 776 1083 831 studii
1108 774 1474 829 emolumenta
1507 771 1783 839 consequi.

797 871 824 943 §
861 870 947 926 VI.
979 899 1053 910 —
1079 868 1213 922 Item
1245 866 1478 937 ejusdem
1511 864 1652 935 (cap.
1676 862 1821 934 104).

588 962 848 1032 Interrog.
884 960 1037 1028 Quod
1065 960 1112 1014 si
1150 973 1249 1028 per
1277 956 1662 1029 negligentiam
1690 958 1880 1024 pereat
1905 951 2110 1022 aliquid

517 1072 584 1113 ex
624 1055 710 1110 bis
740 1062 831 1108 aut
866 1067 963 1124 per
1010 1060 1379 1120 contemptum
1432 1046 1757 1118 dissipetur?
1783 1076 1852 1086 —
1876 1044 2034 1116 Resp.
2061 1044 2112 1099 Is

519 1149 758 1222 quidem,
783 1147 875 1217 qui
907 1145 1227 1208 contemnit,
1280 1143 1430 1198 velut
1463 1141 1762 1211 sacrilegus
1782 1139 2112 1210 judicandus

517 1249 624 1297 est.
656 1239 723 1294 Et
753 1238 846 1309 qui
873 1236 1106 1309 perdidit
1140 1251 1240 1307 per
1266 1234 1674 1305 negligentiam,
1701 1240 1757 1287 et
1787 1232 1902 1302 ipse
1935 1229 2114 1285 simile

518 1335 724 1392 crimen
769 1332 1037 1387 incurrit:
1073 1345 1174 1401 pro
1213 1344 1278 1383 eo
1309 1327 1450 1397 quod
1480 1327 1664 1381 omnia
1707 1340 1828 1395 quae
1875 1323 1943 1378 ad
1984 1337 2115 1377 usus

468 1484 474 1493 ,
519 1440 799 1482 servorum
828 1423 924 1478 Dei
950 1423 1205 1492 deputata
1231 1428 1377 1484 sunt,
1400 1420 1512 1474 Deo
1556 1420 1675 1472 sine
1718 1416 1883 1471 dubio
1921 1429 2116 1470 conse-

520 1524 671 1573 erata
709 1525 854 1573 sunt.
890 1513 1052 1586 (Vide
1090 1529 1253 1584 supra
1280 1511 1348 1565 ad
1372 1510 1501 1581 Reg.
1529 1510 1586 1566 S.
1607 1509 1812 1586 Bened.
1845 1510 1942 1564 hoc
1971 1507 2113 1580 cap.)

805 1609 833 1682 §
875 1607 985 1664 Vll.
1009 1637 1080 1648 —
1102 1605 1239 1660 Item
1274 1604 1507 1674 ejusdem
1539 1603 1676 1675 (cap.
1715 1602 1862 1676 105).

593 1701 856 1771 Interrog.
889 1710 911 1739 ο
951 1698 1107 1766 Quod
1135 1699 1180 1754 si
1211 1714 1244 1752 a
1273 1697 1451 1768 seipso
1487 1697 1834 1752 commodare
1860 1695 2112 1762 voluerit,

2205 489 2276 543 Et
2299 488 2438 543 licet!
2455 487 2761 568 specialiter
2789 488 2907 543 haec
2935 496 3133 543 cuncta
3156 487 3386 560 singulis
3401 500 3680 546 maneant
3707 491 3845 546 dis-

2207 568 2430 647 tributa,
2481 572 2664 636 omnia
2708 589 2889 635 tamen
2927 580 2956 619 h
3010 595 3042 634 a
3093 588 3248 652 patre
3292 581 3618 637 monasterii
3670 580 3847 638 ordi-

2207 685 2336 732 nata
2362 676 2430 730 ad
2457 689 2645 730 curam
2667 673 2942 746 praepositi
2971 674 3341 745 pertinebunt.

2305 769 2333 842 §
2367 769 2432 823 X.
2459 799 2529 807 —
2554 767 2633 823 Ex
2664 767 2884 822 Recens.
2913 782 3102 822 SANCTI
3131 766 3438 823 Faucruost
3477 766 3619 839 (cap.
3658 766 3750 838 7).

2289 865 2306 904 ί
2340 863 2692 918 Ferramenta
2713 860 2800 916 vel
2829 860 3085 916 utensilia
3127 859 3382 931 quaelibet
3407 859 3698 916 artificum
3731 861 3844 917 sub

2213 974 2321 1015 uno
2368 957 2709 1014 recondenda
2747 963 2874 1012 sunt
2921 956 3204 1022 conclavi,
3259 965 3315 1012 et
3365 955 3617 1012 custodia
3657 955 3843 1008 unius

2214 1053 2403 1108 fratris
2434 1050 2685 1107 industrii
2722 1059 2779 1105 et
2809 1049 3042 1120 providi.
3093 1047 3307 1119 Quique
3354 1047 3698 1119 segregatim
3745 1044 3842 1099 illa

2216 1147 2410 1202 idoneo
2439 1143 2716 1199 collocans
2747 1141 2886 1206 loco,
2934 1149 3097 1212 prout
3135 1157 3224 1197 res
3262 1141 3492 1210 expetit,
3540 1137 3844 1209 poscenti-

2214 1239 2316 1294 bus
2361 1238 2429 1292 ad
2478 1234 2815 1307 operandum
2851 1233 3114 1288 fratribus
3145 1233 3372 1298 tribuat,
3427 1240 3596 1302 atque
3624 1229 3706 1284 ad
3738 1244 3839 1285 ve-

2216 1345 2437 1401 sperum
2469 1329 2582 1384 suis
2613 1342 2676 1382 ea
2723 1325 2982 1397 colligens
3014 1325 3150 1381 locis
3195 1340 3384 1380 curam
3426 1321 3659 1378 habebit
3689 1339 3709 1387 ;
3767 1335 3840 1376 ne

2216 1421 2344 1493 quid
2373 1420 2439 1474 de
2465 1419 2551 1474 liis
2584 1425 2680 1472 aut
2716 1425 2924 1487 pereat,
2954 1425 3049 1471 aut
3073 1431 3173 1488 per
3211 1415 3603 1488 negligentiam
3633 1412 3656 1474 ἱ,
3689 1428 3839 1468 aeru-

2216 1512 2387 1584 ginet,
2416 1511 2500 1566 vel
2537 1510 2778 1581 qualibet
2801 1509 3090 1566 occasione
3111 1509 3357 1565 vilescat.

2383 1606 2409 1678 §
2442 1605 2530 1660 XI.
2581 1636 2654 1645 —
2687 1605 2770 1660 Ex
2799 1605 3021 1660 REGULA
3045 1604 3312 1660 MAGISTRI
3346 1601 3484 1676 (cap.
3518 1599 3637 1672 I7).

2291 1698 2319 1738 κ
2346 1696 2701 1753 Ferramenta
2731 1695 3050 1751 monasterii
3093 1694 3147 1750 in
3179 1711 3284 1750 uno
3307 1694 3706 1750 contineantur
3729 1707 3830 1748 cu-

521 1803 618 1848 aut
643 1792 888 1862 accipere
915 1791 982 1845 ab
1009 1782 1148 1846 alio?
1175 1821 1247 1831 —
1282 1790 1441 1862 Resp.
1476 1791 1758 1861 Tanquam
1786 1790 2026 1847 insolens
2063 1799 2119 1844 et
2145 1786 2193 1845 Β
2220 1789 2421 1857 biculo,
2454 1797 2509 1844 et
2533 1789 2626 1843 uni
2657 1787 2838 1854 fratri,
2873 1786 3028 1856 cujus
3065 1787 3398 1857 diligentiam
3427 1785 3603 1841 abbas
3627 1800 3836 1856 cogno-

523 1883 843 1941 temerarius
896 1882 1178 1938 habendus
1228 1890 1332 1937 est.
1362 1881 1389 1921 d
1422 1881 1548 1937 Haec
1589 1882 1736 1937 enim
1789 1897 1978 1937 eorum
2030 1881 2122 1950 qui

522 1982 762 2048 praesunt
785 1981 839 2029 et
868 1988 1053 2030 curam
1101 1973 1522 2045 dispensationis
1549 1980 1766 2042 gerunt,
1796 1969 1971 2028 ollicia
1999 1985 2126 2042 pro-

525 2067 648 2139 pria
675 2073 816 2122 sunt.

793 2155 820 2228 §
850 2155 981 2212 VIII.
1015 2185 1087 2195 —
1111 2154 1246 2210 lrsu
1277 2170 1510 2210 EJUSDEI
1543 2153 1682 2226 (cap.
1713 2152 1859 2225 106).

598 2247 860 2318 Interrog.
913 2260 936 2288 θ
971 2247 1127 2315 Quod
1167 2247 1214 2302 si
1260 2248 1563 2303 necessitas
1604 2256 1796 2318 poscat
1834 2255 1894 2301 ut
1937 2246 1984 2301 is
2032 2248 2124 2318 qui

526 2347 724 2410 praeest
739 2339 980 2409 requirat
1002 2340 1070 2394 ab
1090 2339 1273 2408 aliquo
1295 2355 1487 2394 eorum
1507 2324 1600 2410 vas
1612 2339 1695 2394 vel
1711 2338 2122 2405 ferramentum,

527 2437 585 2484 et
615 2428 1008 2484 contradixerit
1028 2430 1051 2483 ?
1075 2458 1146 2470 —
1169 2427 1328 2500 Resp.
1373 2427 1476 2495 Qui
1505 2444 1562 2484 se
1592 2430 1765 2499 ipsum
1798 2439 1854 2484 et
1880 2432 2126 2486 membra

527 2534 630 2574 sua
683 2519 899 2573 tradidit
957 2520 1013 2573 in
1055 2519 1281 2574 alterius
1335 2526 1661 2588 potestatem
1714 2530 1936 2591 propter
1974 2539 2126 2578 man-

529 2608 715 2664 datum
744 2609 1002 2676 Domini,
1052 2610 1327 2679 quomodo
1376 2610 1563 2666 licebit
1609 2612 1657 2667 ei
1689 2612 1756 2668 de
1805 2615 2127 2673 utensilibus

529 2704 907 2759 contradicere
942 2702 961 2742 ῐ
997 2702 1126 2759 huic
1165 2703 1475 2775 praecipue,
1525 2705 1614 2761 cui
1657 2720 1787 2762 cura
1834 2709 2126 2766 commissa

533 2808 620 2856 est
641 2801 664 2854 ?

493 2877 534 2889 ’
623 2894 651 2967 §
679 2894 769 2948 1X.
804 2925 876 2935 —
902 2895 1236 2973 ExRecuu
1261 2913 1450 2955 SANCTI
1493 2897 1693 2954 lsrnonr
1735 2898 1873 2973 (cap.
1904 2899 2017 2971 20).

605 2988 632 3027 8
663 2971 1106 3044 Strumentorum
1184 2992 1468 3056 custodia,
1539 2971 1996 3047 ferramentorum
2059 2992 2127 3047 ad

533 3095 722 3145 unum,
757 3096 919 3151 quem
945 3093 1102 3152 pater
1123 3085 1519 3140 monachorum
1544 3084 1792 3156 elegerit,
1814 3085 2125 3156 pertinebit,

534 3287 568 3341 ﬁ
608 3229 634 3258 ιι
669 3215 1000 3274 Utensilium.
1054 3219 1229 3291 Lege,
1279 3221 1356 3275 vel
1407 3218 1727 3285 utensilium,
1759 3226 1819 3273 ut
1845 3218 1986 3291 apud
2012 3218 2126 3274 au-

574 3304 724 3341 num.

574 3304 724 3342 num.

607 3358 634 3397 ιι
675 3356 993 3428 Operantur.
1039 3361 1117 3416 Ita
1166 3361 1308 3433 apud
1339 3361 1620 3417 Rufinum.
1671 3361 1846 3416 Aliter
1889 3360 1953 3433 Ain
1979 3369 2131 3416 textu

535 3427 756 3511 Graeco:
778 3427 1414 3511 Πεπιστευμὲνωνἀὐτοῐς,
1443 3433 1497 3488 id
1521 3440 1626 3499 est,
1663 3451 1682 3484 t
1713 3448 1833 3503 qua:
1855 3431 1959 3486 sibi
1986 3447 2133 3488 com-

538 3508 705 3554 missa
735 3508 877 3554 sunt.
912 3521 930 3554 ι

611 3581 633 3609 ο
661 3569 815 3635 Quod
840 3572 886 3625 si
915 3589 948 3625 a
979 3589 1032 3626 se
1058 3575 1191 3645 ipso.
1217 3574 1466 3630 Invenire
1495 3583 1580 3630 est
1606 3573 1749 3644 apud
1779 3572 1836 3628 S.
1869 3572 2133 3629 Basilium

538 3639 731 3715 interr:
757 3649 978 3715 seq.,_et
1012 3639 1154 3713 apud
1188 3645 1441 3699 Rufinum
1471 3647 1596 3701 eod.
1623 3639 1744 3715 cap.

607 3709 635 3748 ἀ
678 3708 806 3785 Haec
834 3708 1186 3785 enimgeorum
1214 3716 1303 3785 qui
1339 3725 1592 3785 prwsunt.
1630 3708 1756 3770 Haec
1784 3730 1893 3770 non
1922 3722 2049 3770 sunt
2079 3715 2134 3770 in

536 3779 922 3862 textui-firmo.
956 3783 1106 3839 Mens
1133 3779 1312 3862 autem
1339 3779 1513 3862 sancti
1528 3785 1709 3840 Basilii
1741 3785 1857 3840 base
1886 3795 2009 3862 est_:
2038 3785 2133 3851 Ut,

536 3851 573 3905 ii
626 3851 725 3904 soli
775 3853 985 3920 possint
1038 3855 1378 3910 commodato
1422 3855 1783 3911 instrumenta
1826 3871 1920 3911 seu
1963 3856 2135 3911 ferra-

537 3929 721 3996 menta
753 3922 882 3996 dare
900 3932 1003 3996 aut
1029 3925 1294 3996 accipere,
1328 3925 1418 3994 qui
1443 3941 1630 3979 eorum
1656 3941 1842 3996 curam
1867 3935 2084 3996 gerunt.

616 3989 823 4069 eﬁQuod
866 3993 930 4069 si_
962 3989 1238 4047 necessitas
1283 3989 1516 4069 poscat1
1551 4003 1654 4049 etc.
1707 3989 1969 4069 Habct'un
1995 3997 2136 4065 apud

539 4058 888 4184 ἓόᾱῐέἒῗίιὶυηι
917 4063 1106 4118 interr.
1141 4058 1294 4133 sequi
1327 4064 1458 4133 Reg.
1481 4064 1574 4118 Br.
1611 4073 1665 4119 et
1693 4066 1834 4135 apud
1857 4065 1983 4120 Ruf.
2012 4058 2132 4136 cap.

541 4145 753 4186 600811].

616 4200 634 4238 ί
672 4197 814 4272 Huic
838 4202 1121 4272 praecipue,
1166 4211 1273 4258 etc.
1310 4202 1478 4258 Paulo
1507 4204 1666 4260 aliter
1696 4205 1748 4259 in
1780 4205 1970 4260 Graeco
1999 4225 2011 4260 :
2054 4214 2137 4272 Τῷ

540 4265 852 4353 «pecuariam,
959 4265 1044 4327 noti
1073 4265 1171 4353 ςτῶν
1204 4283 1396 4353 ausuri»:
1434 4277 1464 4334 ri
1491 4279 1691 4348 φροντὶς
1715 4277 1914 4353 aviam,
1949 4276 2003 4353 id
2029 4265 2134 4343 est',

545 4344 863 4410 (antistiti,
899 4344 973 4398 et
1015 4344 1181 4400 etiam
1230 4346 1317 4400 cui
1356 4344 1820 4402 cura’commissa
1847 4354 1932 4402 est
1965 4346 2138 4403 ferra-

540 4430 663 4471 men
671 4423 869 4468 torum.
909 4434 928 4466 ι

2156 3147 2203 3212 C

2176 1910 2178 1912 ν
2223 1887 2404 1952 verit,
2465 1900 2654 1940 eorum
2699 1881 3201 1938 conservandorum
3248 1895 3436 1936 curam
3493 1880 3829 1946 committat.

2224 1979 2325 2046 Qui
2350 1977 2594 2048 quotidie
2623 1975 2886 2031 fratribus
2923 1973 2990 2029 ad
3029 1973 3277 2029 facienda
3319 1989 3488 2044 opera
3531 1973 3833 2044 consignet

2224 2072 2290 2126 ad
2322 2087 2633 2136 numerum,
2663 2077 2718 2125 et
2753 2084 2784 2123 a
2818 2067 2837 2107 1
2863 2067 3302 2139 disjungentibus
3342 2065 3600 2122 similiter
3629 2069 3834 2124 munda

2223 2163 2339 2234 ipsa
2366 2163 2593 2234 recipiat
2629 2171 2685 2218 et
2727 2167 2978 2231 reponat,
3019 2160 3186 2214 breve
3224 2158 3293 2215 de
3320 2159 3577 2215 omnibus
3607 2169 3832 2217 tenente

2226 2256 2440 2312 abbate.
2497 2255 2598 2322 Qui
2625 2268 2756 2310 vero
2785 2252 2959 2308 frater
2985 2265 3094 2306 non
3124 2250 3387 2306 mundum
3428 2249 3831 2306 ferramentum

2227 2366 2258 2404 a
2291 2359 2438 2405 terra
2463 2360 2504 2388 ω
2535 2348 2602 2403 de
2630 2362 2761 2418 agro
2795 2355 2822 2382 η
2850 2343 3208 2409 revocaverit,
3243 2351 3534 2398 accusatus
3578 2342 3651 2397 ad
3679 2358 3833 2398 men-

2220 2457 2344 2514 sam
2374 2457 2405 2496 a
2434 2440 2656 2496 custode
2696 2437 3159 2494 ferramentorum
3185 2450 3362 2505 poenae
3400 2435 3626 2491 nomine
3658 2435 3712 2490 in
3745 2451 3833 2492 re-

2226 2531 2459 2604 fectione
2492 2531 2548 2585 in
2574 2529 2825 2601 portione
2849 2528 3009 2599 panis
3057 2527 3142 2584 sui
3167 2542 3336 2581 unam
3373 2533 3398 2561 ο
3430 2526 3700 2597 quadram
3727 2526 3833 2582 mi-

2228 2642 2331 2682 nus
2356 2624 2590 2696 accipiat
2616 2637 2790 2693 usque
2835 2623 2906 2678 ad
2950 2619 3399 2686 satisfactionem,
3447 2620 3537 2674 vel
3575 2621 3829 2676 emenda-

2226 2718 2433 2773 tionem
2480 2717 2807 2788 promissam
2843 2733 2855 2768 :
2913 2715 3040 2785 quia
3096 2713 3294 2770 exinde
3339 2712 3607 2784 :eruginat
3651 2711 3830 2769 ferra-

2227 2819 2495 2875 mentum,
2541 2824 2666 2866 cum
2709 2807 2973 2863 mundum
3009 2822 3118 2863 non
3161 2805 3328 2862 fuerit
3353 2806 3614 2878 positum.
3654 2805 3829 2863 Simul

2227 2902 2396 2957 etiam
2443 2909 2498 2957 et
2545 2900 2661 2971 ipse
2710 2898 2881 2955 frater
2931 2899 3280 2972 consignatas
3317 2898 3519 2955 habeat
3557 2907 3726 2966 cotes,
3772 2907 3832 2955 et

2232 2992 2915 3070 spongias‘calciariorum,
2937 3003 2962 3042 Ρ
2982 2991 3284 3064 facitergia,
3314 3007 3542 3063 mappas
3566 2992 3654 3049 vel
3681 3003 3708 3044 ιι
3735 3007 3828 3048 sa-

2232 3085 2373 3141 bana
2400 3103 2413 3140 :
2444 3085 2696 3141 similiter
2717 3093 2774 3143 et
2809 3101 2993 3142 arcam
3020 3101 3145 3141 cum
3177 3087 3341 3143 rebus
3366 3085 3598 3150 abbatis,
3629 3084 3714 3142 vel
3739 3101 3830 3141 ar-

2229 3219 2299 3274 27
2324 3221 2389 3275 de
2410 3220 2635 3290 fugitivo
2657 3220 2928 3275 monacho
2952 3235 2966 3273 :
3003 3237 3022 3270 ‹
3054 3217 3162 3274 Sed
3186 3218 3489 3289 ubicunque
3513 3218 3698 3290 fuerit,
3728 3219 3832 3272 ab-

2229 3291 2362 3416 baéid
2398 3289 2496 3346 suo
2552 3291 2880 3349 auctoritate
2910 3305 3183 3346 canonum
3231 3299 3522 3354 revocetur,
3560 3308 3580 3340 ι
3627 3289 3685 3343 id
3712 3297 3826 3354 est,

2230 3376 2290 3416 re
2367 3371 2508 3416 atur.

2230 3362 2657 3498 Redimam.
2703 3432 2920 3500 Quadra
2969 3440 3055 3487 est
3103 3430 3339 3487 frustum
3380 3429 3534 3500 panis
3559 3470 3575 3496 ,
3626 3437 3829 3500 quarta

2230 3517 2359 3574 pars
2394 3504 2568 3573 panis.
2609 3503 2815 3558 Glossas
2844 3511 3060 3558 veteres
3082 3521 3111 3574 ξ
3153 3501 3402 3574 Quadra,
3442 3501 3618 3562 τόπος.
3659 3501 3825 3574 Lege,

2231 3571 2412 3644 ἓτόμοςζ
2438 3574 2490 3627 id
2515 3581 2616 3639 est,
2648 3573 2880 3628 frustum
2899 3614 2914 3637 ,
2946 3583 3006 3627 ut
3047 3571 3173 3628 olim
3205 3589 3236 3628 a
3260 3572 3436 3627 doctis
3467 3582 3552 3628 est
3576 3571 3829 3628 emenda-

2232 3649 2369 3698 tum.
2405 3644 2604 3699 Mentio
2631 3644 2693 3698 fit
2721 3645 2861 3715 apud
2883 3643 3218 3710 Iuvenalem,
3257 3641 3373 3697 Sat.
3401 3642 3434 3697 5
3460 3661 3473 3697 :

2355 3682 2369 3698 ο
2405 3681 2604 3699 ιηυιιυιυ
2631 3681 2693 3698 II.
2721 3681 2861 3710 ulluu
2883 3681 3218 3710 vuvvuulvul,
3257 3681 3373 3697 νασο
3401 3681 3434 3697 υ
3460 3685 3473 3697 ο

2359 3753 2425 3805 Ut
2449 3756 2575 3805 bona
2598 3767 2784 3806 summa
2809 3760 2958 3819 putes
2981 3755 3144 3807 aliena
3164 3755 3335 3806 vivere
3354 3753 3559 3821 quadra.

2237 3850 2344 3907 Sed
2365 3851 2792 3926 proverbialiter
2815 3852 3040 3926 dictum.
3085 3851 3382 3907 Faciebant
3406 3852 3640 3908 Romani
3666 3867 3827 3926 panes

2236 3922 2532 3995 quadratos
2567 3922 2830 3995 habentes
2875 3922 3181 3995 incisuras;
3234 3931 3292 3977 et
3334 3922 3685 3994 unaquaque’
3704 3940 3824 3995 pars

2228 4009 2332 4048 seu
2364 3992 2601 4061 incisura
2648 3993 2848 4047 dicitur
2877 3993 3106 4061 quadra.
3145 3993 3437 4049 Athenaeus
3463 3992 3588 4049 lib.—
3617 4011 3668 4050 1:
3699 3992 3825 4051 R1!»-

2236 4067 2387 4140 piouc
2407 4066 2462 4118 τέ
2489 4060 2680 4132 ἄρτους
2695 4060 3044 4140 ⁸ὀηιείηιιιᾴζὲςιῇθᾳνι
3071 4066 3204 4140 λέγει
3230 4067 3352 4140 rei}:
3372 4063 3597 4140 ἔχοντας
3619 4069 3823 4140 Europi;

2235 4123 2324 4196 δὺς
2355 4123 2913 4211 ’γΡωμαῗοε-Κιίδρᾳίςούξ
2952 4123 3184 4211 λέγορέι,
3230 4123 3478 4211 id_est,'_«
3516 4123 3824 4211 ὺύεεριεὶιρέ

2276 4219 2408 4259 anes
2434 4203 2690 4276 appellari
2720 4203 2870 4270 dicit,
2905 4203 3041 4274 quos
3071 4206 3298 4261 Romani
3326 4207 3623 4276 quadratos
3651 4208 3824 4276 appel-

2227 4275 2371 4337 lant,
2391 4275 2654 4330 habentes
2679 4275 2946 4330 incisuras
2971 4290 2986 4329 :
3024 4296 3041 4328 ι
3071 4275 3528 4331 meminitSuidas
3553 4296 3566 4331 :
3597 4275 3823 4340 κοὸίοὶτης

2239 4344 2418 4420 ᾆρῖος,
2456 4346 2510 4400 id
2539 4355 2654 4411 est,
2695 4365 2714 4397 ι
2748 4347 3047 4420 quadratus
3072 4348 3264 4417 panis:
3296 4366 3323 4420 ρ
3376 4347 3450 4401 ita
3483 4348 3663 4403 dictus
3688 4337 3821 4419 quod

2239 4416 2463 4487 haberet
2491 4425 2723 4487 quatuor
2757 4417 3025 4471 incisuras
3049 4416 3144 4472 seu
3172 4417 3426 4487 quadras,
3453 4426 3514 4473 ut
3540 4416 3724 4474 videre
3745 4429 3824 4476 est

613 4487 638 4525 Β
668 4483 1088 4570 Strumentorum
1127 4487 1402 4570 custodia,
1457 4496 1561 4570 etc.
1614 4486 1740 4570 Haec
1763 4569 1766 4570 ν
1786 4488 2056 4570 habentur
2076 4489 2133 4544 in
2158 4510 2212 4570 D
2239 4487 2380 4557 apud
2501 4483 2821 4569 Gregorium
2841 4487 2938 4570 lib.
2970 4483 3252 4570 l.Dial.,_-c.
3283 4504 3346 4553 ιι,
3385 4489 3452 4543 de
3572 4489 3822 4570 Martyfio

538 4555 674 4627 Reg.
726 4570 927 4610 excusa
947 4556 1070 4611 eod.
1108 4573 1227 4627 cap.
1268 4559 1358 4616 ubi
1384 4559 1620 4627 legitur:
1656 4557 2135 4615 Instrumentorum

538 4634 589 4679 et
624 4628 1064 4693 ferramentorum
1113 4628 1371 4682 custodia.
1438 4628 1881 4684 Strumentorum
1929 4639 2128 4695 autem,

537 4711 639 4768 pro
670 4695 1174 4768 instrumentorum.
1221 4696 1354 4753 Vide
1384 4715 1568 4768 supra.

611 4765 640 4804 ιλ
670 4762 916 4888 AtPatre
949 4768 1275 4821 monasterii.
1329 4768 1389 4823 In
1419 4762 1626 4840 Regula
1663 4784 1868 4824 excusa
1899 4768 2050 4824 deest
2075 4771 2133 4826 τὸ

611 4852 726 4888 ῖηαδ
752 4852 869 4888 em.

539 4852 869 4890 ηιοηαδιεηι.

617 4908 654 4980 i_
673 4903 1140 4980 Ferramenta_vel
1162 4907 1428 4980 utensilia,
1450 4917 1583 4980 etc.)
1618 4908 1745 4964 Haec
1785 4910 2132 4980 reperiuntur

540 4977 754 5102 ἒῐόόῐὶθίβ.
789 4993 891 5103 ηιξ.
925 4977 982 5034 S.
1016 4977 1302 5034 Fructuosi
1347 4978 1743 5050 archiepiscOpi
1784 4977 1920 5035 cod.‘
1942 4979 2125 5036 Crass.

647 5089 659 5101 .
724 5065 809 5103 an.
879 5089 892 5103 .

539 5061 659 5119 eoa.
693 5063 809 5119 cap.
843 5061 892 5103 7.

615 5115 628 5166 i
663 5115 963 5191 .Er‘uginet.
988 5119 1046 5174 Id
1075 5128 1174 5183 est,
1203 5121 1497 5191 aeruginem
1521 5123 1832 5186 contrahat,
1869 5123 1943 5178 ita
1966 5123 2131 5178 etiam

540 5187 779 5263 loquitur
805 5187 1061 5262 Magister
1088 5207 1207 5262 cap.
1249 5187 1352 5246 IT:
1410 5211 1427 5244 ‹
1461 5191 1598 5260 Quia
1645 5195 1839 5250 exinde
1869 5194 2134 5263 aeruginat

539 5256 950 5316 ferramentum.
989 5282 1008 5315 ›

615 5328 640 5366 ι
678 5329 1021 5386 Ferramenta
1048 5335 1371 5389 monasterii.
1403 5333 1529 5390 llazc
1554 5335 1823 5391 habentur
1851 5336 1903 5389 in
1933 5334 2000 5387 R.
2028 5331 2128 5388 Ms.

541 5399 663 5474 cod.
695 5398 856 5474 Corb.
885 5403 1081 5474 eodem,
1104 5405 1296 5474 capite.

621 5469 638 5508 ¹
669 5473 712 5526 Α
743 5469 1184 5542 άὶεςλιιηθεηιίὺιιδῖ
1219 5475 1416 5546 Supplc
1440 5493 1517 5541 se,
1549 5475 1602 5530 id
1628 5484 1734 5542 est,
1754 5476 1848 5546 qui
1872 5490 1931 5531 se
1955 5477 2022 5532 ab
2050 5477 2131 5531 in-

542 5541 717 5618 vicem
745 5541 1000 5618 separant
1025 5541 1500 5618 completo-opere.

615 5625 656 5652 ιιι
681 5613 758 5686 pe
785 5613 932 5686 agro.
958 5614 1088 5685 Sup.
1121 5613 1389 5674 reversus.

605 5693 646 5762 ,ιι
674 5683 1052 5762 Βευρὲαρενίςξ
1082 5686 1137 5741 ld
1183 5698 1291 5762 cs_t,_
1333 5688 1646 5762 reddiderit.
1676 5687 1831 5762 _Nam
1872 5702 2130 5744 revocare

544 5750 838 5822 aliquando
867 5755 1135 5823 signiﬁcat
1164 5750 1408 5815 reddere.
1448 5760 1612 5816 Cone.
1660 5758 1970 5830 Agathense
2003 5775 2124 5816 can.

2237 4557 2503 4628 monacho
2523 4557 2816 4627 provinciae
2843 4557 3071 4612 Valeriae
3096 4576 3109 4612 :
3145 4576 3164 4609 ‹
3194 4559 3590 4628 Dumquadam
3613 4557 3823 4615 die'fra-

2236 4637 2383 4701 tres
2412 4626 2554 4680 illius
2602 4642 2798 4701 panem
2848 4628 3269 4701 subcinericium
3325 4626 3604 4695 fecissent,
3670 4633 3820 4701 eique

2235 4697 2385 4779 obliti
2412 4697 2836 4780 essent'signum
2861 4699 3040 4780 crucis
3089 4699 3421 4780 imprimere,
3444 4701 3596 4780 sicut
3644 4702 3697 4756 in
3723 4697 3819 4758 liae

2234 4767 2516 4842 provincia
2545 4767 2697 4842 crudi
2719 4784 2913 4842 panes
2955 4769 3111 4842 signo
3143 4767 3348 4842 signari
3379 4771 3573 4842 solent,
3624 4781 3684 4826 ut
3728 4788 3820 4842 per

2234 4840 2469 4965 quadrans
2482 4839 2666 4922 partiti
2681 4839 2983 4923 videantur.
2999 4858 3018 4891 ι
3034 4840 3179 4921 Idem
3200 4839 3366 4895 etiam
3388 4841 3557 4911 liquet
3577 4855 3645 4897 ex
3664 4839 3814 4914 epist.

2283 4909 2594 4965 heodemari
2622 4910 2833 4965 abbatis
2848 4909 3159 4965 Casmensrs
3183 4911 3250 4965 ad
3271 4909 3522 4965 Carolum
3550 4912 3814 4965 Mamum.

2283 4909 2594 4985 heodemari
2622 4910 2833 4985 abbatis
2848 4909 3159 4966 Casinensis
3183 4911 3250 4966 ad
3271 4909 3522 4968 Carolum
3550 4909 3815 4985 Magnum,

2235 4981 2281 5036 si
2308 4981 2468 5036 modo
2497 4981 2640 5035 illius
2666 4981 2755 5036 sit.

2309 5050 2678 5127 Ingcitergia.
2712 5050 2851 5127 Sunt
2869 5052 3176 5127 mappnllaz,
3204 5051 3422 5127 sudaria
3445 5055 3812 5127 tergendaefa-

2235 5122 2344 5197 eiei
2366 5120 2584 5197 idonea.
2613 5120 2669 5176 S.
2717 5120 2972 5178 Isidorus"
2993 5120 3116 5197 libr.
3149 5140 3204 5178 Ix
3228 5123 3509 5197 Originum
3530 5120 3684 5197 'cap.
3713 5126 3777 5181 26
3801 5143 3812 5178 :

2243 5211 2262 5243 ι
2305 5191 2665 5262 Facitergium
2694 5201 2750 5248 et
2778 5195 3173 5265 manutergium
3203 5209 3232 5248 a
3274 5191 3532 5265 tergendo
3554 5191 3744 5252 faciem
3768 5207 3816 5252 et

2235 5278 2430 5317 manus
2479 5271 2723 5318 vocatur.
2784 5283 2802 5316 ι
2862 5263 3556 5321 Glossm-Arabico-Latinte
3625 5268 3810 5322 dictae:

2243 5333 2661 5410 ¢_Facitc_rgium
2692 5344 2748 5390 et
2797 5335 3196 5406 manutergium
3245 5335 3328 5391 vel
3371 5351 3402 5390 a
3453 5339 3713 5410 tergendo
3740 5337 3812 5391 fa-

2239 5404 2377 5460 ciem
2408 5405 2489 5459 vel
2519 5421 2712 5460 manus
2744 5416 3016 5460 vocatum.
3053 5404 3072 5460 ἱ

2239 5503 2241 5506 ‹
2307 5485 2340 5548 (ζ
2365 5473 2598 5548 Sabann.
2626 5475 2770 5548 Idem
2795 5476 3034 5532 Isidorus
3055 5493 3104 5533 c.
3145 5479 3211 5533 19
3238 5497 3249 5531 :
3303 5496 3321 5529 ‹
3351 5477 3595 5548 Mappas,
3623 5480 3814 5534 sabana

2234 5553 2290 5601 et
2318 5545 2628 5615 facitergia:
2661 5566 2678 5597 ι
2715 5546 2987 5602 Sabanmn
3011 5557 3095 5603 est
3121 5549 3361 5603 linteum.
3388 5545 3818 5605 Glossae-Graeco-

2234 5615 2476 5690 Latinm:
2521 5617 2758 5690 Za'szov,
2797 5617 3078 5684 Lentium;
3133 5620 3278 5690 lege,
3329 5619 3577 5675 linteum.
3627 5620 3684 5676 S.
3730 5622 3816 5675 lsi-

2236 5689 2400 5744 dorus
2427 5703 2546 5759 cap.
2579 5689 2747 5745 citato
2794 5703 2960 5759 agens
2987 5690 3054 5744 de
3077 5689 3279 5746 linteis
3327 5691 3439 5744 ait:
3495 5709 3516 5744 ι
3547 5692 3816 5747 Sabanum

2234 5773 2430 5819 nomen
2459 5757 2725 5816 Graecum.
2761 5780 2780 5814 ›
2814 5757 2957 5817 Idem
2982 5760 3202 5830 planum
3236 5770 3319 5819 est
3359 5775 3430 5818 ex
3456 5762 3520 5819 D.
3563 5761 3818 5836 Gregorio
