4088 6330
294 409 430 486 1061

1240 401 1627 472 concessu
1664 388 2126 468 aucutaauu.
2166 437 2239 452 —
2274 403 2426 465 cap.
2465 393 2625 466 xui.

3420 415 3563 480 £062

293 532 364 589 Et
415 527 542 600 quia
578 535 816 582 annnam
839 537 998 582 suam
1038 537 1140 598 pro
1194 527 1384 582 amicis
1407 524 1573 590 dedit,
1611 522 1882 594 quomodo
1906 525 1960 591 Α
2055 517 2238 593 §Vlll.
2267 549 2337 560 —-
2360 518 2441 576 Ex
2465 521 2687 577 Rasum
2713 517 2902 578 smért’
2921 511 3217 581 Abeusrtm
3237 521 3378 601 (cap.
3403 527 3482 608 1).

293 639 415 688 nos,
463 621 629 677 etiam
663 633 783 678 uuae
831 627 985 676 extra
1028 620 1265 675 animam
1321 624 1470 684 sunt,
1509 615 1726 688 propria
1756 614 1876 670 viu-

297 715 582 773 dicamus?

602 805 632 878 §
659 806 724 860 ν.
747 829 818 848 -ε-
845 805 979 861 Item
999 805 1233 878 ejusdem
1262 803 1401 877 (cap.
1433 800 1579 873 H8).

363 901 622 970 Interrog.
664 912 690 941 α
731 898 1003 970 Pauperes
1047 900 1327 956 venientes
1356 900 1423 950 ad
1473 895 1670 950 Ostium
1701 899 1757 948 et
1781 905 1881 963 po-

297 1001 472 1048 tentes
519 991 791 1060 quomodo
842 990 1176 1046 dimittemus
1223 1006 1236 1042 :
1294 996 1351 1042 et
1393 987 1439 1042 si
1488 987 1645 1042 debet
1703 999 1876 1039 unus-

294 1087 528 1155 quisque
554 1085 836 1155 porrigere
875 1098 1073 1154 panem
1111 1124 1125 1150 ,
1166 1082 1253 1138 vel
1299 1081 1658 1152 quodcunque
1689 1078 1873 1132 aliud:

293 1178 320 1217 b
342 1186 436 1232 aut
459 1183 674 1244 oportet
699 1175 766 1228 ad
791 1188 935 1241 eum,
961 1176 1051 1245 qui
1074 1183 1289 1244 praeest,
1323 1168 1874 1243 pertinere?—Resp.

292 1269 426 1324 Cum
458 1271 718 1324 Dominus
735 1268 932 1323 dixerit
963 1284 981 1321 :
1013 1266 1138 1321 Non
1164 1277 1237 1321 est
1272 1266 1460 1320 bonum
1488 1264 1668 1319 tollere
1688 1279 1876 1335 panem

292 1361 607 1430 filiorum,et
631 1362 834 1414 mittere
862 1358 1078 1413 canibus
1093 1357 1306 1432 (Matth.
1332 1373 1432 1424 xv;
1453 1355 1622 1410 Marc.
1647 1355 1766 1427 vn),
1783 1354 1876 1410 sed

292 1462 343 1508 et
365 1468 530 1509 canes
558 1454 882 1510 manducare
912 1453 977 1507 de
1003 1452 1182 1516 micis,
1211 1467 1330 1521 quae
1359 1451 1563 1506 cadunt
1593 1449 1661 1503 de
1690 1461 1877 1502 mensa

296 1559 319 1585 ι
356 1553 670 1617 puerorum,
707 1546 939 1600 libenter
967 1546 1239 1616 accipiunt
1270 1565 1282 1599 :
1316 1545 1382 1610 is,
1411 1545 1499 1600 cui
1539 1543 1877 1614 dispensatio

295 1636 536 1704 injuncta
579 1649 681 1703 est,
713 1649 834 1692 cum
875 1637 1312 1693 consideratione
1338 1637 1496 1691 debet
1537 1636 1641 1691 hoc
1674 1635 1874 1690 facere.

297 1727 354 1781 Si
386 1728 506 1796 quis
556 1737 737 1784 autem
765 1737 965 1798 praeter
1010 1728 1151 1783 illius
1184 1728 1515 1785 voluntatem
1566 1728 1748 1782 facere
1775 1728 1878 1782 hoc

293 1821 592 1889 przcsumit,
612 1828 866 1889 tanquam
889 1820 1164 1890 inquietus
1179 1829 1233 1875 et
1248 1819 1678 1890 indisciplinatus
1697 1817 1724 1858 ἀ
1748 1833 1877 1873 con-

2052 613 2080 652 h
2113 611 2239 668 Haec
2264 621 2408 680 sunt,
2440 629 2557 684 quae
2584 623 2642 669 ut
2665 614 2983 684 observetis,
3006 619 3350 691 pmcipimus
3371 623 3427 678 in
3447 641 3565 684 mo-

1979 706 2219 762 nasterio
2244 705 2543 762 constituti.
2576 706 2816 763 Primum
2852 750 2868 775 ,
2890 721 3109 782 propter
3137 714 3281 784 quod
3311 713 3365 768 in
3394 732 3561 773 unum

1977 801 2109 855 estis
2156 801 2490 872 congregati,
2544 810 2602 857 ut
2631 805 2912 859 unanimes
2940 806 2954 844 ί
2986 803 3241 862 habitetis
3273 807 3326 862 in
3374 809 3556 876 domo,

1977 904 2032 949 et
2053 895 2367 950 nondicatis
2383 895 2586 965 aliquid
2608 897 2885 967 proprium
2912 915 2926 964 ;
2954 898 3049 953 sed
3069 899 3177 954 sint
3203 901 3351 957 vobis
3374 903 3558 957 omnia

1978 987 2281 1042 communia
2307 1027 2322 1052 ,
2377 995 2434 1041 et
2467 985 2481 1036 ἱ
2531 987 2890 1043 distribuatur
2935 989 3224 1061 unicuique
3250 1001 3491 1049 vestrum
3523 1010 3555 1049 a

1976 1077 2264 1148 praeposito
2289 1087 2493 1133 vestro.

1977 1189 2118 1262 δικ.
2148 1221 2221 1231 -
2244 1191 2322 1246 Ex
2370 1191 2590 1249 ﬁscum
2619 1207 2932 1250 sucroauu
2979 1194 3144 1253 PAULI
3170 1213 3241 1254 ur
3293 1193 3564 1258 STEPHANI

2634 1265 2790 1337 (Cap.
2815 1267 2931 1337 25).

2053 1379 2077 1418 ιι
2118 1377 2259 1433 Nulli
2290 1377 2450 1435 liceat
2478 1379 2562 1434 vel
2619 1378 3038 1438 instrumentum
3069 1425 3086 1450 ,
3122 1384 3206 1440 vel
3237 1385 3565 1444 calciamen-

1975 1479 2090 1528 tum
2127 1479 2218 1525 aut
2260 1471 2494 1544 tabulas,
2536 1473 2618 1527 vel
2668 1473 2928 1546 cujusque
2973 1477 3053 1532 rei
3084 1477 3422 1548 parvissimaa
3452 1489 3562 1535 tam

1976 1583 2175 1623 novum
2204 1583 2366 1637 quam
2394 1576 2548 1622 vetus
2565 1568 2859 1638 quidquam
2886 1570 3027 1639 quod
3055 1567 3161 1626 alio
3193 1571 3348 1627 fratri
3381 1573 3568 1628 datum

1976 1657 2168 1724 fu’erit,
2201 1675 2365 1730 prava
2393 1661 2811 1730 pnesumptioue
2847 1662 3162 1733 contingere
3189 1663 3255 1718 ad
3283 1665 3562 1720 utendum.

1977 1750 2086 1806 Nec
2113 1751 2256 1805 inter
2275 1767 2333 1806 se
2361 1751 2622 1805 fratribus
2653 1752 2816 1807 liccat
2845 1751 2893 1825 [ι
2920 1752 3000 1826 ιιι]
3043 1755 3097 1808 id
3136 1756 3280 1825 quod
3323 1757 3389 1811 de
3419 1772 3568 1812 com-

1979 1842 2129 1896 muni
2181 1842 2466 1911 quisquam
2519 1844 2839 1914 acceperit;
2890 1845 2994 1900 nisi
3050 1848 3318 1917 permissu
3367 1850 3566 1920 prioris

295 1910 582 2004 ίίίξηάίηυτῖ
613 1925 894 2004 ¹¹ξ⁴1υθαί¹⁰
920 1910 1096 2004 {mem
1127 1912 1230 2004 ¹⁰Ρί
1265 1913 1348 2004 εξξί
1381 1912 1647 2004 Ᾱθτδξξιθῖη
1689 1919 1875 2004 CPS‘O‘
1906 1903 1953 1965 Β
1985 1949 2107 1988 cum
2142 1934 2248 1989 alio
2277 1932 2464 2000 fratre,
2498 1903 2668 2002 quasi.
2682 1935 2942 2004 peculiari
2987 1903 3172 1994 amore
3201 1951 3242 1978 ω
3273 1903 3520 1996 mutuare
3547 1956 3562 1996 :

294 2001 431 2067 dire,
471 2003 766 2058 secundum
801 2002 945 2071 quod
967 2000 1258 2071 Apostolus
1281 2002 1454 2056 dixit:
1493 1999 1880 2072 Unusquisque,

293 2090 349 2144 in
368 2108 471 2161 quo
497 2101 706 2146 vocatus
730 2101 829 2156 est,
857 2091 912 2144 in
937 2107 997 2144 eo
1015 2099 1336 2161 permaneat.
1363 2091 1415 2162 (Ι
1438 2091 1560 2145 Cor.
1585 2088 1703 2162 vn).

592 2182 618 2252 §
644 2182 731 2237 Vl.
754 2209 824 2222 --
849 2180 984 2235 Item
1004 2181 1237 2250 ejusdem
1265 2185 1401 2252 (cap.
1435 2180 1577 2251 109).

367 2275 630 2344 Interrog.
653 2285 674 2312 ε
692 2273 749 2327 Si
764 2273 888 2328 licet
899 2274 1186 2343 unicuique
1198 2283 1436 2329 veterem
1451 2274 1688 2328 tunicam
1703 2289 1882 2339 suam,

290 2366 380 2420 vel
409 2365 763 2420 calciamenta
789 2365 918 2420 dare
938 2365 1025 2420 cui
1047 2365 1276 2422 voluerit
1303 2365 1690 2420 misericordia:
1716 2380 1885 2420 causa

290 2465 518 2529 propter
537 2459 969 2511 mandatum?—
992 2457 1145 2528 Resp.
1181 2458 1200 2497 ι
1235 2458 1376 2514 Dare
1405 2458 1607 2527 aliquid
1637 2459 1883 2513 mandati

295 2550 471 2622 gratia
502 2563 609 2604 non
638 2558 722 2604 est
745 2550 1008 2615 omnium,
1033 2551 1130 2605 sed
1157 2563 1368 2615 eorum,
1405 2549 1604 2619 quibus
1627 2550 1771 2605 istud
1800 2549 1884 2606 of-

295 2645 479 2699 ﬁcium
507 2645 774 2701 creditum
801 2654 906 2701 est.
941 2645 1033 2701 Sic
1056 2661 1184 2718 ergo
1211 2647 1281 2702 ad
1328 2661 1491 2716 quem
1517 2646 1758 2718 pertinet
1781 2645 1888 2700 dis-

292 2739 540 2807 pensatio
572 2739 686 2794 sive
719 2755 938 2804 novum,
968 2741 1084 2795 sive
1124 2748 1303 2807 vetus,
1357 2741 1472 2811 ipse
1513 2741 1605 2794 det
1641 2739 1727 2795 cui
1751 2739 1885 2796 dare

293 2829 486 2897 debet;
518 2839 574 2886 et
612 2831 724 2900 ipse
751 2832 1009 2902 suscipiat
1033 2849 1064 2886 a
1094 2848 1201 2903 quo
1223 2833 1422 2903 suscipi
1461 2835 1641 2889 debet.

573 2922 600 2994 §
632 2923 742 2978 VII.
773 2953 843 2964 -—
872 2922 1009 2977 Item
1029 2924 1263 2993 ejusdem
1296 2923 1433 2996 (cap.
1470 2924 1614 2994 187).

363 3014 625 3086 Interrog.
672 3018 697 3056 ε
719 3015 873 3082 Quod
898 3017 944 3070 si
970 3015 1142 3070 frater
1173 3017 1308 3071 nihil
1333 3017 1536 3072 habens
1579 3017 1883 3088 proprium,

295 3115 512 3178 petatur
545 3109 614 3163 ab
651 3107 831 3178 aliquo
858 3110 961 3164 hoc
991 3109 1188 3180 ipsum,
1207 3108 1351 3179 quod
1381 3111 1609 3166 vestitus
1629 3119 1729 3176 est,
1754 3112 1886 3181 quid

298 3197 459 3253 debet
485 3197 705 3264 facere,
740 3200 977 3254 maxime
1017 3201 1062 3256 si
1102 3202 1280 3256 nudus
1325 3201 1397 3257 sit
1438 3202 1543 3268 ille,
1583 3203 1674 3274 qui
1714 3205 1889 3274 petit?

294 3319 369 3333 --
392 3291 550 3363 Resp.
589 3291 716 3348 Sive
736 3294 933 3359 nudus,
965 3293 1081 3348 sive
1116 3294 1311 3361 malus,
1343 3293 1536 3362 idest,
1563 3271 1677 3350 sive
1699 3271 1889 3351 neces-
1912 3271 1958 3336 θ

296 3385 517 3440 sitatem
547 3386 805 3455 patiatur,
853 3386 968 3441 sive
1005 3386 1160 3453 fallit,
1193 3387 1280 3441 vel
1323 3388 1367 3442 si
1413 3387 1542 3457 quid
1575 3387 1720 3442 aliud
1754 3397 1838 3442 est
1868 3428 1884 3454 ,

300 3477 470 3532 semel
517 3475 717 3530 dictum
749 3484 874 3531 est:
917 3479 1046 3547 quia
1071 3479 1204 3534 dare
1256 3479 1339 3533 vel
1367 3480 1614 3548 accipere
1667 3495 1773 3533 non
1804 3488 1890 3534 est

295 3565 568 3630 omnium,
594 3567 688 3619 sed
720 3565 906 3630 solius,
941 3567 1029 3622 cui
1081 3569 1430 3622 commissum
1469 3577 1552 3622 est
1579 3569 1725 3623 istud
1768 3567 1886 3622 olli—

297 3661 446 3718 cium
481 3675 494 3712 :
523 3660 614 3730 qui
656 3659 844 3730 utique
873 3676 997 3716 cum
1028 3661 1173 3715 omni
1195 3661 1535 3732 providentia
1561 3703 1576 3728 ,
1603 3670 1658 3717 et
1678 3662 1886 3718 cautela

299 3749 607 3822 huiusmodi
635 3751 1094 3822 dispensationem
1124 3754 1286 3809 debet
1329 3753 1554 3826 implere
1588 3772 1603 3822 ;
1635 3764 1694 3809 ut
1715 3755 1887 3825 possit

300 3842 357 3898 in
379 3857 444 3898 eo
473 3842 842 3913 unusquisque
865 3883 882 3911 ,
908 3844 965 3900 in
992 3859 1102 3916 quo
1150 3853 1380 3902 vocatus
1405 3853 1491 3901 est
1509 3885 1526 3911 ,
1568 3859 1890 3917 permanere

303 3930 357 4005 (Ι
377 3932 502 3988 Cor.
533 3935 656 4007 v11).

301 4073 471 4145 φίλων,
503 4075 604 4145 οὐχ
638 4071 722 4129 ὅτι
751 4077 817 4131 τὰ
849 4075 1013 4138 ἐκτὸς,
1044 4074 1098 4128 id
1143 4081 1258 4138 est,
1302 4089 1321 4123 ‹
1350 4073 1593 4127 docentis
1615 4073 1790 4145 verbo
1836 4079 1892 4128 et

302 4143 466 4210 Opere
493 4143 728 4198 aniinam
759 4160 909 4200 suam
940 4149 1143 4215 ponere
1160 4159 1258 4216 pro
1273 4145 1484 4210 amicis,
1518 4143 1690 4198 multo
1719 4145 1892 4216 magis

304 4228 394 4267 res
418 4223 693 4270 externas.
732 4236 748 4266 I

376 4297 401 4324 ει
446 4283 711 4354 Pauperes
757 4288 1032 4340 venientes.
1084 4285 1313 4340 Exstant
1364 4283 1507 4352 apud
1539 4281 1596 4336 S.
1628 4283 1893 4343 Basiliam

303 4353 495 4409 interr.
531 4353 630 4410 100
669 4356 854 4426 Regni.
888 4359 1062 4421 brev.,
1085 4357 1301 4424 etapud
1333 4353 1586 4408 Rufinum
1612 4369 1732 4423 cap.
1766 4357 1855 4412 52.

379 4426 406 4464 b
434 4427 537 4498 Aut
562 4429 606 4498 si
629 4437 828 4498 oportet
854 4428 922 4480 ad
947 4445 1104 4498 eum)
1134 4428 1223 4497 qui
1250 4435 1434 4498 precest
1461 4466 1474 4489 ,
1502 4426 1780 4498 pertinere.
1816 4427 1894 4484 Ita

304 4497 446 4564 apud
474 4495 767 4572 Rufinum,
798 4498 853 4552 in
879 4507 1029 4572 textu
1056 4495 1255 4572 Graeco
1295 4497 1486 4572 aliter;
1512 4496 1541 4572 ᾖ
1569 4497 1641 4550 ivi
1676 4504 1786 4572 χρὴ
1813 4504 1895 4572 καὶ

302 4575 454 4647 goat-9
477 4569 841 4640 ἐπιτετάχθαι,
877 4570 932 4624 id
959 4577 1063 4635 est,
1102 4587 1121 4620 ι
1158 4567 1244 4622 vel
1271 4568 1363 4622 uni
1387 4567 1629 4636 cuipiam
1674 4567 1782 4624 hoc
1812 4570 1896 4626 iu-

295 4638 731 4708 jungiioportet.‘
758 4659 778 4692 ι

380 4707 419 4748 ε
438 4707 752 4780 Puerorum.
780 4710 858 4764 ita
878 4710 1019 4780 apud
1057 4709 1313 4764 Ruﬁnum
1345 4707 1502 4777 juxta
1534 4707 1796 4766 Marcum.
1825 4712 1883 4769 ln

304 4787 454 4859 textu
487 4779 685 4859 greco
709 4781 894 4835 Basilii
913 4779 999 4836 est
1027 4800 1038 4832 :
1067 4786 1274 4855 κυρίων,
1296 4781 1354 4834 id
1387 4788 1494 4847 est,
1519 4780 1884 4851 dominorum,

295 4849 456 4919 juxta
486 4849 817 4906 Matthmum.
1129 4849 1142 4855 ⁷
1870 4849 1876 4851 “

302 4919 823 5061 ῇιὲωἳῗιίιιηάαιαν.
856 4921 993 4977 Male
1028 4922 1172 4992 apud
1199 4919 1455 4976 Ruﬁnum
1481 4920 1680 4992 legitur
1707 4941 1720 4978 :
1749 4922 1888 4980 Con-

365 5001 533 5046 eatur.

378 5072 402 5100 ο
427 5060 485 5116 Si
509 5062 952 5140 licet_u_nic_uique.
976 5062 1171 5140 Exstat
1183 5063 1326 5134 apud
1348 5062 1607 5118 Basilium
1622 5060 1884 5140 interrog.

303 5133 400 5205 87,
423 5143 478 5205 e_t
503 5135 648 5205 apud
674 5133 928 5205 Rufinum
950 5148 1069 5205 cap.
1098 5134 1187 5205 55.

383 5203 401 5240 ί
430 5203 569 5282 pare
595 5203 818 5282 aliquid.
846 5204 926 5282 ⁸Ιιι
960 5203 1112 5260 textu
1136 5204 1326 5260 Graeco
1376 5204 1592 5260 additur
1629 5204 1889 5282 λαμεά-

302 5295 422 5337 νην,
446 5274 501 5328 id
518 5285 623 5342 est,
640 5274 726 5331 vel
743 5277 1024 5346 accipere;
1047 5283 1216 5342 recte,
1245 5283 1387 5331 ut‘ex
1405 5274 1763 5346 sequentibus
1779 5280 1888 5335 cla-

305 5361 427 5399 rum
451 5354 553 5400 (381.

380 5418 405 5455 8
439 5416 631 5472 lnterr.
662 5418 751 5473 9l.
783 5415 842 5472 Si
866 5418 1114 5472 nimirum
1151 5416 1312 5471 abbas
1343 5426 1392 5472 et
1435 5422 1744 5476 ce..erarius
1791 5422 1890 5477 rite

305 5486 475 5558 o/ﬁrio
509 5487 820 5558 iungantur.

377 5560 405 5596 ιι
444 5557 577 5630 Haec
603 5557 746 5624 iniit,
793 5569 898 5616 etc.
937 5560 1073 5615 Sunt
1115 5560 1305 5615 ultima
1338 5563 1502 5617 verba
1551 5561 1884 5630 praefationis

304 5627 526 5701 [legulae
550 5628 607 5684 S.
635 5631 922 5701 Augustini
952 5650 965 5685 :
994 5641 1050 5686 et
1071 5631 1379 5687 referuntur
1409 5650 1438 5686 a
1473 5627 1764 5689 l‘rithemio
1787 5635 1880 5689 lib.

306 5697 384 5775 ρο
423 5697 752 5775 proprietate
803 5704 1215 5775 monachorum,
1250 5717 1368 5775 cap.
1399 5703 1433 5758 5
1459 5745 1473 5768 ,
1527 5719 1592 5758 ex
1622 5721 1743 5775 cap.
1776 5705 1840 5758 14
1867 5722 1906 5771 ,'

308 5767 897 5844 RegulieTarnatcnsis
916 5814 931 5838 ,
957 5790 1126 5844 usque
1154 5774 1220 5827 ad
1249 5767 1339 5828 illa
1370 5767 1554 5839 verba,
1583 5784 1639 5828 ut
1681 5767 1784 5830 non
1806 5767 1886 5829 di;

307 5843 462 5921 catis.
486 5841 852 5921 Necnmirum,
880 5845 1006 5921 quia
1024 5841 1228 5921 Regula
1256 5845 1609 5903 Tarnatensis
1635 5847 1882 5917 quaedam

307 5913 478 5970 sumit
503 5928 570 5968 ex
592 5914 796 5986 Regula
822 5913 879 5970 S.
903 5913 1211 5988 Augustini.

1983 2040 2051 2080 ne
2078 2025 2180 2079 hac
2211 2025 2497 2080 occasione
2531 2031 2789 2079 nascatur
2813 2039 2968 2081 amor
2992 2027 3214 2085 illicitus
3245 2047 3257 2085 :
3289 2032 3382 2086 sed
3406 2047 3568 2087 unus-

1985 2116 2215 2186 quisque
2261 2116 2402 2186 quod
2446 2117 2496 2171 ei
2523 2117 2809 2173 eharitatls
2835 2117 3216 2178 distributione
3261 2124 3438 2189 datur,
3465 2125 3567 2180 hoc

1981 2204 2176 2274 libens,
2208 2215 2262 2263 et
2283 2209 2422 2265 bona
2443 2209 2720 2266 voluntate
2742 2210 2993 2280 accipiat,
3023 2221 3079 2269 et
3097 2214 3167 2269 ad
3190 2213 3453 2272 utendum
3477 2218 3566 2274 de-

1984 2295 2214 2353 lectetur
2247 2299 2466 2355 habere.

2127 2407 2154 2480 §
2177 2406 2245 2462 X.
2267 2439 2337 2449 —
2369 2409 2447 2464 Ex
2470 2408 2690 2466 Renum
2720 2427 2908 2468 SANCTI
2929 2409 3129 2470 lsmom
3157 2413 3294 2487 (cap.
3315 2415 3395 2488 6).

2054 2531 2084 2558 η
2110 2520 2358 2578 llonacbi
2399 2523 2452 2578 in
2507 2539 2789 2580 commune
2820 2527 3065 2582 viventes
3116 2529 3250 2583 nihil
3293 2529 3574 2600 peculiare

1985 2609 2093 2668 sibi
2131 2611 2309 2669 facere
2340 2614 2602 2670 audeant:
2629 2630 2804 2685 neque
2828 2615 2882 2670 in
2911 2618 3025 2672 suis
3046 2617 3252 2674 cellulis
3278 2620 3570 2692 quidquam
3598 2675 3603 2682 ,

1983 2705 2130 2775 quod
2159 2713 2183 2741 °
2209 2706 2278 2761 ad
2305 2707 2509 2762 victum
2537 2707 2620 2763 vel
2650 2711 2716 2764 ad
2747 2709 3046 2778 quamlibet
3080 2726 3194 2766 rem
3225 2710 3385 2764 aliam
3412 2711 3577 2781 perti-

1984 2806 2112 2852 neat
2155 2839 2170 2865 ,
2201 2798 2320 2854 sine
2363 2799 2594 2868 regulari
2626 2801 3028 2870 dispensatione
3063 2802 3274 2876 .habere
3323 2804 3408 2860 vel
3431 2819 3563 2876 pos-

1987 2887 2168 2943 sidere
2207 2899 2557 2960 praesumant.
2598 2890 2655 2944 lu
2709 2890 3029 2948 Pentecoste
3062 2903 3243 2949 autem
3281 2935 3296 2961 ,
3335 2897 3428 2965 qui
3479 2906 3568 2952 est

1985 2979 2102 3035 dies
2151 2979 2484 3035 remissionis
2509 3022 2522 3044 ,
2549 2996 2737 3036 omnes
2767 2981 2962 3038 fratres
2992 2984 3091 3039 sub
3135 2985 3315 3042 divina
3357 2985 3568 3057 profes-

1986 3073 2138 3127 sione
2185 3086 2244 3126 se
2271 3071 2493 3143 alligent
2519 3073 2655 3128 nihil
2681 3073 2960 3146 peculiare
2988 3075 3132 3147 apud
3180 3076 3574 3133 conscientiam

1987 3181 2143 3220 suam
2171 3165 2390 3220 habere.

2181 3277 2319 3352 §Xl.
2348 3309 2420 3320 -—
2445 3278 2581 3334 Item
2610 3279 2843 3350 ejusdem
2884 3279 2970 3352 (ea:
2993 3281 3171 3335 eodem
3195 3281 3408 3351 capite).

2062 3401 2091 3440 ι’
2110 3385 2227 3443 Non
2255 3399 2339 3444 est
2370 3387 2801 3460 praesumendum
2830 3390 2950 3443 sine
2973 3389 3310 3444 conscientia
3356 3381 3574 3446 abbatis

1989 3478 2176 3550 egenis
2204 3477 2288 3531 vel
2327 3477 2660 3547 quibuslibet
2693 3475 2940 3532 conferre
2965 3476 3031 3532 de
3078 3493 3143 3532 eo
3170 3478 3311 3548 quod
3340 3477 3576 3548 regulari

1990 3569 2398 3640 dispensatione
2437 3569 2682 3624 noscitur
2726 3569 3023 3625 monachus
3055 3572 3354 3639 possidere.
3387 3583 3416 3622 (ι
3438 3572 3576 3627 Cum

1992 3662 2100 3717 alio
2125 3675 2341 3731 quoque
2362 3657 2530 3716 fratre
2559 3661 2835 3732 quippiam
2882 3670 3238 3728 commutare,
3269 3665 3376 3718 nisi
3407 3667 3577 3720 abbas

1989 3755 2075 3810 vel
2113 3755 2435 3825 praepositus
2477 3752 2734 3823 jusserit,
2765 3754 2896 3809 nulli
2955 3755 3154 3811 licebit.
3189 3755 3297 3811 Nec
3349 3758 3573 3814 habebit

1991 3846 2267 3916 quippiam
2305 3845 2474 3901 frater
2520 3855 2718 3916 przeter
2745 3845 2856 3913 illa,
2911 3861 3029 3918 qua:
3067 3847 3122 3904 in
3163 3849 3438 3905 communi
3461 3865 3579 3904 mo-
3617 3845 3620 3848 ’

1994 3925 2220 3996 nasterii
2254 3938 2371 4010 lege
2398 3953 2656 3995 concessa
2685 3946 2830 3995 sunt.

2069 4076 2086 4115 i
2118 4071 2380 4128 Habitetis
2409 4073 2464 4127 in
2487 4073 2662 4126 domo.
2696 4071 2753 4127 In
2784 4070 2989 4144 Regula
3025 4070 3082 4127 S.
3109 4071 3399 4144 Augustini
3431 4073 3576 4128 edita

1993 4153 2048 4200 et
2075 4145 2128 4200 in
2151 4146 2310 4215 epist.
2338 4147 2453 4199 haec
2481 4153 2779 4215 sequuntur
2805 4161 2818 4198 :
2849 4162 2868 4194 ι
2891 4143 2958 4198 Ει
2987 4144 3059 4199 sit
3084 4143 3236 4199 vobis
3263 4158 3360 4198 cor
3381 4159 3572 4211 unum,

1993 4224 2050 4271 et
2081 4214 2260 4270 anima
2291 4231 2395 4270 una
2424 4215 2475 4270 in
2499 4214 2625 4269 Deo.
2661 4234 2680 4266 ι

2069 4285 2083 4336 ι
2121 4287 2188 4340 Et
2211 4287 2565 4340 distribuatur
2597 4285 2877 4355 unicuique
2899 4293 3144 4339 vestrum.
3177 4282 3381 4355 Nempe
3414 4286 3578 4339 uictus

1995 4366 2043 4411 et
2069 4366 2445 4426 tegumentum,
2476 4365 2536 4426 ut
2556 4354 2803 4426 habetur:
2819 4355 2874 4407 in
2894 4355 3089 4426 eadem
3122 4354 3325 4423 Regula
3345 4369 3573 4408 excusa.

2069 4428 2096 4466 ιι
2122 4423 2280 4480 ΝαΗί
2319 4427 2492 4478 liceat.
2525 4425 2764 4478 llabclur
2795 4425 2847 4476 in
2894 4423 3096 4488 Regula
3129 4440 3231 4476 ms.
3261 4425 3575 4478 eorumdem

1996 4497 2148 4552 Pauli
2189 4505 2243 4552 et
2275 4496 2534 4564 Stephani
2576 4495 2695 4548 cod.
2741 4492 2888 4547 Flor.
2923 4510 3041 4564 cap.
3083 4494 3174 4558 28,
3214 4505 3270 4548 et
3315 4495 3516 4548 citatur
3546 4509 3577 4549 a

1999 4567 2300 4625 Trithemio
2328 4581 2447 4635 cap.
2475 4564 2528 4618 5.
2551 4565 2624 4635 de
2639 4564 2966 4632 proprietate
2987 4565 3397 4619 monachorum.

2072 4639 2090 4680 ι
2116 4637 2184 4693 Ut
2215 4637 2288 4691 id.
2315 4634 2559 4706 lta’apud
2588 4634 2851 4706 Tritbem.
2877 4637 2936 4706 τὸ
2962 4644 3038 4698 ut,
3065 4645 3246 4690 tamen
3285 4635 3571 4691 redundat.

2066 4709 2390 4762 mMutuare.
2423 4705 2500 4779 lta
2529 4706 2581 4779 [ιι
2610 4705 2729 4779 cod.
2766 4705 3001 4779 \find.‘et
3022 4706 3076 4779 in
3095 4706 3300 4779 Regula
3324 4723 3425 4761 ms.
3453 4707 3574 4761 cod.

1992 4781 2142 4837 Flor.
2199 4779 2294 4835 sed
2349 4777 2488 4848 apud
2534 4775 2900 4830 'l‘ritbemium
2937 4775 3134 4845 legitur
3158 4775 3204 4843 ,“
3227 4787 3572 4832 commutare.

1995 4853 2239 4908 Rectius.

2067 4934 2094 4961 ιι
2120 4920 2388 4976 Monachi.
2420 4915 2561 4988 Haec,
2588 4916 2831 4987 reperire
2854 4924 2942 4973 est
2970 4916 3025 4971 in
3052 4916 3258 4988 Regula
3285 4917 3458 4973 sancti
3479 4915 3579 4974 lsi-

1996 4995 2113 5049 dori
2137 5007 2337 5048 excusa
2358 5006 2478 5060 cap.
2508 4987 2628 5060 19._
2695 5055 2728 5060 _
2779 5053 2784 5058 ι

2071 5072 2094 5100 ο
2139 5061 2226 5118 νει
2257 5060 2327 5115 ad
2353 5055 2564 5116 victum.
2607 5055 2665 5111 In
2695 5055 2901 5127 Regula
2944 5072 3064 5112 exc.
3089 5057 3304 5112 additur
3339 5076 3353 5112 :
3395 5055 3488 5112 Vel
3507 5058 3577 5111 ad

1994 5134 2250 5189 habitum.
2287 5133 2516 5188 Cautum
2540 5127 2642 5182 fuit
2677 5127 2806 5182 olim
2830 5130 2884 5183 in
2921 5128 3291 5193 monasteriis,
3313 5136 3376 5182 ut
3396 5143 3580 5182 mona-

1993 5196 2081 5260 chi
2114 5205 2246 5259 nihil
2300 5203 2354 5257 in
2395 5200 2544 5256 cellis
2585 5207 2678 5253 aut
2720 5198 2878 5254 lectis
2933 5198 3040 5253 cibi
3075 5198 3492 5262 absconderem,
3523 5207 3581 5253 ut

1991 5278 2176 5332 videre
2203 5283 2286 5330 est
2315 5275 2368 5328 in
2396 5271 2596 5342 Regula
2629 5268 2688 5342 S.
2721 5268 3022 5342 Pachumii,
3045 5268 3300 5342 capJS:
3337 5287 3355 5321 ‹
3388 5269 3584 5342 l‘iulluc

1992 5347 2047 5401 in
2072 5346 2206 5402 cella
2237 5361 2334 5402 sua
2361 5339 2587 5415 repo'nat
2612 5339 2812 5415 aliquid
2841 5340 2911 5415 ad
2935 5340 3300 5415 _vescendum.
3336 5359 3356 5392 ι
3387 5339 3447 5394 ιιι
3477 5339 3582 5415 lie-

1992 5417 2118 5489 gula
2175 5408 2578 5489 Teridiifcap.
2612 5408 2722 5489 22E
2765 5429 2784 5461 ι
2825 5410 2906 5489 A_d
2935 5408 3134 5466 lectum
3189 5427 3349 5489 suum
3401 5409 3582 5465 nullus

1991 5481 2289 5560 praesumat
2311 5481 2512 5543 habere
2525 5481 2684 5553 'quod
2706 5481 3177 5560 mandgceturaut
3205 5481 3445 5560 bibatur.
3479 5499 3504 5560 ε

2069 5573 2095 5610 ι)
2124 5557 2247 5614 Non
2277 5569 2349 5614 est
2388 5549 2830 5630 prwsumendum.
2860 5550 3164 5608 Subscribit
3190 5552 3452 5608 doctrina?
3478 5549 3581 5605 Ba-

1992 5632 2099 5688 silii
2134 5631 2319 5703 magni
2344 5645 2530 5703 supra.

2063 5715 2090 5753 ει
2119 5691 2262 5756 Cani
2305 5691 2428 5756 alio'
2452 5713 2673 5770 quoque
2696 5691 2863 5764 fratre
2882 5734 2908 5770 _,
2932 5701 3036 5750 etc.
3089 5696 3171 5751 Ita
3201 5695 3257 5752 in
3301 5695 3423 5770 cod.
3473 5707 3578 5748 ms.

1993 5773 2401 5835 Vindocinensi,
2451 5765 2611 5826 aliter
2661 5766 2715 5822 in
2743 5765 2930 5836 regula
2971 5782 3172 5823 excusa
3205 5786 3217 5822 :
3251 5785 3272 5819 α
3307 5765 3420 5822 Nec
3455 5779 3581 5820 cum

1992 5845 2100 5899 alio
2119 5860 2335 5915 quoque
2375 5836 2844 5915 fratrc_quippiam
2868 5848 3239 5915 commutare,
3269 5839 3376 5896 nisi
3402 5837 3577 5898 abbas

1991 5915 2077 5972 vel
2103 5906 2423 5987 praepositus
2446 5914 2520 5968 illi
2544 5906 2787 5983 jusserit,
2830 5906 2922 5962 ulli
2947 5908 3150 5966 licebit.
3183 5930 3202 5966 ι
