4088 6330
247 361 389 422 1065

1192 353 1583 415 CONCORDIA
1619 346 2080 410 REGULARUM.
2102 358 2190 387 '—
2222 345 2376 402 CAP.
2420 343 2578 396 λιιι.

3383 340 3521 397 1086

245 480 410 552 digna
442 490 540 548 pro
577 473 680 529 hoc
708 468 1027 544 poenitentia
1063 470 1400 528 satisfaciens
1435 470 1648 526 veniam
1685 476 1832 541 petat
1857 469 1912 530 Α
1935 460 2206 552 et,omnia
2235 459 2337 514 ista
2367 470 2487 527 quae
2519 451 2763 508 videmus
2801 458 2856 507 et
2884 449 3109 516 utimur,
3139 456 3522 552 paucorum-in

244 572 304 628 in
334 581 476 627 terra
509 574 831 638 prostratus.

476 659 724 734 §XVI1L
761 690 833 701 -—-
869 659 1003 716 Item
1039 661 1272 731 ejusdem
1310 661 1448 734 (cap.
1485 659 1599 732 54).

316 770 344 800 ι
383 755 610 812 Summa
651 764 706 810 et
753 755 881 811 illud
927 755 1086 811 debet
1129 755 1454 811 verecundia
1500 751 1832 825 prmcaveri,

243 853 275 894 δ
302 865 373 908 ne
399 849 485 906 vel
513 863 614 919 pro
642 848 836 903 vilibus
861 847 1063 917 aliquid
1090 849 1251 903 rebus
1278 846 1572 918 reponendi
1599 844 1835 916 peculia-

241 956 360 999 rem
407 941 614 996 clavem
659 940 960 995 monachus
1006 939 1107 994 sub
1150 940 1331 1010 priore
1377 939 1588 1010 positus
1633 944 1830 1008 portet.

241 1032 468 1089 Multum
501 1031 720 1087 infimus
750 1041 805 1087 et
827 1032 1032 1088 inutilis
1057 1041 1162 1098 est,
1196 1043 1218 1071 ο
1250 1032 1341 1102 qui
1365 1044 1716 1101 quascunque
1747 1043 1834 1085 res

239 1122 533 1178 vilissimas
564 1123 638 1176 ita
666 1121 813 1177 velut
845 1123 1095 1193 proprias
1127 1123 1382 1190 vindicat,
1437 1131 1498 1177 ut
1535 1136 1634 1176 nec
1665 1120 1835 1190 digito

241 1230 338 1271 eas
363 1215 508 1285 tangi
538 1215 606 1270 ab
633 1214 737 1269 alio
763 1215 1030 1284 patiatur,
1063 1215 1157 1271 sed
1183 1224 1330 1270 tanta
1356 1224 1545 1271 contra
1570 1229 1696 1269 eum
1726 1213 1835 1266 ira-

241 1306 438 1362 cundia
469 1304 851 1372 inflammatur,
886 1315 946 1362 ut
985 1307 1223 1363 furorem
1255 1307 1436 1363 cordis
1470 1307 1554 1363 sui
1589 1323 1621 1362 a
1649 1305 1834 1363 convi-

133 1427 150 1441 ο
242 1399 345 1458 ciis
373 1407 430 1456 et
455 1398 668 1470 injuriis
695 1415 952 1456 revocare
978 1401 1067 1455 vix
1095 1401 1284 1470 possit.

525 1511 552 1584 θ
579 1509 720 1566 XIX.
745 1542 817 1552 —
842 1511 923 1566 Ex
957 1511 1179 1568 REGULA
1217 1511 1541 1569 ORIENTALI.

313 1606 346 1668 δ’
369 1603 521 1683 inter
555 1625 762 1692 omnia,
791 1624 1010 1693 fratres,
1044 1627 1147 1682 hoc
1180 1625 1585 1690 observabitur,
1616 1630 1678 1678 ut
1704 1624 1835 1680 ohe.

241 1722 454 1780 dientes
483 1721 705 1778 senibus
744 1722 857 1778 suis
908 1731 964 1776 et
1001 1720 1308 1777 deferenles
1345 1720 1448 1776 sibi
1475 1719 1708 1775 invicem
1735 1718 1831 1773 ba-

239 1815 408 1872 beant
440 1815 786 1886 patientiam,
814 1801 1266 1879 mederationem,
1292 1812 1674 1876 humilitatem,
1709 1811 1834 1865 cha-

241 1910 484 1978 ritatem,
511 1926 700 1981 pacem
733 1910 851 1966 sine
881 1909 1140 1980 ﬁgmento
1162 1917 1217 1963 et
1242 1908 1550 1972 mendacio,
1580 1914 1638 1962 et
1665 1905 1833 1961 male-

240 1999 479 2058 dictione
505 2010 559 2057 et
584 2001 914 2056 verbositate
939 2009 997 2056 et
1026 2001 1249 2072 jurandi
1275 2001 1672 2057 consuetudine
1705 2017 1718 2052 :
1752 1999 1830 2053 ita

240 2100 305 2147 ut
339 2106 498 2148 nemo
529 2109 687 2149 suum
741 2093 1036 2162 quidquam
1069 2092 1331 2158 vindicet,
1360 2107 1534 2161 neque
1573 2091 1714 2145 ullus
1734 2089 1832 2146 ali-

241 2185 373 2257 quid
405 2187 758 2258 peculiariter
779 2193 1004 2256 usurpet
1038 2202 1050 2238 :
1082 2184 1176 2240 sed
1207 2183 1446 2239 habeant
1473 2183 1656 2238 omnia
1679 2198 1831 2238 com-

239 2280 447 2335 munia.
478 2292 501 2320 ο
539 2280 668 2335 Sine
699 2279 977 2336 seniorum
1006 2279 1171 2334 verbo
1206 2287 1261 2332 et
1289 2277 1616 2333 auctoritate
1653 2275 1834 2330 nullus

237 2368 414 2426 frater
441 2369 734 2440 quidquam
758 2378 904 2440 agat,
942 2385 1117 2438 neque
1147 2367 1380 2438 accipiat
1406 2367 1629 2437 aliquid,
1657 2379 1835 2438 neque

241 2458 358 2528 det,
385 2475 563 2530 neque
597 2459 614 2498 ί
648 2474 879 2529 usquam
906 2473 1126 2529 prorsus
1152 2456 1430 2527 procedat.

566 2573 732 2646 §XX.
759 2603 834 2615 —-
856 2573 939 2628 Ex
977 2573 1195 2628 ﬁscum
1232 2587 1516 2628 cumsuam.

316 2687 465 2745 Nihil
498 2677 890 2760 possidendum
930 2696 1186 2758 tanquam
1223 2689 1503 2760 proprium
1543 2697 1598 2744 et
1625 2687 1835 2760 specia—

244 2779 370 2837 liter
396 2780 540 2836 inter
562 2781 863 2836 monachos
890 2793 906 2834 :
931 2780 1025 2835 sed
1048 2780 1158 2835 sint
1181 2780 1262 2836 eis
1294 2781 1478 2836 omnia
1505 2772 1832 2836 com'munia.

252 2871 355 2940 Qui
381 2882 558 2928 autem
590 2872 790 2927 dixerit
821 2887 1000 2927 meum
1027 2881 1112 2928 est
1141 2873 1264 2939 hoc,
1294 2883 1389 2928 aut
1417 2873 1571 2939 illud,
1593 2874 1840 2945 peccavit

247 2978 432 3021 coram
465 2964 597 3029 Deo,
628 2963 731 3019 nisi
761 2972 973 3018 tantum
1004 2979 1100 3035 per
1129 2964 1506 3036 obreptionem
1530 2964 1834 3021 sermonis:

247 3056 343 3112 sed
364 3072 462 3128 pro
489 3058 589 3112 hoc
617 3056 735 3126 ipso
785 3065 966 3112 tamen
1008 3057 1221 3112 veniam
1261 3067 1409 3128 petat
1433 3074 1464 3112 a
1495 3059 1637 3125 Deo;
1667 3067 1723 3113 et
1747 3073 1839 3113 ca-

247 3159 372 3202 veat
398 3150 464 3202 de
489 3149 716 3218 reliquo,
747 3157 802 3204 et
829 3164 896 3204 ne
924 3149 1126 3205 iterare
1155 3150 1371 3206 audeat.
1399 3150 1460 3206 Si
1487 3153 1612 3222 quis
1636 3168 1704 3207 ex
1735 3152 1840 3207 hoc

1936 553 2093 612 nobis
2121 551 2330 606 dierum
2371 556 2499 601 sunt
2525 559 2676 608 usus,
2703 553 2758 597 et
2802 551 3185 598 momentanea
3236 558 3360 598 cum
3400 545 3526 600 vita:

1936 651 2137 698 nostra:
2166 649 2409 710 tempore
2451 640 2735 688 transeunt
2760 647 2774 686 :
2803 642 2858 688 et
2896 648 2993 703 per
3019 632 3266 704 corporis
3293 642 3526 690 mortem

1937 744 2137 792 caecata
2165 734 2219 788 in
2261 731 2416 786 nobis
2439 728 2622 785 satculi
2646 727 2784 793 luce,
2803 725 3002 782 clausis
3032 727 3154 781 vitae
3178 726 3370 794 oculis,
3405 743 3526 782 om-

1936 829 2028 884 nia
2059 841 2181 898 qum
2228 824 2491 880 habemus
2527 821 2725 877 saeculo
2768 819 3193 891 relinquuntur:
3223 819 3236 870 i
3287 821 3383 876 sed
3411 819 3526 894 [de]

1937 922 2028 976 illa
2044 935 2258 990 semper
2276 927 2502 982 mterna,
2526 932 2646 986 qua:
2667 931 2790 971 cum
2813 915 3062 971 venerint
3086 915 3314 971 ulterius
3343 924 3528 971 trans-

1936 1012 2017 1068 ire
2054 1027 2163 1066 non
2201 1017 2402 1066 norunt
2432 1027 2444 1062 :
2477 1009 2573 1063 sed
2609 1007 2666 1064 in
2713 1007 2870 1062 bonis
2912 1007 3034 1062 vita:
3077 1016 3296 1062 aeterna:
3329 1006 3519 1077 justis,
3597 1045 3602 1052 -

1936 1117 2031 1162 aut
2063 1107 2117 1161 in
2141 1106 2318 1176 pinnis
2339 1105 2598 1177 gehennae
2628 1102 3007 1174 peccatoribus
3041 1112 3410 1173 perseverant.
3445 1102 3525 1158 De

1937 1201 2136 1273 quibus
2192 1215 2323 1271 ergo
2357 1197 2642 1254 desideriis
2686 1197 2974 1259 bonorum,
3006 1195 3093 1250 vel
3137 1195 3331 1251 timore
3361 1193 3526 1251 malo-

1936 1308 2078 1358 rum,
2116 1291 2273 1362 quasi
2293 1291 2409 1361 jam
2441 1289 2518 1344 ibi
2547 1289 2831 1343 videamur
2879 1287 3133 1343 accersiti
3159 1295 3396 1342 mentem
3428 1300 3527 1340 no-

1936 1395 2109 1442 stram
2139 1384 2192 1438 in
2218 1384 2322 1438 hac
2340 1382 2452 1436 vita
2489 1382 2554 1436 de
2585 1381 2838 1452 supernis
2873 1395 3088 1451 semper
3109 1378 3530 1450 cogitationibus

1936 1490 2285 1546 occupemus.
2319 1473 2474 1530 Unde
2517 1471 2781 1527 Dominus
2818 1471 3079 1540 praecepit
3108 1470 3280 1524 servis
3322 1471 3436 1525 suis
3465 1469 3536 1526 de

1937 1565 2264 1622 necessariis
2297 1565 2421 1618 vitae
2473 1562 2634 1632 hujus
2663 1578 2774 1617 non
2825 1561 3022 1617 debere
3059 1575 3390 1632 quemquam
3412 1575 3538 1616 esse

1937 1658 2259 1721 sollicitum;
2292 1655 2460 1711 etiam
2484 1654 2671 1710 fideles
2699 1653 2756 1710 in
2791 1668 2852 1708 se
2891 1654 3163 1718 admonet,
3198 1655 3264 1708 de
3293 1653 3536 1709 crastino

1937 1767 2047 1808 non
2069 1749 2449 1823 cogitandum;
2504 1748 2600 1804 sed
2629 1761 2856 1819 regnum
2908 1734 2966 1801 et
3013 1745 3283 1815 justitiam
3307 1745 3422 1816 ejus
3447 1760 3538 1802 so-

1859 1858 1908 1920 B
1935 1843 2211 1900 lummodo
2261 1842 2594 1905 desiderare,
2642 1840 2829 1895 dicens
2871 1839 2929 1895 iu
2971 1847 3160 1895 sancto
3193 1837 3486 1910 Evangelio
3518 1857 3536 1894 :

1937 1936 2117 1992 Nolite
2139 1936 2368 2006 cogitare
2397 1933 2523 2006 quid
2564 1931 2894 1986 manducetis
2936 1941 3026 1985 aut
3050 1931 3177 2001 quid
3208 1930 3396 1984 bibatis
3445 1939 3541 1983 aut

1935 2027 2254 2093 induamini,
2289 2026 2316 2066 ιι
2343 2026 2433 2080 sed
2455 2025 2676 2096 quwrite
2720 2040 2935 2095 regnum
2963 2033 3011 2076 et
3030 2023 3304 2092 justitiam
3339 2020 3460 2087 Dei,
3487 2029 3538 2074 et

1936 2123 2048 2176 ltwc
2080 2122 2257 2176 omnia
2283 2129 2614 2190 opponentur
2641 2117 2780 2173 vobis
2811 2116 3030 2189 (Matth.
3064 2115 3200 2186 xvi).
3239 2115 3382 2186 Ergo
3415 2128 3540 2170 cum

1937 2216 2053 2272 inec
2078 2214 2264 2270 omnia
2303 2213 2618 2268 necessaria
2643 2211 2800 2267 nobis
2840 2226 2871 2265 a
2911 2209 3024 2265 Deo
3067 2216 3461 2280 praeparantur,
3487 2216 3544 2262 et

1939 2307 2007 2362 de
2029 2309 2284 2363 omnibus
2307 2304 2758 2361 administrandis
2784 2320 2910 2360 cum
2943 2305 3053 2360 Deo
3089 2303 3237 2359 solus
3262 2310 3345 2358 est
3373 2301 3543 2356 abbas

1937 2401 2235 2467 sollicitus,
2265 2416 2438 2471 quare
2485 2400 2782 2473 discipulus
2819 2398 2921 2456 sibi
2950 2398 3300 2469 peculiariter
3333 2393 3540 2466 aliquid

1941 2501 2138 2555 audeat
2159 2499 2364 2564 facere,
2390 2507 2485 2554 aut
2513 2499 2747 2565 habere,
2781 2483 2876 2551 aut
2914 2496 3230 2551 vindicare?
3253 2493 3389 2548 Nam
3418 2493 3542 2547 ideo

1941 2589 2142 2658 aliquid
2163 2589 2439 2660 peculiare
2463 2590 2666 2644 habere
2692 2589 3008 2659 denegatur,
3050 2588 3173 2659 quia
3223 2602 3373 2640 nemo
3425 2601 3542 2639 ser—

1940 2685 2082 2740 aiens
2114 2684 2254 2752 Deo,
2281 2685 2515 2755 implicat
2543 2699 2598 2739 se
2623 2684 2844 2754 negotiis
2873 2681 3242 2748 swcularibus,
3274 2691 3330 2734 ut
3362 2681 3407 2735 ei
3430 2678 3546 2752 pla-

1943 2789 2059 2834 ceat
2089 2781 2174 2834 cui
2221 2797 2276 2833 se
2321 2778 2560 2850 probavit
2588 2777 2675 2845 (II
2709 2777 2843 2832 Tim.
2873 2779 2934 2849 ιι)
2962 2797 2973 2832 :
3004 2785 3084 2845 ut,
3124 2792 3247 2832 cum
3293 2775 3548 2831 omnibus

1942 2870 2108 2925 rebus
2137 2870 2252 2924 suis
2285 2870 2464 2926 alieno
2488 2884 2612 2924 cum
2652 2884 2715 2924 se
2761 2869 2991 2940 imperio
3039 2867 3340 2924 subdiderit
3370 2867 3418 2940 [ι
3455 2865 3540 2940 ut]

1945 2979 2056 3019 non
2093 2964 2165 3019 sit
2192 2978 2302 3030 res,
2352 2963 2446 3018 ubi
2494 2961 2713 3034 propria
2764 2960 2882 3032 cjus
2942 2963 3194 3017 voluntas
3225 2960 3545 3027 extollatur,

1945 3073 2066 3128 quae
2094 3057 2360 3112 voluntati
2407 3056 2505 3111 Dei
2556 3065 2640 3111 est
2680 3055 2921 3110 inimica.
2955 3054 3090 3109 Nam
3117 3067 3157 3094 ω
3183 3055 3248 3110 de
3285 3052 3549 3124 peculiari

1945 3150 2189 3206 Ananias
2226 3160 2281 3206 et
2307 3149 2538 3221 Saphira
2570 3148 2733 3206 fidem
2780 3149 2848 3204 ab
2882 3148 3140 3220 apostolis
3183 3162 3291 3203 non
3329 3163 3548 3202 merue—

245 3241 382 3295 vitio
409 3217 726 3299 insanabilis
751 3244 973 3311 existat,
1000 3243 1348 3314 expellendus
1367 3254 1452 3301 est
1472 3217 1542 3301 ab
1571 3245 1842 3302 universis
1870 3217 1915 3281 Ο
1948 3251 2080 3297 runt
2110 3217 2400 3312 percipere
2426 3242 2566 3314 (Act.
2595 3241 2674 3313 ν),
2704 3256 2827 3297 cum
2858 3217 3042 3297 Olimia
3085 3255 3182 3295 sua
3211 3247 3337 3293 ante
3381 3240 3548 3309 Pedes

249 3332 534 3391 fratribus.

410 3428 600 3501 §XXL
626 3461 699 3469 -—
719 3431 799 3484 Ex
839 3432 1060 3486 Recuu
1097 3429 1366 3486 MAGISTRI
1396 3431 1535 3501 (cap.
1561 3431 1674 3502 82).

327 3522 352 3558 ⁸
383 3520 570 3573 Omnis
592 3520 754 3573 homo
789 3521 842 3573 in
873 3522 981 3574 vita
1029 3522 1210 3576 saeculi
1257 3520 1438 3588 hujus,
1470 3523 1643 3577 tribus
1685 3523 1846 3578 rebus

249 3608 545 3674 excitatur,
587 3609 802 3663 laborat
827 3617 882 3663 et
911 3589 1092 3665 studet
1120 3630 1132 3664 :
1174 3613 1496 3682 peregrinus
1527 3613 1581 3665 in
1608 3613 1715 3678 via,
1745 3613 1849 3667 mi-

249 3700 332 3756 les
360 3700 412 3754 in
437 3715 638 3771 pugna,
663 3701 959 3772 imperator
990 3703 1043 3756 in
1073 3701 1292 3772 palatio,
1329 3703 1567 3774 agricola
1599 3705 1654 3759 in
1691 3720 1842 3774 agro,

258 3791 635 3846 mercenarius
658 3792 712 3846 in
756 3793 994 3862 negotio,
1034 3809 1224 3850 omnes
1255 3796 1584 3862 excitantur,
1616 3805 1672 3851 et
1701 3796 1851 3852 labo-

254 3895 381 3940 rant
407 3892 466 3938 ut
492 3884 746 3949 habeant,
780 3885 906 3940 dum
951 3886 1159 3950 vivunt,
1198 3888 1341 3942 unde
1377 3888 1703 3954 vestiantur,
1736 3888 1848 3943 cal-

254 3975 469 4032 cientur
494 3976 521 4016 ιι
549 3985 605 4031 ct
634 3977 836 4030 vivant.
869 3976 976 4033 Sed
1005 3979 1204 4047 quibus
1237 3980 1498 4034 Dominus
1526 3980 1735 4035 servitii
1763 3979 1848 4035 sui

256 4068 484 4122 contulit
508 4069 741 4134 donum,
780 4078 837 4122 et
879 4071 1118 4125 ostendit
1147 4071 1226 4126 eis
1259 4073 1276 4114 ί
1310 4087 1416 4126 non
1439 4074 1572 4128 satis
1609 4073 1676 4128 de
1707 4089 1847 4143 pm-

257 4160 398 4216 senti
420 4161 618 4218 smculo
642 4163 906 4234 cogitare,
938 4164 1066 4234 quia
1088 4164 1204 4220 haec
1228 4167 1412 4220 omnia
1441 4176 1845 4236 pertranseunt,

331 4312 358 4341 ⁸
383 4298 600 4374 Summa
626 4309 688 4374 et
711 4299 866 4374 illud,
903 4309 1007 4356 etc.
1058 4301 1184 4360 Hmc
1216 4313 1430 4374 sumpta
1479 4313 1605 4360 sunt
1627 4319 1692 4359 cx
1719 4305 1850 4363 Cas-

259 4370 442 4446 siano,
462 4371 554 4424 lib.
573 4387 634 4446 iv
660 4372 726 4426 o'e
759 4372 1027 4446 institutis
1050 4370 1479 4430 renuntiantium
1519 4391 1638 4446 cap.
1671 4377 1757 4431 15.

332 4441 360 4481 b
393 4441 476 4520 Ne
506 4441 582 4495 vel
611 4459 705 4520 pro
728 4444 914 4520 vilibus
937 4445 1136 4520 aliquid
1161 4446 1312 4520 rebus
1342 4441 1644 4520 reponendi.
1675 4447 1847 4520 Lege:

263 4510 347 4568 Ne
373 4513 447 4587 vel
471 4529 564 4587 pro
594 4510 780 4566 vilibus
808 4510 1070 4587 aliquibus
1101 4517 1252 4571 rebus
1281 4510 1612 4587 reperiendis.

1951 3333 2323 3404 apostolorum
2353 3334 2717 3403 assignarent,
2752 3333 2819 3388 de
2847 3332 3214 3402 peculiaribus
3241 3330 3552 3386 fraudulen-

1954 3433 2035 3479 ter
2067 3425 2361 3480 subtractis
2390 3423 2599 3490 judicio
2646 3423 2838 3478 subita:
2885 3425 3077 3478 mortis
3116 3422 3357 3477 damnati
3381 3430 3548 3478 sunt:

1952 3518 2080 3586 quia
2113 3517 2263 3570 fraus
2291 3516 2400 3571 Deo
2429 3516 2543 3569 ﬁeri
2569 3529 2677 3570 non
2701 3523 2911 3585 potest;
2937 3530 3061 3568 cum
3089 3513 3229 3569 nihil
3257 3521 3342 3567 est
3365 3513 3552 3568 occul-

1951 3618 2091 3674 tum,
2131 3611 2278 3680 quod
2308 3612 2376 3665 ab
2415 3626 2480 3664 eo
2513 3625 2619 3663 non
2651 3607 2999 3662 revelabitur.
3033 3607 3175 3678 Ergo
3198 3624 3320 3662 cum
3346 3608 3551 3664 victum

1952 3709 2007 3756 et
2031 3701 2287 3756 vestitum
2332 3701 2571 3771 corpori,
2605 3699 2962 3754 calciamenta
3001 3701 3229 3770 pedibus
3259 3701 3552 3771 unicuique

1918 3841 1932 3852 .
1952 3795 2111 3850 fratri
2137 3796 2304 3850 abbas
2336 3794 2795 3866 praecogitaverit,
2825 3802 2885 3848 ut
2913 3794 3043 3864 quid
3073 3794 3320 3849 alicuisit
3345 3794 3551 3865 aliquid

1949 3888 2228 3960 peculiare
2250 3903 2387 3958 opus
2410 3887 2636 3953 habere,
2655 3895 2752 3940 aut
2777 3903 2891 3941 rem
2917 3887 3174 3958 aliquam,
3203 3895 3298 3941 aut
3328 3903 3546 3954 aurum,

1953 3990 2048 4034 aut
2075 3996 2343 4044 nummos,
2378 3988 2474 4034 aut
2519 3980 2750 4049 quodvis
2791 3981 3183 4045 necessarium,
3214 3996 3338 4034 cum
3367 3979 3552 4034 omnia

1951 4074 2180 4129 emenda
2208 4073 2292 4128 vel
2321 4073 2567 4128 habenda
2593 4071 2736 4129 Deus
2762 4071 2810 4127 ei
2840 4088 2938 4143 per
2962 4071 3211 4127 abbatem
3234 4071 3552 4128 monasterii

1954 4166 2213 4235 apparat?
2231 4175 2258 4202 ιι
2285 4165 2343 4220 Si
2377 4165 2522 4236 quod
2543 4179 2675 4236 ergo
2699 4163 2999 4234 peculiare,
3027 4174 3119 4219 aut
3148 4163 3352 4234 aliquid
3376 4159 3548 4236 [cum]

2029 4306 2054 4342 ε
2082 4302 2263 4358 Omnis
2309 4304 2484 4356 homo.
2524 4303 2649 4358 Haec
2701 4303 2942 4371 reperire
2982 4311 3068 4357 est
3103 4301 3158 4355 in
3200 4299 3403 4370 Regula
3440 4314 3544 4354 ms.

1957 4373 2199 4444 Magistri
2227 4376 2432 4428 codicis
2460 4375 2806 4429 Corbeiensrs
2833 4378 3024 4428 eodem
3051 4371 3229 4441 capite
3259 4371 3346 4422 82.

2028 4448 2054 4483 ιι
2101 4444 2167 4496 Et
2196 4447 2386 4497 vivant.
2411 4444 2468 4498 ld
2498 4454 2601 4507 est,
2634 4445 2940 4498 comedunt.

2036 4516 2051 4554 ί
2102 4513 2229 4566 Νοη
2251 4517 2399 4567 satis.
2420 4515 2498 4567 Ita
2523 4517 2578 4568 in
2606 4514 2932 4584 Regulanus.
2960 4521 3015 4568 et
3039 4513 3094 4570 in
3117 4510 3431 4580 cod.V'ind.;
3451 4515 3548 4571 sed

335 4593 358 4621 ο
387 4580 488 4646 Qui
530 4599 867 4654 quascunque
894 4580 980 4638 res
1007 4586 1286 4642 vilissimas
1307 4580 1455 4653 ,'etc.
1485 4589 1596 4643 Non
1627 4590 1852 4645 minima
1878 4580 1932 4642 D
1958 4584 2187 4640 subaudi
2218 4587 2445 4638 verbum
2471 4603 2602 4640 esse.

258 4652 379 4708 hazc
425 4653 662 4726 hominis
717 4652 1033 4723 inlirmitas,
1071 4659 1250 4726 utqui
1296 4660 1351 4713 in
1405 4662 1606 4715 mundo
1654 4663 1852 4718 multas

257 4731 470 4804 opeset
516 4724 755 4794 pretiosa
791 4741 1022 4804 qumque
1056 4724 1377 4804 relitjuerit,
1415 4731 1467 4784 in
1518 4731 1756 4804 claustro
1783 4734 1852 4788 ad

261 4798 447 4847 nescio
469 4809 604 4861 quas
629 4810 817 4872 gerras
850 4806 905 4850 et
934 4798 1255 4868 quisquilias
1291 4801 1532 4872 animum
1569 4801 1848 4872 adjungat,

258 4878 384 4943 qna:
415 4878 545 4917 sane
571 4879 671 4918 nos
701 4882 733 4943 ἓ
759 4865 868 4920 Deo
907 4865 1493 4943 separantkcumillis
1519 4865 1712 4927 affectu
1737 4865 1852 4929 ser;

258 4936 496 5007 fiamus,
539 4936 838 5007 non_Deo;
891 4936 1153 5007 nobisque
1192 4939 1294 4992 illae
1343 4940 1710 5007 dominentur,
1743 4961 1850 4999 non

260 5003 424 5059 Deus.
456 5005 818 5077 Quamobrem
842 5009 1047 5077 antiqui
1066 5003 1158 5062 'illi
1187 5009 1374 5064 Patres
1403 5012 1457 5065 id
1482 5028 1646 5066 unum
1673 5003 1848 5068 maxi-

262 5090 353 5130 me
382 5075 691 5150 stude_bant,
717 5086 776 5130 ut
800 5075 1040 5132 animum
1074 5079 1457 5148 discipulorum
1488 5085 1557 5137 ab
1583 5082 1850 5150 ejusmodi

263 5160 449 5219 rerum
485 5145 680 5201 all‘ectu
733 5158 1044 5203 averterent
1073 5166 1087 5204 :
1116 5145 1570 5219 quemadmodum
1610 5145 1744 5210 fecit
1788 5155 1846 5209 S.

263 5216 594 5296 Dorotheus,
615 5219 706 5296 qui
721 5216 1224 5296 discipulumsuum
1249 5220 1563 5296 Dositheurn
1588 5225 1851 5296 elegantis

265 5287 546 5364 c’ujusdam
575 5285 776 5364 cultelli
823 5285 922 5364 usu
951 5291 1260 5358 prohibuit,
1288 5298 1429 5361 quoi
1463 5285 1703 5348 animum
1734 5296 1853 5364 ejus

265 5371 396 5436 erga
433 5359 696 5436 ejusmodi
720 5359 964 5436 reculam
1008 5359 1334 5436 propensum
1364 5364 1589 5419 videret.
1626 5364 1694 5420 Ut
1734 5359 1852 5436 ipse

266 5427 573 5482 Dorotheus
601 5431 653 5482 in
684 5429 800 5497 ejus
835 5431 953 5484 Vita
976 5427 1159 5485 refert.

306 5497 366 5579 td
392 5497 541 5552 Inter
561 5501 760 5554 omnia.
784 5501 908 5556 Hmc
923 5504 1274 5572 proferuntur
1295 5520 1326 5558 a
1349 5505 1650 5563 Trithemio
1676 5507 1854 5576 capite

269 5576 460 5624 citato.

272 5718 296 5765 ι
347 5652 370 5678 ι’
396 5642 522 5768 Sin:
549 5643 720 5698 verbo.
748 5643 804 5699 ld
830 5654 931 5711 est,
963 5645 1082 5702 sine
1106 5645 1382 5713 mandato,
1414 5656 1478 5702 ut
1504 5663 1668 5718 supra
1698 5658 1857 5706 nota-

295 5726 387 5765 um
415 5726 474 5768 es
506 5754 519 5766 .

295 5726 387 5765 um
415 5726 519 5768 est.

349 5783 369 5822 ι
407 5781 659 5860 ιξειμιαηι.
684 5787 845 5860 Lege,
875 5789 1100 5860 uspiam.
1125 5788 1268 5844 idem
1306 5798 1485 5846 autem
1516 5791 1773 5850 statuitur
1801 5791 1858 5851 in

273 5852 481 5928 Regula
493 5852 744 5916 "secunda
763 5852 986 5915 Patrum
1014 5861 1218 5916 codicis
1239 5860 1619 5922 Floriacensis.

699 5952 978 6016 Parnm.
1031 5951 1198 6018 Clll.

2032 4655 2046 4706 i
2089 4654 2191 4728 Sed
2221 4656 2286 4728 de
2310 4655 2404 4709 illa
2425 4672 2628 4728 semper
2649 4665 2866 4728 teterna.
2917 4656 2995 4712 lta
3038 4657 3091 4712 in
3122 4655 3327 4728 Regula
3357 4672 3461 4713 ms.
3494 4664 3550 4712 et

1957 4728 2080 4783 cod.
2135 4725 2327 4792 Vind.;
2381 4727 2476 4782 sed
2529 4725 2793 4796 particula
2857 4728 2920 4782 de
2984 4725 3266 4784 redundat.
3320 4728 3550 4798 Sapien-

1957 4809 2042 4853 ter
2089 4808 2270 4852 autem
2327 4799 2440 4852 haec
2492 4799 2637 4852 dicta
2695 4808 2821 4853 sunt
2867 4816 2898 4852 a
2958 4800 3234 4869 Magistro.
3290 4799 3548 4854 Monacho

1955 4869 2102 4994 anim
2154 4885 2263 4924 non
2304 4869 2371 4923 de
2419 4870 2678 4937 crastino,
2727 4871 2822 4925 sed
2861 4872 2926 4926 de
2960 4873 3266 4927 aeternitate
3303 4871 3548 4939 cogitar-

1997 4955 2085 4994 um
2109 4949 2211 4994 est.

1997 4955 2085 4994 um
2109 4949 2211 4995 est.

2030 5012 2056 5083 ξι
2096 5010 2203 5066 Sed
2231 5012 2448 5082 quwrite
2468 5028 2682 5083 regnum
2727 5021 2773 5065 et
2803 5012 3071 5082 justitiam
3095 5011 3210 5065 Dei.
3245 5009 3544 5083 lta_in7Re-

1957 5081 2081 5152 gula
2113 5099 2213 5136 ms.
2239 5081 2487 5137 eamdem
2523 5081 2813 5139 lectionem
2842 5099 3008 5153 supra
3051 5084 3110 5138 in
3147 5083 3250 5137 hoc
3287 5081 3545 5154 Magistro

1956 5154 2386 5208 observavimus.

2037 5223 2050 5259 ι
2093 5221 2158 5276 Ut
2191 5241 2293 5297 non
2337 5227 2404 5277 sit
2445 5242 2546 5280 res.
2575 5227 2655 5280 Ita
2702 5227 2758 5281 in
2790 5223 2993 5297 Regula
3019 5240 3146 5291 ms.;
3187 5225 3452 5296 particula
3485 5236 3542 5281 ut

1958 5300 2139 5347 tamen
2165 5296 2375 5348 videtur
2401 5299 2720 5351 redundare.

2029 5375 2070 5401 ιιι
2097 5364 2175 5441 De
2207 5367 2482 5441 peculiari.
2532 5367 2610 5441 lla
2653 5370 2706 5441 in
2753 5368 2875 5423 cod.
2903 5367 3198 5441 Vindocin.
3232 5367 3286 5421 in
3336 5369 3542 5441 Regula

1957 5450 2061 5508 ms.
2095 5435 2159 5508 de
2212 5437 2474 5508 peculiare
2523 5439 2749 5506 fraudis.
2810 5440 2917 5493 Sed
2972 5439 3107 5508 lege,
3165 5437 3228 5491 de
3261 5435 3544 5508 peculiaris

1955 5506 2164 5574 fraude.
2195 5507 2328 5578 Nam
2362 5522 2424 5560 ea
2465 5510 2563 5560 fuit
2614 5511 2764 5564 fraus
2791 5509 3016 5562 Ananiae
3031 5506 3099 5564 “et
3135 5506 3382 5578 Saphira:
3415 5510 3544 5564 reti-

1955 5585 2143 5650 nendo
2162 5577 2364 5650 aliquid
2394 5579 2670 5646 peculiare
2699 5583 2765 5634 de
2793 5583 2907 5650 agri
2933 5577 3263 5634 venditione.

2033 5658 2058 5682 υ
2086 5647 2144 5700 .Si
2181 5648 2318 5723 quod
2345 5666 2476 5723 ergo,
2507 5651 2790 5723 pecultare.
2817 5647 2884 5704 llr
2903 5652 3105 5723 Regula
3132 5667 3232 5705 ms.
3277 5669 3290 5704 :
3331 5670 3349 5702 ι
3389 5651 3544 5720 Quod

1959 5732 2089 5792 ergo
2117 5719 2384 5788 peculiare
2410 5721 2613 5792 aliquid
2651 5736 2773 5775 cum
2806 5719 3083 5778 inventum
3116 5726 3169 5777 in
3209 5723 3390 5792 aliquo
3416 5719 3544 5780 tue-

1961 5791 2102 5866 ring
2132 5792 2353 5866 Rectius
2375 5799 2515 5860 apud
2545 5791 2902 5866 Trithemium
2925 5797 3103 5866 capite
3128 5795 3285 5850 toties
3301 5791 3496 5866 icitato
3519 5809 3539 5850 :

1969 5879 1990 5915 ι
2027 5859 2086 5919 Si
2107 5863 2238 5934 quid
2262 5859 2537 5934 peculiare
2561 5865 2708 5938 apud
2725 5867 2963 5940 aliquem
2988 5859 3274 5928 inventum
3300 5865 3486 5927 fuerit.
3513 5885 3534 5922 ι

3057 5966 3137 6034 34
