  <div class='ocr_page' id='page_1' title='image "/cluster/home/n/w/nwhite01/storage/ocr_20150623/103/hvd.32044015466816/541.png"; bbox 0 0 4088 6330; ppageno 0'>
   <div class='ocr_carea' id='block_1_1' title="bbox 627 463 762 520">
    <p class='ocr_par' dir='ltr' id='par_1_1' title="bbox 627 463 762 520">
     <span class='ocr_line' id='line_1_1' title="bbox 627 463 762 520; baseline -0.007 -2"><span class='ocrx_word' id='word_1_1' title='bbox 627 463 762 520; x_wconf 78' lang='grc'><strong>1071</strong></span> 
     </span>
    </p>
   </div>
   <div class='ocr_carea' id='block_1_2' title="bbox 797 568 2034 648">
    <p class='ocr_par' dir='ltr' id='par_1_2' title="bbox 797 568 2034 648">
     <span class='ocr_line' id='line_1_2' title="bbox 797 568 2034 648; baseline -0.006 -19"><span class='ocrx_word' id='word_1_2' title='bbox 797 574 934 648; x_wconf 66' lang='lat' dir='ltr'><strong>§,Vl.</strong></span> <span class='ocrx_word' id='word_1_3' title='bbox 962 573 1131 629; x_wconf 77' lang='lat' dir='ltr'><strong>—Ex</strong></span> <span class='ocrx_word' id='word_1_4' title='bbox 1167 573 1384 626; x_wconf 65' lang='lat' dir='ltr'><strong>Rasum</strong></span> <span class='ocrx_word' id='word_1_5' title='bbox 1415 569 1755 624; x_wconf 73' lang='lat' dir='ltr'><strong>TARNATENSI</strong></span> <span class='ocrx_word' id='word_1_6' title='bbox 1788 568 1926 640; x_wconf 87' lang='lat' dir='ltr'><strong>(cap.</strong></span> <span class='ocrx_word' id='word_1_7' title='bbox 1957 568 2034 638; x_wconf 91' lang='lat'><strong>9).</strong></span> 
     </span>
    </p>
   </div>
   <div class='ocr_carea' id='block_1_3' title="bbox 693 659 2234 734">
    <p class='ocr_par' dir='ltr' id='par_1_3' title="bbox 693 659 2234 734">
     <span class='ocr_line' id='line_1_3' title="bbox 693 659 2234 734; baseline -0.004 -12"><span class='ocrx_word' id='word_1_8' title='bbox 693 681 721 709; x_wconf 70' lang='grc' dir='ltr'><strong>ιι</strong></span> <span class='ocrx_word' id='word_1_9' title='bbox 743 666 870 722; x_wconf 62' lang='lat' dir='ltr'><strong>llaec</strong></span> <span class='ocrx_word' id='word_1_10' title='bbox 909 675 1038 722; x_wconf 91' lang='lat' dir='ltr'><strong>sunt</strong></span> <span class='ocrx_word' id='word_1_11' title='bbox 1057 681 1175 734; x_wconf 83' lang='lat' dir='ltr'><strong>quae</strong></span> <span class='ocrx_word' id='word_1_12' title='bbox 1205 666 1255 718; x_wconf 92' lang='lat' dir='ltr'><strong>in</strong></span> <span class='ocrx_word' id='word_1_13' title='bbox 1293 659 1619 718; x_wconf 88' lang='lat' dir='ltr'><strong>monasterio</strong></span> <span class='ocrx_word' id='word_1_14' title='bbox 1657 662 1962 717; x_wconf 72' lang='lat' dir='ltr'><strong>constitutis</strong></span> <span class='ocrx_word' id='word_1_15' title='bbox 1984 675 2082 731; x_wconf 89' lang='lat' dir='ltr'><strong>pro</strong></span> <span class='ocrx_word' id='word_1_16' title='bbox 2103 662 2196 716; x_wconf 88' lang='lat' dir='ltr'><strong>Dei</strong></span> <span class='ocrx_word' id='word_1_17' title='bbox 2231 701 2234 705; x_wconf 62' lang='grc' dir='ltr'><strong>ι</strong></span> 
     </span>
    </p>
   </div>
   <div class='ocr_carea' id='block_1_4' title="bbox 623 756 2198 826">
    <p class='ocr_par' dir='ltr' id='par_1_4' title="bbox 623 756 2198 826">
     <span class='ocr_line' id='line_1_4' title="bbox 623 756 2198 826; baseline -0.003 -12"><span class='ocrx_word' id='word_1_18' title='bbox 623 774 810 816; x_wconf 86' lang='lat' dir='ltr'><strong>amore</strong></span> <span class='ocrx_word' id='word_1_19' title='bbox 856 766 911 813; x_wconf 91' lang='lat' dir='ltr'><strong>et</strong></span> <span class='ocrx_word' id='word_1_20' title='bbox 944 758 1136 812; x_wconf 86' lang='lat' dir='ltr'><strong>timore</strong></span> <span class='ocrx_word' id='word_1_21' title='bbox 1173 757 1425 812; x_wconf 82' lang='lat' dir='ltr'><strong>convenit</strong></span> <span class='ocrx_word' id='word_1_22' title='bbox 1451 757 1762 819; x_wconf 91' lang='lat' dir='ltr'><strong>observare,</strong></span> <span class='ocrx_word' id='word_1_23' title='bbox 1810 765 2031 826; x_wconf 83' lang='lat' dir='ltr'><strong>propter</strong></span> <span class='ocrx_word' id='word_1_24' title='bbox 2055 756 2198 826; x_wconf 88' lang='lat' dir='ltr'><strong>quod</strong></span> 
     </span>
    </p>
   </div>
   <div class='ocr_carea' id='block_1_5' title="bbox 620 845 2199 920">
    <p class='ocr_par' dir='ltr' id='par_1_5' title="bbox 620 845 2199 920">
     <span class='ocr_line' id='line_1_5' title="bbox 620 845 2199 920; baseline -0.003 -13"><span class='ocrx_word' id='word_1_25' title='bbox 620 851 678 907; x_wconf 91' lang='lat' dir='ltr'><strong>in</strong></span> <span class='ocrx_word' id='word_1_26' title='bbox 709 867 876 906; x_wconf 92' lang='lat' dir='ltr'><strong>unum</strong></span> <span class='ocrx_word' id='word_1_27' title='bbox 901 851 1032 905; x_wconf 87' lang='lat' dir='ltr'><strong>estis</strong></span> <span class='ocrx_word' id='word_1_28' title='bbox 1055 865 1154 920; x_wconf 89' lang='lat' dir='ltr'><strong>pro</strong></span> <span class='ocrx_word' id='word_1_29' title='bbox 1184 850 1378 904; x_wconf 81' lang='lat' dir='ltr'><strong>timore</strong></span> <span class='ocrx_word' id='word_1_30' title='bbox 1420 847 1632 903; x_wconf 89' lang='lat' dir='ltr'><strong>Domini</strong></span> <span class='ocrx_word' id='word_1_31' title='bbox 1662 847 1995 916; x_wconf 76' lang='lat' dir='ltr'><strong>congregati.</strong></span> <span class='ocrx_word' id='word_1_32' title='bbox 2027 845 2199 917; x_wconf 85' lang='lat' dir='ltr'><strong>Opor-</strong></span> 
     </span>
    </p>
   </div>
   <div class='ocr_carea' id='block_1_6' title="bbox 621 940 2200 1009">
    <p class='ocr_par' dir='ltr' id='par_1_6' title="bbox 621 940 2200 1009">
     <span class='ocr_line' id='line_1_6' title="bbox 621 940 2200 1009; baseline -0.002 -11"><span class='ocrx_word' id='word_1_33' title='bbox 621 951 718 1009; x_wconf 88' lang='lat' dir='ltr'><strong>tet,</strong></span> <span class='ocrx_word' id='word_1_34' title='bbox 752 951 811 996; x_wconf 93' lang='lat' dir='ltr'><strong>ut</strong></span> <span class='ocrx_word' id='word_1_35' title='bbox 853 943 907 997; x_wconf 93' lang='lat' dir='ltr'><strong>in</strong></span> <span class='ocrx_word' id='word_1_36' title='bbox 939 943 1097 998; x_wconf 89' lang='lat' dir='ltr'><strong>domo</strong></span> <span class='ocrx_word' id='word_1_37' title='bbox 1139 942 1352 996; x_wconf 90' lang='lat' dir='ltr'><strong>Domini</strong></span> <span class='ocrx_word' id='word_1_38' title='bbox 1394 942 1679 995; x_wconf 84' lang='lat' dir='ltr'><strong>unanimes</strong></span> <span class='ocrx_word' id='word_1_39' title='bbox 1721 941 1997 1002; x_wconf 82' lang='lat' dir='ltr'><strong>habitetis,</strong></span> <span class='ocrx_word' id='word_1_40' title='bbox 2029 948 2084 993; x_wconf 90' lang='lat' dir='ltr'><strong>et</strong></span> <span class='ocrx_word' id='word_1_41' title='bbox 2127 940 2200 995; x_wconf 86' lang='lat' dir='ltr'><strong>sit</strong></span> 
     </span>
    </p>
   </div>
   <div class='ocr_carea' id='block_1_7' title="bbox 619 1032 2196 1104">
    <p class='ocr_par' dir='ltr' id='par_1_7' title="bbox 619 1032 2196 1104">
     <span class='ocr_line' id='line_1_7' title="bbox 619 1032 2196 1104; baseline -0.001 -16"><span class='ocrx_word' id='word_1_42' title='bbox 619 1033 772 1089; x_wconf 80' lang='lat' dir='ltr'><strong>vobis</strong></span> <span class='ocrx_word' id='word_1_43' title='bbox 792 1034 970 1088; x_wconf 90' lang='lat' dir='ltr'><strong>anima</strong></span> <span class='ocrx_word' id='word_1_44' title='bbox 1016 1049 1124 1088; x_wconf 88' lang='lat' dir='ltr'><strong>una</strong></span> <span class='ocrx_word' id='word_1_45' title='bbox 1147 1041 1203 1088; x_wconf 88' lang='lat' dir='ltr'><strong>et</strong></span> <span class='ocrx_word' id='word_1_46' title='bbox 1227 1049 1322 1090; x_wconf 91' lang='lat' dir='ltr'><strong>cor</strong></span> <span class='ocrx_word' id='word_1_47' title='bbox 1347 1048 1513 1087; x_wconf 89' lang='lat' dir='ltr'><strong>unum</strong></span> <span class='ocrx_word' id='word_1_48' title='bbox 1538 1034 1566 1072; x_wconf 69' lang='grc' dir='ltr'>ι)</span> <span class='ocrx_word' id='word_1_49' title='bbox 1586 1047 1684 1104; x_wconf 90' lang='lat' dir='ltr'><strong>per</strong></span> <span class='ocrx_word' id='word_1_50' title='bbox 1707 1033 1955 1087; x_wconf 89' lang='lat' dir='ltr'><strong>timorem</strong></span> <span class='ocrx_word' id='word_1_51' title='bbox 1983 1032 2196 1086; x_wconf 90' lang='lat' dir='ltr'><strong>Domini</strong></span> 
     </span>
    </p>
   </div>
   <div class='ocr_carea' id='block_1_8' title="bbox 615 1124 2197 1197">
    <p class='ocr_par' dir='ltr' id='par_1_8' title="bbox 615 1124 2197 1197">
     <span class='ocr_line' id='line_1_8' title="bbox 615 1124 2197 1197; baseline 0 -19"><span class='ocrx_word' id='word_1_52' title='bbox 615 1124 965 1197; x_wconf 71' lang='lat' dir='ltr'><strong>pervigilans,</strong></span> <span class='ocrx_word' id='word_1_53' title='bbox 1018 1125 1263 1195; x_wconf 87' lang='lat' dir='ltr'><strong>nihilque</strong></span> <span class='ocrx_word' id='word_1_54' title='bbox 1288 1125 1491 1180; x_wconf 89' lang='lat' dir='ltr'><strong>habere</strong></span> <span class='ocrx_word' id='word_1_55' title='bbox 1537 1140 1633 1180; x_wconf 84' lang='lat' dir='ltr'><strong>vos</strong></span> <span class='ocrx_word' id='word_1_56' title='bbox 1662 1125 1941 1195; x_wconf 91' lang='lat' dir='ltr'><strong>proprium</strong></span> <span class='ocrx_word' id='word_1_57' title='bbox 1981 1132 2197 1193; x_wconf 84' lang='lat' dir='ltr'><strong>repute-</strong></span> 
     </span>
    </p>
   </div>
   <div class='ocr_carea' id='block_1_9' title="bbox 617 1216 2195 1286">
    <p class='ocr_par' dir='ltr' id='par_1_9' title="bbox 617 1216 2195 1286">
     <span class='ocr_line' id='line_1_9' title="bbox 617 1216 2195 1286; baseline -0.002 -12"><span class='ocrx_word' id='word_1_58' title='bbox 617 1217 726 1284; x_wconf 87' lang='lat' dir='ltr'><strong>tis;</strong></span> <span class='ocrx_word' id='word_1_59' title='bbox 751 1219 844 1273; x_wconf 87' lang='lat' dir='ltr'><strong>sed</strong></span> <span class='ocrx_word' id='word_1_60' title='bbox 871 1219 981 1273; x_wconf 90' lang='lat' dir='ltr'><strong>sint</strong></span> <span class='ocrx_word' id='word_1_61' title='bbox 1007 1217 1161 1274; x_wconf 81' lang='lat' dir='ltr'><strong>vobis</strong></span> <span class='ocrx_word' id='word_1_62' title='bbox 1185 1226 1379 1272; x_wconf 90' lang='lat' dir='ltr'><strong>cuncta</strong></span> <span class='ocrx_word' id='word_1_63' title='bbox 1415 1217 1743 1282; x_wconf 89' lang='lat' dir='ltr'><strong>communia,</strong></span> <span class='ocrx_word' id='word_1_64' title='bbox 1778 1233 1897 1286; x_wconf 66' lang='lat' dir='ltr'><strong>quae</strong></span> <span class='ocrx_word' id='word_1_65' title='bbox 1929 1216 2079 1271; x_wconf 81' lang='lat' dir='ltr'><strong>vobis</strong></span> <span class='ocrx_word' id='word_1_66' title='bbox 2103 1216 2195 1271; x_wconf 89' lang='lat' dir='ltr'><strong>ab-</strong></span> 
     </span>
    </p>
   </div>
   <div class='ocr_carea' id='block_1_10' title="bbox 613 1306 2192 1380">
    <p class='ocr_par' dir='ltr' id='par_1_10' title="bbox 613 1306 2192 1380">
     <span class='ocr_line' id='line_1_10' title="bbox 613 1306 2192 1380; baseline -0.002 -16"><span class='ocrx_word' id='word_1_67' title='bbox 613 1307 756 1364; x_wconf 87' lang='lat' dir='ltr'><strong>batis</strong></span> <span class='ocrx_word' id='word_1_68' title='bbox 799 1309 1025 1380; x_wconf 91' lang='lat' dir='ltr'><strong>imperio</strong></span> <span class='ocrx_word' id='word_1_69' title='bbox 1052 1309 1448 1380; x_wconf 84' lang='lat' dir='ltr'><strong>dispensentur,</strong></span> <span class='ocrx_word' id='word_1_70' title='bbox 1482 1308 1896 1378; x_wconf 84' lang='lat' dir='ltr'><strong>non-aequaliter</strong></span> <span class='ocrx_word' id='word_1_71' title='bbox 1921 1306 2192 1373; x_wconf 92' lang='lat' dir='ltr'><strong>omnibus,</strong></span> 
     </span>
    </p>
   </div>
   <div class='ocr_carea' id='block_1_11' title="bbox 613 1398 2194 1468">
    <p class='ocr_par' dir='ltr' id='par_1_11' title="bbox 613 1398 2194 1468">
     <span class='ocr_line' id='line_1_11' title="bbox 613 1398 2194 1468; baseline -0.001 -15"><span class='ocrx_word' id='word_1_72' title='bbox 613 1398 710 1453; x_wconf 87' lang='lat' dir='ltr'><strong>sed</strong></span> <span class='ocrx_word' id='word_1_73' title='bbox 743 1398 884 1454; x_wconf 89' lang='lat' dir='ltr'><strong>sicut</strong></span> <span class='ocrx_word' id='word_1_74' title='bbox 912 1399 1053 1454; x_wconf 83' lang='lat' dir='ltr'><strong>ratio</strong></span> <span class='ocrx_word' id='word_1_75' title='bbox 1087 1399 1524 1468; x_wconf 83' lang='lat' dir='ltr'><strong>dispensationis,</strong></span> <span class='ocrx_word' id='word_1_76' title='bbox 1556 1406 1650 1453; x_wconf 90' lang='lat' dir='ltr'><strong>aut</strong></span> <span class='ocrx_word' id='word_1_77' title='bbox 1689 1414 1855 1454; x_wconf 86' lang='lat' dir='ltr'><strong>causa</strong></span> <span class='ocrx_word' id='word_1_78' title='bbox 1907 1399 2194 1453; x_wconf 82' lang='lat' dir='ltr'><strong>infirmita-</strong></span> 
     </span>
    </p>
   </div>
   <div class='ocr_carea' id='block_1_12' title="bbox 614 1488 2194 1561">
    <p class='ocr_par' dir='ltr' id='par_1_12' title="bbox 614 1488 2194 1561">
     <span class='ocr_line' id='line_1_12' title="bbox 614 1488 2194 1561; baseline 0.003 -19"><span class='ocrx_word' id='word_1_79' title='bbox 614 1488 683 1543; x_wconf 91' lang='lat' dir='ltr'><strong>tis</strong></span> <span class='ocrx_word' id='word_1_80' title='bbox 708 1490 969 1560; x_wconf 78' lang='lat' dir='ltr'><strong>exegerit.</strong></span> <span class='ocrx_word' id='word_1_81' title='bbox 1014 1488 1317 1560; x_wconf 88' lang='lat' dir='ltr'><strong>Unicuique</strong></span> <span class='ocrx_word' id='word_1_82' title='bbox 1347 1498 1526 1545; x_wconf 91' lang='lat' dir='ltr'><strong>tamen</strong></span> <span class='ocrx_word' id='word_1_83' title='bbox 1559 1491 1851 1546; x_wconf 82' lang='lat' dir='ltr'><strong>secundum</strong></span> <span class='ocrx_word' id='word_1_84' title='bbox 1885 1491 2027 1559; x_wconf 88' lang='lat' dir='ltr'><strong>quod</strong></span> <span class='ocrx_word' id='word_1_85' title='bbox 2057 1506 2194 1561; x_wconf 88' lang='lat' dir='ltr'><strong>opus</strong></span> 
     </span>
    </p>
   </div>
   <div class='ocr_carea' id='block_1_13' title="bbox 611 1580 2190 1656">
    <p class='ocr_par' dir='ltr' id='par_1_13' title="bbox 611 1580 2190 1656">
     <span class='ocr_line' id='line_1_13' title="bbox 611 1580 2190 1656; baseline 0.003 -22"><span class='ocrx_word' id='word_1_86' title='bbox 611 1580 794 1645; x_wconf 89' lang='lat' dir='ltr'><strong>fuerit,</strong></span> <span class='ocrx_word' id='word_1_87' title='bbox 821 1581 1111 1648; x_wconf 87' lang='lat' dir='ltr'><strong>tribuatur,</strong></span> <span class='ocrx_word' id='word_1_88' title='bbox 1141 1582 1282 1637; x_wconf 88' lang='lat' dir='ltr'><strong>sicut</strong></span> <span class='ocrx_word' id='word_1_89' title='bbox 1309 1582 1363 1637; x_wconf 93' lang='lat' dir='ltr'><strong>in</strong></span> <span class='ocrx_word' id='word_1_90' title='bbox 1405 1582 1630 1638; x_wconf 85' lang='lat' dir='ltr'><strong>Actibus</strong></span> <span class='ocrx_word' id='word_1_91' title='bbox 1668 1583 2032 1653; x_wconf 88' lang='lat' dir='ltr'><strong>apostolorum</strong></span> <span class='ocrx_word' id='word_1_92' title='bbox 2055 1584 2190 1656; x_wconf 90' lang='lat' dir='ltr'><strong>legi-</strong></span> 
     </span>
    </p>
   </div>
   <div class='ocr_carea' id='block_1_14' title="bbox 609 1671 2188 1740">
    <p class='ocr_par' dir='ltr' id='par_1_14' title="bbox 609 1671 2188 1740">
     <span class='ocr_line' id='line_1_14' title="bbox 609 1671 2188 1740; baseline 0.001 -14"><span class='ocrx_word' id='word_1_93' title='bbox 609 1686 770 1728; x_wconf 83' lang='lat' dir='ltr'><strong>mus:</strong></span> <span class='ocrx_word' id='word_1_94' title='bbox 799 1671 940 1738; x_wconf 83' lang='lat' dir='ltr'><strong>Quia</strong></span> <span class='ocrx_word' id='word_1_95' title='bbox 979 1683 1129 1727; x_wconf 88' lang='lat' dir='ltr'><strong>erant</strong></span> <span class='ocrx_word' id='word_1_96' title='bbox 1177 1671 1282 1726; x_wconf 82' lang='lat' dir='ltr'><strong>illis</strong></span> <span class='ocrx_word' id='word_1_97' title='bbox 1332 1675 1511 1726; x_wconf 83' lang='lat' dir='ltr'><strong>omnia</strong></span> <span class='ocrx_word' id='word_1_98' title='bbox 1555 1675 1876 1740; x_wconf 87' lang='lat' dir='ltr'><strong>communia,</strong></span> <span class='ocrx_word' id='word_1_99' title='bbox 1917 1684 1966 1728; x_wconf 86' lang='lat' dir='ltr'><strong>et</strong></span> <span class='ocrx_word' id='word_1_100' title='bbox 2005 1675 2188 1728; x_wconf 82' lang='lat' dir='ltr'><strong>distri-</strong></span> 
     </span>
    </p>
   </div>
   <div class='ocr_carea' id='block_1_15' title="bbox 611 1761 2191 1837">
    <p class='ocr_par' dir='ltr' id='par_1_15' title="bbox 611 1761 2191 1837">
     <span class='ocr_line' id='line_1_15' title="bbox 611 1761 2191 1837; baseline 0.004 -23"><span class='ocrx_word' id='word_1_101' title='bbox 611 1761 870 1817; x_wconf 86' lang='lat' dir='ltr'><strong>buebatur</strong></span> <span class='ocrx_word' id='word_1_102' title='bbox 907 1763 1189 1834; x_wconf 77' lang='lat' dir='ltr'><strong>unicuique</strong></span> <span class='ocrx_word' id='word_1_103' title='bbox 1226 1764 1509 1818; x_wconf 84' lang='lat' dir='ltr'><strong>secundum</strong></span> <span class='ocrx_word' id='word_1_104' title='bbox 1530 1766 1668 1835; x_wconf 85' lang='lat' dir='ltr'><strong>quod</strong></span> <span class='ocrx_word' id='word_1_105' title='bbox 1712 1767 1898 1837; x_wconf 80' lang='lat' dir='ltr'><strong>cuique</strong></span> <span class='ocrx_word' id='word_1_106' title='bbox 1927 1784 2055 1837; x_wconf 83' lang='lat' dir='ltr'><strong>opus</strong></span> <span class='ocrx_word' id='word_1_107' title='bbox 2078 1775 2191 1822; x_wconf 88' lang='lat' dir='ltr'><strong>erat</strong></span> 
     </span>
    </p>
   </div>
   <div class='ocr_carea' id='block_1_16' title="bbox 607 1854 2186 1930">
    <p class='ocr_par' dir='ltr' id='par_1_16' title="bbox 607 1854 2186 1930">
     <span class='ocr_line' id='line_1_16' title="bbox 607 1854 2186 1930; baseline 0.004 -20"><span class='ocrx_word' id='word_1_108' title='bbox 607 1854 763 1927; x_wconf 87' lang='lat' dir='ltr'><strong>(Cap.</strong></span> <span class='ocrx_word' id='word_1_109' title='bbox 807 1858 901 1930; x_wconf 80' lang='lat' dir='ltr'><strong>tv).</strong></span> <span class='ocrx_word' id='word_1_110' title='bbox 935 1869 956 1897; x_wconf 80' lang='grc' dir='ltr'><strong>ο</strong></span> <span class='ocrx_word' id='word_1_111' title='bbox 991 1857 1092 1925; x_wconf 88' lang='lat' dir='ltr'><strong>Qui</strong></span> <span class='ocrx_word' id='word_1_112' title='bbox 1144 1859 1287 1914; x_wconf 89' lang='lat' dir='ltr'><strong>enim</strong></span> <span class='ocrx_word' id='word_1_113' title='bbox 1331 1859 1508 1929; x_wconf 87' lang='lat' dir='ltr'><strong>aliqua</strong></span> <span class='ocrx_word' id='word_1_114' title='bbox 1551 1861 1841 1916; x_wconf 89' lang='lat' dir='ltr'><strong>habuerint</strong></span> <span class='ocrx_word' id='word_1_115' title='bbox 1875 1862 1930 1916; x_wconf 92' lang='lat' dir='ltr'><strong>in</strong></span> <span class='ocrx_word' id='word_1_116' title='bbox 1968 1863 2186 1928; x_wconf 71' lang='lat' dir='ltr'><strong>saeculo,</strong></span> 
     </span>
    </p>
   </div>
   <div class='ocr_carea' id='block_1_17' title="bbox 1661 411 2975 544">
    <p class='ocr_par' dir='ltr' id='par_1_17' title="bbox 1661 411 2975 544">
     <span class='ocr_line' id='line_1_17' title="bbox 1661 411 2975 544; baseline 0.001 -36"><span class='ocrx_word' id='word_1_117' title='bbox 1661 455 1717 508; x_wconf 89' lang='lat' dir='ltr'><strong>s.</strong></span> <span class='ocrx_word' id='word_1_118' title='bbox 1758 450 2114 510; x_wconf 82' lang='lat' dir='ltr'><strong>BENEDICTI</strong></span> <span class='ocrx_word' id='word_1_119' title='bbox 2149 451 2437 510; x_wconf 84' lang='lat' dir='ltr'><strong>ABBATlS</strong></span> <span class='ocrx_word' id='word_1_120' title='bbox 2471 452 2916 544; x_wconf 57' lang='grc' dir='ltr'><strong>ΑιςιιιιιιιεῑιιειεΔ</strong></span> <span class='ocrx_word' id='word_1_121' title='bbox 2972 411 2975 414; x_wconf 54' lang='grc'><em>’</em></span> 
     </span>
    </p>
   </div>
   <div class='ocr_carea' id='block_1_18' title="bbox 2231 563 3924 643">
    <p class='ocr_par' dir='ltr' id='par_1_18' title="bbox 2231 563 3924 643">
     <span class='ocr_line' id='line_1_18' title="bbox 2231 563 3924 643; baseline -0.001 -19"><span class='ocrx_word' id='word_1_122' title='bbox 2231 581 2284 643; x_wconf 76' lang='grc' dir='ltr'><strong>Α</strong></span> <span class='ocrx_word' id='word_1_123' title='bbox 2307 567 2660 631; x_wconf 88' lang='lat' dir='ltr'><strong>contulerint;</strong></span> <span class='ocrx_word' id='word_1_124' title='bbox 2688 575 2742 638; x_wconf 86' lang='lat' dir='ltr'><strong>et</strong></span> <span class='ocrx_word' id='word_1_125' title='bbox 2771 566 2896 630; x_wconf 80' lang='lat' dir='ltr'><strong>inde</strong></span> <span class='ocrx_word' id='word_1_126' title='bbox 2923 563 3263 636; x_wconf 85' lang='lat' dir='ltr'><strong>postmodum</strong></span> <span class='ocrx_word' id='word_1_127' title='bbox 3293 564 3510 629; x_wconf 78' lang='lat' dir='ltr'><strong>cadant,</strong></span> <span class='ocrx_word' id='word_1_128' title='bbox 3560 565 3709 642; x_wconf 89' lang='lat' dir='ltr'><strong>unde</strong></span> <span class='ocrx_word' id='word_1_129' title='bbox 3742 567 3924 637; x_wconf 85' lang='lat' dir='ltr'><strong>prius</strong></span> 
     </span>
    </p>
   </div>
   <div class='ocr_carea' id='block_1_19' title="bbox 3759 449 3926 508">
    <p class='ocr_par' dir='ltr' id='par_1_19' title="bbox 3759 449 3926 508">
     <span class='ocr_line' id='line_1_19' title="bbox 3759 449 3926 508; baseline 0 0"><span class='ocrx_word' id='word_1_130' title='bbox 3759 449 3926 508; x_wconf 64' lang='grc'><strong>1079</strong></span> 
     </span>
    </p>
   </div>
   <div class='ocr_carea' id='block_1_20' title="bbox 2301 658 3918 730">
    <p class='ocr_par' dir='ltr' id='par_1_20' title="bbox 2301 658 3918 730">
     <span class='ocr_line' id='line_1_20' title="bbox 2301 658 3918 730; baseline -0.001 -14"><span class='ocrx_word' id='word_1_131' title='bbox 2301 662 2591 716; x_wconf 83' lang='lat' dir='ltr'><strong>ascendere</strong></span> <span class='ocrx_word' id='word_1_132' title='bbox 2612 661 2918 730; x_wconf 87' lang='lat' dir='ltr'><strong>cupiebant.</strong></span> <span class='ocrx_word' id='word_1_133' title='bbox 2943 659 2962 698; x_wconf 74' lang='grc' dir='ltr'><strong>ί</strong></span> <span class='ocrx_word' id='word_1_134' title='bbox 2994 658 3132 726; x_wconf 83' lang='lat' dir='ltr'><strong>Quid</strong></span> <span class='ocrx_word' id='word_1_135' title='bbox 3149 658 3369 728; x_wconf 83' lang='lat' dir='ltr'><strong>prodest</strong></span> <span class='ocrx_word' id='word_1_136' title='bbox 3392 673 3523 727; x_wconf 86' lang='lat' dir='ltr'><strong>opes</strong></span> <span class='ocrx_word' id='word_1_137' title='bbox 3545 658 3918 729; x_wconf 83' lang='lat' dir='ltr'><strong>dispergere,</strong></span> 
     </span>
    </p>
   </div>
   <div class='ocr_carea' id='block_1_21' title="bbox 2300 751 3922 823">
    <p class='ocr_par' dir='ltr' id='par_1_21' title="bbox 2300 751 3922 823">
     <span class='ocr_line' id='line_1_21' title="bbox 2300 751 3922 823; baseline 0.001 -16"><span class='ocrx_word' id='word_1_138' title='bbox 2300 760 2354 807; x_wconf 88' lang='lat' dir='ltr'><strong>et</strong></span> <span class='ocrx_word' id='word_1_139' title='bbox 2381 769 2585 823; x_wconf 91' lang='lat' dir='ltr'><strong>pauper</strong></span> <span class='ocrx_word' id='word_1_140' title='bbox 2627 753 2742 808; x_wconf 87' lang='lat' dir='ltr'><strong>ﬁeri</strong></span> <span class='ocrx_word' id='word_1_141' title='bbox 2788 751 3115 823; x_wconf 89' lang='lat' dir='ltr'><strong>pauperibus</strong></span> <span class='ocrx_word' id='word_1_142' title='bbox 3147 751 3436 822; x_wconf 87' lang='lat' dir='ltr'><strong>erogando,</strong></span> <span class='ocrx_word' id='word_1_143' title='bbox 3478 751 3525 806; x_wconf 88' lang='lat' dir='ltr'><strong>si</strong></span> <span class='ocrx_word' id='word_1_144' title='bbox 3571 753 3768 806; x_wconf 86' lang='lat' dir='ltr'><strong>anima</strong></span> <span class='ocrx_word' id='word_1_145' title='bbox 3803 754 3922 808; x_wconf 80' lang='lat' dir='ltr'><strong>mi-</strong></span> 
     </span>
    </p>
   </div>
   <div class='ocr_carea' id='block_1_22' title="bbox 2300 845 3916 917">
    <p class='ocr_par' dir='ltr' id='par_1_22' title="bbox 2300 845 3916 917">
     <span class='ocr_line' id='line_1_22' title="bbox 2300 845 3916 917; baseline 0.001 -16"><span class='ocrx_word' id='word_1_146' title='bbox 2300 861 2420 901; x_wconf 90' lang='lat' dir='ltr'><strong>sera</strong></span> <span class='ocrx_word' id='word_1_147' title='bbox 2445 847 2725 917; x_wconf 88' lang='lat' dir='ltr'><strong>superbior</strong></span> <span class='ocrx_word' id='word_1_148' title='bbox 2751 845 3016 900; x_wconf 75' lang='lat' dir='ltr'><strong>efﬁciatur</strong></span> <span class='ocrx_word' id='word_1_149' title='bbox 3041 845 3255 900; x_wconf 88' lang='lat' dir='ltr'><strong>divitias</strong></span> <span class='ocrx_word' id='word_1_150' title='bbox 3275 846 3696 910; x_wconf 90' lang='lat' dir='ltr'><strong>contemnendo,</strong></span> <span class='ocrx_word' id='word_1_151' title='bbox 3727 862 3916 917; x_wconf 81' lang='lat' dir='ltr'><strong>quam</strong></span> 
     </span>
    </p>
   </div>
   <div class='ocr_carea' id='block_1_23' title="bbox 2298 935 3914 1012">
    <p class='ocr_par' dir='ltr' id='par_1_23' title="bbox 2298 935 3914 1012">
     <span class='ocr_line' id='line_1_23' title="bbox 2298 935 3914 1012; baseline 0.002 -18"><span class='ocrx_word' id='word_1_152' title='bbox 2298 935 2479 994; x_wconf 79' lang='lat' dir='ltr'><strong>fuerat</strong></span> <span class='ocrx_word' id='word_1_153' title='bbox 2504 939 2862 1010; x_wconf 85' lang='lat' dir='ltr'><strong>possidendo?</strong></span> <span class='ocrx_word' id='word_1_154' title='bbox 2896 939 3098 994; x_wconf 90' lang='lat' dir='ltr'><strong>Omnes</strong></span> <span class='ocrx_word' id='word_1_155' title='bbox 3126 954 3256 1010; x_wconf 90' lang='lat' dir='ltr'><strong>ergo</strong></span> <span class='ocrx_word' id='word_1_156' title='bbox 3285 940 3337 994; x_wconf 94' lang='lat' dir='ltr'><strong>in</strong></span> <span class='ocrx_word' id='word_1_157' title='bbox 3358 941 3729 1012; x_wconf 84' lang='lat' dir='ltr'><strong>unanimitate</strong></span> <span class='ocrx_word' id='word_1_158' title='bbox 3777 958 3914 1012; x_wconf 88' lang='lat' dir='ltr'><strong>per-</strong></span> 
     </span>
    </p>
   </div>
   <div class='ocr_carea' id='block_1_24' title="bbox 2299 1030 3910 1102">
    <p class='ocr_par' dir='ltr' id='par_1_24' title="bbox 2299 1030 3910 1102">
     <span class='ocr_line' id='line_1_24' title="bbox 2299 1030 3910 1102; baseline 0.002 -16"><span class='ocrx_word' id='word_1_159' title='bbox 2299 1039 2508 1086; x_wconf 84' lang='lat' dir='ltr'><strong>stantes</strong></span> <span class='ocrx_word' id='word_1_160' title='bbox 2535 1032 2794 1085; x_wconf 90' lang='lat' dir='ltr'><strong>honorate</strong></span> <span class='ocrx_word' id='word_1_161' title='bbox 2813 1088 2818 1094; x_wconf 54' lang='grc'><em>,</em></span> <span class='ocrx_word' id='word_1_162' title='bbox 2839 1031 2892 1084; x_wconf 92' lang='lat' dir='ltr'><strong>in</strong></span> <span class='ocrx_word' id='word_1_163' title='bbox 2931 1031 3087 1085; x_wconf 86' lang='lat' dir='ltr'><strong>vobis</strong></span> <span class='ocrx_word' id='word_1_164' title='bbox 3121 1030 3312 1096; x_wconf 90' lang='lat' dir='ltr'><strong>Deum,</strong></span> <span class='ocrx_word' id='word_1_165' title='bbox 3343 1031 3496 1100; x_wconf 87' lang='lat' dir='ltr'><strong>cujus</strong></span> <span class='ocrx_word' id='word_1_166' title='bbox 3524 1032 3731 1102; x_wconf 83' lang='lat' dir='ltr'><strong>templa</strong></span> <span class='ocrx_word' id='word_1_167' title='bbox 3758 1033 3910 1090; x_wconf 70' lang='lat' dir='ltr'><strong>efﬁci</strong></span> 
     </span>
    </p>
   </div>
   <div class='ocr_carea' id='block_1_25' title="bbox 2297 1122 3909 1193">
    <p class='ocr_par' dir='ltr' id='par_1_25' title="bbox 2297 1122 3909 1193">
     <span class='ocr_line' id='line_1_25' title="bbox 2297 1122 3909 1193; baseline 0.001 -15"><span class='ocrx_word' id='word_1_168' title='bbox 2297 1123 2593 1178; x_wconf 89' lang='lat' dir='ltr'><strong>meruistis.</strong></span> <span class='ocrx_word' id='word_1_169' title='bbox 2620 1123 2676 1176; x_wconf 94' lang='lat' dir='ltr'><strong>ln</strong></span> <span class='ocrx_word' id='word_1_170' title='bbox 2699 1122 2891 1192; x_wconf 88' lang='lat' dir='ltr'><strong>primis</strong></span> <span class='ocrx_word' id='word_1_171' title='bbox 2913 1122 3200 1193; x_wconf 80' lang='lat' dir='ltr'><strong>diligamus</strong></span> <span class='ocrx_word' id='word_1_172' title='bbox 3219 1123 3384 1177; x_wconf 90' lang='lat' dir='ltr'><strong>Deum</strong></span> <span class='ocrx_word' id='word_1_173' title='bbox 3408 1131 3518 1177; x_wconf 90' lang='lat' dir='ltr'><strong>tota</strong></span> <span class='ocrx_word' id='word_1_174' title='bbox 3541 1124 3758 1178; x_wconf 83' lang='lat' dir='ltr'><strong>virtute</strong></span> <span class='ocrx_word' id='word_1_175' title='bbox 3781 1125 3909 1180; x_wconf 80' lang='lat' dir='ltr'><strong>ani-</strong></span> 
     </span>
    </p>
   </div>
   <div class='ocr_carea' id='block_1_26' title="bbox 2297 1214 3906 1286">
    <p class='ocr_par' dir='ltr' id='par_1_26' title="bbox 2297 1214 3906 1286">
     <span class='ocr_line' id='line_1_26' title="bbox 2297 1214 3906 1286; baseline 0.001 -17"><span class='ocrx_word' id='word_1_176' title='bbox 2297 1215 2391 1280; x_wconf 88' lang='lat' dir='ltr'><strong>mi,</strong></span> <span class='ocrx_word' id='word_1_177' title='bbox 2425 1215 2638 1270; x_wconf 92' lang='lat' dir='ltr'><strong>deinde‘</strong></span> <span class='ocrx_word' id='word_1_178' title='bbox 2651 1215 2977 1286; x_wconf 81' lang='lat' dir='ltr'><strong>proximum.</strong></span> <span class='ocrx_word' id='word_1_179' title='bbox 3027 1214 3134 1270; x_wconf 85' lang='lat' dir='ltr'><strong>Ista</strong></span> <span class='ocrx_word' id='word_1_180' title='bbox 3163 1215 3305 1270; x_wconf 91' lang='lat' dir='ltr'><strong>enim</strong></span> <span class='ocrx_word' id='word_1_181' title='bbox 3335 1215 3486 1270; x_wconf 86' lang='lat' dir='ltr'><strong>vobis</strong></span> <span class='ocrx_word' id='word_1_182' title='bbox 3520 1226 3651 1270; x_wconf 88' lang='lat' dir='ltr'><strong>sunt</strong></span> <span class='ocrx_word' id='word_1_183' title='bbox 3682 1231 3906 1285; x_wconf 59' lang='lat' dir='ltr'><strong>pulice.</strong></span> 
     </span>
    </p>
   </div>
   <div class='ocr_carea' id='block_1_27' title="bbox 2295 1307 3904 1378">
    <p class='ocr_par' dir='ltr' id='par_1_27' title="bbox 2295 1307 3904 1378">
     <span class='ocr_line' id='line_1_27' title="bbox 2295 1307 3904 1378; baseline 0.002 -18"><span class='ocrx_word' id='word_1_184' title='bbox 2295 1315 2390 1377; x_wconf 87' lang='lat' dir='ltr'><strong>pta</strong></span> <span class='ocrx_word' id='word_1_185' title='bbox 2419 1308 2726 1376; x_wconf 88' lang='lat' dir='ltr'><strong>specialiter</strong></span> <span class='ocrx_word' id='word_1_186' title='bbox 2754 1308 2876 1363; x_wconf 89' lang='lat' dir='ltr'><strong>data</strong></span> <span class='ocrx_word' id='word_1_187' title='bbox 2904 1327 2916 1361; x_wconf 89' lang='lat'>:</span> <span class='ocrx_word' id='word_1_188' title='bbox 2941 1307 3136 1362; x_wconf 85' lang='lat' dir='ltr'><strong>Abbati</strong></span> <span class='ocrx_word' id='word_1_189' title='bbox 3161 1308 3501 1377; x_wconf 89' lang='lat' dir='ltr'><strong>postmodum</strong></span> <span class='ocrx_word' id='word_1_190' title='bbox 3536 1309 3904 1378; x_wconf 86' lang='lat' dir='ltr'><strong>impendatur</strong></span> 
     </span>
    </p>
   </div>
   <div class='ocr_carea' id='block_1_28' title="bbox 2295 1398 3902 1468">
    <p class='ocr_par' dir='ltr' id='par_1_28' title="bbox 2295 1398 3902 1468">
     <span class='ocr_line' id='line_1_28' title="bbox 2295 1398 3902 1468; baseline 0.002 -16"><span class='ocrx_word' id='word_1_191' title='bbox 2295 1398 2487 1465; x_wconf 91' lang='lat' dir='ltr'><strong>honor,</strong></span> <span class='ocrx_word' id='word_1_192' title='bbox 2531 1408 2588 1454; x_wconf 91' lang='lat' dir='ltr'><strong>et</strong></span> <span class='ocrx_word' id='word_1_193' title='bbox 2634 1399 2936 1454; x_wconf 89' lang='lat' dir='ltr'><strong>reverentia</strong></span> <span class='ocrx_word' id='word_1_194' title='bbox 2994 1406 3333 1463; x_wconf 81' lang='lat' dir='ltr'><strong>reservetur;</strong></span> <span class='ocrx_word' id='word_1_195' title='bbox 3387 1401 3702 1468; x_wconf 69' lang='lat' dir='ltr'><strong>prteposito,</strong></span> <span class='ocrx_word' id='word_1_196' title='bbox 3754 1401 3902 1455; x_wconf 85' lang='lat' dir='ltr'><strong>sicut</strong></span> 
     </span>
    </p>
   </div>
   <div class='ocr_carea' id='block_1_29' title="bbox 2295 1479 3896 1562">
    <p class='ocr_par' dir='ltr' id='par_1_29' title="bbox 2295 1479 3896 1562">
     <span class='ocr_line' id='line_1_29' title="bbox 2295 1479 3896 1562; baseline 0.002 -16"><span class='ocrx_word' id='word_1_197' title='bbox 2295 1491 2392 1548; x_wconf 92' lang='lat' dir='ltr'><strong>Dei</strong></span> <span class='ocrx_word' id='word_1_198' title='bbox 2421 1508 2607 1548; x_wconf 90' lang='lat' dir='ltr'><strong>servos</strong></span> <span class='ocrx_word' id='word_1_199' title='bbox 2628 1494 2802 1559; x_wconf 91' lang='lat' dir='ltr'><strong>decet,</strong></span> <span class='ocrx_word' id='word_1_200' title='bbox 2828 1493 2988 1562; x_wconf 89' lang='lat' dir='ltr'><strong>plena</strong></span> <span class='ocrx_word' id='word_1_201' title='bbox 3027 1479 3250 1548; x_wconf 89' lang='lat' dir='ltr'><strong>dilectio</strong></span> <span class='ocrx_word' id='word_1_202' title='bbox 3277 1500 3332 1548; x_wconf 88' lang='lat' dir='ltr'><strong>et</strong></span> <span class='ocrx_word' id='word_1_203' title='bbox 3368 1508 3596 1548; x_wconf 89' lang='lat' dir='ltr'><strong>concors</strong></span> <span class='ocrx_word' id='word_1_204' title='bbox 3627 1492 3896 1549; x_wconf 86' lang='lat' dir='ltr'><strong>obedien-</strong></span> 
     </span>
    </p>
   </div>
   <div class='ocr_carea' id='block_1_30' title="bbox 2295 1584 2785 1642">
    <p class='ocr_par' dir='ltr' id='par_1_30' title="bbox 2295 1584 2785 1642">
     <span class='ocr_line' id='line_1_30' title="bbox 2295 1584 2785 1642; baseline 0.002 -4"><span class='ocrx_word' id='word_1_205' title='bbox 2295 1584 2371 1639; x_wconf 91' lang='lat' dir='ltr'><strong>tia</strong></span> <span class='ocrx_word' id='word_1_206' title='bbox 2394 1585 2785 1642; x_wconf 91' lang='lat' dir='ltr'><strong>commodetur.</strong></span> 
     </span>
    </p>
   </div>
   <div class='ocr_carea' id='block_1_31' title="bbox 2505 1676 3664 1750">
    <p class='ocr_par' dir='ltr' id='par_1_31' title="bbox 2505 1676 3664 1750">
     <span class='ocr_line' id='line_1_31' title="bbox 2505 1676 3664 1750; baseline 0.002 -20"><span class='ocrx_word' id='word_1_207' title='bbox 2505 1677 2531 1750; x_wconf 83' lang='lat'>§</span> <span class='ocrx_word' id='word_1_208' title='bbox 2563 1677 2670 1732; x_wconf 83' lang='lat' dir='ltr'><strong>V&#39;ll.</strong></span> <span class='ocrx_word' id='word_1_209' title='bbox 2698 1709 2770 1717; x_wconf 91' lang='lat'><strong>—-</strong></span> <span class='ocrx_word' id='word_1_210' title='bbox 2798 1676 2882 1732; x_wconf 79' lang='lat' dir='ltr'><strong>Ea;</strong></span> <span class='ocrx_word' id='word_1_211' title='bbox 2919 1682 3100 1732; x_wconf 80' lang='lat' dir='ltr'><strong>eadem</strong></span> <span class='ocrx_word' id='word_1_212' title='bbox 3138 1676 3342 1748; x_wconf 85' lang='lat' dir='ltr'><strong>Regula</strong></span> <span class='ocrx_word' id='word_1_213' title='bbox 3372 1677 3509 1750; x_wconf 83' lang='lat' dir='ltr'><strong>(cap.</strong></span> <span class='ocrx_word' id='word_1_214' title='bbox 3551 1679 3664 1750; x_wconf 88' lang='lat' dir='ltr'><strong>l6).</strong></span> 
     </span>
    </p>
   </div>
   <div class='ocr_carea' id='block_1_32' title="bbox 2367 1769 3886 1840">
    <p class='ocr_par' dir='ltr' id='par_1_32' title="bbox 2367 1769 3886 1840">
     <span class='ocr_line' id='line_1_32' title="bbox 2367 1769 3886 1840; baseline 0.001 -15"><span class='ocrx_word' id='word_1_215' title='bbox 2367 1769 2424 1825; x_wconf 92' lang='lat' dir='ltr'><strong>Si</strong></span> <span class='ocrx_word' id='word_1_216' title='bbox 2455 1778 2763 1826; x_wconf 89' lang='lat' dir='ltr'><strong>attenuatus</strong></span> <span class='ocrx_word' id='word_1_217' title='bbox 2789 1771 3116 1826; x_wconf 89' lang='lat' dir='ltr'><strong>abstinentia</strong></span> <span class='ocrx_word' id='word_1_218' title='bbox 3148 1769 3315 1825; x_wconf 81' lang='lat' dir='ltr'><strong>frater</strong></span> <span class='ocrx_word' id='word_1_219' title='bbox 3343 1785 3449 1825; x_wconf 91' lang='lat' dir='ltr'><strong>non</strong></span> <span class='ocrx_word' id='word_1_220' title='bbox 3472 1770 3714 1825; x_wconf 87' lang='lat' dir='ltr'><strong>valuerit</strong></span> <span class='ocrx_word' id='word_1_221' title='bbox 3742 1769 3886 1840; x_wconf 79' lang='lat' dir='ltr'><strong>jeju-</strong></span> 
     </span>
    </p>
   </div>
   <div class='ocr_carea' id='block_1_33' title="bbox 2293 1862 3884 1934">
    <p class='ocr_par' dir='ltr' id='par_1_33' title="bbox 2293 1862 3884 1934">
     <span class='ocr_line' id='line_1_33' title="bbox 2293 1862 3884 1934; baseline 0.002 -18"><span class='ocrx_word' id='word_1_222' title='bbox 2293 1862 2385 1917; x_wconf 89' lang='lat' dir='ltr'><strong>nia</strong></span> <span class='ocrx_word' id='word_1_223' title='bbox 2416 1871 2664 1932; x_wconf 91' lang='lat' dir='ltr'><strong>suscepta</strong></span> <span class='ocrx_word' id='word_1_224' title='bbox 2696 1872 2936 1932; x_wconf 89' lang='lat' dir='ltr'><strong>portare,</strong></span> <span class='ocrx_word' id='word_1_225' title='bbox 2987 1863 3113 1928; x_wconf 90' lang='lat' dir='ltr'><strong>nisi,</strong></span> <span class='ocrx_word' id='word_1_226' title='bbox 3159 1862 3368 1932; x_wconf 87' lang='lat' dir='ltr'><strong>prandii</strong></span> <span class='ocrx_word' id='word_1_227' title='bbox 3406 1863 3539 1917; x_wconf 90' lang='lat' dir='ltr'><strong>hora</strong></span> <span class='ocrx_word' id='word_1_228' title='bbox 3587 1863 3884 1934; x_wconf 77' lang='lat' dir='ltr'><strong>completa,</strong></span> 
     </span>
    </p>
   </div>
   <div class='ocr_carea' id='block_1_34' title="bbox 607 1949 3884 2024">
    <p class='ocr_par' dir='ltr' id='par_1_34' title="bbox 607 1949 3884 2024">
     <span class='ocr_line' id='line_1_34' title="bbox 607 1949 3884 2024; baseline 0.002 -22"><span class='ocrx_word' id='word_1_229' title='bbox 607 1949 824 2019; x_wconf 86' lang='lat' dir='ltr'><strong>quando</strong></span> <span class='ocrx_word' id='word_1_230' title='bbox 860 1958 1118 2020; x_wconf 79' lang='lat' dir='ltr'><strong>expetere</strong></span> <span class='ocrx_word' id='word_1_231' title='bbox 1150 1953 1543 2007; x_wconf 89' lang='lat' dir='ltr'><strong>monasterium</strong></span> <span class='ocrx_word' id='word_1_232' title='bbox 1590 1953 1910 2020; x_wconf 87' lang='lat' dir='ltr'><strong>meruerint,</strong></span> <span class='ocrx_word' id='word_1_233' title='bbox 1960 1953 2192 2010; x_wconf 90' lang='lat' dir='ltr'><strong>libenter</strong></span> <span class='ocrx_word' id='word_1_234' title='bbox 2218 1950 2266 2012; x_wconf 92' lang='lat' dir='ltr'><strong>B</strong></span> <span class='ocrx_word' id='word_1_235' title='bbox 2295 1952 2496 2022; x_wconf 91' lang='lat' dir='ltr'><strong>aliquid</strong></span> <span class='ocrx_word' id='word_1_236' title='bbox 2542 1954 2788 2024; x_wconf 91' lang='lat' dir='ltr'><strong>accipere</strong></span> <span class='ocrx_word' id='word_1_237' title='bbox 2814 1951 3059 2021; x_wconf 69' lang='lat' dir='ltr'><strong>3judicet</strong></span> <span class='ocrx_word' id='word_1_238' title='bbox 3107 1954 3440 2009; x_wconf 83' lang='lat' dir='ltr'><strong>indecorum.</strong></span> <span class='ocrx_word' id='word_1_239' title='bbox 3483 1953 3592 2008; x_wconf 86' lang='lat' dir='ltr'><strong>Illis</strong></span> <span class='ocrx_word' id='word_1_240' title='bbox 3634 1969 3769 2008; x_wconf 87' lang='lat' dir='ltr'><strong>vero</strong></span> <span class='ocrx_word' id='word_1_241' title='bbox 3797 1957 3884 2024; x_wconf 89' lang='lat' dir='ltr'><strong>qui</strong></span> 
     </span>
    </p>
   </div>
   <div class='ocr_carea' id='block_1_35' title="bbox 607 2042 2185 2114">
    <p class='ocr_par' dir='ltr' id='par_1_35' title="bbox 607 2042 2185 2114">
     <span class='ocr_line' id='line_1_35' title="bbox 607 2042 2185 2114; baseline 0.005 -18"><span class='ocrx_word' id='word_1_242' title='bbox 607 2042 828 2097; x_wconf 88' lang='lat' dir='ltr'><strong>tradant</strong></span> <span class='ocrx_word' id='word_1_243' title='bbox 850 2044 1100 2099; x_wconf 90' lang='lat' dir='ltr'><strong>omnibus</strong></span> <span class='ocrx_word' id='word_1_244' title='bbox 1122 2045 1424 2114; x_wconf 90' lang='lat' dir='ltr'><strong>profutura,</strong></span> <span class='ocrx_word' id='word_1_245' title='bbox 1467 2047 1744 2102; x_wconf 89' lang='lat' dir='ltr'><strong>studentes</strong></span> <span class='ocrx_word' id='word_1_246' title='bbox 1771 2055 1833 2104; x_wconf 90' lang='lat' dir='ltr'><strong>ut</strong></span> <span class='ocrx_word' id='word_1_247' title='bbox 1873 2063 1992 2103; x_wconf 93' lang='lat' dir='ltr'><strong>cum</strong></span> <span class='ocrx_word' id='word_1_248' title='bbox 2022 2050 2185 2104; x_wconf 89' lang='lat' dir='ltr'><strong>dimi-</strong></span> 
     </span>
    </p>
   </div>
   <div class='ocr_carea' id='block_1_36' title="bbox 606 2133 2186 2210">
    <p class='ocr_par' dir='ltr' id='par_1_36' title="bbox 606 2133 2186 2210">
     <span class='ocr_line' id='line_1_36' title="bbox 606 2133 2186 2210; baseline 0.007 -24"><span class='ocrx_word' id='word_1_249' title='bbox 606 2133 779 2187; x_wconf 91' lang='lat' dir='ltr'><strong>serint</strong></span> <span class='ocrx_word' id='word_1_250' title='bbox 805 2138 976 2205; x_wconf 89' lang='lat' dir='ltr'><strong>ipsam</strong></span> <span class='ocrx_word' id='word_1_251' title='bbox 1002 2134 1332 2203; x_wconf 83' lang='lat' dir='ltr'><strong>facultatem,</strong></span> <span class='ocrx_word' id='word_1_252' title='bbox 1375 2137 1546 2207; x_wconf 87' lang='lat' dir='ltr'><strong>ipsam</strong></span> <span class='ocrx_word' id='word_1_253' title='bbox 1577 2140 1738 2193; x_wconf 90' lang='lat' dir='ltr'><strong>simul</strong></span> <span class='ocrx_word' id='word_1_254' title='bbox 1767 2142 2186 2210; x_wconf 90' lang='lat' dir='ltr'><strong>concupiscendi</strong></span> 
     </span>
    </p>
   </div>
   <div class='ocr_carea' id='block_1_37' title="bbox 602 2226 2183 2304">
    <p class='ocr_par' dir='ltr' id='par_1_37' title="bbox 602 2226 2183 2304">
     <span class='ocr_line' id='line_1_37' title="bbox 602 2226 2183 2304; baseline 0.006 -24"><span class='ocrx_word' id='word_1_255' title='bbox 602 2234 805 2280; x_wconf 79' lang='lat' dir='ltr'><strong>exuant</strong></span> <span class='ocrx_word' id='word_1_256' title='bbox 852 2226 1215 2296; x_wconf 86' lang='lat' dir='ltr'><strong>voluntatem;</strong></span> <span class='ocrx_word' id='word_1_257' title='bbox 1264 2239 1318 2285; x_wconf 91' lang='lat' dir='ltr'><strong>et</strong></span> <span class='ocrx_word' id='word_1_258' title='bbox 1369 2247 1492 2286; x_wconf 90' lang='lat' dir='ltr'><strong>cum</strong></span> <span class='ocrx_word' id='word_1_259' title='bbox 1548 2231 1839 2287; x_wconf 90' lang='lat' dir='ltr'><strong>dimittitur</strong></span> <span class='ocrx_word' id='word_1_260' title='bbox 1895 2235 2183 2304; x_wconf 89' lang='lat' dir='ltr'><strong>possessio,</strong></span> 
     </span>
    </p>
   </div>
   <div class='ocr_carea' id='block_1_38' title="bbox 603 2315 2189 2391">
    <p class='ocr_par' dir='ltr' id='par_1_38' title="bbox 603 2315 2189 2391">
     <span class='ocr_line' id='line_1_38' title="bbox 603 2315 2189 2391; baseline 0.007 -22"><span class='ocrx_word' id='word_1_261' title='bbox 603 2315 894 2385; x_wconf 87' lang='lat' dir='ltr'><strong>abjiciatur</strong></span> <span class='ocrx_word' id='word_1_262' title='bbox 916 2327 970 2374; x_wconf 88' lang='lat' dir='ltr'><strong>et</strong></span> <span class='ocrx_word' id='word_1_263' title='bbox 1011 2322 1213 2391; x_wconf 89' lang='lat' dir='ltr'><strong>passio.</strong></span> <span class='ocrx_word' id='word_1_264' title='bbox 1255 2321 1356 2388; x_wconf 87' lang='lat' dir='ltr'><strong>Qui</strong></span> <span class='ocrx_word' id='word_1_265' title='bbox 1385 2331 1568 2378; x_wconf 92' lang='lat' dir='ltr'><strong>autem</strong></span> <span class='ocrx_word' id='word_1_266' title='bbox 1609 2339 1718 2378; x_wconf 92' lang='lat' dir='ltr'><strong>non</strong></span> <span class='ocrx_word' id='word_1_267' title='bbox 1768 2324 2091 2390; x_wconf 90' lang='lat' dir='ltr'><strong>habuerunt,</strong></span> <span class='ocrx_word' id='word_1_268' title='bbox 2133 2333 2189 2380; x_wconf 87' lang='lat' dir='ltr'><strong>et</strong></span> 
     </span>
    </p>
   </div>
   <div class='ocr_carea' id='block_1_39' title="bbox 602 2415 2185 2486">
    <p class='ocr_par' dir='ltr' id='par_1_39' title="bbox 602 2415 2185 2486">
     <span class='ocr_line' id='line_1_39' title="bbox 602 2415 2185 2486; baseline 0.006 -24"><span class='ocrx_word' id='word_1_269' title='bbox 602 2416 760 2480; x_wconf 89' lang='lat' dir='ltr'><strong>turpe</strong></span> <span class='ocrx_word' id='word_1_270' title='bbox 788 2419 872 2464; x_wconf 90' lang='lat' dir='ltr'><strong>est</strong></span> <span class='ocrx_word' id='word_1_271' title='bbox 895 2419 956 2466; x_wconf 91' lang='lat' dir='ltr'><strong>ut</strong></span> <span class='ocrx_word' id='word_1_272' title='bbox 982 2422 1228 2483; x_wconf 67' lang='lat' dir='ltr'><strong>quierant</strong></span> <span class='ocrx_word' id='word_1_273' title='bbox 1251 2430 1371 2484; x_wconf 78' lang='lat' dir='ltr'><strong>qua:</strong></span> <span class='ocrx_word' id='word_1_274' title='bbox 1392 2430 1450 2470; x_wconf 86' lang='lat' dir='ltr'><strong>se</strong></span> <span class='ocrx_word' id='word_1_275' title='bbox 1476 2431 1581 2471; x_wconf 91' lang='lat' dir='ltr'><strong>non</strong></span> <span class='ocrx_word' id='word_1_276' title='bbox 1607 2415 1855 2470; x_wconf 88' lang='lat' dir='ltr'><strong>recolunt</strong></span> <span class='ocrx_word' id='word_1_277' title='bbox 1877 2417 2185 2486; x_wconf 87' lang='lat' dir='ltr'><strong>reliquisse.</strong></span> 
     </span>
    </p>
   </div>
   <div class='ocr_carea' id='block_1_40' title="bbox 601 2498 2188 2577">
    <p class='ocr_par' dir='ltr' id='par_1_40' title="bbox 601 2498 2188 2577">
     <span class='ocr_line' id='line_1_40' title="bbox 601 2498 2188 2577; baseline 0.008 -25"><span class='ocrx_word' id='word_1_278' title='bbox 601 2498 670 2552; x_wconf 90' lang='lat' dir='ltr'><strong>Et</strong></span> <span class='ocrx_word' id='word_1_279' title='bbox 697 2515 805 2555; x_wconf 90' lang='lat' dir='ltr'><strong>non</strong></span> <span class='ocrx_word' id='word_1_280' title='bbox 836 2502 957 2557; x_wconf 92' lang='lat' dir='ltr'><strong>ideo</strong></span> <span class='ocrx_word' id='word_1_281' title='bbox 991 2505 1261 2560; x_wconf 80' lang='lat' dir='ltr'><strong>aestiment</strong></span> <span class='ocrx_word' id='word_1_282' title='bbox 1291 2521 1350 2561; x_wconf 90' lang='lat' dir='ltr'><strong>se</strong></span> <span class='ocrx_word' id='word_1_283' title='bbox 1380 2505 1584 2572; x_wconf 83' lang='lat' dir='ltr'><strong>felices,</strong></span> <span class='ocrx_word' id='word_1_284' title='bbox 1612 2508 1738 2577; x_wconf 87' lang='lat' dir='ltr'><strong>quia</strong></span> <span class='ocrx_word' id='word_1_285' title='bbox 1778 2508 2100 2564; x_wconf 88' lang='lat' dir='ltr'><strong>invenerunt</strong></span> <span class='ocrx_word' id='word_1_286' title='bbox 2131 2509 2188 2564; x_wconf 89' lang='lat' dir='ltr'><strong>in</strong></span> 
     </span>
    </p>
   </div>
   <div class='ocr_carea' id='block_1_41' title="bbox 602 2587 2189 2671">
    <p class='ocr_par' dir='ltr' id='par_1_41' title="bbox 602 2587 2189 2671">
     <span class='ocr_line' id='line_1_41' title="bbox 602 2587 2189 2671; baseline 0.008 -25"><span class='ocrx_word' id='word_1_287' title='bbox 602 2595 934 2650; x_wconf 89' lang='lat' dir='ltr'><strong>monasterio</strong></span> <span class='ocrx_word' id='word_1_288' title='bbox 971 2597 1112 2666; x_wconf 89' lang='lat' dir='ltr'><strong>quod</strong></span> <span class='ocrx_word' id='word_1_289' title='bbox 1152 2597 1286 2652; x_wconf 90' lang='lat' dir='ltr'><strong>foris</strong></span> <span class='ocrx_word' id='word_1_290' title='bbox 1336 2599 1581 2656; x_wconf 90' lang='lat' dir='ltr'><strong>invenire</strong></span> <span class='ocrx_word' id='word_1_291' title='bbox 1624 2616 1731 2657; x_wconf 92' lang='lat' dir='ltr'><strong>non</strong></span> <span class='ocrx_word' id='word_1_292' title='bbox 1761 2587 2024 2671; x_wconf 82' lang='lat' dir='ltr'><strong>poterant.</strong></span> <span class='ocrx_word' id='word_1_293' title='bbox 2076 2600 2189 2658; x_wconf 88' lang='lat' dir='ltr'><strong>Nec</strong></span> 
     </span>
    </p>
   </div>
   <div class='ocr_carea' id='block_1_42' title="bbox 598 2687 2188 2763">
    <p class='ocr_par' dir='ltr' id='par_1_42' title="bbox 598 2687 2188 2763">
     <span class='ocr_line' id='line_1_42' title="bbox 598 2687 2188 2763; baseline 0.008 -25"><span class='ocrx_word' id='word_1_294' title='bbox 598 2687 919 2755; x_wconf 88' lang='lat' dir='ltr'><strong>superbiant</strong></span> <span class='ocrx_word' id='word_1_295' title='bbox 950 2689 1077 2757; x_wconf 89' lang='lat' dir='ltr'><strong>quia</strong></span> <span class='ocrx_word' id='word_1_296' title='bbox 1103 2689 1381 2746; x_wconf 90' lang='lat' dir='ltr'><strong>sociantur</strong></span> <span class='ocrx_word' id='word_1_297' title='bbox 1407 2691 1486 2747; x_wconf 90' lang='lat' dir='ltr'><strong>eis</strong></span> <span class='ocrx_word' id='word_1_298' title='bbox 1513 2694 1578 2748; x_wconf 90' lang='lat' dir='ltr'><strong>ad</strong></span> <span class='ocrx_word' id='word_1_299' title='bbox 1606 2709 1742 2763; x_wconf 90' lang='lat' dir='ltr'><strong>quos</strong></span> <span class='ocrx_word' id='word_1_300' title='bbox 1775 2703 1900 2748; x_wconf 88' lang='lat' dir='ltr'><strong>ante</strong></span> <span class='ocrx_word' id='word_1_301' title='bbox 1927 2693 2188 2750; x_wconf 83' lang='lat' dir='ltr'><strong>accedere</strong></span> 
     </span>
    </p>
   </div>
   <div class='ocr_carea' id='block_1_43' title="bbox 596 2777 2188 2856">
    <p class='ocr_par' dir='ltr' id='par_1_43' title="bbox 596 2777 2188 2856">
     <span class='ocr_line' id='line_1_43' title="bbox 596 2777 2188 2856; baseline 0.006 -25"><span class='ocrx_word' id='word_1_302' title='bbox 596 2791 698 2845; x_wconf 87' lang='lat' dir='ltr'><strong>pro</strong></span> <span class='ocrx_word' id='word_1_303' title='bbox 723 2777 1033 2834; x_wconf 88' lang='lat' dir='ltr'><strong>divitiarum</strong></span> <span class='ocrx_word' id='word_1_304' title='bbox 1063 2781 1330 2845; x_wconf 89' lang='lat' dir='ltr'><strong>ubertate,</strong></span> <span class='ocrx_word' id='word_1_305' title='bbox 1368 2791 1461 2838; x_wconf 91' lang='lat' dir='ltr'><strong>aut</strong></span> <span class='ocrx_word' id='word_1_306' title='bbox 1486 2799 1584 2854; x_wconf 90' lang='lat' dir='ltr'><strong>pro</strong></span> <span class='ocrx_word' id='word_1_307' title='bbox 1611 2785 1874 2840; x_wconf 83' lang='lat' dir='ltr'><strong>natalium</strong></span> <span class='ocrx_word' id='word_1_308' title='bbox 1901 2784 2188 2856; x_wconf 86' lang='lat' dir='ltr'><strong>splendore</strong></span> 
     </span>
    </p>
   </div>
   <div class='ocr_carea' id='block_1_44' title="bbox 600 2870 2191 2946">
    <p class='ocr_par' dir='ltr' id='par_1_44' title="bbox 600 2870 2191 2946">
     <span class='ocr_line' id='line_1_44' title="bbox 600 2870 2191 2946; baseline 0.006 -26"><span class='ocrx_word' id='word_1_309' title='bbox 600 2882 708 2922; x_wconf 90' lang='lat' dir='ltr'><strong>non</strong></span> <span class='ocrx_word' id='word_1_310' title='bbox 739 2877 1031 2939; x_wconf 84' lang='lat' dir='ltr'><strong>poterant;</strong></span> <span class='ocrx_word' id='word_1_311' title='bbox 1067 2870 1161 2927; x_wconf 88' lang='lat' dir='ltr'><strong>sed</strong></span> <span class='ocrx_word' id='word_1_312' title='bbox 1187 2887 1402 2929; x_wconf 89' lang='lat' dir='ltr'><strong>sursum</strong></span> <span class='ocrx_word' id='word_1_313' title='bbox 1429 2890 1524 2929; x_wconf 91' lang='lat' dir='ltr'><strong>eor</strong></span> <span class='ocrx_word' id='word_1_314' title='bbox 1548 2875 1808 2940; x_wconf 86' lang='lat' dir='ltr'><strong>habeant,</strong></span> <span class='ocrx_word' id='word_1_315' title='bbox 1841 2885 1894 2931; x_wconf 89' lang='lat' dir='ltr'><strong>et</strong></span> <span class='ocrx_word' id='word_1_316' title='bbox 1921 2891 2042 2946; x_wconf 65' lang='lat' dir='ltr'><strong>qua:</strong></span> <span class='ocrx_word' id='word_1_317' title='bbox 2063 2882 2191 2930; x_wconf 87' lang='lat' dir='ltr'><strong>sunt</strong></span> 
     </span>
    </p>
   </div>
   <div class='ocr_carea' id='block_1_45' title="bbox 600 2961 2188 3038">
    <p class='ocr_par' dir='ltr' id='par_1_45' title="bbox 600 2961 2188 3038">
     <span class='ocr_line' id='line_1_45' title="bbox 600 2961 2188 3038; baseline 0.006 -24"><span class='ocrx_word' id='word_1_318' title='bbox 600 2961 801 3016; x_wconf 86' lang='lat' dir='ltr'><strong>caduca</strong></span> <span class='ocrx_word' id='word_1_319' title='bbox 829 2963 913 3017; x_wconf 85' lang='lat' dir='ltr'><strong>vel</strong></span> <span class='ocrx_word' id='word_1_320' title='bbox 951 2980 1116 3020; x_wconf 85' lang='lat' dir='ltr'><strong>cursu</strong></span> <span class='ocrx_word' id='word_1_321' title='bbox 1139 2965 1302 3021; x_wconf 88' lang='lat' dir='ltr'><strong>celeri</strong></span> <span class='ocrx_word' id='word_1_322' title='bbox 1329 2967 1565 3038; x_wconf 87' lang='lat' dir='ltr'><strong>peritura</strong></span> <span class='ocrx_word' id='word_1_323' title='bbox 1597 2985 1703 3023; x_wconf 92' lang='lat' dir='ltr'><strong>non</strong></span> <span class='ocrx_word' id='word_1_324' title='bbox 1731 2977 1997 3038; x_wconf 62' lang='lat' dir='ltr'><strong>quaerant.</strong></span> <span class='ocrx_word' id='word_1_325' title='bbox 2029 2968 2054 3007; x_wconf 75' lang='grc' dir='ltr'>ἀ</span> <span class='ocrx_word' id='word_1_326' title='bbox 2085 2967 2188 3024; x_wconf 87' lang='lat' dir='ltr'><strong>Ubi</strong></span> 
     </span>
    </p>
   </div>
   <div class='ocr_carea' id='block_1_46' title="bbox 604 3052 2182 3128">
    <p class='ocr_par' dir='ltr' id='par_1_46' title="bbox 604 3052 2182 3128">
     <span class='ocr_line' id='line_1_46' title="bbox 604 3052 2182 3128; baseline 0.006 -24"><span class='ocrx_word' id='word_1_327' title='bbox 604 3057 787 3106; x_wconf 89' lang='lat' dir='ltr'><strong>autem</strong></span> <span class='ocrx_word' id='word_1_328' title='bbox 815 3052 1009 3110; x_wconf 90' lang='lat' dir='ltr'><strong>divites</strong></span> <span class='ocrx_word' id='word_1_329' title='bbox 1042 3056 1413 3121; x_wconf 88' lang='lat' dir='ltr'><strong>humiliantur,</strong></span> <span class='ocrx_word' id='word_1_330' title='bbox 1443 3073 1708 3128; x_wconf 85' lang='lat' dir='ltr'><strong>pauperes</strong></span> <span class='ocrx_word' id='word_1_331' title='bbox 1735 3075 1840 3114; x_wconf 94' lang='lat' dir='ltr'><strong>non</strong></span> <span class='ocrx_word' id='word_1_332' title='bbox 1887 3058 2140 3115; x_wconf 86' lang='lat' dir='ltr'><strong>inflentur</strong></span> <span class='ocrx_word' id='word_1_333' title='bbox 2169 3077 2182 3113; x_wconf 90' lang='lat'><strong>:</strong></span> 
     </span>
    </p>
   </div>
   <div class='ocr_carea' id='block_1_47' title="bbox 601 3143 2182 3218">
    <p class='ocr_par' dir='ltr' id='par_1_47' title="bbox 601 3143 2182 3218">
     <span class='ocr_line' id='line_1_47' title="bbox 601 3143 2182 3218; baseline 0.007 -21"><span class='ocrx_word' id='word_1_334' title='bbox 601 3157 671 3198; x_wconf 89' lang='lat' dir='ltr'><strong>ne</strong></span> <span class='ocrx_word' id='word_1_335' title='bbox 711 3143 975 3214; x_wconf 89' lang='lat' dir='ltr'><strong>incipiant</strong></span> <span class='ocrx_word' id='word_1_336' title='bbox 1014 3149 1342 3202; x_wconf 89' lang='lat' dir='ltr'><strong>monasteria</strong></span> <span class='ocrx_word' id='word_1_337' title='bbox 1380 3149 1534 3203; x_wconf 89' lang='lat' dir='ltr'><strong>utilia</strong></span> <span class='ocrx_word' id='word_1_338' title='bbox 1584 3151 1702 3218; x_wconf 91' lang='lat' dir='ltr'><strong>plus</strong></span> <span class='ocrx_word' id='word_1_339' title='bbox 1741 3167 1861 3206; x_wconf 83' lang='lat' dir='ltr'><strong>esse</strong></span> <span class='ocrx_word' id='word_1_340' title='bbox 1905 3151 2182 3218; x_wconf 84' lang='lat' dir='ltr'><strong>divitibus,</strong></span> 
     </span>
    </p>
   </div>
   <div class='ocr_carea' id='block_1_48' title="bbox 517 3237 2186 3311">
    <p class='ocr_par' dir='ltr' id='par_1_48' title="bbox 517 3237 2186 3311">
     <span class='ocr_line' id='line_1_48' title="bbox 517 3237 2186 3311; baseline 0.005 -21"><span class='ocrx_word' id='word_1_341' title='bbox 517 3241 534 3259; x_wconf 85' lang='lat'><strong><em>‘</em></strong></span> <span class='ocrx_word' id='word_1_342' title='bbox 599 3251 764 3306; x_wconf 89' lang='lat' dir='ltr'><strong>quam</strong></span> <span class='ocrx_word' id='word_1_343' title='bbox 800 3239 1003 3308; x_wconf 87' lang='lat' dir='ltr'><strong>egenis.</strong></span> <span class='ocrx_word' id='word_1_344' title='bbox 1039 3237 1176 3293; x_wconf 85' lang='lat' dir='ltr'><strong>Nam</strong></span> <span class='ocrx_word' id='word_1_345' title='bbox 1207 3248 1262 3294; x_wconf 92' lang='lat' dir='ltr'><strong>et</strong></span> <span class='ocrx_word' id='word_1_346' title='bbox 1295 3239 1369 3294; x_wconf 89' lang='lat' dir='ltr'><strong>illi</strong></span> <span class='ocrx_word' id='word_1_347' title='bbox 1397 3241 1489 3310; x_wconf 90' lang='lat' dir='ltr'><strong>qui</strong></span> <span class='ocrx_word' id='word_1_348' title='bbox 1530 3240 1831 3311; x_wconf 84' lang='lat' dir='ltr'><strong>locupletes</strong></span> <span class='ocrx_word' id='word_1_349' title='bbox 1859 3241 2186 3298; x_wconf 88' lang='lat' dir='ltr'><strong>videbantur</strong></span> 
     </span>
    </p>
   </div>
   <div class='ocr_carea' id='block_1_49' title="bbox 2290 2047 3885 2118">
    <p class='ocr_par' dir='ltr' id='par_1_49' title="bbox 2290 2047 3885 2118">
     <span class='ocr_line' id='line_1_49' title="bbox 2290 2047 3885 2118; baseline 0.001 -17"><span class='ocrx_word' id='word_1_350' title='bbox 2290 2047 2634 2102; x_wconf 87' lang='lat' dir='ltr'><strong>incommodo</strong></span> <span class='ocrx_word' id='word_1_351' title='bbox 2661 2047 2986 2111; x_wconf 89' lang='lat' dir='ltr'><strong>detinentur,</strong></span> <span class='ocrx_word' id='word_1_352' title='bbox 3019 2055 3074 2102; x_wconf 90' lang='lat' dir='ltr'><strong>et</strong></span> <span class='ocrx_word' id='word_1_353' title='bbox 3097 2047 3404 2117; x_wconf 86' lang='lat' dir='ltr'><strong>designatas</strong></span> <span class='ocrx_word' id='word_1_354' title='bbox 3433 2047 3592 2100; x_wconf 85' lang='lat' dir='ltr'><strong>horas</strong></span> <span class='ocrx_word' id='word_1_355' title='bbox 3618 2063 3730 2100; x_wconf 90' lang='lat' dir='ltr'><strong>non</strong></span> <span class='ocrx_word' id='word_1_356' title='bbox 3765 2063 3885 2118; x_wconf 88' lang='lat' dir='ltr'><strong>pos-</strong></span> 
     </span>
    </p>
   </div>
   <div class='ocr_carea' id='block_1_50' title="bbox 2291 2136 3881 2208">
    <p class='ocr_par' dir='ltr' id='par_1_50' title="bbox 2291 2136 3881 2208">
     <span class='ocr_line' id='line_1_50' title="bbox 2291 2136 3881 2208; baseline 0 -15"><span class='ocrx_word' id='word_1_357' title='bbox 2291 2146 2416 2193; x_wconf 88' lang='lat' dir='ltr'><strong>sunt</strong></span> <span class='ocrx_word' id='word_1_358' title='bbox 2441 2137 2736 2201; x_wconf 82' lang='lat' dir='ltr'><strong>custodire,</strong></span> <span class='ocrx_word' id='word_1_359' title='bbox 2769 2137 2914 2190; x_wconf 89' lang='lat' dir='ltr'><strong>licite</strong></span> <span class='ocrx_word' id='word_1_360' title='bbox 2943 2136 3272 2191; x_wconf 87' lang='lat' dir='ltr'><strong>concedatur</strong></span> <span class='ocrx_word' id='word_1_361' title='bbox 3297 2146 3358 2191; x_wconf 92' lang='lat' dir='ltr'><strong>ut</strong></span> <span class='ocrx_word' id='word_1_362' title='bbox 3399 2137 3709 2208; x_wconf 88' lang='lat' dir='ltr'><strong>percipiant</strong></span> <span class='ocrx_word' id='word_1_363' title='bbox 3745 2153 3881 2208; x_wconf 84' lang='lat' dir='ltr'><strong>quo-</strong></span> 
     </span>
    </p>
   </div>
   <div class='ocr_carea' id='block_1_51' title="bbox 2290 2228 3878 2301">
    <p class='ocr_par' dir='ltr' id='par_1_51' title="bbox 2290 2228 3878 2301">
     <span class='ocr_line' id='line_1_51' title="bbox 2290 2228 3878 2301; baseline 0.001 -16"><span class='ocrx_word' id='word_1_364' title='bbox 2290 2230 2452 2284; x_wconf 90' lang='lat' dir='ltr'><strong>modo</strong></span> <span class='ocrx_word' id='word_1_365' title='bbox 2473 2236 2717 2301; x_wconf 90' lang='lat' dir='ltr'><strong>possunt.</strong></span> <span class='ocrx_word' id='word_1_366' title='bbox 2749 2230 2773 2268; x_wconf 74' lang='grc' dir='ltr'><strong>ιι</strong></span> <span class='ocrx_word' id='word_1_367' title='bbox 2800 2228 2908 2283; x_wconf 87' lang='lat' dir='ltr'><strong>Nec</strong></span> <span class='ocrx_word' id='word_1_368' title='bbox 2931 2228 3093 2283; x_wconf 90' lang='lat' dir='ltr'><strong>debet</strong></span> <span class='ocrx_word' id='word_1_369' title='bbox 3118 2228 3240 2283; x_wconf 91' lang='lat' dir='ltr'><strong>aliis</strong></span> <span class='ocrx_word' id='word_1_370' title='bbox 3265 2228 3569 2283; x_wconf 88' lang='lat' dir='ltr'><strong>molestiam</strong></span> <span class='ocrx_word' id='word_1_371' title='bbox 3590 2245 3878 2300; x_wconf 82' lang='lat' dir='ltr'><strong>generare,</strong></span> 
     </span>
    </p>
   </div>
   <div class='ocr_carea' id='block_1_52' title="bbox 2290 2320 3877 2393">
    <p class='ocr_par' dir='ltr' id='par_1_52' title="bbox 2290 2320 3877 2393">
     <span class='ocr_line' id='line_1_52' title="bbox 2290 2320 3877 2393; baseline 0.002 -18"><span class='ocrx_word' id='word_1_372' title='bbox 2290 2322 2335 2376; x_wconf 89' lang='lat' dir='ltr'><strong>si</strong></span> <span class='ocrx_word' id='word_1_373' title='bbox 2361 2322 2562 2393; x_wconf 84' lang='lat' dir='ltr'><strong>largior</strong></span> <span class='ocrx_word' id='word_1_374' title='bbox 2591 2322 2695 2376; x_wconf 86' lang='lat' dir='ltr'><strong>illis</strong></span> <span class='ocrx_word' id='word_1_375' title='bbox 2728 2320 3084 2376; x_wconf 90' lang='lat' dir='ltr'><strong>fueritvictus</strong></span> <span class='ocrx_word' id='word_1_376' title='bbox 3114 2321 3410 2389; x_wconf 90' lang='lat' dir='ltr'><strong>impensus,</strong></span> <span class='ocrx_word' id='word_1_377' title='bbox 3439 2321 3530 2388; x_wconf 89' lang='lat' dir='ltr'><strong>qui</strong></span> <span class='ocrx_word' id='word_1_378' title='bbox 3560 2323 3612 2376; x_wconf 91' lang='lat' dir='ltr'><strong>in</strong></span> <span class='ocrx_word' id='word_1_379' title='bbox 3651 2338 3877 2378; x_wconf 84' lang='lat' dir='ltr'><strong>conver-</strong></span> 
     </span>
    </p>
   </div>
   <div class='ocr_carea' id='block_1_53' title="bbox 2291 2412 3876 2486">
    <p class='ocr_par' dir='ltr' id='par_1_53' title="bbox 2291 2412 3876 2486">
     <span class='ocr_line' id='line_1_53' title="bbox 2291 2412 3876 2486; baseline 0.002 -19"><span class='ocrx_word' id='word_1_380' title='bbox 2291 2415 2500 2468; x_wconf 86' lang='lat' dir='ltr'><strong>satione</strong></span> <span class='ocrx_word' id='word_1_381' title='bbox 2545 2413 2791 2468; x_wconf 76' lang='lat' dir='ltr'><strong>saeculari</strong></span> <span class='ocrx_word' id='word_1_382' title='bbox 2843 2412 3216 2482; x_wconf 86' lang='lat' dir='ltr'><strong>sumptuosius</strong></span> <span class='ocrx_word' id='word_1_383' title='bbox 3268 2413 3664 2468; x_wconf 84' lang='lat' dir='ltr'><strong>tractabantur.</strong></span> <span class='ocrx_word' id='word_1_384' title='bbox 3706 2416 3876 2486; x_wconf 83' lang='lat' dir='ltr'><strong>Atque</strong></span> 
     </span>
    </p>
   </div>
   <div class='ocr_carea' id='block_1_54' title="bbox 2290 2503 3874 2574">
    <p class='ocr_par' dir='ltr' id='par_1_54' title="bbox 2290 2503 3874 2574">
     <span class='ocr_line' id='line_1_54' title="bbox 2290 2503 3874 2574; baseline 0.001 -16"><span class='ocrx_word' id='word_1_385' title='bbox 2290 2505 2358 2558; x_wconf 90' lang='lat' dir='ltr'><strong>ab</strong></span> <span class='ocrx_word' id='word_1_386' title='bbox 2389 2505 2491 2559; x_wconf 90' lang='lat' dir='ltr'><strong>hoc</strong></span> <span class='ocrx_word' id='word_1_387' title='bbox 2519 2521 2624 2559; x_wconf 91' lang='lat' dir='ltr'><strong>non</strong></span> <span class='ocrx_word' id='word_1_388' title='bbox 2651 2504 2922 2560; x_wconf 87' lang='lat' dir='ltr'><strong>beatiores</strong></span> <span class='ocrx_word' id='word_1_389' title='bbox 2963 2504 3233 2559; x_wconf 68' lang='lat' dir='ltr'><strong>aestiment</strong></span> <span class='ocrx_word' id='word_1_390' title='bbox 3256 2519 3314 2558; x_wconf 90' lang='lat' dir='ltr'><strong>se</strong></span> <span class='ocrx_word' id='word_1_391' title='bbox 3347 2505 3364 2543; x_wconf 79' lang='grc' dir='ltr'><strong>ί</strong></span> <span class='ocrx_word' id='word_1_392' title='bbox 3393 2503 3592 2565; x_wconf 88' lang='lat' dir='ltr'><strong>videri,</strong></span> <span class='ocrx_word' id='word_1_393' title='bbox 3619 2519 3760 2574; x_wconf 88' lang='lat' dir='ltr'><strong>quos</strong></span> <span class='ocrx_word' id='word_1_394' title='bbox 3801 2505 3874 2560; x_wconf 84' lang='lat' dir='ltr'><strong>fa-</strong></span> 
     </span>
    </p>
   </div>
   <div class='ocr_carea' id='block_1_55' title="bbox 2289 2595 3874 2660">
    <p class='ocr_par' dir='ltr' id='par_1_55' title="bbox 2289 2595 3874 2660">
     <span class='ocr_line' id='line_1_55' title="bbox 2289 2595 3874 2660; baseline -0.001 -9"><span class='ocrx_word' id='word_1_395' title='bbox 2289 2596 2364 2651; x_wconf 91' lang='lat' dir='ltr'><strong>cit</strong></span> <span class='ocrx_word' id='word_1_396' title='bbox 2411 2605 2502 2650; x_wconf 91' lang='lat' dir='ltr'><strong>aut</strong></span> <span class='ocrx_word' id='word_1_397' title='bbox 2548 2596 2806 2650; x_wconf 88' lang='lat' dir='ltr'><strong>natalium</strong></span> <span class='ocrx_word' id='word_1_398' title='bbox 2855 2595 3225 2660; x_wconf 89' lang='lat' dir='ltr'><strong>mediocritas,</strong></span> <span class='ocrx_word' id='word_1_399' title='bbox 3256 2603 3352 2649; x_wconf 89' lang='lat' dir='ltr'><strong>aut</strong></span> <span class='ocrx_word' id='word_1_400' title='bbox 3396 2596 3736 2650; x_wconf 89' lang='lat' dir='ltr'><strong>consuetudo</strong></span> <span class='ocrx_word' id='word_1_401' title='bbox 3775 2596 3874 2650; x_wconf 79' lang='lat' dir='ltr'><strong>alia</strong></span> 
     </span>
    </p>
   </div>
   <div class='ocr_carea' id='block_1_56' title="bbox 2290 2685 3870 2756">
    <p class='ocr_par' dir='ltr' id='par_1_56' title="bbox 2290 2685 3870 2756">
     <span class='ocr_line' id='line_1_56' title="bbox 2290 2685 3870 2756; baseline 0.001 -16"><span class='ocrx_word' id='word_1_402' title='bbox 2290 2687 2562 2742; x_wconf 90' lang='lat' dir='ltr'><strong>fortiores.</strong></span> <span class='ocrx_word' id='word_1_403' title='bbox 2604 2685 2715 2742; x_wconf 86' lang='lat' dir='ltr'><strong>Nec</strong></span> <span class='ocrx_word' id='word_1_404' title='bbox 2755 2685 3064 2742; x_wconf 85' lang='lat' dir='ltr'><strong>felicioresi</strong></span> <span class='ocrx_word' id='word_1_405' title='bbox 3101 2687 3346 2756; x_wconf 84' lang='lat' dir='ltr'><strong>judicent</strong></span> <span class='ocrx_word' id='word_1_406' title='bbox 3380 2687 3580 2756; x_wconf 91' lang='lat' dir='ltr'><strong>quibus</strong></span> <span class='ocrx_word' id='word_1_407' title='bbox 3613 2689 3673 2741; x_wconf 89' lang='lat' dir='ltr'><strong>in</strong></span> <span class='ocrx_word' id='word_1_408' title='bbox 3722 2687 3870 2742; x_wconf 84' lang='lat' dir='ltr'><strong>infir-</strong></span> 
     </span>
    </p>
   </div>
   <div class='ocr_carea' id='block_1_57' title="bbox 2288 2778 3873 2851">
    <p class='ocr_par' dir='ltr' id='par_1_57' title="bbox 2288 2778 3873 2851">
     <span class='ocr_line' id='line_1_57' title="bbox 2288 2778 3873 2851; baseline 0.001 -17"><span class='ocrx_word' id='word_1_409' title='bbox 2288 2779 2478 2834; x_wconf 89' lang='lat' dir='ltr'><strong>mitate</strong></span> <span class='ocrx_word' id='word_1_410' title='bbox 2512 2786 2800 2849; x_wconf 62' lang='lat' dir='ltr'><strong>priestatur</strong></span> <span class='ocrx_word' id='word_1_411' title='bbox 2826 2778 2970 2849; x_wconf 89' lang='lat' dir='ltr'><strong>quod</strong></span> <span class='ocrx_word' id='word_1_412' title='bbox 3001 2779 3146 2834; x_wconf 91' lang='lat' dir='ltr'><strong>sanis</strong></span> <span class='ocrx_word' id='word_1_413' title='bbox 3175 2793 3274 2848; x_wconf 93' lang='lat' dir='ltr'><strong>pro</strong></span> <span class='ocrx_word' id='word_1_414' title='bbox 3299 2779 3661 2834; x_wconf 79' lang='lat' dir='ltr'><strong>observantia:</strong></span> <span class='ocrx_word' id='word_1_415' title='bbox 3700 2781 3873 2851; x_wconf 82' lang='lat' dir='ltr'><strong>rigore</strong></span> 
     </span>
    </p>
   </div>
   <div class='ocr_carea' id='block_1_58' title="bbox 2289 2871 3870 2948">
    <p class='ocr_par' dir='ltr' id='par_1_58' title="bbox 2289 2871 3870 2948">
     <span class='ocr_line' id='line_1_58' title="bbox 2289 2871 3870 2948; baseline 0 -21"><span class='ocrx_word' id='word_1_416' title='bbox 2289 2873 2658 2937; x_wconf 89' lang='lat' dir='ltr'><strong>subtrahitur;</strong></span> <span class='ocrx_word' id='word_1_417' title='bbox 2687 2880 2742 2927; x_wconf 90' lang='lat' dir='ltr'><strong>et</strong></span> <span class='ocrx_word' id='word_1_418' title='bbox 2768 2871 2812 2926; x_wconf 90' lang='lat' dir='ltr'><strong>si</strong></span> <span class='ocrx_word' id='word_1_419' title='bbox 2844 2873 2924 2926; x_wconf 89' lang='lat' dir='ltr'><strong>eis</strong></span> <span class='ocrx_word' id='word_1_420' title='bbox 2957 2887 3093 2941; x_wconf 91' lang='lat' dir='ltr'><strong>quos</strong></span> <span class='ocrx_word' id='word_1_421' title='bbox 3118 2880 3371 2941; x_wconf 90' lang='lat' dir='ltr'><strong>parentes</strong></span> <span class='ocrx_word' id='word_1_422' title='bbox 3391 2871 3704 2948; x_wconf 84' lang='lat' dir='ltr'><strong>deliciosius</strong></span> <span class='ocrx_word' id='word_1_423' title='bbox 3724 2872 3870 2927; x_wconf 89' lang='lat' dir='ltr'><strong>alue-</strong></span> 
     </span>
    </p>
   </div>
   <div class='ocr_carea' id='block_1_59' title="bbox 2289 2945 3870 3033">
    <p class='ocr_par' dir='ltr' id='par_1_59' title="bbox 2289 2945 3870 3033">
     <span class='ocr_line' id='line_1_59' title="bbox 2289 2945 3870 3033; baseline 0 -14"><span class='ocrx_word' id='word_1_424' title='bbox 2289 2972 2416 3019; x_wconf 89' lang='lat' dir='ltr'><strong>runt</strong></span> <span class='ocrx_word' id='word_1_425' title='bbox 2441 2965 2615 3019; x_wconf 89' lang='lat' dir='ltr'><strong>victus</strong></span> <span class='ocrx_word' id='word_1_426' title='bbox 2635 2972 2730 3018; x_wconf 91' lang='lat' dir='ltr'><strong>aut</strong></span> <span class='ocrx_word' id='word_1_427' title='bbox 2747 2965 3070 3019; x_wconf 89' lang='lat' dir='ltr'><strong>vestimenta</strong></span> <span class='ocrx_word' id='word_1_428' title='bbox 3093 2963 3294 3033; x_wconf 81' lang='lat' dir='ltr'><strong>largius</strong></span> <span class='ocrx_word' id='word_1_429' title='bbox 3315 2945 3648 3027; x_wconf 80' lang='lat' dir='ltr'><strong>tribuuntur,</strong></span> <span class='ocrx_word' id='word_1_430' title='bbox 3681 2979 3784 3018; x_wconf 89' lang='lat' dir='ltr'><strong>non</strong></span> <span class='ocrx_word' id='word_1_431' title='bbox 3805 2964 3870 3020; x_wconf 90' lang='lat' dir='ltr'><strong>ob</strong></span> 
     </span>
    </p>
   </div>
   <div class='ocr_carea' id='block_1_60' title="bbox 2289 3048 3871 3130">
    <p class='ocr_par' dir='ltr' id='par_1_60' title="bbox 2289 3048 3871 3130">
     <span class='ocr_line' id='line_1_60' title="bbox 2289 3048 3871 3130; baseline 0 -15"><span class='ocrx_word' id='word_1_432' title='bbox 2289 3061 2394 3115; x_wconf 94' lang='lat' dir='ltr'><strong>hoc</strong></span> <span class='ocrx_word' id='word_1_433' title='bbox 2423 3060 2753 3116; x_wconf 85' lang='lat' dir='ltr'><strong>commoveri</strong></span> <span class='ocrx_word' id='word_1_434' title='bbox 2791 3048 3330 3126; x_wconf 41' lang='lat' dir='ltr'><strong>debet&#39;fraternitas,</strong></span> <span class='ocrx_word' id='word_1_435' title='bbox 3375 3061 3517 3130; x_wconf 83' lang='lat' dir='ltr'><strong>quod</strong></span> <span class='ocrx_word' id='word_1_436' title='bbox 3560 3060 3871 3116; x_wconf 90' lang='lat' dir='ltr'><strong>fortioribus</strong></span> 
     </span>
    </p>
   </div>
   <div class='ocr_carea' id='block_1_61' title="bbox 2289 3153 3870 3225">
    <p class='ocr_par' dir='ltr' id='par_1_61' title="bbox 2289 3153 3870 3225">
     <span class='ocr_line' id='line_1_61' title="bbox 2289 3153 3870 3225; baseline 0.001 -17"><span class='ocrx_word' id='word_1_437' title='bbox 2289 3168 2514 3222; x_wconf 89' lang='lat' dir='ltr'><strong>corpore</strong></span> <span class='ocrx_word' id='word_1_438' title='bbox 2556 3169 2656 3224; x_wconf 90' lang='lat' dir='ltr'><strong>pro</strong></span> <span class='ocrx_word' id='word_1_439' title='bbox 2701 3153 3086 3209; x_wconf 88' lang='lat' dir='ltr'><strong>constitutione</strong></span> <span class='ocrx_word' id='word_1_440' title='bbox 3124 3154 3322 3225; x_wconf 68' lang='lat' dir='ltr'><strong>regula:</strong></span> <span class='ocrx_word' id='word_1_441' title='bbox 3372 3154 3691 3223; x_wconf 83' lang='lat' dir='ltr'><strong>denegatur,</strong></span> <span class='ocrx_word' id='word_1_442' title='bbox 3731 3154 3870 3224; x_wconf 89' lang='lat' dir='ltr'><strong>quod</strong></span> 
     </span>
    </p>
   </div>
   <div class='ocr_carea' id='block_1_62' title="bbox 2291 3243 3872 3313">
    <p class='ocr_par' dir='ltr' id='par_1_62' title="bbox 2291 3243 3872 3313">
     <span class='ocr_line' id='line_1_62' title="bbox 2291 3243 3872 3313; baseline 0.003 -16"><span class='ocrx_word' id='word_1_443' title='bbox 2291 3243 2397 3298; x_wconf 92' lang='lat' dir='ltr'><strong>illis</strong></span> <span class='ocrx_word' id='word_1_444' title='bbox 2424 3245 2703 3298; x_wconf 87' lang='lat' dir='ltr'><strong>charitatis</strong></span> <span class='ocrx_word' id='word_1_445' title='bbox 2728 3245 2937 3299; x_wconf 91' lang='lat' dir='ltr'><strong>ratione</strong></span> <span class='ocrx_word' id='word_1_446' title='bbox 2968 3245 3242 3300; x_wconf 89' lang='lat' dir='ltr'><strong>tribuitur.</strong></span> <span class='ocrx_word' id='word_1_447' title='bbox 3277 3245 3412 3313; x_wconf 89' lang='lat' dir='ltr'><strong>Quia</strong></span> <span class='ocrx_word' id='word_1_448' title='bbox 3453 3247 3610 3302; x_wconf 82' lang='lat' dir='ltr'><strong>debet</strong></span> <span class='ocrx_word' id='word_1_449' title='bbox 3634 3261 3758 3302; x_wconf 88' lang='lat' dir='ltr'><strong>esse</strong></span> <span class='ocrx_word' id='word_1_450' title='bbox 3790 3263 3872 3302; x_wconf 84' lang='lat' dir='ltr'><strong>re-</strong></span> 
     </span>
    </p>
   </div>
   <div class='ocr_carea' id='block_1_63' title="bbox 599 3324 3872 3409">
    <p class='ocr_par' dir='ltr' id='par_1_63' title="bbox 599 3324 3872 3409">
     <span class='ocr_line' id='line_1_63' title="bbox 599 3324 3872 3409; baseline 0.004 -25"><span class='ocrx_word' id='word_1_451' title='bbox 599 3327 656 3384; x_wconf 87' lang='lat' dir='ltr'><strong>in</strong></span> <span class='ocrx_word' id='word_1_452' title='bbox 694 3329 892 3385; x_wconf 63' lang='lat' dir='ltr'><strong>sarculo</strong></span> <span class='ocrx_word' id='word_1_453' title='bbox 922 3329 1122 3386; x_wconf 81' lang='lat' dir='ltr'><strong>fratres</strong></span> <span class='ocrx_word' id='word_1_454' title='bbox 1150 3333 1215 3386; x_wconf 89' lang='lat' dir='ltr'><strong>ad</strong></span> <span class='ocrx_word' id='word_1_455' title='bbox 1250 3340 1491 3386; x_wconf 90' lang='lat' dir='ltr'><strong>sanctam</strong></span> <span class='ocrx_word' id='word_1_456' title='bbox 1523 3333 1837 3388; x_wconf 89' lang='lat' dir='ltr'><strong>societatem</strong></span> <span class='ocrx_word' id='word_1_457' title='bbox 1862 3349 1927 3388; x_wconf 75' lang='lat' dir='ltr'><strong>ex</strong></span> <span class='ocrx_word' id='word_1_458' title='bbox 1956 3349 2186 3404; x_wconf 89' lang='lat' dir='ltr'><strong>pauper-</strong></span> <span class='ocrx_word' id='word_1_459' title='bbox 2212 3324 2256 3387; x_wconf 88' lang='lat' dir='ltr'><strong><em>C</em></strong></span> <span class='ocrx_word' id='word_1_460' title='bbox 2289 3345 2506 3407; x_wconf 79' lang='lat' dir='ltr'><strong>spectas</strong></span> <span class='ocrx_word' id='word_1_461' title='bbox 2534 3347 2737 3406; x_wconf 90' lang='lat' dir='ltr'><strong>quanta</strong></span> <span class='ocrx_word' id='word_1_462' title='bbox 2787 3354 2972 3393; x_wconf 90' lang='lat' dir='ltr'><strong>amore</strong></span> <span class='ocrx_word' id='word_1_463' title='bbox 3001 3338 3283 3409; x_wconf 84' lang='lat' dir='ltr'><strong>religionis</strong></span> <span class='ocrx_word' id='word_1_464' title='bbox 3310 3340 3754 3408; x_wconf 88' lang='lat' dir='ltr'><strong>contempserint,</strong></span> <span class='ocrx_word' id='word_1_465' title='bbox 3784 3341 3872 3396; x_wconf 88' lang='lat' dir='ltr'><strong>cui</strong></span> 
     </span>
    </p>
   </div>
   <div class='ocr_carea' id='block_1_64' title="bbox 598 3423 2182 3497">
    <p class='ocr_par' dir='ltr' id='par_1_64' title="bbox 598 3423 2182 3497">
     <span class='ocr_line' id='line_1_64' title="bbox 598 3423 2182 3497; baseline 0.005 -22"><span class='ocrx_word' id='word_1_466' title='bbox 598 3428 708 3476; x_wconf 90' lang='lat' dir='ltr'><strong>tate</strong></span> <span class='ocrx_word' id='word_1_467' title='bbox 734 3423 1014 3480; x_wconf 88' lang='lat' dir='ltr'><strong>venientes</strong></span> <span class='ocrx_word' id='word_1_468' title='bbox 1043 3439 1149 3479; x_wconf 93' lang='lat' dir='ltr'><strong>non</strong></span> <span class='ocrx_word' id='word_1_469' title='bbox 1189 3423 1469 3480; x_wconf 87' lang='lat' dir='ltr'><strong>fastidiose</strong></span> <span class='ocrx_word' id='word_1_470' title='bbox 1498 3426 1834 3497; x_wconf 86' lang='lat' dir='ltr'><strong>suscipiant;</strong></span> <span class='ocrx_word' id='word_1_471' title='bbox 1869 3427 1962 3481; x_wconf 89' lang='lat' dir='ltr'><strong>sed</strong></span> <span class='ocrx_word' id='word_1_472' title='bbox 1997 3427 2182 3483; x_wconf 89' lang='lat' dir='ltr'><strong>talium</strong></span> 
     </span>
    </p>
   </div>
   <div class='ocr_carea' id='block_1_65' title="bbox 599 3517 2180 3592">
    <p class='ocr_par' dir='ltr' id='par_1_65' title="bbox 599 3517 2180 3592">
     <span class='ocr_line' id='line_1_65' title="bbox 599 3517 2180 3592; baseline 0.004 -23"><span class='ocrx_word' id='word_1_473' title='bbox 599 3529 955 3584; x_wconf 90' lang='lat' dir='ltr'><strong>personarum</strong></span> <span class='ocrx_word' id='word_1_474' title='bbox 1009 3517 1272 3573; x_wconf 89' lang='lat' dir='ltr'><strong>societate</strong></span> <span class='ocrx_word' id='word_1_475' title='bbox 1321 3527 1377 3574; x_wconf 90' lang='lat' dir='ltr'><strong>et</strong></span> <span class='ocrx_word' id='word_1_476' title='bbox 1417 3519 1776 3574; x_wconf 87' lang='lat' dir='ltr'><strong>contubernio</strong></span> <span class='ocrx_word' id='word_1_477' title='bbox 1825 3521 2180 3592; x_wconf 82' lang='lat' dir='ltr'><strong>gratulentur.</strong></span> 
     </span>
    </p>
   </div>
   <div class='ocr_carea' id='block_1_66' title="bbox 598 3605 2184 3683">
    <p class='ocr_par' dir='ltr' id='par_1_66' title="bbox 598 3605 2184 3683">
     <span class='ocr_line' id='line_1_66' title="bbox 598 3605 2184 3683; baseline 0.007 -23"><span class='ocrx_word' id='word_1_478' title='bbox 598 3605 748 3662; x_wconf 66' lang='lat' dir='ltr'><strong>cNec</strong></span> <span class='ocrx_word' id='word_1_479' title='bbox 777 3608 845 3662; x_wconf 92' lang='lat' dir='ltr'><strong>ob</strong></span> <span class='ocrx_word' id='word_1_480' title='bbox 868 3609 972 3665; x_wconf 90' lang='lat' dir='ltr'><strong>hoc</strong></span> <span class='ocrx_word' id='word_1_481' title='bbox 995 3609 1346 3676; x_wconf 85' lang='lat' dir='ltr'><strong>extollantur,</strong></span> <span class='ocrx_word' id='word_1_482' title='bbox 1379 3611 1423 3666; x_wconf 89' lang='lat' dir='ltr'><strong>si</strong></span> <span class='ocrx_word' id='word_1_483' title='bbox 1455 3613 1522 3666; x_wconf 87' lang='lat' dir='ltr'><strong>ad</strong></span> <span class='ocrx_word' id='word_1_484' title='bbox 1538 3613 1810 3683; x_wconf 72' lang='lat' dir='ltr'><strong>iuvandas</strong></span> <span class='ocrx_word' id='word_1_485' title='bbox 1829 3612 2184 3671; x_wconf 85' lang='lat' dir='ltr'><strong>fraternitatis</strong></span> 
     </span>
    </p>
   </div>
   <div class='ocr_carea' id='block_1_67' title="bbox 593 3704 2184 3777">
    <p class='ocr_par' dir='ltr' id='par_1_67' title="bbox 593 3704 2184 3777">
     <span class='ocr_line' id='line_1_67' title="bbox 593 3704 2184 3777; baseline 0.006 -23"><span class='ocrx_word' id='word_1_486' title='bbox 593 3714 862 3770; x_wconf 78' lang='lat' dir='ltr'><strong>expensas</strong></span> <span class='ocrx_word' id='word_1_487' title='bbox 883 3718 1265 3774; x_wconf 88' lang='lat' dir='ltr'><strong>quamcunque</strong></span> <span class='ocrx_word' id='word_1_488' title='bbox 1279 3704 1600 3762; x_wconf 84' lang='lat' dir='ltr'><strong>facultatum</strong></span> <span class='ocrx_word' id='word_1_489' title='bbox 1621 3723 1841 3763; x_wconf 88' lang='lat' dir='ltr'><strong>suarum</strong></span> <span class='ocrx_word' id='word_1_490' title='bbox 1862 3709 2184 3777; x_wconf 87' lang='lat' dir='ltr'><strong>particulam</strong></span> 
     </span>
    </p>
   </div>
   <div class='ocr_carea' id='block_1_68' title="bbox 668 3854 2184 3932">
    <p class='ocr_par' dir='ltr' id='par_1_68' title="bbox 668 3854 2184 3932">
     <span class='ocr_line' id='line_1_68' title="bbox 668 3854 2184 3932; baseline 0.009 -23"><span class='ocrx_word' id='word_1_491' title='bbox 668 3870 692 3896; x_wconf 81' lang='grc' dir='ltr'><strong>ιι</strong></span> <span class='ocrx_word' id='word_1_492' title='bbox 725 3854 856 3932; x_wconf 51' lang='lat' dir='ltr'><strong>Hac</strong></span> <span class='ocrx_word' id='word_1_493' title='bbox 881 3869 1024 3932; x_wconf 57' lang='lat' dir='ltr'><strong>sunt.</strong></span> <span class='ocrx_word' id='word_1_494' title='bbox 1065 3859 1180 3916; x_wconf 81' lang='lat' dir='ltr'><strong>Hoc</strong></span> <span class='ocrx_word' id='word_1_495' title='bbox 1223 3871 1384 3932; x_wconf 89' lang='lat' dir='ltr'><strong>caput</strong></span> <span class='ocrx_word' id='word_1_496' title='bbox 1415 3861 1529 3919; x_wconf 91' lang='lat' dir='ltr'><strong>fere</strong></span> <span class='ocrx_word' id='word_1_497' title='bbox 1573 3872 1743 3920; x_wconf 92' lang='lat' dir='ltr'><strong>totum</strong></span> <span class='ocrx_word' id='word_1_498' title='bbox 1783 3866 2184 3922; x_wconf 90' lang='lat' dir='ltr'><strong>cmendieatum</strong></span> 
     </span>
    </p>
   </div>
   <div class='ocr_carea' id='block_1_69' title="bbox 596 3929 2181 4006">
    <p class='ocr_par' dir='ltr' id='par_1_69' title="bbox 596 3929 2181 4006">
     <span class='ocr_line' id='line_1_69' title="bbox 596 3929 2181 4006; baseline 0.008 -27"><span class='ocrx_word' id='word_1_499' title='bbox 596 3936 678 4006; x_wconf 80' lang='lat' dir='ltr'><strong>est</strong></span> <span class='ocrx_word' id='word_1_500' title='bbox 707 3943 737 3980; x_wconf 90' lang='lat' dir='ltr'><strong>a</strong></span> <span class='ocrx_word' id='word_1_501' title='bbox 757 3929 963 4006; x_wconf 45' lang='lat' dir='ltr'><strong>{tegula</strong></span> <span class='ocrx_word' id='word_1_502' title='bbox 995 3930 1057 4006; x_wconf 92' lang='lat' dir='ltr'><strong>S_.</strong></span> <span class='ocrx_word' id='word_1_503' title='bbox 1078 3929 1386 4006; x_wconf 82' lang='lat' dir='ltr'><strong>Augustini.</strong></span> <span class='ocrx_word' id='word_1_504' title='bbox 1415 3933 1632 4006; x_wconf 83' lang='lat' dir='ltr'><strong>Initium</strong></span> <span class='ocrx_word' id='word_1_505' title='bbox 1659 3937 1758 3990; x_wconf 90' lang='lat' dir='ltr'><strong>sub</strong></span> <span class='ocrx_word' id='word_1_506' title='bbox 1790 3938 2008 3992; x_wconf 88' lang='lat' dir='ltr'><strong>nomine</strong></span> <span class='ocrx_word' id='word_1_507' title='bbox 2035 3938 2181 4006; x_wconf 86' lang='lat' dir='ltr'><strong>ejus-</strong></span> 
     </span>
    </p>
   </div>
   <div class='ocr_carea' id='block_1_70' title="bbox 596 3999 2182 4078">
    <p class='ocr_par' dir='ltr' id='par_1_70' title="bbox 596 3999 2182 4078">
     <span class='ocr_line' id='line_1_70' title="bbox 596 3999 2182 4078; baseline 0.008 -29"><span class='ocrx_word' id='word_1_508' title='bbox 596 3999 731 4078; x_wconf 82' lang='lat' dir='ltr'><strong>dem</strong></span> <span class='ocrx_word' id='word_1_509' title='bbox 757 3999 1367 4078; x_wconf 37' lang='lat' dir='ltr'><strong>Regulzc‘Tat-natensis</strong></span> <span class='ocrx_word' id='word_1_510' title='bbox 1401 4005 1606 4078; x_wconf 86' lang='lat' dir='ltr'><strong>profert</strong></span> <span class='ocrx_word' id='word_1_511' title='bbox 1637 4006 1970 4062; x_wconf 90' lang='lat' dir='ltr'><strong>Trithemius</strong></span> <span class='ocrx_word' id='word_1_512' title='bbox 1993 3999 2113 4078; x_wconf 76' lang='lat' dir='ltr'><strong>cap.</strong></span> <span class='ocrx_word' id='word_1_513' title='bbox 2148 4007 2182 4062; x_wconf 83' lang='lat'><strong>5</strong></span> 
     </span>
    </p>
   </div>
   <div class='ocr_carea' id='block_1_71' title="bbox 597 4069 1770 4141">
    <p class='ocr_par' dir='ltr' id='par_1_71' title="bbox 597 4069 1770 4141">
     <span class='ocr_line' id='line_1_71' title="bbox 597 4069 1770 4141; baseline 0.009 -22"><span class='ocrx_word' id='word_1_514' title='bbox 597 4076 860 4122; x_wconf 86' lang='lat' dir='ltr'><strong>tractatus</strong></span> <span class='ocrx_word' id='word_1_515' title='bbox 892 4070 958 4123; x_wconf 92' lang='lat' dir='ltr'><strong>de</strong></span> <span class='ocrx_word' id='word_1_516' title='bbox 986 4069 1328 4141; x_wconf 88' lang='lat' dir='ltr'><strong>Proprietate</strong></span> <span class='ocrx_word' id='word_1_517' title='bbox 1359 4069 1770 4130; x_wconf 81' lang='lat' dir='ltr'><strong>monachorum.</strong></span> 
     </span>
    </p>
   </div>
   <div class='ocr_carea' id='block_1_72' title="bbox 667 4159 2020 4234">
    <p class='ocr_par' dir='ltr' id='par_1_72' title="bbox 667 4159 2020 4234">
     <span class='ocr_line' id='line_1_72' title="bbox 667 4159 2020 4234; baseline 0.007 -20"><span class='ocrx_word' id='word_1_518' title='bbox 667 4161 695 4200; x_wconf 72' lang='grc' dir='ltr'>ιν</span> <span class='ocrx_word' id='word_1_519' title='bbox 722 4159 829 4234; x_wconf 61' lang='lat' dir='ltr'><strong>Ifer</strong></span> <span class='ocrx_word' id='word_1_520' title='bbox 861 4163 1119 4217; x_wconf 89' lang='lat' dir='ltr'><strong>timorem.</strong></span> <span class='ocrx_word' id='word_1_521' title='bbox 1145 4165 1299 4234; x_wconf 83' lang='lat' dir='ltr'><strong>Apud</strong></span> <span class='ocrx_word' id='word_1_522' title='bbox 1325 4166 1703 4230; x_wconf 89' lang='lat' dir='ltr'><strong>Trithemium,</strong></span> <span class='ocrx_word' id='word_1_523' title='bbox 1736 4169 1792 4223; x_wconf 83' lang='lat' dir='ltr'><strong>in</strong></span> <span class='ocrx_word' id='word_1_524' title='bbox 1817 4170 2020 4223; x_wconf 86' lang='lat' dir='ltr'><strong>timore.</strong></span> 
     </span>
    </p>
   </div>
   <div class='ocr_carea' id='block_1_73' title="bbox 669 4232 2183 4308">
    <p class='ocr_par' dir='ltr' id='par_1_73' title="bbox 669 4232 2183 4308">
     <span class='ocr_line' id='line_1_73' title="bbox 669 4232 2183 4308; baseline 0.009 -23"><span class='ocrx_word' id='word_1_525' title='bbox 669 4242 691 4270; x_wconf 73' lang='grc' dir='ltr'>ε</span> <span class='ocrx_word' id='word_1_526' title='bbox 721 4232 828 4308; x_wconf 71' lang='grc' dir='ltr'><strong>ριξὶ</strong></span> <span class='ocrx_word' id='word_1_527' title='bbox 853 4235 990 4308; x_wconf 58' lang='lat' dir='ltr'><strong>enim</strong></span> <span class='ocrx_word' id='word_1_528' title='bbox 1037 4232 1214 4308; x_wconf 76' lang='lat' dir='ltr'><strong>aliqua</strong></span> <span class='ocrx_word' id='word_1_529' title='bbox 1252 4236 1548 4292; x_wconf 80' lang='lat' dir='ltr'><strong>habuerint.</strong></span> <span class='ocrx_word' id='word_1_530' title='bbox 1588 4238 1787 4294; x_wconf 88' lang='lat' dir='ltr'><strong>Eadem</strong></span> <span class='ocrx_word' id='word_1_531' title='bbox 1819 4242 2057 4308; x_wconf 87' lang='lat' dir='ltr'><strong>reperire</strong></span> <span class='ocrx_word' id='word_1_532' title='bbox 2095 4250 2183 4298; x_wconf 83' lang='lat' dir='ltr'><strong>est</strong></span> 
     </span>
    </p>
   </div>
   <div class='ocr_carea' id='block_1_74' title="bbox 597 4302 2177 4380">
    <p class='ocr_par' dir='ltr' id='par_1_74' title="bbox 597 4302 2177 4380">
     <span class='ocr_line' id='line_1_74' title="bbox 597 4302 2177 4380; baseline 0.006 -23"><span class='ocrx_word' id='word_1_533' title='bbox 597 4302 826 4380; x_wconf 69' lang='lat' dir='ltr'><strong>apud</strong></span> <span class='ocrx_word' id='word_1_534' title='bbox 858 4302 1149 4380; x_wconf 71' lang='lat' dir='ltr'><strong>Caesarium</strong></span> <span class='ocrx_word' id='word_1_535' title='bbox 1187 4306 1558 4380; x_wconf 83' lang='lat' dir='ltr'><strong>Arelatensem</strong></span> <span class='ocrx_word' id='word_1_536' title='bbox 1598 4309 1652 4362; x_wconf 93' lang='lat' dir='ltr'><strong>in</strong></span> <span class='ocrx_word' id='word_1_537' title='bbox 1687 4302 1904 4380; x_wconf 67' lang='lat' dir='ltr'><strong>Regulae</strong></span> <span class='ocrx_word' id='word_1_538' title='bbox 1938 4327 2058 4380; x_wconf 91' lang='lat' dir='ltr'><strong>cap.</strong></span> <span class='ocrx_word' id='word_1_539' title='bbox 2091 4313 2177 4367; x_wconf 83' lang='grc'><strong>19.</strong></span> 
     </span>
    </p>
   </div>
   <div class='ocr_carea' id='block_1_75' title="bbox 534 4371 2182 4452">
    <p class='ocr_par' dir='ltr' id='par_1_75' title="bbox 534 4371 2182 4452">
     <span class='ocr_line' id='line_1_75' title="bbox 534 4371 2182 4452; baseline 0.003 -20"><span class='ocrx_word' id='word_1_540' title='bbox 534 4426 538 4432; x_wconf 79' lang='lat'><strong>,</strong></span> <span class='ocrx_word' id='word_1_541' title='bbox 631 4371 692 4412; x_wconf 10' lang='lat' dir='ltr'><strong>id</strong></span> <span class='ocrx_word' id='word_1_542' title='bbox 867 4385 1043 4452; x_wconf 79' lang='lat' dir='ltr'><strong>autem</strong></span> <span class='ocrx_word' id='word_1_543' title='bbox 1086 4376 1269 4452; x_wconf 57' lang='lat' dir='ltr'><strong>diuites</strong></span> <span class='ocrx_word' id='word_1_544' title='bbox 1309 4377 1672 4452; x_wconf 71' lang='lat' dir='ltr'><strong>humiliantur.</strong></span> <span class='ocrx_word' id='word_1_545' title='bbox 1717 4371 1920 4452; x_wconf 68' lang='lat' dir='ltr'><strong>REgula</strong></span> <span class='ocrx_word' id='word_1_546' title='bbox 1964 4371 2021 4436; x_wconf 67' lang='grc' dir='ltr'><strong>Ξῖ</strong></span> <span class='ocrx_word' id='word_1_547' title='bbox 2074 4383 2182 4437; x_wconf 87' lang='lat' dir='ltr'><strong>Au-</strong></span> 
     </span>
    </p>
   </div>
   <div class='ocr_carea' id='block_1_76' title="bbox 594 4444 2180 4518">
    <p class='ocr_par' dir='ltr' id='par_1_76' title="bbox 594 4444 2180 4518">
     <span class='ocr_line' id='line_1_76' title="bbox 594 4444 2180 4518; baseline 0.005 -18"><span class='ocrx_word' id='word_1_548' title='bbox 594 4444 796 4518; x_wconf 77' lang='lat' dir='ltr'><strong>gustini</strong></span> <span class='ocrx_word' id='word_1_549' title='bbox 835 4460 954 4516; x_wconf 88' lang='lat' dir='ltr'><strong>cap.</strong></span> <span class='ocrx_word' id='word_1_550' title='bbox 982 4446 1016 4501; x_wconf 76' lang='grc'><strong>4</strong></span> <span class='ocrx_word' id='word_1_551' title='bbox 1046 4465 1058 4500; x_wconf 88' lang='lat'>:</span> <span class='ocrx_word' id='word_1_552' title='bbox 1089 4465 1107 4498; x_wconf 82' lang='grc' dir='ltr'><strong>ι</strong></span> <span class='ocrx_word' id='word_1_553' title='bbox 1139 4446 1217 4501; x_wconf 86' lang='lat' dir='ltr'><strong>Ne</strong></span> <span class='ocrx_word' id='word_1_554' title='bbox 1259 4449 1522 4518; x_wconf 89' lang='lat' dir='ltr'><strong>incipiant</strong></span> <span class='ocrx_word' id='word_1_555' title='bbox 1562 4444 1892 4506; x_wconf 60' lang='lat' dir='ltr'><strong>monasteria</strong></span> <span class='ocrx_word' id='word_1_556' title='bbox 1923 4453 2180 4508; x_wconf 91' lang='lat' dir='ltr'><strong>divitibus</strong></span> 
     </span>
    </p>
   </div>
   <div class='ocr_carea' id='block_1_77' title="bbox 595 4516 2179 4587">
    <p class='ocr_par' dir='ltr' id='par_1_77' title="bbox 595 4516 2179 4587">
     <span class='ocr_line' id='line_1_77' title="bbox 595 4516 2179 4587; baseline 0.004 -17"><span class='ocrx_word' id='word_1_557' title='bbox 595 4516 772 4579; x_wconf 86' lang='lat' dir='ltr'><strong>utilia,</strong></span> <span class='ocrx_word' id='word_1_558' title='bbox 813 4531 920 4570; x_wconf 92' lang='lat' dir='ltr'><strong>non</strong></span> <span class='ocrx_word' id='word_1_559' title='bbox 951 4521 1280 4587; x_wconf 89' lang='lat' dir='ltr'><strong>pauperibus</strong></span> <span class='ocrx_word' id='word_1_560' title='bbox 1308 4538 1319 4572; x_wconf 88' lang='lat'>:</span> <span class='ocrx_word' id='word_1_561' title='bbox 1351 4516 1397 4573; x_wconf 79' lang='lat' dir='ltr'><strong>si</strong></span> <span class='ocrx_word' id='word_1_562' title='bbox 1430 4521 1626 4576; x_wconf 87' lang='lat' dir='ltr'><strong>divites</strong></span> <span class='ocrx_word' id='word_1_563' title='bbox 1671 4522 1781 4576; x_wconf 91' lang='lat' dir='ltr'><strong>illic</strong></span> <span class='ocrx_word' id='word_1_564' title='bbox 1823 4522 2179 4577; x_wconf 84' lang='lat' dir='ltr'><strong>humiliantur</strong></span> 
     </span>
    </p>
   </div>
   <div class='ocr_carea' id='block_1_78' title="bbox 596 4589 2179 4661">
    <p class='ocr_par' dir='ltr' id='par_1_78' title="bbox 596 4589 2179 4661">
     <span class='ocr_line' id='line_1_78' title="bbox 596 4589 2179 4661; baseline 0.005 -22"><span class='ocrx_word' id='word_1_565' title='bbox 596 4594 959 4661; x_wconf 27' lang='lat' dir='ltr'><strong>etApauperes‘</strong></span> <span class='ocrx_word' id='word_1_566' title='bbox 1007 4589 1117 4643; x_wconf 83' lang='lat' dir='ltr'><strong>illic</strong></span> <span class='ocrx_word' id='word_1_567' title='bbox 1145 4589 1418 4644; x_wconf 81' lang='lat' dir='ltr'><strong>inflantur.</strong></span> <span class='ocrx_word' id='word_1_568' title='bbox 1452 4611 1469 4642; x_wconf 73' lang='grc' dir='ltr'><strong>ι</strong></span> <span class='ocrx_word' id='word_1_569' title='bbox 1525 4591 1851 4646; x_wconf 81' lang='lat' dir='ltr'><strong>Monasteria</strong></span> <span class='ocrx_word' id='word_1_570' title='bbox 1882 4607 2012 4661; x_wconf 84' lang='lat' dir='ltr'><strong>ergo</strong></span> <span class='ocrx_word' id='word_1_571' title='bbox 2045 4595 2179 4647; x_wconf 88' lang='lat' dir='ltr'><strong>fiunt</strong></span> 
     </span>
    </p>
   </div>
   <div class='ocr_carea' id='block_1_79' title="bbox 597 4656 2176 4732">
    <p class='ocr_par' dir='ltr' id='par_1_79' title="bbox 597 4656 2176 4732">
     <span class='ocr_line' id='line_1_79' title="bbox 597 4656 2176 4732; baseline 0.005 -22"><span class='ocrx_word' id='word_1_572' title='bbox 597 4656 751 4710; x_wconf 90' lang='lat' dir='ltr'><strong>utilia</strong></span> <span class='ocrx_word' id='word_1_573' title='bbox 793 4656 1066 4732; x_wconf 75' lang='lat' dir='ltr'><strong>divitibus,</strong></span> <span class='ocrx_word' id='word_1_574' title='bbox 1117 4661 1163 4714; x_wconf 91' lang='lat' dir='ltr'><strong>si</strong></span> <span class='ocrx_word' id='word_1_575' title='bbox 1210 4677 1366 4732; x_wconf 74' lang='lat' dir='ltr'><strong>teque</strong></span> <span class='ocrx_word' id='word_1_576' title='bbox 1411 4663 1590 4717; x_wconf 91' lang='lat' dir='ltr'><strong>animo</strong></span> <span class='ocrx_word' id='word_1_577' title='bbox 1631 4672 1851 4732; x_wconf 88' lang='lat' dir='ltr'><strong>propter</strong></span> <span class='ocrx_word' id='word_1_578' title='bbox 1897 4656 2176 4718; x_wconf 77' lang='lat' dir='ltr'><strong>Christum</strong></span> 
     </span>
    </p>
   </div>
   <div class='ocr_carea' id='block_1_80' title="bbox 594 4727 2180 4802">
    <p class='ocr_par' dir='ltr' id='par_1_80' title="bbox 594 4727 2180 4802">
     <span class='ocr_line' id='line_1_80' title="bbox 594 4727 2180 4802; baseline 0.006 -24"><span class='ocrx_word' id='word_1_579' title='bbox 594 4727 932 4802; x_wconf 80' lang='lat' dir='ltr'><strong>paupertatis</strong></span> <span class='ocrx_word' id='word_1_580' title='bbox 956 4727 1291 4785; x_wconf 77' lang='lat' dir='ltr'><strong>incommoda</strong></span> <span class='ocrx_word' id='word_1_581' title='bbox 1327 4731 1499 4802; x_wconf 80' lang='lat' dir='ltr'><strong>ferant</strong></span> <span class='ocrx_word' id='word_1_582' title='bbox 1527 4752 1538 4786; x_wconf 93' lang='lat'>:</span> <span class='ocrx_word' id='word_1_583' title='bbox 1569 4727 1837 4787; x_wconf 60' lang='lat' dir='ltr'><strong>at&#39;contra</strong></span> <span class='ocrx_word' id='word_1_584' title='bbox 1863 4734 2022 4786; x_wconf 79' lang='lat' dir='ltr'><strong>noxia</strong></span> <span class='ocrx_word' id='word_1_585' title='bbox 2048 4749 2180 4802; x_wconf 90' lang='lat' dir='ltr'><strong>pau-</strong></span> 
     </span>
    </p>
   </div>
   <div class='ocr_carea' id='block_1_81' title="bbox 594 4797 2175 4876">
    <p class='ocr_par' dir='ltr' id='par_1_81' title="bbox 594 4797 2175 4876">
     <span class='ocr_line' id='line_1_81' title="bbox 594 4797 2175 4876; baseline 0.006 -26"><span class='ocrx_word' id='word_1_586' title='bbox 594 4797 836 4876; x_wconf 85' lang='lat' dir='ltr'><strong>peribus,</strong></span> <span class='ocrx_word' id='word_1_587' title='bbox 878 4798 921 4851; x_wconf 91' lang='lat' dir='ltr'><strong>si</strong></span> <span class='ocrx_word' id='word_1_588' title='bbox 958 4813 1092 4876; x_wconf 84' lang='lat' dir='ltr'><strong>quas</strong></span> <span class='ocrx_word' id='word_1_589' title='bbox 1121 4816 1224 4854; x_wconf 91' lang='lat' dir='ltr'><strong>non</strong></span> <span class='ocrx_word' id='word_1_590' title='bbox 1268 4799 1537 4858; x_wconf 86' lang='lat' dir='ltr'><strong>habebant</strong></span> <span class='ocrx_word' id='word_1_591' title='bbox 1563 4805 1618 4858; x_wconf 90' lang='lat' dir='ltr'><strong>in</strong></span> <span class='ocrx_word' id='word_1_592' title='bbox 1647 4803 1843 4858; x_wconf 62' lang='lat' dir='ltr'><strong>saeculo</strong></span> <span class='ocrx_word' id='word_1_593' title='bbox 1868 4797 2175 4871; x_wconf 77' lang='lat' dir='ltr'><strong>facultates,</strong></span> 
     </span>
    </p>
   </div>
   <div class='ocr_carea' id='block_1_82' title="bbox 596 4869 1310 4939">
    <p class='ocr_par' dir='ltr' id='par_1_82' title="bbox 596 4869 1310 4939">
     <span class='ocr_line' id='line_1_82' title="bbox 596 4869 1310 4939; baseline 0.007 -19"><span class='ocrx_word' id='word_1_594' title='bbox 596 4869 652 4920; x_wconf 87' lang='lat' dir='ltr'><strong>in</strong></span> <span class='ocrx_word' id='word_1_595' title='bbox 689 4869 1016 4922; x_wconf 88' lang='lat' dir='ltr'><strong>monasterio</strong></span> <span class='ocrx_word' id='word_1_596' title='bbox 1047 4880 1310 4939; x_wconf 84' lang='lat' dir='ltr'><strong>quaerant.</strong></span> 
     </span>
    </p>
   </div>
   <div class='ocr_carea' id='block_1_83' title="bbox 675 4956 2178 5032">
    <p class='ocr_par' dir='ltr' id='par_1_83' title="bbox 675 4956 2178 5032">
     <span class='ocr_line' id='line_1_83' title="bbox 675 4956 2178 5032; baseline 0.007 -21"><span class='ocrx_word' id='word_1_597' title='bbox 675 4969 696 4995; x_wconf 77' lang='grc' dir='ltr'><strong><em>ε</em></strong></span> <span class='ocrx_word' id='word_1_598' title='bbox 723 4956 834 5032; x_wconf 76' lang='lat' dir='ltr'><strong>Nec</strong></span> <span class='ocrx_word' id='word_1_599' title='bbox 863 4958 937 5032; x_wconf 10' lang='lat' dir='ltr'><strong>ob?</strong></span> <span class='ocrx_word' id='word_1_600' title='bbox 956 4960 1052 5013; x_wconf 86' lang='lat' dir='ltr'><strong>hoc</strong></span> <span class='ocrx_word' id='word_1_601' title='bbox 1073 4963 1412 5018; x_wconf 69' lang='lat' dir='ltr'><strong>extollantur.</strong></span> <span class='ocrx_word' id='word_1_602' title='bbox 1454 4963 1578 5017; x_wconf 72' lang='lat' dir='ltr'><strong>[hee</strong></span> <span class='ocrx_word' id='word_1_603' title='bbox 1605 4979 1736 5018; x_wconf 89' lang='lat' dir='ltr'><strong>sane</strong></span> <span class='ocrx_word' id='word_1_604' title='bbox 1765 4965 2000 5020; x_wconf 86' lang='lat' dir='ltr'><strong>notanda</strong></span> <span class='ocrx_word' id='word_1_605' title='bbox 2027 4983 2040 5032; x_wconf 91' lang='lat'><strong>;</strong></span> <span class='ocrx_word' id='word_1_606' title='bbox 2071 4983 2178 5023; x_wconf 92' lang='lat' dir='ltr'><strong>non</strong></span> 
     </span>
    </p>
   </div>
   <div class='ocr_carea' id='block_1_84' title="bbox 593 5027 2175 5106">
    <p class='ocr_par' dir='ltr' id='par_1_84' title="bbox 593 5027 2175 5106">
     <span class='ocr_line' id='line_1_84' title="bbox 593 5027 2175 5106; baseline 0.008 -25"><span class='ocrx_word' id='word_1_607' title='bbox 593 5027 711 5082; x_wconf 81' lang='lat' dir='ltr'><strong>leve</strong></span> <span class='ocrx_word' id='word_1_608' title='bbox 749 5030 893 5106; x_wconf 81' lang='lat' dir='ltr'><strong>enim</strong></span> <span class='ocrx_word' id='word_1_609' title='bbox 928 5031 1195 5106; x_wconf 84' lang='lat' dir='ltr'><strong>impendet</strong></span> <span class='ocrx_word' id='word_1_610' title='bbox 1228 5035 1555 5106; x_wconf 86' lang='lat' dir='ltr'><strong>monasterio</strong></span> <span class='ocrx_word' id='word_1_611' title='bbox 1595 5034 1956 5104; x_wconf 90' lang='lat' dir='ltr'><strong>dispendium,</strong></span> <span class='ocrx_word' id='word_1_612' title='bbox 1995 5027 2038 5092; x_wconf 87' lang='lat' dir='ltr'><strong>si</strong></span> <span class='ocrx_word' id='word_1_613' title='bbox 2082 5039 2175 5106; x_wconf 92' lang='lat' dir='ltr'><strong>qui</strong></span> 
     </span>
    </p>
   </div>
   <div class='ocr_carea' id='block_1_85' title="bbox 596 5101 2173 5175">
    <p class='ocr_par' dir='ltr' id='par_1_85' title="bbox 596 5101 2173 5175">
     <span class='ocr_line' id='line_1_85' title="bbox 596 5101 2173 5175; baseline 0.006 -22"><span class='ocrx_word' id='word_1_614' title='bbox 596 5101 843 5175; x_wconf 68' lang='lat' dir='ltr'><strong>erantin</strong></span> <span class='ocrx_word' id='word_1_615' title='bbox 888 5103 1090 5175; x_wconf 53' lang='lat' dir='ltr'><strong>seculo</strong></span> <span class='ocrx_word' id='word_1_616' title='bbox 1134 5105 1345 5175; x_wconf 79' lang='lat' dir='ltr'><strong>divites,</strong></span> <span class='ocrx_word' id='word_1_617' title='bbox 1381 5106 1588 5175; x_wconf 76' lang='lat' dir='ltr'><strong>fastum</strong></span> <span class='ocrx_word' id='word_1_618' title='bbox 1628 5101 2016 5175; x_wconf 48' lang='lat' dir='ltr'><strong>et&#39;superhiam</strong></span> <span class='ocrx_word' id='word_1_619' title='bbox 2067 5101 2173 5163; x_wconf 81' lang='lat' dir='ltr'><strong>non</strong></span> 
     </span>
    </p>
   </div>
   <div class='ocr_carea' id='block_1_86' title="bbox 595 5171 2176 5243">
    <p class='ocr_par' dir='ltr' id='par_1_86' title="bbox 595 5171 2176 5243">
     <span class='ocr_line' id='line_1_86' title="bbox 595 5171 2176 5243; baseline 0.006 -19"><span class='ocrx_word' id='word_1_620' title='bbox 595 5171 848 5243; x_wconf 79' lang='lat' dir='ltr'><strong>exuerint</strong></span> <span class='ocrx_word' id='word_1_621' title='bbox 887 5171 939 5226; x_wconf 90' lang='lat' dir='ltr'><strong>in</strong></span> <span class='ocrx_word' id='word_1_622' title='bbox 989 5174 1334 5228; x_wconf 90' lang='lat' dir='ltr'><strong>monasterio.</strong></span> <span class='ocrx_word' id='word_1_623' title='bbox 1372 5173 1525 5243; x_wconf 62' lang='lat' dir='ltr'><strong>Saepe</strong></span> <span class='ocrx_word' id='word_1_624' title='bbox 1555 5176 1696 5228; x_wconf 88' lang='lat' dir='ltr'><strong>enim</strong></span> <span class='ocrx_word' id='word_1_625' title='bbox 1741 5171 1835 5230; x_wconf 84' lang='lat' dir='ltr'><strong>sua</strong></span> <span class='ocrx_word' id='word_1_626' title='bbox 1879 5179 2176 5233; x_wconf 87' lang='lat' dir='ltr'><strong>ambitione</strong></span> 
     </span>
    </p>
   </div>
   <div class='ocr_carea' id='block_1_87' title="bbox 597 5239 2171 5318">
    <p class='ocr_par' dir='ltr' id='par_1_87' title="bbox 597 5239 2171 5318">
     <span class='ocr_line' id='line_1_87' title="bbox 597 5239 2171 5318; baseline 0.005 -24"><span class='ocrx_word' id='word_1_627' title='bbox 597 5239 951 5318; x_wconf 79' lang='lat' dir='ltr'><strong>scandalisct</strong></span> <span class='ocrx_word' id='word_1_628' title='bbox 978 5244 1330 5318; x_wconf 65' lang='lat' dir='ltr'><strong>seditionibus</strong></span> <span class='ocrx_word' id='word_1_629' title='bbox 1378 5239 1764 5318; x_wconf 74' lang='lat' dir='ltr'><strong>monasterium</strong></span> <span class='ocrx_word' id='word_1_630' title='bbox 1809 5251 2128 5318; x_wconf 89' lang='lat' dir='ltr'><strong>perturbant</strong></span> <span class='ocrx_word' id='word_1_631' title='bbox 2160 5268 2171 5303; x_wconf 93' lang='lat'>:</span> 
     </span>
    </p>
   </div>
   <div class='ocr_carea' id='block_1_88' title="bbox 597 5313 2175 5386">
    <p class='ocr_par' dir='ltr' id='par_1_88' title="bbox 597 5313 2175 5386">
     <span class='ocr_line' id='line_1_88' title="bbox 597 5313 2175 5386; baseline 0.006 -24"><span class='ocrx_word' id='word_1_632' title='bbox 597 5318 658 5362; x_wconf 91' lang='lat' dir='ltr'><strong>ut</strong></span> <span class='ocrx_word' id='word_1_633' title='bbox 701 5313 927 5386; x_wconf 60' lang='lat' dir='ltr'><strong>cantigit</strong></span> <span class='ocrx_word' id='word_1_634' title='bbox 969 5313 1202 5386; x_wconf 27' lang='lat' dir='ltr'><strong>olimkin</strong></span> <span class='ocrx_word' id='word_1_635' title='bbox 1246 5317 1575 5386; x_wconf 66' lang='lat' dir='ltr'><strong>nionastvrio</strong></span> <span class='ocrx_word' id='word_1_636' title='bbox 1617 5315 1673 5370; x_wconf 91' lang='lat' dir='ltr'><strong>S.</strong></span> <span class='ocrx_word' id='word_1_637' title='bbox 1706 5313 2075 5386; x_wconf 72' lang='lat' dir='ltr'><strong>Radegundis,</strong></span> <span class='ocrx_word' id='word_1_638' title='bbox 2121 5320 2175 5372; x_wconf 91' lang='lat' dir='ltr'><strong>in</strong></span> 
     </span>
    </p>
   </div>
   <div class='ocr_carea' id='block_1_89' title="bbox 597 5380 2179 5457">
    <p class='ocr_par' dir='ltr' id='par_1_89' title="bbox 597 5380 2179 5457">
     <span class='ocr_line' id='line_1_89' title="bbox 597 5380 2179 5457; baseline 0.008 -26"><span class='ocrx_word' id='word_1_639' title='bbox 597 5394 706 5448; x_wconf 90' lang='lat' dir='ltr'><strong>quo</strong></span> <span class='ocrx_word' id='word_1_640' title='bbox 732 5380 1072 5457; x_wconf 60' lang='grc' dir='ltr'><strong>(ξιιιόᾱίριιιὶεΔ</strong></span> <span class='ocrx_word' id='word_1_641' title='bbox 1096 5382 1422 5457; x_wconf 79' lang='lat' dir='ltr'><strong>Chariherti,</strong></span> <span class='ocrx_word' id='word_1_642' title='bbox 1451 5396 1504 5439; x_wconf 88' lang='lat' dir='ltr'><strong>et</strong></span> <span class='ocrx_word' id='word_1_643' title='bbox 1533 5387 1724 5441; x_wconf 89' lang='lat' dir='ltr'><strong>Basina</strong></span> <span class='ocrx_word' id='word_1_644' title='bbox 1759 5380 2046 5457; x_wconf 73' lang='lat' dir='ltr'><strong>Chilperici</strong></span> <span class='ocrx_word' id='word_1_645' title='bbox 2065 5380 2070 5382; x_wconf 55' lang='grc'><em>’</em></span> <span class='ocrx_word' id='word_1_646' title='bbox 2091 5404 2179 5443; x_wconf 82' lang='lat' dir='ltr'><strong>re-</strong></span> 
     </span>
    </p>
   </div>
   <div class='ocr_carea' id='block_1_90' title="bbox 597 5449 2177 5529">
    <p class='ocr_par' dir='ltr' id='par_1_90' title="bbox 597 5449 2177 5529">
     <span class='ocr_line' id='line_1_90' title="bbox 597 5449 2177 5529; baseline 0.007 -26"><span class='ocrx_word' id='word_1_647' title='bbox 597 5466 722 5521; x_wconf 86' lang='lat' dir='ltr'><strong>gum</strong></span> <span class='ocrx_word' id='word_1_648' title='bbox 751 5449 1339 5529; x_wconf 70' lang='lat' dir='ltr'><strong>filimsanctimoniales</strong></span> <span class='ocrx_word' id='word_1_649' title='bbox 1379 5449 1574 5511; x_wconf 89' lang='lat' dir='ltr'><strong>multas</strong></span> <span class='ocrx_word' id='word_1_650' title='bbox 1592 5458 1858 5528; x_wconf 87' lang='lat' dir='ltr'><strong>procellas</strong></span> <span class='ocrx_word' id='word_1_651' title='bbox 1881 5449 1939 5513; x_wconf 79' lang='lat' dir='ltr'><strong>et</strong></span> <span class='ocrx_word' id='word_1_652' title='bbox 1972 5467 2177 5529; x_wconf 88' lang='lat' dir='ltr'><strong>tempe-</strong></span> 
     </span>
    </p>
   </div>
   <div class='ocr_carea' id='block_1_91' title="bbox 597 5523 2178 5597">
    <p class='ocr_par' dir='ltr' id='par_1_91' title="bbox 597 5523 2178 5597">
     <span class='ocr_line' id='line_1_91' title="bbox 597 5523 2178 5597; baseline 0.006 -22"><span class='ocrx_word' id='word_1_653' title='bbox 597 5523 1175 5597; x_wconf 29' lang='lat' dir='ltr'><strong>suates‘excitaverunt,</strong></span> <span class='ocrx_word' id='word_1_654' title='bbox 1201 5525 1396 5580; x_wconf 88' lang='lat' dir='ltr'><strong>multas</strong></span> <span class='ocrx_word' id='word_1_655' title='bbox 1421 5523 1628 5597; x_wconf 72' lang='lat' dir='ltr'><strong>strages</strong></span> <span class='ocrx_word' id='word_1_656' title='bbox 1656 5529 1960 5589; x_wconf 82' lang='lat' dir='ltr'><strong>ediderunt,</strong></span> <span class='ocrx_word' id='word_1_657' title='bbox 1983 5523 2178 5597; x_wconf 78' lang='lat' dir='ltr'><strong>ipsam-</strong></span> 
     </span>
    </p>
   </div>
   <div class='ocr_carea' id='block_1_92' title="bbox 597 5592 2174 5666">
    <p class='ocr_par' dir='ltr' id='par_1_92' title="bbox 597 5592 2174 5666">
     <span class='ocr_line' id='line_1_92' title="bbox 597 5592 2174 5666; baseline 0.006 -22"><span class='ocrx_word' id='word_1_658' title='bbox 597 5605 708 5666; x_wconf 78' lang='lat' dir='ltr'><strong>que</strong></span> <span class='ocrx_word' id='word_1_659' title='bbox 733 5592 1233 5666; x_wconf 68' lang='lat' dir='ltr'><strong>abbatissamleves</strong></span> <span class='ocrx_word' id='word_1_660' title='bbox 1271 5592 1750 5666; x_wconf 44' lang='lat' dir='ltr'><strong>quasdam&#39;culpas</strong></span> <span class='ocrx_word' id='word_1_661' title='bbox 1791 5599 1841 5651; x_wconf 89' lang='lat' dir='ltr'><strong>ei</strong></span> <span class='ocrx_word' id='word_1_662' title='bbox 1870 5592 2174 5666; x_wconf 67' lang='lat' dir='ltr'><strong>obiiciendo</strong></span> 
     </span>
    </p>
   </div>
   <div class='ocr_carea' id='block_1_93' title="bbox 595 5661 2176 5786">
    <p class='ocr_par' dir='ltr' id='par_1_93' title="bbox 595 5661 2176 5786">
     <span class='ocr_line' id='line_1_93' title="bbox 595 5661 2176 5786; baseline 0.008 -73"><span class='ocrx_word' id='word_1_663' title='bbox 595 5661 785 5715; x_wconf 87' lang='lat' dir='ltr'><strong>multis</strong></span> <span class='ocrx_word' id='word_1_664' title='bbox 806 5662 1114 5786; x_wconf 61' lang='lat' dir='ltr'><strong>ignominiis</strong></span> <span class='ocrx_word' id='word_1_665' title='bbox 1135 5661 1377 5721; x_wconf 73' lang='lat' dir='ltr'><strong>affectam</strong></span> <span class='ocrx_word' id='word_1_666' title='bbox 1402 5667 1520 5720; x_wconf 87' lang='lat' dir='ltr'><strong>loco</strong></span> <span class='ocrx_word' id='word_1_667' title='bbox 1545 5661 1955 5733; x_wconf 67' lang='lat' dir='ltr'><strong>subfuoverunt,</strong></span> <span class='ocrx_word' id='word_1_668' title='bbox 1980 5679 2039 5722; x_wconf 88' lang='lat' dir='ltr'><strong>ut</strong></span> <span class='ocrx_word' id='word_1_669' title='bbox 2059 5670 2176 5726; x_wconf 85' lang='lat' dir='ltr'><strong>fuse</strong></span> 
     </span>
     <span class='ocr_line' id='line_1_94' title="bbox 598 5734 1916 5786; baseline 0.004 -5"><span class='ocrx_word' id='word_1_670' title='bbox 598 5739 791 5784; x_wconf 86' lang='lat' dir='ltr'><strong>narrat</strong></span> <span class='ocrx_word' id='word_1_671' title='bbox 864 5771 876 5784; x_wconf 94' lang='lat'><strong>.</strong></span> <span class='ocrx_word' id='word_1_672' title='bbox 901 5734 1194 5786; x_wconf 70' lang='lat' dir='ltr'><strong>Gregorius</strong></span> <span class='ocrx_word' id='word_1_673' title='bbox 1212 5735 1544 5786; x_wconf 85' lang='lat' dir='ltr'><strong>Turonensis</strong></span> <span class='ocrx_word' id='word_1_674' title='bbox 1564 5737 1657 5786; x_wconf 89' lang='lat' dir='ltr'><strong>lib.</strong></span> <span class='ocrx_word' id='word_1_675' title='bbox 1693 5755 1746 5786; x_wconf 78' lang='lat' dir='ltr'><strong>ix</strong></span> <span class='ocrx_word' id='word_1_676' title='bbox 1780 5737 1916 5786; x_wconf 79' lang='lat' dir='ltr'><strong>Hist.</strong></span> 
     </span>
    </p>
   </div>
   <div class='ocr_carea' id='block_1_94' title="bbox 598 5734 1916 5804">
    <p class='ocr_par' dir='ltr' id='par_1_94' title="bbox 598 5734 1916 5804">
     <span class='ocr_line' id='line_1_95' title="bbox 598 5734 1916 5804; baseline 0.008 -23"><span class='ocrx_word' id='word_1_677' title='bbox 598 5739 791 5784; x_wconf 86' lang='lat' dir='ltr'><strong>narrat</strong></span> <span class='ocrx_word' id='word_1_678' title='bbox 817 5734 876 5786; x_wconf 87' lang='lat' dir='ltr'><strong>S.</strong></span> <span class='ocrx_word' id='word_1_679' title='bbox 901 5734 1194 5804; x_wconf 82' lang='lat' dir='ltr'><strong>Gregorius</strong></span> <span class='ocrx_word' id='word_1_680' title='bbox 1212 5735 1544 5792; x_wconf 90' lang='lat' dir='ltr'><strong>Turonensis</strong></span> <span class='ocrx_word' id='word_1_681' title='bbox 1564 5737 1657 5791; x_wconf 91' lang='lat' dir='ltr'><strong>lib.</strong></span> <span class='ocrx_word' id='word_1_682' title='bbox 1692 5755 1748 5792; x_wconf 69' lang='grc' dir='ltr'>ιχ</span> <span class='ocrx_word' id='word_1_683' title='bbox 1780 5737 1916 5792; x_wconf 88' lang='lat' dir='ltr'><strong>Hist.</strong></span> 
     </span>
    </p>
   </div>
   <div class='ocr_carea' id='block_1_95' title="bbox 680 5817 2175 5903">
    <p class='ocr_par' dir='ltr' id='par_1_95' title="bbox 680 5817 2175 5903">
     <span class='ocr_line' id='line_1_96' title="bbox 680 5817 2175 5903; baseline 0.004 -19"><span class='ocrx_word' id='word_1_684' title='bbox 680 5817 873 5903; x_wconf 28' lang='lat' dir='ltr'><strong>{Quid</strong></span> <span class='ocrx_word' id='word_1_685' title='bbox 902 5823 1141 5903; x_wconf 57' lang='lat' dir='ltr'><strong>prodest,</strong></span> <span class='ocrx_word' id='word_1_686' title='bbox 1181 5835 1286 5903; x_wconf 69' lang='lat' dir='ltr'><strong>etc.</strong></span> <span class='ocrx_word' id='word_1_687' title='bbox 1319 5826 1487 5882; x_wconf 81' lang='lat' dir='ltr'><strong>Recte</strong></span> <span class='ocrx_word' id='word_1_688' title='bbox 1529 5826 1588 5882; x_wconf 88' lang='lat' dir='ltr'><strong>S.</strong></span> <span class='ocrx_word' id='word_1_689' title='bbox 1630 5829 1896 5903; x_wconf 65' lang='lat' dir='ltr'><strong>Caesarius</strong></span> <span class='ocrx_word' id='word_1_690' title='bbox 1943 5831 2062 5888; x_wconf 90' lang='lat' dir='ltr'><strong>loco</strong></span> <span class='ocrx_word' id='word_1_691' title='bbox 2099 5831 2175 5890; x_wconf 90' lang='lat' dir='ltr'><strong>ci-</strong></span> 
     </span>
    </p>
   </div>
   <div class='ocr_carea' id='block_1_96' title="bbox 605 5888 2176 5974">
    <p class='ocr_par' dir='ltr' id='par_1_96' title="bbox 605 5888 2176 5974">
     <span class='ocr_line' id='line_1_97' title="bbox 605 5888 2176 5974; baseline 0.011 -33"><span class='ocrx_word' id='word_1_692' title='bbox 605 5895 738 5964; x_wconf 78' lang='lat' dir='ltr'><strong>tato.</strong></span> <span class='ocrx_word' id='word_1_693' title='bbox 769 5907 787 5937; x_wconf 79' lang='grc' dir='ltr'><strong>ι</strong></span> <span class='ocrx_word' id='word_1_694' title='bbox 817 5888 953 5955; x_wconf 86' lang='lat' dir='ltr'><strong>Quid</strong></span> <span class='ocrx_word' id='word_1_695' title='bbox 974 5888 1195 5960; x_wconf 86' lang='lat' dir='ltr'><strong>prodest</strong></span> <span class='ocrx_word' id='word_1_696' title='bbox 1217 5896 1527 5968; x_wconf 79' lang='lat' dir='ltr'><strong>dispergere</strong></span> <span class='ocrx_word' id='word_1_697' title='bbox 1554 5908 1608 5954; x_wconf 91' lang='lat' dir='ltr'><strong>et</strong></span> <span class='ocrx_word' id='word_1_698' title='bbox 1644 5899 1820 5958; x_wconf 88' lang='lat' dir='ltr'><strong>dando</strong></span> <span class='ocrx_word' id='word_1_699' title='bbox 1848 5888 2176 5974; x_wconf 83' lang='lat' dir='ltr'><strong>pauperibus</strong></span> 
     </span>
    </p>
   </div>
   <div class='ocr_carea' id='block_1_97' title="bbox 2286 3429 3874 3498">
    <p class='ocr_par' dir='ltr' id='par_1_97' title="bbox 2286 3429 3874 3498">
     <span class='ocr_line' id='line_1_98' title="bbox 2286 3429 3874 3498; baseline 0.001 -12"><span class='ocrx_word' id='word_1_700' title='bbox 2286 3445 2344 3486; x_wconf 89' lang='lat' dir='ltr'><strong>se</strong></span> <span class='ocrx_word' id='word_1_701' title='bbox 2380 3429 2666 3498; x_wconf 85' lang='lat' dir='ltr'><strong>ahjectioni</strong></span> <span class='ocrx_word' id='word_1_702' title='bbox 2713 3430 2896 3485; x_wconf 90' lang='lat' dir='ltr'><strong>divina</strong></span> <span class='ocrx_word' id='word_1_703' title='bbox 2935 3431 3282 3486; x_wconf 88' lang='lat' dir='ltr'><strong>miseratione</strong></span> <span class='ocrx_word' id='word_1_704' title='bbox 3323 3431 3704 3485; x_wconf 76' lang='lat' dir='ltr'><strong>summiserint.</strong></span> <span class='ocrx_word' id='word_1_705' title='bbox 3757 3431 3874 3488; x_wconf 77' lang='lat' dir='ltr'><strong>Nec</strong></span> 
     </span>
    </p>
   </div>
   <div class='ocr_carea' id='block_1_98' title="bbox 2288 3523 3868 3593">
    <p class='ocr_par' dir='ltr' id='par_1_98' title="bbox 2288 3523 3868 3593">
     <span class='ocr_line' id='line_1_99' title="bbox 2288 3523 3868 3593; baseline 0.001 -16"><span class='ocrx_word' id='word_1_706' title='bbox 2288 3524 2442 3577; x_wconf 90' lang='lat' dir='ltr'><strong>decet</strong></span> <span class='ocrx_word' id='word_1_707' title='bbox 2487 3537 2647 3591; x_wconf 91' lang='lat' dir='ltr'><strong>supra</strong></span> <span class='ocrx_word' id='word_1_708' title='bbox 2684 3531 2980 3576; x_wconf 83' lang='lat' dir='ltr'><strong>memorata</strong></span> <span class='ocrx_word' id='word_1_709' title='bbox 3025 3523 3375 3592; x_wconf 66' lang='lat' dir='ltr'><strong>praesumptio</strong></span> <span class='ocrx_word' id='word_1_710' title='bbox 3402 3523 3585 3593; x_wconf 66' lang='lat' dir='ltr'><strong>paucis</strong></span> <span class='ocrx_word' id='word_1_711' title='bbox 3621 3523 3868 3592; x_wconf 85' lang='lat' dir='ltr'><strong>impensa</strong></span> 
     </span>
    </p>
   </div>
   <div class='ocr_carea' id='block_1_99' title="bbox 2287 3611 3864 3682">
    <p class='ocr_par' dir='ltr' id='par_1_99' title="bbox 2287 3611 3864 3682">
     <span class='ocr_line' id='line_1_100' title="bbox 2287 3611 3864 3682; baseline 0.001 -15"><span class='ocrx_word' id='word_1_712' title='bbox 2287 3614 2355 3667; x_wconf 90' lang='lat' dir='ltr'><strong>ab</strong></span> <span class='ocrx_word' id='word_1_713' title='bbox 2401 3613 2755 3667; x_wconf 89' lang='lat' dir='ltr'><strong>universitate</strong></span> <span class='ocrx_word' id='word_1_714' title='bbox 2800 3612 2954 3682; x_wconf 90' lang='lat' dir='ltr'><strong>quasi</strong></span> <span class='ocrx_word' id='word_1_715' title='bbox 3010 3613 3269 3667; x_wconf 89' lang='lat' dir='ltr'><strong>canonica</strong></span> <span class='ocrx_word' id='word_1_716' title='bbox 3322 3615 3580 3681; x_wconf 87' lang='lat' dir='ltr'><strong>reputari.</strong></span> <span class='ocrx_word' id='word_1_717' title='bbox 3635 3611 3864 3682; x_wconf 62' lang='lat' dir='ltr'><strong>Equum</strong></span> 
     </span>
    </p>
   </div>
   <div class='ocr_carea' id='block_1_100' title="bbox 2287 3699 3868 3773">
    <p class='ocr_par' dir='ltr' id='par_1_100' title="bbox 2287 3699 3868 3773">
     <span class='ocr_line' id='line_1_101' title="bbox 2287 3699 3868 3773; baseline 0.001 -16"><span class='ocrx_word' id='word_1_718' title='bbox 2287 3699 2518 3773; x_wconf 86' lang='lat' dir='ltr'><strong>namque</strong></span> <span class='ocrx_word' id='word_1_719' title='bbox 2547 3719 2654 3758; x_wconf 93' lang='lat' dir='ltr'><strong>non</strong></span> <span class='ocrx_word' id='word_1_720' title='bbox 2684 3711 2789 3772; x_wconf 90' lang='lat' dir='ltr'><strong>est,</strong></span> <span class='ocrx_word' id='word_1_721' title='bbox 2819 3711 2878 3758; x_wconf 89' lang='lat' dir='ltr'><strong>ut</strong></span> <span class='ocrx_word' id='word_1_722' title='bbox 2909 3703 2962 3756; x_wconf 93' lang='lat' dir='ltr'><strong>in</strong></span> <span class='ocrx_word' id='word_1_723' title='bbox 2987 3703 3144 3758; x_wconf 89' lang='lat' dir='ltr'><strong>beata</strong></span> <span class='ocrx_word' id='word_1_724' title='bbox 3172 3701 3528 3768; x_wconf 89' lang='lat' dir='ltr'><strong>habitatione,</strong></span> <span class='ocrx_word' id='word_1_725' title='bbox 3558 3703 3650 3757; x_wconf 93' lang='lat' dir='ltr'><strong>ubi</strong></span> <span class='ocrx_word' id='word_1_726' title='bbox 3670 3704 3697 3742; x_wconf 67' lang='grc' dir='ltr'><strong>ι</strong></span> <span class='ocrx_word' id='word_1_727' title='bbox 3725 3702 3868 3758; x_wconf 87' lang='lat' dir='ltr'><strong>incli-</strong></span> 
     </span>
    </p>
   </div>
   <div class='ocr_carea' id='block_1_101' title="bbox 2285 3855 3867 3926">
    <p class='ocr_par' dir='ltr' id='par_1_101' title="bbox 2285 3855 3867 3926">
     <span class='ocr_line' id='line_1_102' title="bbox 2285 3855 3867 3926; baseline 0.003 -18"><span class='ocrx_word' id='word_1_728' title='bbox 2285 3871 2576 3926; x_wconf 84' lang='lat' dir='ltr'><strong>pauperem</strong></span> <span class='ocrx_word' id='word_1_729' title='bbox 2620 3857 2760 3923; x_wconf 89' lang='lat' dir='ltr'><strong>fieri,</strong></span> <span class='ocrx_word' id='word_1_730' title='bbox 2797 3855 2844 3910; x_wconf 91' lang='lat' dir='ltr'><strong>si</strong></span> <span class='ocrx_word' id='word_1_731' title='bbox 2883 3855 3082 3912; x_wconf 89' lang='lat' dir='ltr'><strong>misera</strong></span> <span class='ocrx_word' id='word_1_732' title='bbox 3119 3856 3301 3911; x_wconf 90' lang='lat' dir='ltr'><strong>anima</strong></span> <span class='ocrx_word' id='word_1_733' title='bbox 3343 3856 3614 3912; x_wconf 88' lang='lat' dir='ltr'><strong>diabolica</strong></span> <span class='ocrx_word' id='word_1_734' title='bbox 3660 3857 3867 3913; x_wconf 79' lang='lat' dir='ltr'><strong>inﬂetur</strong></span> 
     </span>
    </p>
   </div>
   <div class='ocr_carea' id='block_1_102' title="bbox 2287 3929 2612 3997">
    <p class='ocr_par' dir='ltr' id='par_1_102' title="bbox 2287 3929 2612 3997">
     <span class='ocr_line' id='line_1_103' title="bbox 2287 3929 2612 3997; baseline -0.006 -15"><span class='ocrx_word' id='word_1_735' title='bbox 2287 3929 2558 3997; x_wconf 80' lang='lat' dir='ltr'><strong>snperhia.</strong></span> <span class='ocrx_word' id='word_1_736' title='bbox 2593 3947 2612 3980; x_wconf 68' lang='grc' dir='ltr'><strong>ι</strong></span> 
     </span>
    </p>
   </div>
   <div class='ocr_carea' id='block_1_103' title="bbox 2361 4000 3864 4057">
    <p class='ocr_par' dir='ltr' id='par_1_103' title="bbox 2361 4000 3864 4057">
     <span class='ocr_line' id='line_1_104' title="bbox 2361 4000 3864 4057; baseline 0.004 -6"><span class='ocrx_word' id='word_1_737' title='bbox 2361 4001 2384 4038; x_wconf 76' lang='grc' dir='ltr'>ε</span> <span class='ocrx_word' id='word_1_738' title='bbox 2407 4000 2616 4051; x_wconf 79' lang='lat' dir='ltr'><strong>Judicet</strong></span> <span class='ocrx_word' id='word_1_739' title='bbox 2652 4001 2978 4056; x_wconf 84' lang='lat' dir='ltr'><strong>indecorum.</strong></span> <span class='ocrx_word' id='word_1_740' title='bbox 3019 4001 3087 4056; x_wconf 86' lang='grc' dir='ltr'><strong>Τὸ</strong></span> <span class='ocrx_word' id='word_1_741' title='bbox 3123 4000 3425 4054; x_wconf 84' lang='lat' dir='ltr'><strong>indecorum</strong></span> <span class='ocrx_word' id='word_1_742' title='bbox 3465 4014 3573 4054; x_wconf 90' lang='lat' dir='ltr'><strong>non</strong></span> <span class='ocrx_word' id='word_1_743' title='bbox 3601 4009 3775 4056; x_wconf 80' lang='lat' dir='ltr'><strong>exstat</strong></span> <span class='ocrx_word' id='word_1_744' title='bbox 3814 4003 3864 4057; x_wconf 87' lang='lat' dir='ltr'><strong>in</strong></span> 
     </span>
    </p>
   </div>
   <div class='ocr_carea' id='block_1_104' title="bbox 2285 4069 3862 4140">
    <p class='ocr_par' dir='ltr' id='par_1_104' title="bbox 2285 4069 3862 4140">
     <span class='ocr_line' id='line_1_105' title="bbox 2285 4069 3862 4140; baseline 0 -15"><span class='ocrx_word' id='word_1_745' title='bbox 2285 4070 2404 4125; x_wconf 87' lang='lat' dir='ltr'><strong>cod.</strong></span> <span class='ocrx_word' id='word_1_746' title='bbox 2445 4069 2624 4134; x_wconf 81' lang='lat' dir='ltr'><strong>Vind.,</strong></span> <span class='ocrx_word' id='word_1_747' title='bbox 2657 4074 2798 4140; x_wconf 88' lang='lat' dir='ltr'><strong>quod</strong></span> <span class='ocrx_word' id='word_1_748' title='bbox 2832 4082 3008 4127; x_wconf 90' lang='lat' dir='ltr'><strong>tamen</strong></span> <span class='ocrx_word' id='word_1_749' title='bbox 3048 4083 3129 4125; x_wconf 91' lang='lat' dir='ltr'><strong>est</strong></span> <span class='ocrx_word' id='word_1_750' title='bbox 3173 4071 3561 4125; x_wconf 90' lang='lat' dir='ltr'><strong>necessarium.</strong></span> <span class='ocrx_word' id='word_1_751' title='bbox 3607 4071 3802 4126; x_wconf 61' lang='lat' dir='ltr'><strong>Eximit</strong></span> <span class='ocrx_word' id='word_1_752' title='bbox 3835 4088 3862 4125; x_wconf 84' lang='lat' dir='ltr'><strong>a</strong></span> 
     </span>
    </p>
   </div>
   <div class='ocr_carea' id='block_1_105' title="bbox 2278 4139 3862 4212">
    <p class='ocr_par' dir='ltr' id='par_1_105' title="bbox 2278 4139 3862 4212">
     <span class='ocr_line' id='line_1_106' title="bbox 2278 4139 3862 4212; baseline 0.002 -20"><span class='ocrx_word' id='word_1_753' title='bbox 2278 4139 2486 4212; x_wconf 82' lang='lat' dir='ltr'><strong>jejunio</strong></span> <span class='ocrx_word' id='word_1_754' title='bbox 2513 4139 2822 4198; x_wconf 84' lang='lat' dir='ltr'><strong>attenuatos</strong></span> <span class='ocrx_word' id='word_1_755' title='bbox 2862 4143 3044 4197; x_wconf 90' lang='lat' dir='ltr'><strong>nimiis</strong></span> <span class='ocrx_word' id='word_1_756' title='bbox 3068 4141 3292 4212; x_wconf 80' lang='lat' dir='ltr'><strong>jejuniis</strong></span> <span class='ocrx_word' id='word_1_757' title='bbox 3321 4161 3333 4194; x_wconf 91' lang='lat'>:</span> <span class='ocrx_word' id='word_1_758' title='bbox 3368 4143 3440 4196; x_wconf 87' lang='lat' dir='ltr'><strong>ita</strong></span> <span class='ocrx_word' id='word_1_759' title='bbox 3472 4152 3652 4196; x_wconf 88' lang='lat' dir='ltr'><strong>tamen</strong></span> <span class='ocrx_word' id='word_1_760' title='bbox 3687 4153 3744 4196; x_wconf 94' lang='lat' dir='ltr'><strong>ut</strong></span> <span class='ocrx_word' id='word_1_761' title='bbox 3789 4143 3862 4195; x_wconf 82' lang='grc' dir='ltr'><strong>ιιὶ-</strong></span> 
     </span>
    </p>
   </div>
   <div class='ocr_carea' id='block_1_106' title="bbox 2286 4211 3862 4283">
    <p class='ocr_par' dir='ltr' id='par_1_106' title="bbox 2286 4211 3862 4283">
     <span class='ocr_line' id='line_1_107' title="bbox 2286 4211 3862 4283; baseline 0.001 -18"><span class='ocrx_word' id='word_1_762' title='bbox 2286 4211 2358 4265; x_wconf 86' lang='lat' dir='ltr'><strong>hil</strong></span> <span class='ocrx_word' id='word_1_763' title='bbox 2405 4212 2691 4267; x_wconf 86' lang='lat' dir='ltr'><strong>comedant</strong></span> <span class='ocrx_word' id='word_1_764' title='bbox 2733 4223 2859 4268; x_wconf 88' lang='lat' dir='ltr'><strong>ante</strong></span> <span class='ocrx_word' id='word_1_765' title='bbox 2906 4215 3210 4283; x_wconf 78' lang='lat' dir='ltr'><strong>prandium.</strong></span> <span class='ocrx_word' id='word_1_766' title='bbox 3247 4211 3380 4266; x_wconf 87' lang='lat' dir='ltr'><strong>Nam</strong></span> <span class='ocrx_word' id='word_1_767' title='bbox 3411 4213 3538 4266; x_wconf 89' lang='lat' dir='ltr'><strong>olim</strong></span> <span class='ocrx_word' id='word_1_768' title='bbox 3564 4212 3862 4280; x_wconf 78' lang='lat' dir='ltr'><strong>jejunautcs</strong></span> 
     </span>
    </p>
   </div>
   <div class='ocr_carea' id='block_1_107' title="bbox 2283 4283 3861 4351">
    <p class='ocr_par' dir='ltr' id='par_1_107' title="bbox 2283 4283 3861 4351">
     <span class='ocr_line' id='line_1_108' title="bbox 2283 4283 3861 4351; baseline 0.001 -15"><span class='ocrx_word' id='word_1_769' title='bbox 2283 4298 2392 4336; x_wconf 89' lang='lat' dir='ltr'><strong>non</strong></span> <span class='ocrx_word' id='word_1_770' title='bbox 2437 4283 2793 4351; x_wconf 89' lang='lat' dir='ltr'><strong>praudehant,</strong></span> <span class='ocrx_word' id='word_1_771' title='bbox 2842 4285 2935 4338; x_wconf 91' lang='lat' dir='ltr'><strong>sed</strong></span> <span class='ocrx_word' id='word_1_772' title='bbox 2985 4284 3274 4338; x_wconf 83' lang='lat' dir='ltr'><strong>coenabant</strong></span> <span class='ocrx_word' id='word_1_773' title='bbox 3323 4291 3529 4336; x_wconf 81' lang='lat' dir='ltr'><strong>tantum</strong></span> <span class='ocrx_word' id='word_1_774' title='bbox 3575 4284 3689 4337; x_wconf 84' lang='lat' dir='ltr'><strong>sive</strong></span> <span class='ocrx_word' id='word_1_775' title='bbox 3739 4284 3861 4337; x_wconf 82' lang='lat' dir='ltr'><strong>hora</strong></span> 
     </span>
    </p>
   </div>
   <div class='ocr_carea' id='block_1_108' title="bbox 2283 4353 3742 4424">
    <p class='ocr_par' dir='ltr' id='par_1_108' title="bbox 2283 4353 3742 4424">
     <span class='ocr_line' id='line_1_109' title="bbox 2283 4353 3742 4424; baseline -0.001 -17"><span class='ocrx_word' id='word_1_776' title='bbox 2283 4369 2448 4415; x_wconf 90' lang='lat' dir='ltr'><strong>nona,</strong></span> <span class='ocrx_word' id='word_1_777' title='bbox 2479 4353 2530 4406; x_wconf 81' lang='lat' dir='ltr'><strong>id</strong></span> <span class='ocrx_word' id='word_1_778' title='bbox 2557 4363 2661 4417; x_wconf 89' lang='lat' dir='ltr'><strong>est,</strong></span> <span class='ocrx_word' id='word_1_779' title='bbox 2694 4355 2849 4409; x_wconf 87' lang='lat' dir='ltr'><strong>tertia</strong></span> <span class='ocrx_word' id='word_1_780' title='bbox 2878 4354 3322 4424; x_wconf 87' lang='lat' dir='ltr'><strong>postmeridiana,</strong></span> <span class='ocrx_word' id='word_1_781' title='bbox 3354 4354 3468 4409; x_wconf 88' lang='lat' dir='ltr'><strong>sive</strong></span> <span class='ocrx_word' id='word_1_782' title='bbox 3497 4368 3742 4424; x_wconf 70' lang='lat' dir='ltr'><strong>vespere.</strong></span> 
     </span>
    </p>
   </div>
   <div class='ocr_carea' id='block_1_109' title="bbox 2353 4423 3859 4495">
    <p class='ocr_par' dir='ltr' id='par_1_109' title="bbox 2353 4423 3859 4495">
     <span class='ocr_line' id='line_1_110' title="bbox 2353 4423 3859 4495; baseline 0.001 -19"><span class='ocrx_word' id='word_1_783' title='bbox 2353 4425 2382 4464; x_wconf 70' lang='lat' dir='ltr'><strong>h</strong></span> <span class='ocrx_word' id='word_1_784' title='bbox 2417 4424 2528 4477; x_wconf 86' lang='lat' dir='ltr'><strong>Nec</strong></span> <span class='ocrx_word' id='word_1_785' title='bbox 2567 4425 2713 4479; x_wconf 85' lang='lat' dir='ltr'><strong>debet</strong></span> <span class='ocrx_word' id='word_1_786' title='bbox 2759 4423 2894 4478; x_wconf 58' lang='lat' dir='ltr'><strong>aliis</strong></span> <span class='ocrx_word' id='word_1_787' title='bbox 2921 4424 3212 4495; x_wconf 84' lang='lat' dir='ltr'><strong>molestiam</strong></span> <span class='ocrx_word' id='word_1_788' title='bbox 3265 4441 3536 4495; x_wconf 84' lang='lat' dir='ltr'><strong>generare,</strong></span> <span class='ocrx_word' id='word_1_789' title='bbox 3578 4435 3686 4478; x_wconf 90' lang='lat' dir='ltr'><strong>etc.</strong></span> <span class='ocrx_word' id='word_1_790' title='bbox 3727 4423 3859 4478; x_wconf 85' lang='lat' dir='ltr'><strong>Idem</strong></span> 
     </span>
    </p>
   </div>
   <div class='ocr_carea' id='block_1_110' title="bbox 2284 4494 3857 4576">
    <p class='ocr_par' dir='ltr' id='par_1_110' title="bbox 2284 4494 3857 4576">
     <span class='ocr_line' id='line_1_111' title="bbox 2284 4494 3857 4576; baseline -0.003 -26"><span class='ocrx_word' id='word_1_791' title='bbox 2284 4495 2541 4576; x_wconf 83' lang='lat' dir='ltr'><strong>statuitur</strong></span> <span class='ocrx_word' id='word_1_792' title='bbox 2565 4496 2618 4576; x_wconf 84' lang='lat' dir='ltr'><strong>in</strong></span> <span class='ocrx_word' id='word_1_793' title='bbox 2649 4496 2849 4576; x_wconf 69' lang='lat' dir='ltr'><strong>Rggula</strong></span> <span class='ocrx_word' id='word_1_794' title='bbox 2888 4495 2944 4551; x_wconf 92' lang='lat' dir='ltr'><strong>S.</strong></span> <span class='ocrx_word' id='word_1_795' title='bbox 2973 4494 3276 4576; x_wconf 46' lang='lat' dir='ltr'><strong>Augusti-ni</strong></span> <span class='ocrx_word' id='word_1_796' title='bbox 3301 4511 3461 4576; x_wconf 69' lang='lat' dir='ltr'><strong>supra</strong></span> <span class='ocrx_word' id='word_1_797' title='bbox 3504 4496 3608 4576; x_wconf 72' lang='lat' dir='ltr'><strong>hoc</strong></span> <span class='ocrx_word' id='word_1_798' title='bbox 3630 4497 3857 4576; x_wconf 76' lang='lat' dir='ltr'><strong>ca_p_ite_a</strong></span> 
     </span>
    </p>
   </div>
   <div class='ocr_carea' id='block_1_111' title="bbox 2283 4565 3856 4620">
    <p class='ocr_par' dir='ltr' id='par_1_111' title="bbox 2283 4565 3856 4620">
     <span class='ocr_line' id='line_1_112' title="bbox 2283 4565 3856 4620; baseline -0.003 0"><span class='ocrx_word' id='word_1_799' title='bbox 2283 4574 2469 4620; x_wconf 78' lang='lat' dir='ltr'><strong>nostro</strong></span> <span class='ocrx_word' id='word_1_800' title='bbox 2499 4565 2927 4620; x_wconf 25' lang='lat' dir='ltr'><strong>auctoré’citata.</strong></span> <span class='ocrx_word' id='word_1_801' title='bbox 2973 4565 3277 4619; x_wconf 70' lang='lat' dir='ltr'><strong>Subscribit</strong></span> <span class='ocrx_word' id='word_1_802' title='bbox 3306 4565 3364 4619; x_wconf 92' lang='lat' dir='ltr'><strong>S.</strong></span> <span class='ocrx_word' id='word_1_803' title='bbox 3399 4565 3644 4620; x_wconf 88' lang='lat' dir='ltr'><strong>Leander</strong></span> <span class='ocrx_word' id='word_1_804' title='bbox 3679 4566 3770 4618; x_wconf 88' lang='lat' dir='ltr'><strong>lib.</strong></span> <span class='ocrx_word' id='word_1_805' title='bbox 3799 4565 3856 4617; x_wconf 84' lang='lat' dir='ltr'><strong>de</strong></span> 
     </span>
    </p>
   </div>
   <div class='ocr_carea' id='block_1_112' title="bbox 2281 4635 3856 4707">
    <p class='ocr_par' dir='ltr' id='par_1_112' title="bbox 2281 4635 3856 4707">
     <span class='ocr_line' id='line_1_113' title="bbox 2281 4635 3856 4707; baseline -0.001 -17"><span class='ocrx_word' id='word_1_806' title='bbox 2281 4635 2626 4690; x_wconf 84' lang='lat' dir='ltr'><strong>Institutione</strong></span> <span class='ocrx_word' id='word_1_807' title='bbox 2656 4638 2924 4707; x_wconf 91' lang='lat' dir='ltr'><strong>virginum</strong></span> <span class='ocrx_word' id='word_1_808' title='bbox 2957 4644 3008 4690; x_wconf 89' lang='lat' dir='ltr'><strong>et</strong></span> <span class='ocrx_word' id='word_1_809' title='bbox 3042 4645 3352 4707; x_wconf 87' lang='lat' dir='ltr'><strong>contemptu</strong></span> <span class='ocrx_word' id='word_1_810' title='bbox 3392 4635 3728 4705; x_wconf 54' lang='lat' dir='ltr'><strong>mundi&#39;cap.</strong></span> <span class='ocrx_word' id='word_1_811' title='bbox 3764 4636 3856 4689; x_wconf 76' lang='lat' dir='ltr'><strong>l3:</strong></span> 
     </span>
    </p>
   </div>
   <div class='ocr_carea' id='block_1_113' title="bbox 2202 4690 3859 4775">
    <p class='ocr_par' dir='ltr' id='par_1_113' title="bbox 2202 4690 3859 4775">
     <span class='ocr_line' id='line_1_114' title="bbox 2202 4690 3859 4775; baseline 0.001 -19"><span class='ocrx_word' id='word_1_812' title='bbox 2202 4690 2256 4750; x_wconf 79' lang='lat' dir='ltr'><strong>D</strong></span> <span class='ocrx_word' id='word_1_813' title='bbox 2290 4726 2308 4756; x_wconf 77' lang='grc' dir='ltr'><strong>ι</strong></span> <span class='ocrx_word' id='word_1_814' title='bbox 2347 4707 2476 4772; x_wconf 66' lang='lat' dir='ltr'><strong>Quae</strong></span> <span class='ocrx_word' id='word_1_815' title='bbox 2497 4708 2668 4775; x_wconf 85' lang='lat' dir='ltr'><strong>potuit</strong></span> <span class='ocrx_word' id='word_1_816' title='bbox 2695 4690 2948 4762; x_wconf 56' lang='lat' dir='ltr'><strong>lignorari</strong></span> <span class='ocrx_word' id='word_1_817' title='bbox 2985 4690 3277 4761; x_wconf 63' lang='lat' dir='ltr'><strong>inmundi;</strong></span> <span class='ocrx_word' id='word_1_818' title='bbox 3303 4715 3358 4760; x_wconf 92' lang='lat' dir='ltr'><strong>et</strong></span> <span class='ocrx_word' id='word_1_819' title='bbox 3380 4707 3531 4760; x_wconf 81' lang='lat' dir='ltr'><strong>dives</strong></span> <span class='ocrx_word' id='word_1_820' title='bbox 3563 4690 3739 4759; x_wconf 55' lang='lat' dir='ltr'><strong>fuit&#39;in</strong></span> <span class='ocrx_word' id='word_1_821' title='bbox 3773 4722 3859 4758; x_wconf 76' lang='lat' dir='ltr'><strong>sa:-</strong></span> 
     </span>
    </p>
   </div>
   <div class='ocr_carea' id='block_1_114' title="bbox 2287 4776 3857 4844">
    <p class='ocr_par' dir='ltr' id='par_1_114' title="bbox 2287 4776 3857 4844">
     <span class='ocr_line' id='line_1_115' title="bbox 2287 4776 3857 4844; baseline -0.003 -13"><span class='ocrx_word' id='word_1_822' title='bbox 2287 4779 2428 4840; x_wconf 90' lang='lat' dir='ltr'><strong>culo,</strong></span> <span class='ocrx_word' id='word_1_823' title='bbox 2472 4778 2724 4832; x_wconf 87' lang='lat' dir='ltr'><strong>blandius</strong></span> <span class='ocrx_word' id='word_1_824' title='bbox 2775 4778 2999 4832; x_wconf 88' lang='lat' dir='ltr'><strong>fovenda</strong></span> <span class='ocrx_word' id='word_1_825' title='bbox 3033 4786 3117 4831; x_wconf 86' lang='lat' dir='ltr'><strong>est</strong></span> <span class='ocrx_word' id='word_1_826' title='bbox 3156 4776 3208 4830; x_wconf 93' lang='lat' dir='ltr'><strong>in</strong></span> <span class='ocrx_word' id='word_1_827' title='bbox 3254 4777 3628 4838; x_wconf 85' lang='lat' dir='ltr'><strong>monasterio;</strong></span> <span class='ocrx_word' id='word_1_828' title='bbox 3660 4787 3716 4830; x_wconf 89' lang='lat' dir='ltr'><strong>et</strong></span> <span class='ocrx_word' id='word_1_829' title='bbox 3752 4790 3857 4844; x_wconf 70' lang='lat' dir='ltr'><strong>qurc</strong></span> 
     </span>
    </p>
   </div>
   <div class='ocr_carea' id='block_1_115' title="bbox 2287 4847 3856 4915">
    <p class='ocr_par' dir='ltr' id='par_1_115' title="bbox 2287 4847 3856 4915">
     <span class='ocr_line' id='line_1_116' title="bbox 2287 4847 3856 4915; baseline -0.004 -13"><span class='ocrx_word' id='word_1_830' title='bbox 2287 4847 2507 4915; x_wconf 83' lang='lat' dir='ltr'><strong>reliquit</strong></span> <span class='ocrx_word' id='word_1_831' title='bbox 2536 4849 2590 4900; x_wconf 92' lang='lat' dir='ltr'><strong>in</strong></span> <span class='ocrx_word' id='word_1_832' title='bbox 2641 4848 2836 4903; x_wconf 71' lang='lat' dir='ltr'><strong>sacculo</strong></span> <span class='ocrx_word' id='word_1_833' title='bbox 2882 4857 3084 4903; x_wconf 89' lang='lat' dir='ltr'><strong>vestem</strong></span> <span class='ocrx_word' id='word_1_834' title='bbox 3131 4849 3448 4915; x_wconf 86' lang='lat' dir='ltr'><strong>pretiosam,</strong></span> <span class='ocrx_word' id='word_1_835' title='bbox 3489 4849 3772 4902; x_wconf 69' lang='lat' dir='ltr'><strong>cultiorem</strong></span> <span class='ocrx_word' id='word_1_836' title='bbox 3811 4847 3856 4897; x_wconf 88' lang='lat' dir='ltr'><strong>in</strong></span> 
     </span>
    </p>
   </div>
   <div class='ocr_carea' id='block_1_116' title="bbox 2286 4918 3853 4986">
    <p class='ocr_par' dir='ltr' id='par_1_116' title="bbox 2286 4918 3853 4986">
     <span class='ocr_line' id='line_1_117' title="bbox 2286 4918 3853 4986; baseline -0.003 -15"><span class='ocrx_word' id='word_1_837' title='bbox 2286 4921 2620 4972; x_wconf 89' lang='lat' dir='ltr'><strong>monasterio</strong></span> <span class='ocrx_word' id='word_1_838' title='bbox 2650 4928 2943 4973; x_wconf 90' lang='lat' dir='ltr'><strong>mercatur.</strong></span> <span class='ocrx_word' id='word_1_839' title='bbox 2996 4919 3126 4985; x_wconf 61' lang='lat' dir='ltr'><strong>Quae</strong></span> <span class='ocrx_word' id='word_1_840' title='bbox 3150 4933 3277 4971; x_wconf 90' lang='lat' dir='ltr'><strong>vero</strong></span> <span class='ocrx_word' id='word_1_841' title='bbox 3323 4919 3423 4971; x_wconf 90' lang='lat' dir='ltr'><strong>sub</strong></span> <span class='ocrx_word' id='word_1_842' title='bbox 3453 4919 3678 4986; x_wconf 89' lang='lat' dir='ltr'><strong>penuria</strong></span> <span class='ocrx_word' id='word_1_843' title='bbox 3712 4918 3853 4977; x_wconf 74' lang='lat' dir='ltr'><strong>vixit,</strong></span> 
     </span>
    </p>
   </div>
   <div class='ocr_carea' id='block_1_117' title="bbox 2287 4987 3855 5060">
    <p class='ocr_par' dir='ltr' id='par_1_117' title="bbox 2287 4987 3855 5060">
     <span class='ocr_line' id='line_1_118' title="bbox 2287 4987 3855 5060; baseline -0.003 -17"><span class='ocrx_word' id='word_1_844' title='bbox 2287 4997 2344 5044; x_wconf 88' lang='lat' dir='ltr'><strong>et</strong></span> <span class='ocrx_word' id='word_1_845' title='bbox 2371 4998 2681 5060; x_wconf 87' lang='lat' dir='ltr'><strong>legumento</strong></span> <span class='ocrx_word' id='word_1_846' title='bbox 2709 4990 2960 5058; x_wconf 89' lang='lat' dir='ltr'><strong>victuque</strong></span> <span class='ocrx_word' id='word_1_847' title='bbox 2980 4989 3148 5060; x_wconf 83' lang='lat' dir='ltr'><strong>eguit,</strong></span> <span class='ocrx_word' id='word_1_848' title='bbox 3174 4998 3326 5058; x_wconf 81' lang='lat' dir='ltr'><strong>grate</strong></span> <span class='ocrx_word' id='word_1_849' title='bbox 3352 4987 3494 5043; x_wconf 83' lang='lat' dir='ltr'><strong>ferat</strong></span> <span class='ocrx_word' id='word_1_850' title='bbox 3525 4991 3568 5042; x_wconf 92' lang='lat' dir='ltr'><strong>si</strong></span> <span class='ocrx_word' id='word_1_851' title='bbox 3604 4989 3655 5042; x_wconf 92' lang='lat' dir='ltr'><strong>in</strong></span> <span class='ocrx_word' id='word_1_852' title='bbox 3684 5001 3855 5060; x_wconf 86' lang='lat' dir='ltr'><strong>mona-</strong></span> 
     </span>
    </p>
   </div>
   <div class='ocr_carea' id='block_1_118' title="bbox 2288 5059 3854 5130">
    <p class='ocr_par' dir='ltr' id='par_1_118' title="bbox 2288 5059 3854 5130">
     <span class='ocr_line' id='line_1_119' title="bbox 2288 5059 3854 5130; baseline -0.001 -17"><span class='ocrx_word' id='word_1_853' title='bbox 2288 5059 2452 5113; x_wconf 83' lang='lat' dir='ltr'><strong>sterio</strong></span> <span class='ocrx_word' id='word_1_854' title='bbox 2488 5075 2586 5114; x_wconf 91' lang='lat' dir='ltr'><strong>nec</strong></span> <span class='ocrx_word' id='word_1_855' title='bbox 2613 5060 2809 5130; x_wconf 87' lang='lat' dir='ltr'><strong>algeat,</strong></span> <span class='ocrx_word' id='word_1_856' title='bbox 2844 5075 2939 5114; x_wconf 88' lang='lat' dir='ltr'><strong>nec</strong></span> <span class='ocrx_word' id='word_1_857' title='bbox 2964 5059 3198 5121; x_wconf 84' lang='lat' dir='ltr'><strong>esuriat;</strong></span> <span class='ocrx_word' id='word_1_858' title='bbox 3247 5075 3345 5113; x_wconf 89' lang='lat' dir='ltr'><strong>nec</strong></span> <span class='ocrx_word' id='word_1_859' title='bbox 3377 5070 3702 5120; x_wconf 87' lang='lat' dir='ltr'><strong>murmuret,</strong></span> <span class='ocrx_word' id='word_1_860' title='bbox 3732 5059 3772 5130; x_wconf 77' lang='lat' dir='ltr'><strong>si</strong></span> <span class='ocrx_word' id='word_1_861' title='bbox 3799 5071 3854 5111; x_wconf 74' lang='lat' dir='ltr'><strong>ea</strong></span> 
     </span>
    </p>
   </div>
   <div class='ocr_carea' id='block_1_119' title="bbox 2289 5129 3855 5198">
    <p class='ocr_par' dir='ltr' id='par_1_119' title="bbox 2289 5129 3855 5198">
     <span class='ocr_line' id='line_1_120' title="bbox 2289 5129 3855 5198; baseline -0.002 -16"><span class='ocrx_word' id='word_1_862' title='bbox 2289 5139 2556 5184; x_wconf 85' lang='lat' dir='ltr'><strong>tractatur</strong></span> <span class='ocrx_word' id='word_1_863' title='bbox 2602 5131 2982 5198; x_wconf 73' lang='lat' dir='ltr'><strong>indulgentius,</strong></span> <span class='ocrx_word' id='word_1_864' title='bbox 3017 5145 3136 5197; x_wconf 75' lang='lat' dir='ltr'><strong>qua:</strong></span> <span class='ocrx_word' id='word_1_865' title='bbox 3174 5130 3304 5181; x_wconf 78' lang='lat' dir='ltr'><strong>vixit</strong></span> <span class='ocrx_word' id='word_1_866' title='bbox 3346 5130 3398 5183; x_wconf 89' lang='lat' dir='ltr'><strong>in</strong></span> <span class='ocrx_word' id='word_1_867' title='bbox 3442 5129 3640 5184; x_wconf 65' lang='lat' dir='ltr'><strong>seculo</strong></span> <span class='ocrx_word' id='word_1_868' title='bbox 3670 5129 3855 5182; x_wconf 61' lang='lat' dir='ltr'><strong>delieao</strong></span> 
     </span>
    </p>
   </div>
   <div class='ocr_carea' id='block_1_120' title="bbox 2285 5200 3849 5268">
    <p class='ocr_par' dir='ltr' id='par_1_120' title="bbox 2285 5200 3849 5268">
     <span class='ocr_line' id='line_1_121' title="bbox 2285 5200 3849 5268; baseline -0.003 -15"><span class='ocrx_word' id='word_1_869' title='bbox 2285 5201 2413 5254; x_wconf 89' lang='lat' dir='ltr'><strong>tius.</strong></span> <span class='ocrx_word' id='word_1_870' title='bbox 2449 5201 2580 5253; x_wconf 76' lang='lat' dir='ltr'><strong>Nam</strong></span> <span class='ocrx_word' id='word_1_871' title='bbox 2630 5201 2675 5254; x_wconf 89' lang='lat' dir='ltr'><strong>si</strong></span> <span class='ocrx_word' id='word_1_872' title='bbox 2719 5201 3100 5268; x_wconf 85' lang='lat' dir='ltr'><strong>proutcuique</strong></span> <span class='ocrx_word' id='word_1_873' title='bbox 3144 5214 3278 5268; x_wconf 87' lang='lat' dir='ltr'><strong>Opus</strong></span> <span class='ocrx_word' id='word_1_874' title='bbox 3309 5209 3391 5254; x_wconf 86' lang='lat' dir='ltr'><strong>est</strong></span> <span class='ocrx_word' id='word_1_875' title='bbox 3437 5217 3542 5254; x_wconf 91' lang='lat' dir='ltr'><strong>non</strong></span> <span class='ocrx_word' id='word_1_876' title='bbox 3589 5200 3849 5258; x_wconf 77' lang='lat' dir='ltr'><strong>dividitur,</strong></span> 
     </span>
    </p>
   </div>
   <div class='ocr_carea' id='block_1_121' title="bbox 2286 5269 3849 5340">
    <p class='ocr_par' dir='ltr' id='par_1_121' title="bbox 2286 5269 3849 5340">
     <span class='ocr_line' id='line_1_122' title="bbox 2286 5269 3849 5340; baseline -0.003 -17"><span class='ocrx_word' id='word_1_877' title='bbox 2286 5270 2345 5324; x_wconf 92' lang='lat' dir='ltr'><strong>fit</strong></span> <span class='ocrx_word' id='word_1_878' title='bbox 2375 5274 2605 5340; x_wconf 83' lang='lat' dir='ltr'><strong>superla</strong></span> <span class='ocrx_word' id='word_1_879' title='bbox 2636 5272 2686 5325; x_wconf 91' lang='lat' dir='ltr'><strong>in</strong></span> <span class='ocrx_word' id='word_1_880' title='bbox 2730 5273 3082 5332; x_wconf 81' lang='lat' dir='ltr'><strong>inonasterio,</strong></span> <span class='ocrx_word' id='word_1_881' title='bbox 3115 5286 3234 5338; x_wconf 73' lang='lat' dir='ltr'><strong>quze</strong></span> <span class='ocrx_word' id='word_1_882' title='bbox 3262 5269 3360 5323; x_wconf 87' lang='lat' dir='ltr'><strong>fuit</strong></span> <span class='ocrx_word' id='word_1_883' title='bbox 3389 5271 3513 5324; x_wconf 85' lang='lat' dir='ltr'><strong>vilis</strong></span> <span class='ocrx_word' id='word_1_884' title='bbox 3539 5271 3590 5323; x_wconf 85' lang='lat' dir='ltr'><strong>in</strong></span> <span class='ocrx_word' id='word_1_885' title='bbox 3625 5271 3849 5330; x_wconf 84' lang='lat' dir='ltr'><strong>mundo;</strong></span> 
     </span>
    </p>
   </div>
   <div class='ocr_carea' id='block_1_122' title="bbox 2283 5341 3851 5412">
    <p class='ocr_par' dir='ltr' id='par_1_122' title="bbox 2283 5341 3851 5412">
     <span class='ocr_line' id='line_1_123' title="bbox 2283 5341 3851 5412; baseline -0.004 -17"><span class='ocrx_word' id='word_1_886' title='bbox 2283 5351 2336 5395; x_wconf 88' lang='lat' dir='ltr'><strong>et</strong></span> <span class='ocrx_word' id='word_1_887' title='bbox 2366 5358 2486 5410; x_wconf 73' lang='lat' dir='ltr'><strong>qua:</strong></span> <span class='ocrx_word' id='word_1_888' title='bbox 2512 5352 2631 5396; x_wconf 89' lang='lat' dir='ltr'><strong>erat</strong></span> <span class='ocrx_word' id='word_1_889' title='bbox 2659 5353 2849 5412; x_wconf 90' lang='lat' dir='ltr'><strong>potens</strong></span> <span class='ocrx_word' id='word_1_890' title='bbox 2897 5342 2948 5394; x_wconf 89' lang='lat' dir='ltr'><strong>in</strong></span> <span class='ocrx_word' id='word_1_891' title='bbox 2976 5341 3196 5403; x_wconf 71' lang='lat' dir='ltr'><strong>smculo,</strong></span> <span class='ocrx_word' id='word_1_892' title='bbox 3232 5341 3546 5394; x_wconf 87' lang='lat' dir='ltr'><strong>humiliatur</strong></span> <span class='ocrx_word' id='word_1_893' title='bbox 3575 5341 3628 5394; x_wconf 89' lang='lat' dir='ltr'><strong>in</strong></span> <span class='ocrx_word' id='word_1_894' title='bbox 3679 5353 3851 5412; x_wconf 52' lang='lat' dir='ltr'><strong>monac</strong></span> 
     </span>
    </p>
   </div>
   <div class='ocr_carea' id='block_1_123' title="bbox 2284 5410 3853 5482">
    <p class='ocr_par' dir='ltr' id='par_1_123' title="bbox 2284 5410 3853 5482">
     <span class='ocr_line' id='line_1_124' title="bbox 2284 5410 3853 5482; baseline -0.003 -19"><span class='ocrx_word' id='word_1_895' title='bbox 2284 5414 2471 5482; x_wconf 84' lang='lat' dir='ltr'><strong>sterio.</strong></span> <span class='ocrx_word' id='word_1_896' title='bbox 2506 5412 2596 5466; x_wconf 86' lang='lat' dir='ltr'><strong>Sic</strong></span> <span class='ocrx_word' id='word_1_897' title='bbox 2631 5410 2739 5482; x_wconf 85' lang='lat' dir='ltr'><strong>agit</strong></span> <span class='ocrx_word' id='word_1_898' title='bbox 2769 5412 2859 5481; x_wconf 91' lang='lat' dir='ltr'><strong>qui</strong></span> <span class='ocrx_word' id='word_1_899' title='bbox 2887 5413 3122 5466; x_wconf 87' lang='lat' dir='ltr'><strong>discrete</strong></span> <span class='ocrx_word' id='word_1_900' title='bbox 3149 5426 3251 5464; x_wconf 86' lang='lat' dir='ltr'><strong>non</strong></span> <span class='ocrx_word' id='word_1_901' title='bbox 3289 5411 3453 5480; x_wconf 86' lang='lat' dir='ltr'><strong>sapit,</strong></span> <span class='ocrx_word' id='word_1_902' title='bbox 3488 5421 3544 5465; x_wconf 91' lang='lat' dir='ltr'><strong>ut</strong></span> <span class='ocrx_word' id='word_1_903' title='bbox 3587 5410 3853 5482; x_wconf 71' lang='lat' dir='ltr'><strong>superbire</strong></span> 
     </span>
    </p>
   </div>
   <div class='ocr_carea' id='block_1_124' title="bbox 2283 5478 3852 5546">
    <p class='ocr_par' dir='ltr' id='par_1_124' title="bbox 2283 5478 3852 5546">
     <span class='ocr_line' id='line_1_125' title="bbox 2283 5478 3852 5546; baseline -0.003 -12"><span class='ocrx_word' id='word_1_904' title='bbox 2283 5480 2449 5537; x_wconf 90' lang='lat' dir='ltr'><strong>faciat</strong></span> <span class='ocrx_word' id='word_1_905' title='bbox 2490 5498 2556 5536; x_wconf 79' lang='lat' dir='ltr'><strong>ex</strong></span> <span class='ocrx_word' id='word_1_906' title='bbox 2598 5478 2690 5536; x_wconf 73' lang='lat' dir='ltr'><strong>vili</strong></span> <span class='ocrx_word' id='word_1_907' title='bbox 2738 5478 2902 5537; x_wconf 81' lang='lat' dir='ltr'><strong>censu</strong></span> <span class='ocrx_word' id='word_1_908' title='bbox 2943 5497 3256 5546; x_wconf 87' lang='lat' dir='ltr'><strong>conversas,</strong></span> <span class='ocrx_word' id='word_1_909' title='bbox 3293 5478 3367 5537; x_wconf 24' lang='lat' dir='ltr'><strong>et‘</strong></span> <span class='ocrx_word' id='word_1_910' title='bbox 3396 5483 3581 5537; x_wconf 84' lang='lat' dir='ltr'><strong>dolore</strong></span> <span class='ocrx_word' id='word_1_911' title='bbox 3626 5478 3852 5535; x_wconf 78' lang='lat' dir='ltr'><strong>stimulet</strong></span> 
     </span>
    </p>
   </div>
   <div class='ocr_carea' id='block_1_125' title="bbox 2281 5551 2903 5608">
    <p class='ocr_par' dir='ltr' id='par_1_125' title="bbox 2281 5551 2903 5608">
     <span class='ocr_line' id='line_1_126' title="bbox 2281 5551 2903 5608; baseline 0 -3"><span class='ocrx_word' id='word_1_912' title='bbox 2281 5551 2510 5607; x_wconf 91' lang='lat' dir='ltr'><strong>honesto</strong></span> <span class='ocrx_word' id='word_1_913' title='bbox 2535 5555 2653 5608; x_wconf 92' lang='lat' dir='ltr'><strong>loco</strong></span> <span class='ocrx_word' id='word_1_914' title='bbox 2682 5563 2858 5607; x_wconf 89' lang='lat' dir='ltr'><strong>natas.</strong></span> <span class='ocrx_word' id='word_1_915' title='bbox 2885 5573 2903 5604; x_wconf 69' lang='grc' dir='ltr'><strong>ι</strong></span> 
     </span>
    </p>
   </div>
   <div class='ocr_carea' id='block_1_126' title="bbox 2357 5622 3846 5697">
    <p class='ocr_par' dir='ltr' id='par_1_126' title="bbox 2357 5622 3846 5697">
     <span class='ocr_line' id='line_1_127' title="bbox 2357 5622 3846 5697; baseline 0.016 -24"><span class='ocrx_word' id='word_1_916' title='bbox 2357 5625 2374 5697; x_wconf 63' lang='grc' dir='ltr'>ξ</span> <span class='ocrx_word' id='word_1_917' title='bbox 2415 5622 2612 5697; x_wconf 68' lang='lat' dir='ltr'><strong>Yitleri.</strong></span> <span class='ocrx_word' id='word_1_918' title='bbox 2653 5625 2850 5696; x_wconf 86' lang='lat' dir='ltr'><strong>suppl.,</strong></span> <span class='ocrx_word' id='word_1_919' title='bbox 2883 5625 2969 5678; x_wconf 76' lang='lat' dir='ltr'><strong>iis.</strong></span> <span class='ocrx_word' id='word_1_920' title='bbox 3239 5693 3266 5697; x_wconf 32' lang='grc' dir='ltr'><strong><em>Δ</em></strong></span> <span class='ocrx_word' id='word_1_921' title='bbox 3393 5695 3404 5697; x_wconf 97' lang='lat'>_</span> <span class='ocrx_word' id='word_1_922' title='bbox 3493 5692 3517 5697; x_wconf 86' lang='lat'><strong>_</strong></span> <span class='ocrx_word' id='word_1_923' title='bbox 3591 5694 3599 5697; x_wconf 86' lang='lat'><strong><em>_</em></strong></span> <span class='ocrx_word' id='word_1_924' title='bbox 3783 5688 3795 5697; x_wconf 90' lang='lat'><strong>.</strong></span> <span class='ocrx_word' id='word_1_925' title='bbox 3836 5688 3846 5697; x_wconf 92' lang='lat'><strong>.</strong></span> 
     </span>
    </p>
   </div>
   <div class='ocr_carea' id='block_1_127' title="bbox 2353 5688 3848 5767">
    <p class='ocr_par' dir='ltr' id='par_1_127' title="bbox 2353 5688 3848 5767">
     <span class='ocr_line' id='line_1_128' title="bbox 2353 5688 3848 5767; baseline 0 -23"><span class='ocrx_word' id='word_1_926' title='bbox 2353 5693 2366 5743; x_wconf 85' lang='lat' dir='ltr'><strong>i</strong></span> <span class='ocrx_word' id='word_1_927' title='bbox 2403 5693 2670 5767; x_wconf 71' lang='lat' dir='ltr'><strong>Jttdicent.</strong></span> <span class='ocrx_word' id='word_1_928' title='bbox 2715 5688 3090 5767; x_wconf 32' lang='lat' dir='ltr'><strong>Suppqusani,</strong></span> <span class='ocrx_word' id='word_1_929' title='bbox 3131 5711 3195 5750; x_wconf 75' lang='lat' dir='ltr'><strong>ex</strong></span> <span class='ocrx_word' id='word_1_930' title='bbox 3237 5693 3441 5767; x_wconf 74' lang='lat' dir='ltr'><strong>Regula</strong></span> <span class='ocrx_word' id='word_1_931' title='bbox 3486 5692 3546 5748; x_wconf 88' lang='lat' dir='ltr'><strong>S.</strong></span> <span class='ocrx_word' id='word_1_932' title='bbox 3575 5688 3848 5767; x_wconf 70' lang='lat' dir='ltr'><strong>Augustini</strong></span> 
     </span>
    </p>
   </div>
   <div class='ocr_carea' id='block_1_128' title="bbox 2279 5757 3850 5837">
    <p class='ocr_par' dir='ltr' id='par_1_128' title="bbox 2279 5757 3850 5837">
     <span class='ocr_line' id='line_1_129' title="bbox 2279 5757 3850 5837; baseline -0.003 -19"><span class='ocrx_word' id='word_1_933' title='bbox 2279 5779 2396 5834; x_wconf 82' lang='lat' dir='ltr'><strong>cap.</strong></span> <span class='ocrx_word' id='word_1_934' title='bbox 2433 5763 2497 5817; x_wconf 73' lang='grc'><strong>14</strong></span> <span class='ocrx_word' id='word_1_935' title='bbox 2524 5783 2534 5816; x_wconf 93' lang='lat'><strong>:</strong></span> <span class='ocrx_word' id='word_1_936' title='bbox 2567 5765 2676 5818; x_wconf 78' lang='lat' dir='ltr'><strong>Nec</strong></span> <span class='ocrx_word' id='word_1_937' title='bbox 2704 5757 3104 5834; x_wconf 44' lang='lat' dir='ltr'><strong>illos-feliciores</strong></span> <span class='ocrx_word' id='word_1_938' title='bbox 3130 5757 3457 5837; x_wconf 51' lang='lat' dir='ltr'><strong>putent&#39;vquia</strong></span> <span class='ocrx_word' id='word_1_939' title='bbox 3483 5757 3696 5820; x_wconf 58' lang='lat' dir='ltr'><strong>sumunt</strong></span> <span class='ocrx_word' id='word_1_940' title='bbox 3723 5757 3850 5832; x_wconf 73' lang='grc' dir='ltr'><strong>φωά</strong></span> 
     </span>
    </p>
   </div>
   <div class='ocr_carea' id='block_1_129' title="bbox 2278 5837 2794 5905">
    <p class='ocr_par' dir='ltr' id='par_1_129' title="bbox 2278 5837 2794 5905">
     <span class='ocr_line' id='line_1_130' title="bbox 2278 5837 2794 5905; baseline 0.008 -21"><span class='ocrx_word' id='word_1_941' title='bbox 2278 5851 2381 5888; x_wconf 81' lang='lat' dir='ltr'><strong>non</strong></span> <span class='ocrx_word' id='word_1_942' title='bbox 2415 5845 2635 5905; x_wconf 50' lang='lat' dir='ltr'><strong>sumunt</strong></span> <span class='ocrx_word' id='word_1_943' title='bbox 2676 5837 2794 5905; x_wconf 80' lang='lat' dir='ltr'><strong>ipsi.</strong></span> 
     </span>
    </p>
   </div>
   <div class='ocr_carea' id='block_1_130' title="bbox 2352 5903 3391 5972">
    <p class='ocr_par' dir='ltr' id='par_1_130' title="bbox 2352 5903 3391 5972">
     <span class='ocr_line' id='line_1_131' title="bbox 2352 5903 3391 5972; baseline 0 -14"><span class='ocrx_word' id='word_1_944' title='bbox 2352 5905 2375 5944; x_wconf 73' lang='grc' dir='ltr'><strong>ιι</strong></span> <span class='ocrx_word' id='word_1_945' title='bbox 2403 5903 2755 5960; x_wconf 78' lang='lat' dir='ltr'><strong>Inclinantnr.</strong></span> <span class='ocrx_word' id='word_1_946' title='bbox 2796 5905 2853 5961; x_wconf 89' lang='lat' dir='ltr'><strong>ld</strong></span> <span class='ocrx_word' id='word_1_947' title='bbox 2879 5913 2978 5972; x_wconf 81' lang='lat' dir='ltr'><strong>est,</strong></span> <span class='ocrx_word' id='word_1_948' title='bbox 3019 5907 3391 5963; x_wconf 83' lang='lat' dir='ltr'><strong>humiliantur.</strong></span> 
     </span>
    </p>
   </div>
  </div>
