4088 6330
276 332 422 392 1075

1189 324 1577 384 CONCORDIA
1616 324 2071 383 REGULARUM.
2111 355 2181 367 —
2218 326 2368 383 CAP.
2410 326 2592 383 XLIV.

3379 331 3526 412 sort

270 453 481 502 nantur
497 439 708 506 divites,
738 451 1001 510 pauperes
1028 439 1323 506 erigantur.
1353 436 1496 493 Sane
1519 449 1546 478 ι
1568 436 1843 508 ὶηωίιυδιὶ-
1865 451 1921 511 Α
1943 437 2209 508 integram
2237 438 2439 492 fuerint
2465 439 2722 492 virtutem
2749 439 2993 511 corporis
3028 443 3261 498 assecuti
3291 457 3521 501 consue-

267 543 386 590 tate
419 532 720 596 constricti,
753 530 827 584 ita
869 539 990 584 sunt
1035 529 1408 594 tractandi,ut
1453 529 1599 582 vires
1643 528 1848 582 incom-

267 625 532 682 moditate
576 623 851 677 confectas
880 620 1116 675 velocius
1141 620 1467 690 praestolatio
1489 618 1651 688 °larga
1688 618 1848 673 robo-

267 724 375 775 ret.
435 714 544 770 Nec
591 715 644 768 in
707 712 1022 769 inﬁrmitate
1071 712 1410 767 manentibus
1468 708 1846 764 discretionem

265 806 447 863 victus
483 803 675 862 aﬁ'erat
698 805 950 862 distantia
987 819 1363 876 personarum.
1390 801 1492 871 Qui
1519 811 1702 857 tamen
1722 812 1845 857 cum

1954 527 2236 582 tudinariis
2262 526 2488 580 habenis
2528 527 2865 584 abstinentia:
2899 539 3170 584 tenentur.
3203 531 3338 597 Quia
3370 533 3526 589 decet

1950 618 2182 674 famulos
2204 618 2301 675 Dei
2319 619 2447 677 boni
2467 616 2650 691 operis
2664 620 3106 680 consuetudinem
3122 633 3234 678 non
3255 621 3522 690 minuere.

1949 711 2046 766 sed
2071 723 2289 783 augere.

346 957 372 986 ο
394 942 782 1015 Ianualitate.
821 943 878 998 ld
913 951 1016 1010 est,
1047 909 1420 999 morbo.'Vide
1462 940 1710 1012 superius
1744 943 2021 996 annotata.

1301 1125 1307 1130 ’
1585 1185 1919 1265 CAPUT
1993 1187 2270 1267 XLIV.

1360 1339 1452 1398 DE
1491 1336 2020 1396 SEPTIMANARIIS
2058 1339 2407 1408 COQUINJE.

519 1574 606 1649 δι.
625 1601 695 1618 -—
715 1573 796 1632 Ex
823 1573 1040 1631 Rsecu
1063 1588 1252 1631 SANC'I'I
1278 1573 1596 1632 BENEDICTI.

341 1681 367 1711 ι
380 1669 601 1725 Fratres
629 1667 728 1722 sibi
754 1667 982 1721 invicem
1009 1666 1267 1732 serviant,
1285 1675 1345 1721 ut
1363 1666 1540 1721 nullus
1558 1675 1848 1722 excusetur

1948 1574 2243 1646 egreditur,
2271 1582 2379 1630 tam
2410 1574 2500 1631 ille
2537 1575 2629 1646 qui
2667 1575 2967 1632 intraturus
2994 1584 3098 1643 est,
3149 1577 3401 1635 omnibus
3450 1578 3529 1634 la-

1953 1677 2100 1724 vent.
2137 1671 2154 1708 i
2197 1668 2339 1723 Vasa
2375 1668 2665 1724 ministerii
2697 1669 2780 1724 sui
2815 1669 3015 1725 munda
3047 1667 3138 1725 eti
3186 1684 3320 1726 sana
3367 1667 3530 1726 cella-

267 1774 301 1816 a
321 1759 562 1829 coquinae
584 1757 836 1822 ollicio,‘b
854 1756 959 1812 nisi
982 1758 1471 1828 autzegritudinej,c
1494 1765 1588 1810 aut
1609 1756 1661 1810 in
1685 1771 1847 1812 causa
1874 1769 1922 1830 B
1951 1762 2096 1817 rario
2127 1763 2486 1832 reconsignet.
2514 1761 2613 1829 Qui
2645 1762 2957 1819 cellararius
2982 1763 3112 1820 item
3145 1764 3368 1820 intranti
3390 1778 3524 1820 con-

267 1850 449 1922 graris
477 1849 729 1904 utilitatis
753 1848 876 1918 quis
921 1857 1214 1918 occupatus
1245 1847 1446 1904 fuerit:
1489 1849 1613 1918 quia
1652 1847 1849 1905 exinde

194 1924 207 1932 ’
266 1942 444 2012 major
493 1955 703 1996 merces
750 1947 806 1995 et
858 1940 1100 1995 charitas
1133 1941 1452 2010 acquiritur.
1484 1939 1846 1996 lmbecillibus

267 2045 450 2091 autem
477 2045 834 2107 procurentur
863 2034 1073 2100 solatia,
1116 2043 1176 2088 ut
1206 2051 1312 2088 non
1353 2050 1476 2089 cum
1505 2034 1722 2090 tristitia
1745 2034 1848 2088 hoc

264 2127 494 2192 faciant,
519 2128 612 2182 sed
641 2126 875 2181 habeant
913 2129 1102 2180 omnes
1136 2125 1329 2180 solatia
1351 2124 1374 2164 ἀ
1406 2125 1701 2182 secundum
1727 2139 1846 2179 mo-

267 2219 394 2275 dum
435 2218 864 2289 congregationis
893 2227 916 2255 °
949 2233 1013 2272 ac
1053 2217 1376 2288 positionem
1424 2217 1547 2272 loci.
1584 2217 1642 2272 Si
1677 2215 1850 2285 major

264 2309 821 2381 fueritcougregatio,
852 2309 1167 2364 cellararius
1193 2319 1484 2365 excusetur
1525 2325 1557 2365 a
1592 2312 1842 2382 coquina,

272 2401 294 2440 ί
329 2403 414 2456 vel
438 2405 480 2458 si
513 2403 625 2472 qui,
655 2412 714 2456 ut
737 2402 988 2467 diximus,
1036 2400 1334 2468 majoribus
1379 2401 1704 2457 utilitatibus
1751 2416 1847 2456 oc-

267 2505 533 2565 cupantur
564 2513 576 2548 :
609 2494 790 2549 cmteri
828 2495 928 2549 sibi
977 2494 1078 2548 sub
1115 2494 1384 2548 charitate
1433 2493 1667 2548 invicem
1723 2508 1844 2549 ser-

267 2587 436 2642 viant.
468 2587 794 2658 Egressurus
823 2589 889 2641 de
912 2587 1212 2657 septimana
1242 2587 1466 2642 sabbato
1500 2589 1524 2626 ε
1553 2587 1846 2642 munditias

270 2678 454 2736 faciat.
483 2681 818 2736 Linteamina
846 2696 966 2735 cum
1016 2680 1210 2749 quibus
1244 2680 1345 2735 sibi
1378 2678 1574 2734 fr‘atres
1598 2678 1622 2716 δ
1656 2695 1848 2735 manus

272 2780 365 2828 aut
407 2773 574 2844 pedes
624 2780 862 2842 tergunt,
919 2771 1082 2827 lavet.
1110 2771 1282 2826 Pedes
1319 2787 1448 2827 vero
1480 2779 1589 2826 tam
1612 2771 1728 2843 ipse
1753 2770 1845 2841 qui

287 2939 290 2942 ’
339 2961 366 2992 ιι
394 2947 612 3004 Fratres
651 2949 750 3003 sibi
791 2948 1007 3002 invicem
1033 2947 1279 3000 serviant.
1309 2944 1386 2998 lta
1416 2943 1473 2998 S.
1509 2943 1842 2998 Dunstanus.

268 3019 398 3076 Cod.
430 3021 499 3076 S.-
527 3020 755 3075 Faronis
804 3033 908 3072 non
946 3019 1106 3072 habet
1151 3031 1472 3085 pronomen,
1519 3014 1638 3085 sibi.
1676 3014 1846 3084 Vulgo

268 3101 445 3146 autem
477 3110 488 3145 :
516 3090 734 3145 Fratres
756 3090 830 3143 sic
853 3090 950 3142 sibi
979 3083 1194 3140 invicem
1223 3086 1467 3139 serviant.
1523 3083 1690 3152 Hujus
1739 3083 1842 3140 loci

267 3129 488 3216 signa;
516 3129 582 3215 in
597 3129 951 3214 "ﬁt-"31:.
981 3129 1229 3210 'Slturmii
1275 3156 1484 3209 abbatis
1535 3129 1834 3211 Fuiuensis.
1871 3129 1914 3190 (ἶ

269 3231 458 3288 Praxis
485 3233 696 3286 videtur
716 3231 768 3285 in
793 3229 912 3284 Vita
937 3229 993 3282 S.
1017 3222 1300 3290 Bathildis,
1334 3226 1549 3295 Reginze
1576 3225 1838 3292 Francia,

269 3317 387 3373 cap.
414 3305 483 3358 8:
524 3322 541 3352 ι
589 3303 662 3356 Ita
689 3310 882 3354 autem
915 3298 1235 3373 humilitatis
1257 3313 1463 3373 magnai
1505 3295 1632 3351 forti
1659 3298 1842 3373 animo

267 3368 516 3428 omnibus
548 3373 888 3427 ministrabat
913 3368 1240 3439 exemplum,
1281 3377 1340 3423 ut
1370 3369 1484 3437 ipsa
1529 3383 1742 3436 quoque
1765 3369 1842 3439 in

267 3442 441 3497 ollicio
465 3447 707 3510 coquinae
734 3438 1380 3504 ministraretsororibus,
1409 3439 1526 3506 ipsa
1547 3438 1842 3492 munditias

267 3527 456 3566 omnes
479 3512 698 3565 faceret.
739 3530 758 3561 ι
991 3547 994 3550 .

325 3581 369 3704 ἔ
411 3580 530 3662 Nisi
559 3589 649 3634 aut
685 3579 1011 3650 aegritudine.
1035 3578 1166 3634 Cod.
1196 3577 1334 3632 Vict.
1367 3593 1422 3646 p.
1454 3577 1556 3631 nisi
1576 3587 1666 3631 aut
1688 3579 1843 3647 a'gri-

364 3667 393 3704 ο
420 3662 506 3704 διε.

267 3664 506 3802 iui-aii?
526 3723 582 3804 in
619 3737 800 3803 causa.
830 3717 985 3789 Apud
1025 3725 1270 3774 sanctum
1297 3718 1636 3774 Dunstanum
1691 3717 1845 3772 deest

268 3802 596 3862 prmposrtio,
620 3802 696 3847 in.

288 3929 295 3930 ί
337 3861 364 3900 ἀ
390 3864 690 3917 Secundum
716 3862 925 3916 modum
953 3859 1390 3930 congregationis.
1425 3859 1485 3915 1d
1513 3865 1617 3924 est,
1651 3873 1844 3914 secun-

270 3929 395 3986 dum
423 3949 705 3988 numerum
738 3933 986 3987 fratrum.

344 4004 464 4057 °Ac
498 4005 800 4073 positionem
848 4002 967 4056 loci.
997 4001 1056 4056 Si
1101 4002 1315 4075 longius
1366 4001 1671 4074 quaerenda:
1717 4009 1844 4056 sunt

344 4088 442 4129 um.
467 4075 669 4129 herbm.
710 4075 872 4129 ligna.
910 4082 965 4126 et
990 4073 1205 4128 similia.
1624 4114 1636 4126 .

269 4085 442 4142 aqum,
470 4085 669 4138 Iterum,
710 4085 872 4145 ligna,
910 4085 965 4126 et
990 4085 1205 4128 summa.
1624 4114 1636 4126 .

270 4143 599 4267 0οὲἔὶ
629 4146 736 4216 qui,
759 4153 862 4199 etc.
892 4144 1183 4210 Particula,
1215 4144 1311 4212 vel,
1336 4145 1441 4200 hoc
1463 4143 1582 4198 loco
1611 4142 1844 4199 sumitur

410 4225 499 4267 tu
573 4256 586 4269 .

270 4227 686 4340 coguiuiijilias
733 4287 914 4354 faciat.
962 4285 1018 4339 1d
1063 4294 1164 4350 est,
1198 4292 1380 4341 verrat
1429 4284 1840 4339 monasterium.

270 4353 420 4410 Unde
447 4358 698 4427 Magister
719 4353 838 4425 cap.
872 4357 938 4411 l9
969 4355 1203 4426 Regula},
1227 4355 1513 4410 munditias
1543 4355 1843 4427 monasterii

269 4425 559 4497 exerceant}
607 4429 672 4480 Et
716 4427 874 4496 paulo
919 4437 1076 4497 post:
1112 4429 1416 4497 munditias_
1441 4426 1664 4497 oratorii
1698 4425 1845 4497 εέςΙιῆ-

271 4495 440 4621 biant.
468 4493 756 4553 Munditias
776 4493 957 4553 facere
981 4507 1065 4552 est
1104 4512 1370 4589 verrere.
1389 4495 1613 4550 Plautus
1642 4496 1698 4550 in
1739 4493 1776 4549 S

270 4581 298 4622 c
337 4582 408 4622 o:
1369 4601 1374 4618 ι

392 4657 653 4710 Munditias
675 4659 784 4710 volo
809 4659 912 4711 ﬁeri
937 4675 950 4722 ;
978 4659 1151 4712 aﬁ‘erte
1173 4672 1361 4724 scepas.

268 4763 450 4835 Neque
472 4766 560 4821 hic
583 4767 732 4822 locus
759 4767 817 4823 S.
846 4767 907 4821 P.
930 4766 1251 4822 Benedictus
1278 4764 1686 4836 comprehendit
1710 4779 1843 4821 vasa

267 4837 530 4908 etplancrs
555 4855 567 4889 :
602 4853 726 4891 nam
754 4838 991 4908 quotidie
1031 4838 1297 4908 tergendae
1323 4846 1468 4908 sunt.

267 4941 304 4978 -__
335 4907 362 4945 ιι
393 4906 605 4978 Manus,
638 4918 729 4963 aut
756 4905 906 4978 pedes
929 4905 1154 4978 terguni.
1179 4907 1256 4978 luta
1283 4907 1444 4978 vulgo
1467 4905 1695 4960 habetur
1717 4921 1841 4960 cum

267 4974 476 5031 Kerone
503 4977 555 5030 in
587 4974 918 5046 expositione
957 4974 1155 5047 regulae
1181 4974 1519 5047 Alamanica,
1565 4994 1595 5047 ς
1627 4983 1842 5047 tergunt

265 5049 511 5111 swerben,
564 5043 768 5102 scilicet
818 5063 1008 5102 manus
1022 5043 1102 5101 'uc
1127 5048 1308 5117 pedes.
1350 5067 1370 5098 ›
1407 5046 1538 5101 Cod.
1563 5043 1621 5098 S.
1653 5043 1836 5099 Germ.

267 5131 372 5171 ma.
403 5127 615 5189 tergent.
648 5119 783 5172 Vict.
815 5133 871 5189 p.
897 5119 1156 5171 terserim.

341 5190 356 5227 ί
407 5185 543 5241 Vasa
596 5185 869 5242 ministerii
915 5189 1020 5253 sui,
1078 5197 1181 5242 etc.
1231 5185 1408 5257 Hujus
1447 5185 1548 5257 loci
1595 5185 1842 5257 meminit

266 5255 498 5312 Joannes
548 5260 845 5313 monachus
892 5258 985 5312 lib.
1025 5273 1060 5310 ιι
1095 5257 1230 5311 Vita:
1271 5255 1326 5310 Si
1380 5255 1838 5315 Odonisabbatis

267 5326 629 5383 Cluniacensis
655 5347 668 5382 :
699 5347 716 5379 ι
753 5328 844 5382 Sic
863 5329 1005 5382 enim
1030 5327 1156 5382 alibi
1179 5326 1575 5396 septimanariis
1595 5327 1838 5394 coquinm

267 5397 406 5469 idem
440 5398 554 5467 ipse
585 5399 666 5469 (S.
704 5398 1041 5466 Benedictus)
1070 5399 1337 5469 praecipit,
1361 5406 1421 5450 ut
1444 5411 1571 5469 vasa
1594 5396 1837 5450 ministe-

265 5467 328 5521 rii
357 5470 438 5522 sui
469 5467 666 5523 munda
710 5479 766 5524 et
792 5484 925 5523 sana
950 5467 1230 5523 cellerario
1275 5467 1686 5536 reconsignent:
1716 5482 1835 5536 quae

266 5538 513 5594 videlicet
548 5549 674 5594 sunt
715 5539 901 5594 ﬁctilia
929 5551 1088 5609 atque
1127 5539 1272 5593 vilia.
1318 5558 1338 5591 ›
1364 5538 1443 5592 Ex
1466 5537 1661 5609 quibus
1704 5537 1833 5609 ulti-

265 5609 368 5664 mis
396 5609 576 5665 verbis
604 5612 896 5666 notandum
926 5607 1017 5666 est
1030 5611 1159 5665 olim
1185 5625 1338 5674 vasa,
1387 5607 1835 5678 quibusuteban-

269 5687 355 5733 tur
382 5679 653 5751 monachi,
683 5680 874 5751 tuisse
919 5682 1102 5738 ﬁctilia
1134 5695 1199 5736 ac
1251 5679 1492 5751 proinde
1513 5677 1654 5751 vilia.
1687 5678 1829 5733 Idem

269 5757 445 5808 autem
479 5764 542 5808 ac
574 5749 633 5808 Β.
673 5750 993 5812 Benedictus
1029 5747 1274 5824 praecipit
1324 5749 1381 5807 S.
1425 5747 1662 5806 Isidorus
1709 5763 1828 5818 cap.

1950 1855 2147 1926 signet,
2162 1863 2222 1910 ut
2243 1855 2379 1910 sciat
2401 1855 2427 1894 ¹ι
2453 1855 2596 1924 quod
2617 1855 2728 1920 dat,
2742 1865 2836 1911 aut
2860 1843 3005 1927 quod
3025 1856 3237 1928 recipit.
3265 1856 3528 1926 Septima—
3605 1900 3608 1902 η

1948 1947 2088 2002 narii
2115 1956 2295 2002 autem
2322 1945 2339 1985 ι
2370 1955 2495 2004 ante
2514 1963 2678 2003 unam
2701 1949 2890 2004 horam
2920 1948 3235 2006 refectionis
3261 1950 3529 2020 accipiant

1949 2052 2166 2110 msuper
2193 2049 2450 2096 statutam
2482 2056 2752 2096 annonam
2775 2052 2803 2078 τι
2828 2043 3068 2114 singulas
3096 2043 3310 2098 biberes
3333 2051 3388 2097 et
3431 2055 3528 2112 pa-

1949 2150 2093 2200 nem,
2126 2142 2188 2189 ut
2214 2135 2345 2189 hora
2366 2134 2677 2191 refectionis
2700 2135 2818 2191 sine
2844 2137 3276 2206 murmuratione
3299 2145 3353 2191 et
3374 2135 3526 2207 gravi

1947 2227 2134 2298 labore
2163 2225 2695 2282 serviantfratribus.
2732 2234 2757 2262 °
2792 2227 2851 2282 ln
2883 2227 3071 2283 diebus
3105 2235 3284 2283 autem
3325 2226 3526 2283 solem-

1948 2318 2110 2375 nibus
2151 2330 2178 2370 P
2223 2336 2394 2390 usque
2432 2321 2500 2376 ad
2540 2323 2732 2377 missas
2781 2322 3104 2378 sustineant.
3149 2322 3424 2378 latrantes
3471 2330 3528 2378 et

1948 2421 2208 2468 exeuntes
2263 2414 2664 2470 hebdomadarii
2709 2415 2769 2470 in
2818 2417 3057 2471 oratorio
3087 2432 3211 2471 mox
3247 2415 3528 2471 matutinis

1947 2503 2117 2558 ﬁnitis
2145 2503 2422 2559 Dominica
2472 2507 2713 2561 omnium
2757 2508 2984 2577 genibus
3010 2509 3398 2578 provolvantur
3424 2523 3525 2579 po-

1948 2595 2212 2651 stulantes
2243 2611 2344 2666 pro
2374 2613 2431 2653 se
2462 2599 2628 2653 orari.
2681 2598 2974 2669 Egrediens
3024 2608 3207 2656 autem
3241 2601 3308 2657 de
3361 2602 3530 2671 septi-

1946 2703 2108 2742 mana
2135 2689 2278 2744 dicat
2330 2689 2472 2745 bunc
2500 2677 2720 2774 versum
2746 2709 2759 2745 :
2788 2701 2816 2740 q
2843 2689 3156 2748 Benedictus
3195 2709 3269 2758 es,
3303 2691 3529 2748 Domine

1946 2779 2112 2845 Deus,
2133 2781 2382 2850 quoniam
2410 2781 2659 2852 adjuvisti
2685 2799 2785 2850 me,
2809 2793 2858 2838 et
2894 2782 3191 2840 consolatus
3213 2799 3268 2840 es
3286 2800 3388 2839 me.
3410 2782 3529 2852 Quo

1947 2955 2017 3010 20
2059 2971 2169 3012 suae
2193 2957 2450 3028 Regulae:
2484 2979 2502 3011 ‹
2538 2959 2676 3016 Huic
2706 2959 3034 3086 generario)
3074 2960 3530 3044 hebdomadarius

1948 3028 2157 3086 expleta
2175 3030 2508 3085 bebdomada
2528 3047 2657 3085 vasa
2675 3049 2718 3086 sn
2762 3050 2773 3085 I
2794 3033 2988 3086 tradita
3011 3032 3304 3086 exhibebit.
3329 3032 3394 3086 ad
3410 3046 3530 3086 ner-

1948 3028 2157 3102 expleta
2175 3030 2508 3102 hebdomada
2528 3047 2657 3085 vasa
2675 3028 2773 3086 sibi
2794 3033 2988 3086 tradita
3011 3028 3304 3094 exhibebit,
3329 3032 3394 3086 ad
3410 3046 3532 3102 per-

1948 3100 2280 3174 spiciendum
2313 3101 2518 3170 utique,
2564 3102 2609 3157 si
2654 3103 3010 3174 negligentius
3053 3102 3237 3159 habita
3283 3100 3434 3174 sunt,
3474 3111 3531 3157 et

1946 3171 2015 3223 ad
2043 3170 2222 3243 denuo
2250 3173 2658 3243 succedentem,
2678 3170 3157 3228 bébdomadarium
3213 3188 3398 3228 coram
3423 3173 3528 3228 isto

1944 3241 2246 3314 tradentur.
2293 3262 2310 3294 ι
2351 3243 2554 3314 Regula
2587 3241 2826 3314 Magistri
2872 3261 2996 3314 cap.
3016 3244 3083 3298 16
3106 3244 3173 3299 de
3193 3243 3474 3298 cellerario
3506 3259 3522 3295 :

1949 3328 1966 3360 (
2000 3310 2330 3384 [intrantibus
2357 3315 2408 3368 in
2437 3310 2783 3381 'hebdomada
2825 3310 3222 3384 septimanariis
3249 3328 3393 3384 ‘vasa
3436 3325 3530 3367 co-

1943 3383 2118 3456 quina:
2136 3385 2248 3452 ipse
2263 3376 2550 3456 consignet
2571 3404 2580 3436 :
2599 3385 2867 3456 completa
2882 3376 3222 3456 hebdomada
3243 3376 3311 3438 ab
3331 3397 3530 3456 exeun-

1943 3453 2087 3508 tibus
2112 3454 2310 3524 inunda
2339 3453 2452 3523 ipse
2493 3455 2748 3524 recipiat,
2803 3453 2924 3507 aliis
2972 3454 3301 3524 intrantibus
3340 3453 3524 3510 consi-

1943 3523 2180 3595 gnanda.
2220 3543 2238 3576 ›
2272 3522 2378 3595 Ρβί
2403 3540 2530 3578 vasa
2566 3522 2820 3595 intelligit
2845 3524 3028 3580 lances
3057 3534 3112 3579 et
3139 3522 3357 3580 similia.

2017 3591 2030 3666 _i
2067 3593 2237 3666 Sana.
2274 3593 2331 3666 ld
2360 3603 2463 3660 est,
2496 3596 2722 3666 integra.

2016 3663 2040 3746 ξ
2073 3662 2227 3746 Quod
2259 3665 2372 3746 dat,
2400 3674 2490 3746 aut
2515 3662 2654 3746 quo}!
2683 3666 2882 3746 recipit.
2915 3663 3097 3746 bisnS.
3130 3664 3525 3746 Faronis,_quot

1944 3732 2064 3816 dat,
2099 3743 2191 3787 aut
2219 3744 2347 3816 quot
2380 3732 2578 3806 recipit.
2611 3732 2802 3808 Vulgo,
2847 3737 2972 3809 quid
3001 3736 3118 3803 dat,
3155 3745 3247 3792 aut
3273 3732 3422 3807 quid'
3444 3753 3526 3790 re-

1943 3814 2086 3868 cipit,
2118 3814 2334 3860 rectius.

2408 3879 2592 3933 horam
2615 3877 2927 3947 refectionis.
2955 3878 3054 3935 Ms.
3090 3878 3223 3938 Cod.
3249 3877 3308 3934 S.
3351 3877 3524 3935 Faro-

1942 3949 2030 4000 nis
2053 3949 2260 4002 omittit
2284 3951 2342 4005 τὸ
2364 3966 2542 4003 unam.

2015 4028 2055 4056 ω
2075 4016 2248 4100 Super
2273 4028 2529 4100 statutam
2551 4033 2834 4100 annonam.
2861 4021 2939 4076 Ita
2961 4029 3023 4077 ut
3039 4021 3228 4077 vinum
3257 4021 3323 4076 de
3347 4018 3522 4076 hemi-

1942 4102 2046 4153 nae,
2067 4090 2228 4214 garris
2254 4090 2316 4144 de
2347 4091 2498 4144 librae
2529 4098 2730 4145 statuta
2757 4105 3010 4168 mensura
3034 4100 3340 4148 sumantur.

2015 4169 2043 4197 ιι
2109 4160 2315 4234 iugulas
2338 4163 2564 4234 biberes.
2599 4161 2789 4234 Vulgo,
2814 4163 3070 4234 singulos.
3097 4162 3253 4234 Apud
3303 4159 3524 4231 Sosipa-

1943 4236 2095 4302 trumg
2137 4232 2442 4286 (Zharisium
2493 4232 2760 4302 reperitur
2803 4232 2964 4299 biber,
3018 4235 3113 4288 sed
3141 4232 3225 4288 est
3255 4236 3438 4296 πίνειν,
3467 4239 3528 4286 ιιι

1945 4300 2059 4380 ipse
2085 4300 2578 4380 interpretatur,
2595 4312 2702 4380 est,
2732 4301 2924 4380 bibere
2958 4322 2980 4356 :v
3013 4304 3087 4357 ita
3116 4302 3256 4356 utﬁt
3289 4315 3526 4380 apocope

1944 4371 2119 4434 biber,
2143 4387 2243 4441 pro
2288 4373 2475 4425 bibere.
2502 4373 2711 4426 Biberis
2732 4373 2834 4428 hoc
2860 4371 2978 4427 loco
3013 4381 3098 4427 est
3119 4371 3526 4441 vaspotorium

1783 4441 1845 4505 ις-
1866 4475 1920 4536 D
1945 4439 2235 4510 parvulum
2267 4459 2280 4495 :
2323 4443 2474 4511 cujus
2502 4443 2705 4497 mentio
2734 4442 2794 4495 ﬁt
2821 4443 2873 4496 in
2923 4440 3183 4510 Capitulis
3209 4439 3486 4494 Hincmari
3507 4479 3524 4505 ,

1783 4504 1846 4549 ιι··
1947 4526 2047 4549 nan
2100 4511 2166 4549 IK
2213 4529 2224 4541 ο
2274 4529 2292 4549 ι
2340 4511 2398 4549 F1
2451 4513 2693 4549 cinanlnc
2749 4511 2959 4549 hihnroc
2989 4510 3257 4549 annininnl
3314 4527 3332 4549 ι
3385 4508 3524 4549 "inn

1821 4523 1976 4565 '"C

1980 4526 2066 4580 ap.
2100 4511 2166 4564 15
2213 4529 2224 4564 :
2274 4529 2292 4560 ‹
2339 4508 2403 4564 Εἰ
2451 4513 2694 4580 singulos
2745 4511 2960 4565 biberes
2989 4508 3279 4580 accipiant.
3313 4527 3332 4562 ι
3384 4508 3526 4580 Hinc

1946 4579 2262 4652 eaStiganda
2286 4581 2488 4652 Regula
2514 4579 2714 4636 Teridii
2740 4595 2893 4652 ,cap.
2913 4580 2983 4652 22
3011 4599 3039 4652 :7
3063 4599 3081 4631 ι
3115 4579 3172 4634 In
3205 4581 3439 4652 prandio
3459 4579 3525 4633 li-

1943 4650 2168 4707 beris'et
2203 4652 2255 4705 in
2282 4650 2437 4706 creua
2481 4651 2772 4721 accipiant,
2798 4650 2850 4705 iu
2881 4651 3081 4720 jejunio
3118 4650 3316 4706 ternas.
3351 4671 3369 4704 ι
3414 4650 3524 4706 Sed

1942 4721 2091 4804 locus
2125 4731 2412 4804 corruptus
2437 4723 2509 4776 ita
2535 4721 2883 4804 castigandus
2900 4731 3002 4804 est.
3022 4722 3056 4804 _l
3065 4739 3095 4777 η
3116 4721 3340 4804 prandio
3380 4722 3524 4804 bibe:

1942 4810 2024 4847 res
2049 4794 2174 4858 duo,
2207 4795 2332 4847 etin
2361 4809 2504 4863 caena
2553 4792 2837 4862 accipiant,
2865 4794 2918 4848 in
2954 4792 3159 4863 jejunio
3203 4801 3419 4863 ternas;
3467 4792 3523 4863 id

1942 4873 2044 4928 est,
2073 4878 2193 4917 cum
2231 4879 2342 4917 non
2385 4861 2680 4933 jejunatur,
2727 4861 3152 4934 accipiant'duos
3196 4862 3411 4917 biberes
3466 4861 3520 4934 in

1940 4934 2170 5002 prandio
2198 4941 2252 4988 et
2278 4935 2332 4987 in
2368 4930 2552 4999 ctrina;
2583 4948 2705 4987 cum
2734 4930 3047 5002 jejunatur,
3071 4940 3180 4985 tres
3199 4944 3417 5002 _n_empe
3463 4930 3520 4984 in

1941 4998 2271 5079 creua,_quia
2325 5012 2454 5079 tunc
2477 4998 2687 5079 nullum
2729 4998 2814 5057 est
2863 5001 3168 5079 prandium.
3199 4998 3304 5079 Hic
3337 4998 3516 5079 autem

1939 5073 2090 5126 locus
2119 5068 2182 5143 de
2208 5082 2334 5142 potu
2365 5073 2740 5143 intelligendus
2763 5081 2849 5128 est
2864 5068 2887 5127 ’ς
2919 5087 3043 5127 nam
3091 5068 3401 5124 immediate
3428 5085 3520 5124 an-

1851 5163 1855 5171 ι
1941 5151 2025 5196 tea
2053 5143 2120 5214 d_e
2149 5141 2368 5214 ferculis
2393 5143 2523 5214 egit.

2013 5219 2038 5246 ο
2068 5211 2134 5264 1η
2172 5213 2352 5267 diebus
2374 5210 2548 5268 autem
2571 5214 2902 5268 solemnibus.
2931 5212 3056 5267 Dies
3076 5210 3347 5268 solemnes
3392 5219 3518 5267 sunt

1938 5282 2229 5354 Dominica:
2259 5292 2316 5338 et
2334 5283 2467 5339 festa
2500 5284 2564 5340 de
2589 5294 2874 5354 praecepto.

2007 5362 2035 5402 P
2063 5350 2237 5424 Usque
2269 5354 2338 5407 ad
2376 5355 2563 5410 missas
2591 5350 2923 5408 sustineant.
2966 5352 3251 5408 lnclusive.
3294 5351 3358 5424 rld
3407 5360 3510 5424 est,

1936 5437 2108 5493 usque
2137 5421 2205 5478 ad
2234 5425 2747 5502 missaseompletas
2783 5431 3110 5502 exspectent,
3160 5423 3395 5502 maxime
3430 5421 3514 5502 ob

1937 5490 2148 5548 sae—ram
2175 5490 2627 5549 communionem.
2660 5495 2833 5551 Missae
2855 5490 2959 5550 lioc
2978 5493 3097 5549 loco
3139 5500 3265 5550 sunt
3304 5490 3518 5550 sacriﬁ-

1936 5564 2422 5647 ciugmnliturgicum
2450 5566 2696 5647 corporis
2719 5563 2945 5647 Cbristi.
3106 5641 3116 5647 Δ
3261 5582 3269 5591 ο

2007 5645 2035 5686 ει
2063 5631 2379 5691 Benedictus
2399 5653 2471 5691 es.
2500 5631 2600 5691 llic
2621 5635 2919 5691 versiculus
2945 5641 3188 5706 sumptus
3209 5641 3292 5691 est
3311 5631 3510 5705 partim

1935 5719 2003 5762 ex
2037 5706 2174 5779 psal.
2206 5722 2396 5775 cxvm,
2418 5707 2614 5780 partim
2635 5720 2701 5763 ex
2738 5706 2949 5779 psalmo
2972 5721 3205 5766 LXXXIII.
