4018 6338
502 269 640 327 1079

1490 269 1548 324 S.
1590 269 1953 327 BENEDICTI
1987 271 2280 331 ABBATIS
2318 275 2732 336 ANIANENSIS

3613 286 3761 347 1080

494 385 742 454 coquina:
769 398 898 438 vasa
926 385 1254 440 intrantibus
1279 385 1681 457 consignentur.
1715 389 1781 442 Et
1807 389 1926 445 ideo
1951 389 2065 444 bini
2093 394 2147 454 Α
2170 391 2517 449 refectionem
2545 396 2728 465 parari
2758 413 2772 452 :
2795 405 2856 451 ut
2882 409 3008 452 mox
3049 397 3761 473 inchoantibus‘coquinam

493 473 728 540 fratres,
773 483 836 529 ut
873 476 1104 531 invicem
1135 492 1195 531 se
1220 477 1333 532 suis
1361 477 1567 532 solatiis
1591 490 1616 517 ι
1635 478 1846 547 jubent.
1902 479 2070 552 Cujus

491 565 853 623 ordinationis
911 568 969 623 in
1027 566 1364 624 hebdomada
1422 569 1545 625 talis
1598 569 1756 626 debet
1809 586 1929 628 esse
1984 573 2069 628 in-

496 655 717 750 t‘oitus.

773 786 960 860 §VIII.
989 818 1062 829 —
1085 787 1221 842 Item
1249 789 1484 860 ejusdem
1513 788 1652 862 (cap.
1679 791 1788 864 19).

563 919 592 960 δ
617 919 912 982 Intnoituri,
945 917 1161 986 fratres,
1193 920 1248 974 in
1296 921 1686 978 hebdomadam
1721 935 1743 961 ο
1795 933 1914 993 post
1949 925 2073 980 Pri-

491 1027 636 1066 mam
681 1011 735 1065 in
783 1012 1023 1066 oratorio
1061 1013 1261 1066 dictam
1309 1013 1645 1069 adducantur
1693 1032 1723 1070 a
1771 1018 2073 1086 praepositis

491 1103 604 1157 suis
634 1112 761 1157 ante
787 1102 1058 1167 abbatem,
1081 1101 1106 1141 ἀ
1137 1111 1191 1156 et
1231 1103 1324 1157 fiat
1351 1103 1418 1158 de
1443 1105 1522 1160 eis
1552 1103 1774 1173 majoris
1802 1109 2073 1178 suggestio

490 1199 674 1254 dicens
706 1213 720 1251 :
753 1196 912 1262 Iube,
942 1198 1137 1252 domne
1165 1198 1326 1262 abba,
1369 1199 1551 1252 vocari
1593 1198 1901 1251 universam
1945 1213 2074 1252 con-

485 1289 852 1361 gregationem
880 1297 934 1343 et
955 1290 1097 1343 orari
1127 1305 1224 1358 pro
1255 1289 1338 1344 his
1361 1287 1621 1344 fratribus
1647 1289 1740 1358 qui
1766 1289 2075 1358 ingrediun-

487 1398 577 1438 tur
606 1384 658 1437 in
684 1383 1075 1438 hebdomadam
1114 1384 1360 1454 coquinae
1403 1403 1414 1436 :
1467 1393 1527 1438 ut
1571 1391 1884 1437 mereantur
1926 1399 2075 1438 com-

487 1477 723 1532 mendati
749 1477 1084 1532 orationibus
1109 1478 1308 1532 vestris
1331 1477 1528 1531 diaboli
1555 1477 1936 1548 impedimenta
1965 1492 2072 1532 non

489 1567 697 1633 timere,
745 1576 800 1622 et
837 1568 1237 1638 congregationi
1267 1567 1361 1623 Dei
1402 1568 1582 1622 omnia
1614 1569 1731 1623 sine
1758 1567 1914 1639 culpa
1951 1584 2075 1639 per-

2174 502 2204 541 a
2233 489 2390 542 tertia
2415 490 2620 558 paratis
2644 490 2917 555 omnibus,
2952 489 3095 544 dicta
3126 489 3291 546 Sexta
3317 501 3447 547 eant
3497 496 3566 549 ad
3603 513 3762 553 men-

2172 594 2282 634 sas.
2317 579 2374 633 Si
2401 595 2532 634 vero
2559 581 2691 635 hora
2717 595 2860 635 noua
2901 581 3008 635 erit
3035 582 3347 637 refectionis
3401 591 3758 656 praeparatio,

2172 669 2360 723 exiens
2390 669 2556 724 abbas
2577 670 2940 741 interrogetur
2959 672 3028 726 ab
3052 673 3492 732 hebdomadariis
3511 687 3567 732 et
3595 679 3766 735 cella-

2174 759 2355 824 rario;
2403 767 2460 812 et
2501 761 2682 814 statim
2728 770 2850 830 post
2879 761 3099 818 Sextam
3130 763 3388 820 inchoent
3430 771 3758 838 coquinare:

2174 858 2236 903 ut
2263 850 2408 904 dicta
2438 849 2586 904 Nona
2615 867 2806 907 omnes
2843 863 2971 908 eant
2999 857 3066 910 ad
3107 872 3369 912 mensam.
3399 859 3553 925 Quod
3575 862 3622 915 si
3647 877 3762 917 non

2174 939 2315 996 forte
2331 944 2668 996 occurrerint
2695 945 3103 1024 hebdomadarii
3133 946 3146 998 i
3171 952 3764 1010 excommunicationis

2173 1048 2389 1103 poenam
2421 1035 2738 1114 suscipiant,
2786 1037 2911 1106 quia
2967 1039 3224 1093 lassatam
3278 1044 3765 1113 congregationem

2174 1123 2422 1193 utrisque
2449 1125 2724 1194 Oper-ibus,
2754 1127 2807 1181 id
2842 1136 2945 1192 est,
2987 1129 3178 1199 jejunii
3203 1140 3259 1185 et
3284 1131 3507 1196 laboris,
3540 1150 3642 1189 sua
3681 1136 3766 1205 pi-

2174 1214 2336 1284 gritia
2363 1215 2761 1271 cruciaverunt.
2788 1217 3382 1277 Excommunicationis
3398 1238 3528 1278 vero
3551 1226 3670 1280 haec
3695 1227 3768 1281 sit

2174 1307 2459 1360 sententia.
2486 1305 2543 1360 Si
2578 1318 2750 1372 sexta,
2777 1324 2880 1374 vti;
2911 1310 2954 1364 si
2987 1327 3146 1375 nona,
3173 1329 3236 1377 x;
3291 1314 3394 1370 hoc
3437 1324 3522 1370 est
3543 1357 3557 1379 ,
3609 1319 3658 1371 si
3697 1319 3765 1373 ad

2173 1402 2382 1450 sextam
2414 1395 2602 1450 horam
2638 1397 2666 1436 ι
2703 1396 3051 1453 refectionem
3081 1401 3334 1455 tricatam
3387 1403 3763 1459 hebdomada-

2175 1490 2241 1544 rii
2268 1489 2611 1556 offenderint,
2635 1500 2692 1546 et
2713 1508 2819 1547 non
2843 1495 3200 1558 occurrerint,
3237 1496 3480 1566 singulas
3520 1499 3763 1567 quadras

2172 1581 2328 1652 panis
2354 1597 2451 1652 per
2481 1591 2769 1652 sequentes
2789 1593 2996 1654 septem
3025 1585 3345 1643 refectiones
3372 1590 3642 1658 perdant;
3684 1590 3767 1647 lsi

486 1659 669 1715 ficere.
694 1661 824 1716 POSI
850 1662 965 1716 hmc
990 1662 1152 1716 verba
1182 1669 1532 1732 prosternant
1557 1675 1614 1716 se
1641 1660 1716 1715 illi
1747 1661 1853 1715 duo
1875 1660 2073 1717 fratres
2106 1708 2125 1738 ο
2147 1725 2156 1735 .
2176 1690 2372 1731 nonam
2401 1675 2734 1740 ιιιίοεινει-ίηι,
2769 1678 2897 1732 item
2919 1678 3142 1748 singulm
3162 1683 3380 1748 quadra:
3409 1697 3510 1752 per
3534 1697 3770 1752 sequen.

485 1755 718 1808 orationi
772 1763 897 1809 ante
933 1753 1199 1809 abbatem.
1239 1754 1392 1822 Quod
1441 1763 1495 1809 et
1541 1755 1904 1811 retro'omnis
1947 1763 2153 1825 εστι-Β
2181 1773 2262 1820 tes
2307 1765 2491 1820 decem
2533 1764 2860 1822 refectiones
2885 1768 2964 1822 eis
3013 1770 3421 1826 subtrahantur.
3456 1771 3591 1839 Qua:
3636 1789 3764 1830 sen-

487 1847 732 1916 gregatio
776 1863 883 1902 una
935 1862 1057 1902 cum
1102 1847 1296 1902 abbate
1339 1846 1520 1902 facere
1566 1848 1757 1915 debet;
1813 1857 1868 1904 et
1923 1858 2078 1920 post~

488 1951 650 2005 quam
689 1953 748 1993 se
779 1937 1076 1994 levaverint
1107 1954 1313 2004 omnes,
1345 1938 1422 1993 illi
1445 1938 1553 1994 duo
1580 1939 1762 1995 dicant
1786 1941 1929 1996 hunc
1963 1957 2082 1997 ver-

486 2043 605 2084 sum
641 2047 653 2080 :
687 2039 711 2066 ο
738 2025 955 2082 Custodi
982 2046 1097 2094 nos,
1121 2028 1362 2094 Domine,
1397 2040 1455 2084 ut
1494 2029 1746 2101 pupillam
1771 2030 1952 2085 oculi:
1981 2033 2077 2087 sub

487 2119 671 2172 umbra
712 2118 919 2173 alarum
965 2127 1176 2174 tuarum
1214 2130 1425 2192 protege
1457 2137 1572 2175 nos.
1617 2119 1909 2191 Postquam
1948 2137 2079 2178 vero

483 2219 696 2266 oratum
737 2227 836 2282 pro
875 2213 955 2267 eis
992 2213 1061 2266 ab
1078 2212 1329 2269 omnibus
1373 2212 1555 2280 fuerit,
1597 2224 1880 2285 surgentes
1915 2230 2080 2284 supra

488 2302 615 2359 dicti
643 2304 747 2359 duo
771 2304 966 2359 fratres
989 2304 1302 2360 osculentur
1323 2319 1494 2375 genua
1512 2303 1742 2369 abbatis,
1773 2304 1792 2341 ί
1818 2312 1869 2358 et
1889 2320 2079 2373 pacem

483 2394 596 2449 suis
624 2395 840 2450 tradant
865 2394 1190 2466 praepositis,
1215 2394 1299 2448 vel
1322 2394 1470 2448 omni
1494 2394 1920 2464 congregationi.
1949 2392 2080 2461 Qui-

482 2488 586 2543 bus
635 2495 759 2556 post
805 2465 984 2540 datam
1021 2501 1209 2557 pacem
1256 2486 1530 2555 praepositi
1576 2485 1658 2539 sui
1699 2481 1882 2540 dicant
1921 2503 1935 2539 :
1977 2485 2076 2551 Ite,

483 2577 703 2643 fratres,
745 2578 798 2631 in
845 2578 1062 2632 nomine
1099 2578 1310 2632 Domini
1358 2577 1485 2633 Iesu
1532 2577 1752 2641 Christi,
1779 2578 1976 2633 intrate
2021 2579 2079 2634 in

486 2669 904 2734 hebdomadam,
934 2670 959 2708 ⁸
981 2676 1035 2723 et
1060 2669 1226 2739 petita
1269 2669 1644 2725 benedictione
1670 2669 1852 2725 omnia
1890 2668 2074 2731 facite.

489 2763 732 2819 dicentes
769 2779 866 2833 per
897 2764 1196 2819 exercenda
1223 2765 1403 2819 omnia
1435 2782 1448 2818 :
1476 2763 1815 2832 Benedicite;
1857 2773 1911 2820 et
1953 2780 2078 2820 cum

485 2853 831 2910 benedictum
888 2854 1049 2910 fuerit
1102 2855 1458 2926 quodcunque
1525 2853 1800 2922 feceritis,
1854 2855 2078 2912 maledi-

485 2951 608 3000 ctus
637 2943 882 3000 diabolus
902 2945 1236 3015 impediendi
1272 2945 1344 3000 ibi
1372 2961 1479 3001 non
1507 2946 1706 3001 habeat
1727 2953 2073 3016 potestatem.

487 3033 624 3114 Mox.
660 3035 728 3090 ab
779 3037 970 3091 eodem
1007 3037 1116 3102 die,
1161 3037 1207 3091 si
1231 3038 1300 3092 ad
1328 3047 1538 3092 sextam
1566 3037 1594 3077 ιι
1633 3037 1834 3092 habent
1874 3036 2077 3092 fratres

2179 1859 2349 1914 tentia
2375 1859 2951 1915 excommunicationis
2975 1861 3162 1915 tandiu
3186 1863 3263 1916 ~iu
3309 1863 3512 1919 damno
3535 1880 3767 1923 annona.-

2179 1931 2664 2007 excommunicatis
2692 1961 3087 2020 permaneat,m
3105 1954 3340 2022 quandiu
3372 1944 3680 2012 satisfactio
3715 1957 3766 2012 in

2178 2041 2425 2111 sequenti
2454 2041 2540 2094 die
2582 2041 2847 2109 promissa
2898 2042 3011 2096 visa
3041 2041 3206 2098 fuerit
3245 2046 3588 2102 emendasse.
3625 2047 3764 2102 Nam

2179 2130 2226 2186 si
2279 2129 2498 2200 grandis
2536 2128 2699 2184 fuerit
2749 2132 3123 2201 congregatio,
3161 2132 3246 2187 vel
3301 2135 3469 2204 aliqui
3517 2140 3763 2193 extranei

2177 2221 2337 2277 multi
2373 2221 2809 2290 supervenerint,
2837 2221 3104 2289 adjunctis
3155 2223 3209 2277 in
3241 2223 3436 2280 solatio
3487 2225 3762 2294 fratribus,

2180 2331 2211 2370 a
2257 2315 2438 2370 Prima
2481 2315 2622 2370 dicta
2670 2315 3056 2386 interrogando
3093 2317 3346 2372 abbatem
3387 2318 3457 2373 de
3512 2320 3759 2375 refectio-

2179 2423 2278 2472 ne,
2315 2407 2576 2478 incipiant
2623 2409 2936 2478 coquinare,
2986 2417 3046 2464 ut
3097 2410 3231 2465 hora
3284 2413 3580 2468 constituta
3635 2413 3765 2470 refe-

2180 2502 2346 2557 ctioni
2369 2508 2677 2556 occurrant.
2718 2501 2774 2555 ln
2801 2502 2988 2556 eadem
3015 2517 3246 2572 namque
3277 2503 3608 2560 hebdomada
3647 2521 3766 2561 ser-

2178 2592 2368 2645 vitium
2395 2589 2462 2645 ad
2493 2605 2708 2645 mensas
2738 2591 2978 2645 omnium
3024 2592 3132 2660 ipsi
3151 2592 3504 2663 adimpleant.
3535 2594 3766 2650 Omnem

2179 2681 2514 2752 diligentiam
2565 2681 2878 2736 monasterii
2941 2682 3042 2751 ipsi
3088 2695 3397 2739 exerceant.
3429 2685 3536 2755 Ipsi
3579 2703 3766 2743 omnes

2178 2770 2375 2826 fratres
2402 2772 2456 2825 in
2484 2771 2817 2826 hebdomada
2845 2772 2960 2841 ipsa
3011 2772 3329 2829 discalcient
3347 2817 3362 2840 ,
3390 2776 3669 2845 adjunctis
3713 2779 3766 2834 in

2179 2863 2376 2918 solatio
2403 2863 2468 2918 de
2497 2861 2697 2917 decada
2726 2877 2821 2918 sua
2851 2861 3106 2919 fratribus
3130 2880 3252 2920 cum
3270 2867 3470 2934 quibus
3490 2877 3548 2922 et
3577 2867 3768 2924 discal-

2181 2953 2348 3020 cient,
2376 2961 2432 3009 et
2464 2954 2578 3024 ipsa
2601 2953 2856 3009 calciaria
2889 2953 3184 3020 faciant,et
3207 2957 3351 3013 facto
3378 2974 3541 3014 mane
3569 2962 3767 3016 seden-

2181 3045 2324 3101 tibus
2373 3044 2441 3100 ad
2479 3045 2727 3101 ordinem
2764 3045 3023 3101 fratribus
3073 3049 3175 3118 ipsi
3211 3051 3538 3123 cousiguent
3565 3054 3765 3120 simul;
3797 3033 3806 3042 .

488 3127 732 3191 reticere,
750 3128 896 3182 dicta
920 3127 1104 3184 Tertia
1125 3137 1384 3185 exeuntes
1413 3146 1535 3184 cum
1563 3131 1979 3202 congregatione
2005 3132 2072 3185 de
2100 3129 2157 3200 Ε,
2177 3143 2235 3191 et
2263 3133 2318 3189 in
2341 3135 2530 3190 eadem
2560 3134 2895 3190 hebdomada
2923 3137 3216 3192 munditias
3254 3142 3572 3196 monasterii
3605 3157 3770 3198 exer-

489 3219 732 3273 oratorio
754 3219 1160 3274 hebdomadarii
1180 3235 1303 3275 cum
1321 3220 1606 3278 cellarario
1629 3223 1644 3260 ί
1665 3220 1852 3276 oculos
1881 3222 1948 3277 ad
1975 3221 2070 3275 ab-

487 3310 674 3369 batem
706 3314 1047 3386 inquirentes
1067 3331 1190 3372 eum
1215 3317 1344 3388 quid
1359 3315 1549 3386 jubeat
1573 3318 1980 3392 congregationi
2004 3318 2074 3376 ad

563 3526 589 3587 ξ
621 3513 836 3587 (abeat.
867 3515 947 3572 Ita
985 3517 1038 3572 in
1069 3516 1212 3587 Reg.
1235 3531 1339 3572 ms.
1368 3531 1507 3587 pro:
1539 3516 1753 3573 lavent.

563 3585 592 3626 ι)
615 3585 897 3660 Ῑηετοὶηιίνὶ
925 3587 1133 3660 fratres.
1155 3585 1296 3660 Haec
1325 3585 1520 3660 videre
1535 3596 1618 3644 est
1645 3589 1701 3644 in
1734 3585 1941 3660 Regula
1965 3604 2070 3646 ms.

495 3655 734 3728 Magistri
763 3659 882 3728 cod.
911 3655 1074 3714 (Zorb.
1107 3659 1293 3714 eodem
1319 3673 1438 3728 cap.
1467 3659 1554 3714 19.

533 3747 543 3800 ξ
566 3725 606 3766 θ’
626 3725 754 3782 Post
782 3727 1038 3800 Primam.
1063 3799 1067 3800 ν
1091 3730 1350 3786 Dissentit
1372 3725 1402 3784 ti
1432 3729 1490 3784 S.
1519 3728 1812 3786 Benedicto
1844 3731 1936 3800 qui
1960 3731 2077 3785 vult

495 3796 790 3922 323$?!ng
805 3797 1235 3855 benedictionem
1279 3815 1375 3856 seu
1431 3801 1735 3858 orationem
1788 3796 1906 3856 dari
1952 3809 2078 3871 post

551 3879 810 3925 atutinos.
865 3909 875 3920 .

564 3938 592 3978 ἀ
623 3939 690 3992 Et
731 3939 827 4012 fiat
873 3941 936 4012 de
971 3943 1044 3996 eis
1069 3943 1286 4012 majoris
1329 3942 1609 4012 suggestio.
1642 3941 1700 3996 Id
1748 3948 1852 4004 est,
1905 3941 2078 4010 major

495 4025 590 4082 seu
641 4011 822 4082 senior
859 4011 1100 4082 duorum
1133 4011 1325 4066 horum
1360 4011 1773 4082 pimpositorum
1799 4020 2079 4082 'suggerat

494 4079 698 4144 abbati,
735 4086 794 4132 ut
823 4081 892 4133 ob
939 4079 1444 4150 septimanariorum
1477 4079 2079 4136 'henedictionetn'uni-

495 4164 710 4220 versam
738 4152 1208 4220 congregationem
1244 4159 1502 4214 arcessat,
1535 4160 1643 4206 etc.

567 4231 592 4258 ε
619 4217 976 4286 ϐτιδῖοάὶἰιοέ,
1023 4219 1259 4275 Domine.
1289 4221 1548 4276 Dissentit
1593 4237 1625 4276 a
1673 4221 1732 4277 S.
1763 4221 2073 4278 Benedicto.

567 4289 589 4329 ί
624 4289 907 4372 EtIpacem
935 4293 1045 4372 suis
1081 4291 1295 4346 tradant
1342 4293 1658 4364 praepositis.
1705 4291 1767 4347 Id
1795 4302 1900 4360 est,
1950 4308 2079 4349 suos

491 4363 812 4433 prmpositos
837 4362 1166 4418 osculentur.
1455 4362 1462 4364 ⁷

498 4500 520 4515 ⁸
567 4434 593 4513 εξ
719 4433 877 4515 petita
918 4433 1291 4515 benedictione.
1316 4433 1776 4515 Nihilpriscijlli
1821 4434 2076 4515 monachi

492 4500 763 4557 faciebant
812 4504 928 4560 sine
975 4501 1194 4572 majoris
1240 4500 1612 4560 benedictione
1640 4505 1709 4560 ob
1749 4506 2012 4560 rationem
2045 4521 2076 4560 a

497 4573 760 4643 Magistro
779 4571 1070 4641 prolatam.
1095 4571 1275 4628 Ptente
1300 4575 1503 4630 Breves
1525 4576 1910 4631 monachorum
1944 4590 2075 4630 san-

495 4641 821 4720 cto‘l‘iasilio
863 4643 1024 4720 vulgo
1054 4645 1322 4720 ascriptm,
1344 4653 1456 4720 art.
1492 4647 1558 4720 ll
1593 4663 1606 4700 :
1637 4647 1789 4720 sine
1821 4650 1907 4700 οὐκ
1957 4646 2076 4720 α’]ςρῃ

496 4715 715 4784 εὐλογίαν
747 4717 818 4790 εἰς
862 4717 948 4770 τὸν
967 4713 1185 4790 ήέρδινον
1205 4717 1364 4790 absab
1393 4718 1607 4790 γξγέᾳθω
1644 4717 1952 4790 innuba/isi;
1975 4757 1989 4780 ,
2012 4713 2080 4769 Viti

497 4782 622 4849 est,
659 4802 676 4832 ε
711 4782 803 4852 qui
840 4799 946 4837 non
975 4782 1244 4851 acceperit
1275 4782 1706 4840 benedictionem
1735 4786 1800 4838 ad
1831 4782 2079 4839 ordinem

497 4853 784 4929 ministerii
834 4854 946 4929 s_ui_,
1003 4861 1190 4929 careat
1220 4853 1625 4929 benedictione;
1663 4852 1948 4929 i_598.vov,
1995 4864 2081 4929 est

496 4923 662 4995 ordo,
716 4925 1034 4995 vocabulum
1090 4923 1631 4995 Ganeo-Barbarum.
1691 4923 1773 4995 De
1799 4940 1906 4995 quo
1955 4926 2078 4981 vide

498 4993 762 5050 Joannem
778 4993 1070 5050 Meursium
1093 4993 1148 5048 in
1175 4992 1450 5050 Glossario
1474 4992 1950 5052 Graeco—Barbam.
1971 4995 2080 5051 Me-

499 5066 725 5120 moriale
752 5067 1023 5121 quomodo
1053 5066 1107 5120 in
1140 5068 1471 5120 monasterio
1505 5068 1932 5121 conversandum
1965 5067 2074 5120 sit:

505 5155 524 5186 ‹
566 5134 700 5190 Cum
754 5134 981 5190 domnus
1011 5134 1178 5191 abbas
1219 5145 1312 5190 aut
1340 5147 1487 5193 certe
1518 5137 1655 5192 alius
1683 5152 1750 5191 ex
1777 5138 2081 5193 senioribus

503 5204 665 5286 alicui
689 5205 1080 5288 .ex.fratribus
1135 5205 1350 5275 aliquod
1381 5207 1784 5288 _opus_'facere_
1813 5209 2079 5288 prtecipit,
2121 5241 2126 5252 -

501 5275 761 5346 suscipiat
781 5275 965 5345 junior
999 5291 1122 5331 cum
1159 5291 1352 5346 magna
1381 5275 1685 5332 humilitate
1707 5275 1950 5346 iubentis
1979 5275 2080 5331 im-

501 5345 711 5414 perium
741 5363 764 5416 :7
779 5347 852 5416 sit
878 5347 1022 5400 auris
1070 5345 1318 5416 prompta
1359 5348 1425 5401 ad
1457 5349 1804 5410 audiendum,
1831 5364 1895 5401 ac
1921 5348 1966 5401 si
1998 5347 2081 5399 di-
2108 5377 2128 5398 ο

502 5415 708 5469 vinitus
737 5415 978 5482 dicatur;
1013 5415 1122 5472 sint
1163 5418 1326 5485 pedes
1356 5418 1572 5481 directi,
1603 5433 1796 5471 manus
1829 5432 1961 5471 vero
1985 5431 2078 5470 ex-
2125 5447 2130 5452 -

503 5486 700 5556 pedita;
725 5485 793 5556 ad
837 5485 1168 5550 faciendum;
1200 5493 1256 5540 et
1297 5486 1614 5541 humiliatus
1635 5488 1779 5542 dicat
1812 5505 1823 5540 :
1857 5487 2080 5542 Benedi-

505 5555 890 5627 citeaExpleto
918 5572 1078 5627 opere
1122 5565 1401 5627 revertens
1443 5573 1566 5611 cum
1609 5557 1913 5611 humilitate
1939 5557 2084 5612 dicat

417 5679 430 5688 ,
507 5625 760 5697 similiter
775 5645 798 5697 γε
830 5625 1156 5682 Benedicite.
1191 5645 1210 5678 ι
1240 5625 1296 5680 S.
1326 5625 1564 5682 Isidorus
1599 5642 1717 5696 cap.
1753 5629 1816 5680 l7
1866 5628 2083 5697 Regulze
2125 5663 2134 5682 ς

507 5694 1076 5767 ἱηιτθνηᾴθιίηψιεηιεε
1096 5706 1516 5767 commemorat,
1545 5717 1564 5749 σ
1600 5694 1692 5767 qui
1723 5694 2084 5767 ministerium

512 5760 797 5832 cujuslibet
823 5760 1003 5836 operis
1034 5765 1333 5836 iniunctum
1363 5764 1480 5824 sine
1497 5760 1872 5825 benedictione
1899 5781 2085 5826 ιιικεσ

2104 4481 2156 4542 D

2175 3234 2358 3289 ceant,
2385 3235 2414 3263 ιι
2453 3223 2735 3297 refrigeria
2762 3225 2964 3292 lavent,
3008 3229 3153 3299 ligna
3183 3231 3498 3296 concidant,
3554 3249 3767 3302 aquam

2175 3316 2337 3374 faciei
2364 3317 2598 3384 tradant,
2620 3325 2645 3353 °
2673 3319 2743 3374 ad
2764 3321 3191 3378 communionem
3207 3323 3528 3378 intrantibus
3550 3322 3753 3379 fratri-

2176 3516 2351 3588 perit.
2388 3526 2482 3572 aut
2531 3515 2773 3588 perfecto
2821 3531 2986 3588 Opere
3038 3515 3472 3588 benedictionem
3525 3517 3758 3574 minime

2177 3586 2551 3658 postulaverit}
2607 3607 2625 3640 ι
2660 3588 2738 3641 Ex
2777 3586 2974 3657 quibus
3001 3586 3206 3642 ultimis
3242 3587 3374 3642 locis
3403 3596 3559 3658 patet
3613 3589 3774 3644 bene-

2179 3656 2470 3729 dictionem
2502 3659 2664 3729 etiam
2694 3659 2936 3726 perfecto
2962 3672 3126 3726 opere
3153 3659 3380 3729 petitam
3411 3656 3606 3714 fuisse.

2247 3730 2275 3768 ιι
2306 3727 2536 3782 Habent.
2567 3728 2624 3783 Id
2646 3736 2747 3789 est,
2772 3729 2989 3783 debent.

2257 3801 2274 3839 ἰ
2315 3797 2510 3853 Oculos
2539 3799 2609 3852 ad
2655 3798 2913 3852 abbatem.
2965 3797 3135 3866 Lege,
3167 3807 3228 3852 ut
3273 3798 3329 3852 in
3381 3797 3595 3868 Regula
3640 3813 3767 3853 ms.:

2181 3867 2376 3924 Oculos
2402 3869 2628 3922 habeant
2657 3869 2725 3921 ad
2755 3869 3026 3922 Abbatem.
3057 3870 3188 3938 Sup.
3213 3867 3538 3938 conversos.

2254 3938 2268 3989 i
2307 3939 2885 3994 Excommunicationis
2913 3954 3119 4007 poenam
3138 3937 3454 4008 suscipiant.
3505 3937 3632 3993 Hasc
3659 3953 3764 3992 non

2179 4020 2264 4066 est
2292 4011 2510 4080 proprie
2538 4009 2682 4080 dicta
2717 4010 3209 4063 excommunicatio
3243 4027 3256 4061 :
3287 4010 3416 4077 quia
3450 4010 3622 4080 paulo
3648 4015 3772 4078 post

2179 4079 2305 4136 eam
2331 4081 2614 4136 declarans
2633 4079 2787 4146 jubet
2817 4094 2968 4133 reum
3004 4080 3380 4134 tantummodo
3411 4079 3624 4149 aliquot
3651 4080 3768 4132 dies

2179 4167 2286 4206 una
2317 4151 2474 4220 panis
2499 4149 2706 4220 quadra
2746 4149 2984 4203 multari.

2253 4222 2280 4261 ι
2320 4219 2668 4291 Refectionem
2715 4220 2958 4273 tricatam
3000 4219 3336 4291 offenderint.
3379 4219 3452 4291 Id
3481 4228 3600 4291 est,
3649 4232 3760 4291 non

2180 4285 2488 4361 expeditam
2517 4301 2573 4345 et
2607 4306 2714 4345 non
2754 4285 3192 4360 paratam."Nam
3239 4291 3410 4352 lricm,
3443 4290 3609 4361 inquit
3647 4285 3758 4361 No-

2181 4357 2305 4418 nius
2333 4376 2454 4431 cap.
2487 4362 2542 4425 l,
2578 4371 2706 4416 sunt
2741 4357 3124 4430 impedimenta
3152 4370 3208 4416 et
3236 4357 3632 4431 implicationes
3661 4357 3764 4429 (et

2186 4429 2479 4496 intricare,
2530 4431 2812 4500 impedire,
2848 4432 3081 4501 morari)
3129 4431 3289 4486 dicta:
3315 4429 3486 4500 quasi
3540 4429 3767 4501 tericze,

2183 4502 2554 4575 quodﬂpullos
2603 4501 2929 4575 gallinaceos
2985 4501 3306 4575 involvam,
3343 4512 3420 4575 ‘et
3465 4500 3776 4575 impediant

2187 4569 2639 4644 capilli'pedibus
2669 4571 2948 4644 implicati.
2985 4569 3137 4644 Unde
3176 4579 3239 4644 et
3291 4570 3480 4644 tricari
3522 4569 3579 4644 in
3607 4584 3778 4640 parvo

2185 4641 2429 4726 morarif
2458 4641 2661 4698 Glossm
2694 4641 2885 4697 Isidori
2919 4660 2933 4695 :
2966 4642 3215 4706 Acinari,
3259 4642 3478 4704 tricari,
3509 4643 3570 4695 in
3615 4656 3779 4712 parvo

2183 4731 2405 4770 morari.

2264 4784 2280 4823 ι
2319 4781 2378 4838 Si
2396 4800 2589 4862 nonam
2617 4783 2938 4862 tricaverint.
2960 4782 3039 4862 Ita
3077 4783 3139 4862 in.
3162 4781 3570 4862 Beg._ms.;sed
3597 4781 3786 4862 legen-

2186 4857 2314 4911 dum
2340 4863 2491 4925 puto,
2523 4855 2568 4908 si
2592 4856 2658 4907 ad
2687 4869 2876 4907 nonam
2901 4852 3304 4925 tricareri‘nttid
3329 4861 3434 4916 est,
3474 4852 3523 4906 si
3567 4855 3638 4906 ad
3685 4867 3782 4904 no-

2185 4941 2312 4981 nam
2343 4921 2594 4994 expedite
2625 4932 2680 4979 et
2725 4935 3026 4994 opportune
3066 4921 3420 4979 refectionem
3475 4938 3590 4977 non
3624 4936 3789 4993 para-

2185 4997 2383 5052 veriut.

2257 5074 2295 5096 ιι·
2329 5064 2600 5130 Quandiu.
2640 5065 2698 5120 Id
2749 5072 2852 5129 est,
2907 5065 3078 5120 donec
3130 5062 3188 5118 S.
3221 5061 3518 5135 Ferreolus
3557 5079 3690 5135 cap.
3717 5061 3788 5117 εει

2187 5136 2450 5206 Regulze':
2489 5155 2507 5188 ι
2540 5135 2631 5200 Ut,
2655 5136 2890 5206 quandiu
2919 5152 2949 5190 a
2976 5135 3250 5206 proposita
3279 5134 3588 5206 intentione
3625 5134 3788 5206 revo-

2188 5203 2403 5270 seritur,
2435 5216 2491 5262 et
2529 5203 2796 5262 tumo—rem
2825 5203 3021 5261 mentis
3056 5203 3342 5260 manifesta
3386 5203 3794 5259 emendatione

2189 5277 2482 5346 deponant,
2517 5275 2810 5332 secundum
2839 5276 3121 5330 arbitrium
3175 5275 3390 5329 abbatis
3423 5278 3620 5330 ardua:
3674 5289 3795 5330 om-

2188 5345 2317 5401 nino
2341 5345 2664 5417 suhjaceant
2692 5347 3006 5417 disciplinas.
3048 5366 3068 5398 ι

2260 5427 2288 5454 ιι
2329 5413 2644 5487 Refrigeria.
2663 5419 2718 5472 ld
2742 5413 3118 5484 est’Latrinas.
3133 5413 3264 5485 Cap.
3294 5415 3363 5470 79
3391 5415 3652 5487 ejusdem
3687 5415 3799 5469 Re-

2189 5487 2366 5559 gulae:
2403 5505 2421 5538 ‹
2461 5486 2578 5558 Ipse
2610 5488 2712 5542 sibi
2740 5489 2994 5542 custodes
3025 5487 3412 5559 excitet,‘cum
3445 5486 3682 5559 clavem
3705 5503 3798 5541 ne-

2190 5556 2396 5630 quirit;
2439 5556 2548 5630 quo
2575 5568 2844 5627 praesente
2873 5558 3098 5628 incipiat
3143 5556 3213 5611 ad
3260 5557 3511 5627 ignotum
3541 5558 3796 5630 refrige-

2191 5629 2332 5684 rium
2361 5628 2507 5683 foras
2543 5631 2713 5684 exire.

2267 5707 2291 5734 ο
2332 5699 2414 5753 Ad
2467 5701 2884 5755 communionem
2927 5697 3268 5770 intrantibus.
3319 5697 3455 5756 Vide
3507 5711 3693 5770 supra
3727 5698 3798 5757 de

2129 5791 2137 5825 :
2193 5768 2298 5826 hac
2322 5782 2386 5826 re
2407 5777 2595 5826 notata
2620 5771 2799 5840 capite
2825 5770 2914 5837 5%,
2951 5769 2979 5839 ς
3004 5768 3056 5824 7.
