4088 6330
297 325 436 385 «1081

1255 309 1645 370 CONCORDIA
1685 304 2140 363 REGULARUM.
2181 334 2254 348 -—
2289 308 2441 366 CAP.
2483 309 2667 368 XLIV.

3415 323 3554 384 i088

300 453 404 506 bus
435 456 628 515 aquam
650 437 899 494 manibus
921 435 1020 507 ipsi
1044 433 1372 490 ministrent.
1393 444 1418 473 ι
1435 429 1655 500 Mappas
1672 425 1700 466 δ
1718 434 1772 480 et
1792 439 1880 480 sa-
1905 422 1958 484 A
1983 425 2079 485 Dei
2118 429 2384 501 aequalem
2425 447 2531 487 non
2556 433 2754 490 mereri
2780 434 2976 492 divinte
3002 438 3280 510 sapientia:
3323 444 3553 514 gratiam

300 541 466 603 bana,
498 544 552 591 et
587 531 863 600 facitergia
886 529 970 584 vel
1000 542 1087 582 res
1120 525 1366 582 sordidas
1407 522 1637 578 fratrum
1669 519 1770 604 ipsi
1800 518 1878 572 la-

301 638 432 687 vent
460 627 564 684 illis
595 624 744 680 horis
779 622 834 675 in
879 621 1074 692 quibus
1102 635 1208 674 non
1242 627 1492 689 coquent.
1539 625 1584 666 ο.
1614 611 1879 669 Candelas

300 719 616 778 monasterii
637 733 667 772 a
695 715 976 772 cellarario
1004 714 1174 768 factas
1189 711 1430 782 quotidie
1456 709 1558 780 ipsi
1587 707 1882 763 incendant

300 824 358 870 et
388 814 414 855 δ
441 820 634 867 tutent.
682 809 801 864 Mox
827 809 970 862 enim
1006 807 1059 861 in
1094 803 1505 866 hebdomadam,
1539 810 1599 856 ut
1622 800 1878 862 diximus,

299 909 478 981 prima
503 907 588 960 die
617 912 738 974 post
771 902 1004 957 Primam
1046 899 1242 954 dictam
1267 895 1612 956 intraverint,
1645 894 1880 962 primum

301 1013 439 1068 opus
490 995 696 1050 servitii
732 993 814 1079 su.i
860 990 1152 1046 munditias
1193 987 1418 1045 oratorii
1463 987 1776 1050 exhibeant,
1825 992 1884 1039 et

307 1101 330 1130 ε
364 1097 563 1144 mattas
604 1077 824 1142 oratorii
855 1084 1163 1153 pavimento
1198 1080 1218 1118 ί
1266 1079 1573 1135 retendant.
1623 1077 1777 1144 Quod
1826 1077 1880 1132 in

301 1178 434 1231 totis
465 1183 671 1243 septem
713 1171 902 1225 diebus
943 1169 1292 1224 hebdomadas
1339 1182 1449 1221 suae
1487 1175 1610 1236 post
1652 1164 1881 1219 matuti-

301 1285 404 1326 nos
439 1268 612 1322 dictos
637 1279 773 1334 opus
805 1263 1040 1332 primum
1082 1258 1288 1314 servitii
1336 1258 1416 1312 sui
1454 1259 1694 1311 oratorio
1736 1255 1883 1310 exhi-

300 1362 486 1418 beant.
514 1358 647 1412 Cum
679 1362 859 1410 astant
902 1367 1030 1408 vero
1077 1351 1131 1406 in
1181 1350 1510 1421 septimana.
1537 1363 1656 1413 sua,
1697 1349 1882 1418 coqui-

302 1465 428 1505 nam
459 1451 484 1488 ε
512 1449 776 1502 intrantes
800 1445 867 1500 ad
897 1461 954 1502 se
982 1444 1182 1502 fratres
1204 1459 1330 1499 mox
1362 1449 1551 1513 petant
1571 1425 1792 1513 eos'pro
1823 1455 1884 1497 se

301 1558 490 1600 secum
519 1558 700 1598 orare.

594 1654 742 1728 §tx.
768 1683 842 1695 —
884 1651 1018 1706 Item
1052 1650 1286 1722 ejusdem
1318 1649 1455 1720 (cap.
1483 1647 1600 1720 εδ).

1979 536 2106 578 cum
2136 523 2163 562 Ιι
2200 522 2423 578 utilibus
2452 521 2718 596 fratribus
2741 527 3002 584 invenire.

2148 617 2280 690 §-X.
2309 649 2380 659 -—
2413 620 2490 675 Ex
2520 621 2738 677 Rscuu
2787 639 3050 682 CUJUSDAI
3091 626 3228 698 (cap.
3271 625 3381 701 12).

2050 708 2219 779 Coqui
2267 726 2399 765 vero
2445 728 2542 782 per
2577 714 2941 771 hebdomadas
2990 699 3348 789 1coquinent.
3399 699 3549 776 Una-

1980 818 2195 873 quaque
2244 802 2579 858 hebdomade
2620 813 2749 871 tres,
2803 807 2888 861 vel
2927 809 3178 879 amplius,
3242 810 3289 865 si
3331 825 3551 866 necesse

1979 895 2164 960 fuerit,
2201 895 2268 950 ad
2325 897 2722 966 coquinandum
2779 900 3117 969 deputentur,
3150 916 3218 957 ne
3271 901 3554 973 impositus

1981 988 2099 1044 sine
2135 987 2456 1042 discretione
2494 989 2647 1043 labor
2679 989 2819 1044 unde
2867 992 3170 1046 mercedem
3199 995 3429 1048 mercari
3462 993 3554 1049 de-

1981 1082 2119 1144 buit,
2153 1081 2278 1136 inde
2309 1081 2593 1136 murmurii
2624 1080 2858 1137 fructum
2886 1091 3144 1152 reportet.
3185 1083 3554 1154 lngredientes

1981 1181 2164 1228 autem
2193 1191 2292 1244 pro
2317 1189 2374 1228 se
2403 1175 2546 1228 orari
2578 1183 2767 1244 rogent
2820 1189 3036 1230 omnem
3067 1185 3267 1232 emtum
3297 1176 3548 1245 fratrum,

1981 1274 2202 1321 orantes
2242 1267 2308 1319 in'
2343 1266 2589 1320 oratione
2622 1268 2842 1321 dicant:
2876 1280 2915 1306 ω
2937 1267 3273 1338 Adjutorium
3321 1281 3554 1326 nostrum

1980 1359 2037 1412 in
2068 1358 2274 1412 nomine
2299 1357 2533 1423 Domini,
2562 1360 2650 1428 qui
2693 1359 2812 1428 fecit
2867 1359 3050 1413 cazlum
3085 1370 3132 1414 et
3159 1371 3352 1415 terram
3381 1359 3553 1421 (Psal.

1981 1453 2173 1523 cum)
2203 1471 2216 1518 ;
2258 1461 2313 1508 et
2341 1453 2535 1522 adjuva
2575 1469 2690 1517 nos,
2724 1452 2866 1507 Deus
2889 1453 3139 1508 salutaris
3172 1465 3346 1510 noster
3381 1452 3554 1525 (Psal.

1981 1545 2232 1618 LXXVIII).
2251 1546 2524 1600 Exeuntes
2539 1560 2666 1599 vero
2680 1545 2859 1600 lavent
2873 1547 3110 1601 omnium
3127 1545 3353 1602 fratrum
3370 1547 3555 1617 pedes,

1983 1645 2037 1692 et
2063 1637 2246 1691 omnia
2274 1651 2400 1690 vam
2425 1651 2545 1707 qua:
2577 1637 2643 1690 ad
2665 1638 3030 1692 necessarium
3057 1654 3215 1693 usum
3256 1641 3561 1695 habuerunt

375 1727 406 1787 ῖι
443 1745 855 1801 Ῑιεδάοηηιδπίε
888 1759 1009 1798 cum
1058 1743 1340 1798 servitium
1386 1756 1690 1794 mensarum
1729 1753 1884 1795 eger.
1909 1781 1957 1843 Β
1983 1731 2162 1786 lavata
2184 1741 2211 1768 ιλ
2235 1730 2540 1801 prmpositis
2563 1739 2950 1800 repraesentem
2990 1748 3002 1785 :
3050 1731 3298 1786 similiter
3323 1739 3348 1767 ο
3378 1748 3476 1802 pro
3501 1747 3560 1788 se

303 1854 452 1908 cent,
482 1841 526 1897 si
557 1839 697 1896 forte
727 1840 794 1894 ad
850 1837 1265 1894 ministrandum
1321 1837 1570 1891 omnibus
1601 1837 1613 1876 ί
1655 1851 1762 1890 non
1789 1851 1882 1891 oc-

244 1971 250 1977 ο
305 1937 602 1998 currerint,
661 1933 935 1988 insinuent
975 1930 1078 1984 hoc
1112 1930 1288 1998 ipsum
1338 1929 1452 1982 suis
1475 1927 1778 1996 praepositis
1807 1946 1818 1980 :
1849 1942 1881 1981 a

303 2027 502 2100 quibus
533 2025 812 2079 ordinatus
842 2021 908 2076 de
933 2021 1120 2074 eadem
1176 2017 1380 2072 dccada
1416 2031 1557 2070 unus
1613 2017 1780 2070 frater
1825 2015 1880 2070 in

302 2134 492 2174 eorum
530 2116 722 2170 solatio
751 2112 1086 2180 adiungatur.
1118 2108 1447 2183 Quotiesque
1475 2107 1882 2162 hebdomadarii

302 2207 359 2262 in
389 2205 610 2261 servitio
633 2216 938 2273 mensarum
963 2195 1295 2272 negligenter
1320 2197 1520 2251 mensis
1547 2197 1878 2262 deserviunt,

303 2298 410 2353 alia
446 2297 532 2350 die
560 2275 1033 2374 liora‘refectionis
1066 2289 1206 2343 levet
1231 2303 1292 2342 se
1331 2287 1514 2352 abbas,
1549 2295 1750 2341 etcum
1775 2302 1881 2341 uno

305 2389 372 2444 de
394 2387 697 2458 prmpositis
725 2393 820 2438 aut
853 2383 1081 2447 duobus,
1114 2383 1158 2435 si
1187 2381 1408 2451 grandis
1457 2380 1619 2434 fuerit
1652 2395 1881 2450 congre-

304 2478 467 2550 gatio,
501 2477 601 2546 ipsi
660 2474 861 2529 faciant
895 2459 1175 2528 servitium
1225 2472 1291 2525 ad
1326 2486 1517 2525 omnes
1557 2487 1794 2535 mensas,
1825 2477 1882 2525 ut

303 2581 357 2626 et
384 2573 574 2627 doceat
617 2582 710 2623 eos
767 2567 1038 2636 quomodo
1067 2564 1270 2619 faciant
1318 2564 1459 2634 quod
1509 2579 1613 2618 non
1654 2571 1883 2634 possunt

304 2661 528 2733 implere
559 2675 574 2712 :
601 2667 656 2713 et
684 2665 1033 2730 agnoscentes
1088 2671 1276 2711 omnes
1311 2654 1506 2710 fratres
1554 2657 1883 2711 erubescant

309 2753 321 2806 i
371 2752 898 2810 incommunicatura
959 2749 1240 2804 hominum
1319 2748 1405 2802 vel
1476 2748 1594 2818 pari
1656 2748 1880 2804 servitio

374 2902 400 2931 α
442 2888 685 2959 Mappas.
730 2885 919 2959 Mappa
949 2893 1033 2940 est
1062 2885 1288 2959 linteum
1330 2885 1882 2959 tergendisgmanibns

374 2907 400 2931 ι
442 2907 568 2959 map
606 2907 685 2941 as.
730 2907 919 2956 mappa
949 2907 1033 2940 est
1064 2907 1288 2938 linteum
1332 2907 1603 2954 tergenuis
1633 2907 1882 2941 manibus

307 2969 513 3032 aptum,
547 2907 749 3013 (fallice
777 2955 1371 3032 ser‘vietteaAimoinus“
1396 2954 1488 3010 lib.
1522 2971 1573 3009 tv
1604 2957 1668 3011 de
1702 2957 1882 3032 Gfstis

304 3025 656 3091 Francorum,
692 3043 810 3097 cap.
841 3028 876 3080 ‘2
911 3043 925 3080 :
966 3045 983 3076 ‹
1020 3025 1442 3097 AuStregesillus
1490 3042 1705 3096 quoque
1731 3026 1881 3081 Bitti-

306 3102 537 3158 ricensis
567 3095 1004 3168 archiepiscopus
1025 3096 1125 3151 sub
1154 3095 1277 3166 rege
1301 3095 1619 3152 Guntrahno
1646 3099 1733 3153 diu
1751 3115 1881 3168 quo-

307 3189 410 3243 que
439 3176 490 3226 in
516 3171 716 3242 palatio
743 3177 1107 3224 commoratus
1135 3181 1382 3243 mappam
1416 3168 1476 3243 ei
1495 3169 1561 3243 ad
1595 3170 1880 3243 tergendas

342 3238 543 3298 raebere
596 3249 954 3296 consueverat
1002 3254 1213 3295 manus.
1261 3260 1280 3292 ι
1320 3238 1564 3294 Meminit
1614 3238 1877 3297 Martialis

328 3313 396 3368 ib.
423 3329 521 3378 xu,
552 3311 821 3383 Epigram.
854 3310 922 3366 29
949 3328 962 3364 :

433 3405 679 3457 Attulerat
701 3418 916 3466 mappam
943 3418 1105 3462 nemo,
1132 3405 1245 3452 dum
1273 3403 1394 3454 furta
1419 3405 1672 3453 timentur.

492 3465 692 3515 Mantile
711 3481 737 3512 a
763 3465 927 3513 mensa
951 3467 1148 3526 surripit
1172 3466 1526 3526 Hermogenes.

309 3549 408 3607 Ubi
437 3562 630 3618 mappa
659 3563 691 3601 a
730 3547 935 3601 mantili
989 3549 1356 3620 distinguitur.
1391 3548 1526 3602 Nam
1566 3563 1759 3619 mappa
1793 3558 1878 3605 est

307 3635 413 3690 qua
439 3633 631 3672 manus
657 3626 959 3690 terguntur,
988 3634 1146 3687 quam
1166 3619 1405 3690 quisque
1433 3621 1662 3690 conviva,
1684 3619 1876 3675 alfere-

306 3688 401 3746 bat
429 3708 440 3739 τ
475 3697 532 3743 at
558 3688 778 3743 mantile
801 3689 943 3758 quod
971 3704 1169 3743 mensa:
1211 3689 1499 3752 sternitur;
1531 3699 1586 3744 et
1616 3689 1874 3746 Martialis

307 3760 522 3832 quidem
553 3756 835 3828 tempore.‘
873 3756 1006 3813 Nam
1043 3759 1301 3813 Varronis
1356 3761 1757 3832 nitatelnautile
1794 3762 1875 3816 di-

307 3829 550 3900 éebatur,
586 3844 695 3900 quo
721 3844 912 3900 manus
935 3838 1233 3900 terguntur,
1276 3838 1334 3884 ut
1376 3830 1486 3900 ipse
1523 3829 1694 3886 Varro
1719 3833 1875 3887 docet

308 3901 398 3956 lib.
436 3916 467 3953 v
499 3899 797 3972 deLingna
850 3899 1038 3954 Latina
1070 3919 1082 3952 :
1123 3899 1454 3972 Mantelium,
1485 3904 1638 3972 quasi
1683 3919 1873 3957 manu-

309 3972 516 4055 teriurn.
557 3970 601 4024 A
631 3985 826 4055 mappa
852 3972 1181 4055 ηιλίιμιρανίξιιδΞ
1205 3971 1294 4055 qui
1320 3970 1569 4055 mappam
1603 3975 1872 4055 tergendis

309 4041 557 4098 manibus
602 4039 849 4111 porrigit.
881 4039 1011 4095 Aeta
1065 4039 1122 4096 S.
1152 4039 1521 4112 Adstregésilli
1556 4062 1567 4096 :
1607 4063 1625 4093 ι
1663 4039 1727 4097 Et
1753 4053 1874 4100 erat

309 4127 436 4168 sane
461 4113 570 4180 regi
604 4112 960 4180 gratissimus,
994 4111 1152 4180 eique
1185 4111 1374 4167 manus
1409 4113 1646 4168 abluenti
1673 4114 1867 4169 offere-

307 4184 400 4237 bat
427 4181 672 4245 linteum,
724 4198 832 4251 quo
853 4197 944 4235 eas
995 4191 1299 4248 exter-geret
1331 4201 1344 4236 :
1377 4199 1486 4251 quo
1538 4184 1736 4238 factum
1765 4194 1866 4250 est,

309 4262 367 4306 ut
401 4267 523 4306 eum
554 4253 885 4321 t'napparium
914 4251 965 4305 id
1008 4253 1264 4322 temporis
1303 4254 1621 4308 vocitarent.
1663 4275 1681 4306 ι
1713 4255 1868 4310 Dice-

308 4323 469 4398 batur
489 4322 651 4398 etiam
684 4323 988 4398 mapparins
1018 4323 1130 4398 sive
1176 4328 1496 4398 pannépioe,
1526 4325 1571 4379 is
1609 4327 1698 4394 qui
1729 4342 1873 4398 map-

309 4408 427 4463 pam
459 4393 738 4466 in__circum
771 4393 1020 4446 mittebat
1067 4393 1535 4466 signumﬁatirigis,
1568 4393 1677 4466 quo
1698 4393 1870 4450 viso'e

309 4463 615 4518 carceribus
667 4473 1052 4531 erumperent:
1096 4467 1218 4518 vide
1269 4463 1602 4520 Glossarium
1648 4465 1868 4521 Grzeco-

1983 1825 2126 1881 orari
2143 1832 2352 1893 rogent,
2369 1832 2423 1878 et
2436 1824 2578 1899 hunc
2593 1838 2747 1877 versu
2756 1839 2806 1877 ιιι
2822 1825 2873 1877 iu
2888 1824 3132 1879 oratione
3145 1824 3325 1879 dicant
3345 1843 3356 1879 :
3381 1835 3406 1875 ι)
3421 1824 3562 1890 Quo-

1983 1920 2123 1973 niam
2151 1928 2227 1981 tu,
2259 1916 2504 1981 Domine,
2537 1916 2784 1986 adjuristi
2814 1935 2916 1980 me,
2966 1926 3014 1971 et
3056 1918 3356 1972 consolatus
3402 1935 3456 1972 es
3480 1933 3560 1972 me

1982 2012 2154 2086 (Psal.
2181 2011 2431 2083 Lxxxm).
2459 2011 2686 2080 Propter
2707 2011 2948 2081 singulas
2963 2011 3317 2082 negligentias
3340 2021 3446 2066 tam
3468 2026 3562 2067 co-

1980 2105 2246 2175 quiquam
2262 2103 2526 2159 cellararii
2546 2120 2650 2157 xxv
2667 2103 2968 2174 palmarum
2983 2103 3421 2172 percussionibus
3434 2117 3563 2173 quo-

1980 2201 2202 2256 tidianis
2225 2201 2416 2255 diebus
2438 2200 2794 2255 emendentur
2820 2219 2833 2252 :
2866 2215 2932 2253 ne
2960 2200 3214 2254 minimas
3248 2199 3399 2270 parvi
3431 2212 3561 2267 pen-

1981 2293 2169 2348 dentes
2183 2292 2388 2361 culpas.
2404 2293 2458 2346 in
2475 2292 2768 2362 majoribus
2781 2291 3130 2362 procliviores
3161 2291 3520 2360 reperiantur.

1982 2384 2009 2457 ς
2038 2383 2538 2439 XL—ExRchLA
2570 2385 3006 2439 sxacrtCazsantt
3038 2384 3414 2453 EPISCOPI(Cap.
3446 2379 3557 2453 l2).

2050 2489 2078 2528 (ι
2117 2479 2218 2546 Qui
2248 2487 2508 2548 coquunt,
2544 2488 2564 2514 τ
2597 2477 2790 2548 singuli
2825 2477 2928 2531 illis
2958 2476 3090 2530 meri
3121 2489 3220 2544 pro
3251 2474 3436 2528 labore
3464 2473 3562 2528 ad-

1979 2569 2196 2624 dantur.
2225 2567 2281 2622 In
2311 2568 2776 2623 omnimiuisterio
2797 2566 3062 2637 corporali
3091 2575 3198 2620 tam
3224 2566 3277 2619 in
3305 2564 3557 2633 coquina,

1980 2663 2066 2718 vel
2112 2663 2372 2732 quidquid
2422 2661 2770 2730 quotidianus
2799 2660 2967 2730 exigit
2997 2673 3128 2712 usus
3150 2698 3164 2720 ,
3194 2656 3402 2712 vicibus
3433 2653 3558 2721 sibi,

1982 2764 2209 2824 excepto
2235 2755 2411 2817 Patre,
2445 2765 2466 2791 ι
2498 2752 2582 2808 vel
2603 2752 2914 2822 praeposito,
2950 2749 3242 2806 succedere
3266 2748 3484 2804 debent.

1986 2898 2094 2944 tres
2135 2889 2189 2942 in
2229 2887 2514 2956 coquinum
2546 2886 2612 2939 ad
2671 2882 3126 2956 liebidomadarios
3171 2880 3396 2940 intrent,
3436 2891 3557 2930 mox

1983 2955 2392 3016 hebdomadarii
2417 2965 2600 3025 petant
2636 2956 2702 3010 ab
2733 2955 2834 3018 eis,
2875 2962 2933 3006 ut
2956 2967 3138 3034 secum
3153 2966 3265 3074 lpro
3293 2964 3350 3002 se
3381 2959 3556 3001 orent.

2054 3031 2083 3071 ιι
2117 3029 2548 3074 Ηρὸήοηιηάανὶἱ-
2588 3025 2715 3074 “me.
2745 3026 3012 3074 habentur
3049 3039 3100 3074 111
3201 3036 3285 3074 θα.
3314 3033 3417 3073 ms.
3449 3017 3556 3071 Ma-

2054 3031 2083 3071 ιι
2114 3017 2548 3084 Ηεῡάοηιαάάνὶἱ.
2588 3025 2715 3080 Hmc
2745 3017 3012 3079 habentur
3049 3023 3100 3076 in
3153 3017 3285 3084 Reg.
3314 3033 3417 3073 ms.
3449 3017 3559 3071 Ma-

2041 3103 2139 3157 stri
2190 3101 2309 3157 cod.
2339 3099 2498 3155 Corli.
2530 3099 2582 3152 in
2615 3097 2719 3151 line
2753 3094 2992 3162 ejusdem
3025 3093 3221 3162 capitis
3246 3091 3336 3144 25.

1985 3118 2139 3173 gism
2190 3118 2309 3157 cou.
2339 3118 2498 3155 born.
2530 3118 2582 3152 In
2615 3118 2719 3151 unt:
2753 3118 2992 3162 qusuem
3025 3118 3221 3162 captus
3249 3118 3336 3144 ω.

1907 3149 1952 3215 C
2061 3175 2077 3214 ί
2117 3172 2240 3226 Νοη
2282 3171 2625 3225 occurrerinl.
2659 3168 2714 3222 Id
2744 3176 2847 3230 est,
2907 3180 3012 3220 non
3041 3163 3320 3235 potuerint
3368 3176 3558 3216 occur-

1983 3261 2124 3301 rere.
2155 3245 2210 3298 ln
2245 3243 2373 3313 Reg.
2403 3257 2506 3295 ms.
2541 3240 2755 3313 legitur,
2789 3244 3228 3313 non_occurrunt.

2053 3314 2067 3365 i
2107 3304 2648 3368 Incomniunicatura.
2690 3309 2745 3362 1ιὶ
2773 3316 2872 3366 est,
2905 3307 2958 3360 ili
3012 3304 3284 3359 communi
3339 3312 3552 3358 natura.

2052 3387 2079 3424 κ
2115 3384 2362 3438 Utilibus.
2397 3383 2451 3437 Id
2476 3389 2580 3442 est,
2625 3380 2801 3442 bonis,
2836 3375 3050 3446 piis.S.
3081 3374 3399 3446 Benedictus
3433 3389 3554 3446 cap.

1983 3456 2051 3508 7:
2095 3455 2248 3507 Dicat
2290 3469 2492 3522 semper
2546 3449 2690 3503 utilis
2735 3443 2920 3517 frater.
2963 3445 3042 3499 lta
3089 3445 3233 3500 enim
3277 3443 3556 3516 legendum

1980 3525 2056 3581 ibi
2082 3525 2516 3578 animadversum
2548 3529 2649 3576 est.

2060 3595 2078 3635 1
2112 3596 2417 3665 Coquinent.
2450 3593 2506 3648 ld
2531 3600 2632 3654 est,
2663 3596 2917 3665 coquant.

2053 3679 2092 3706 ω
2116 3658 2454 3735 Adjutorium
2483 3658 2764 3717 nostrum:
2795 3659 2910 3716 Hac
2938 3658 2994 3712 in
3023 3673 3085 3713 re
3136 3670 3246 3712 n01
3300 3658 3557 3714 convenit

1981 3753 2102 3794 cum
2133 3737 2190 3792 S.
2219 3735 2530 3790 Benedicto.
3324 3771 3334 3782 .

2051 3819 2079 3846 ιι
2111 3806 2438 3878 Ρνανροεὶιὶδ.
2495 3805 2598 3872 Qui
2651 3813 2831 3860 tamen
2884 3801 3075 3858 eadem
3101 3815 3235 3856 vasa
3267 3799 3556 3857 cellerario

1978 3881 2316 3950 consignent.

2049 3981 2074 4008 ο
2110 3971 2218 4026 Pro
2239 3987 2294 4025 se
2317 3969 2460 4024 arari
2489 3976 2684 4038 rogent.
2716 3964 3375 4038 Completahebdomada.

2046 4054 2073 4093 ιι
2115 4042 2378 4109 Quoniam
2410 4051 2490 4104 tu,
2540 4034 2804 4109 Domine,
2833 4034 3083 4109 adjuuisti
3117 4053 3244 4109 me.
3287 4034 3553 4109 Videntur

1972 4115 2089 4170 haec
2113 4105 2277 4168 verba
2305 4127 2371 4165 ex
2403 4109 2538 4177 Reg.
2565 4126 2665 4164 ms.
2706 4108 2762 4164 S.
2793 4105 3067 4162 Benedicti
3097 4107 3415 4174 desiderari,
3447 4105 3550 4162 Be-

1973 4186 2208 4239 nedictus
2243 4201 2316 4248 es,
2363 4183 2582 4236 Domine
2609 4181 2771 4244 Deus,
2805 4179 2924 4234 istis
2951 4179 3332 4248 praeponenda.

2040 4267 2068 4305 (ι
2097 4255 2200 4320 Qui
2231 4246 2477 4325 coquunt.
2507 4251 2631 4306 llec
2657 4252 2840 4325 videre
2874 4246 2967 4325 est
3003 4246 3077 4325 in
3110 4248 3312 4325 Regula
3344 4246 3400 4301 S.
3438 4247 3548 4325 C_:e-

1973 4327 2100 4380 sarii
2121 4319 2350 4385 excusa,
2388 4340 2506 4393 qu:e
2532 4331 2615 4377 est
2645 4319 3134 4376 sanctimonialium
3160 4319 3348 4372 eodem
3372 4319 3547 4388 capite

1975 4397 2063 4461 ιε,
2101 4396 2191 4448 ιιΙιί
2223 4395 2437 4465 legitur,
2465 4403 2702 4465 coquent.

2052 4455 2072 4504 ἓ
2106 4455 2315 4536 Singuli
2336 4455 2441 4516 illis
2470 4455 2619 4536 meri.
2670 4461 2749 4536 l_ta
2782 4457 2986 4536 iuncod.
3037 4457 3197 4536 .Vind.
3246 4455 3544 4536 [n.Regula

308 4533 594 4604 barbarum
622 4531 778 4587 Joan.
810 4526 1045 4593 Meursii.
1089 4535 1278 4604 Mappa
1320 4552 1423 4590 vox
1481 4546 1566 4591 est
1619 4537 1819 4592 Punica
1841 4554 1870 4592 a
1898 4529 1950 4589 D
1975 4553 2173 4593 excusa
2206 4526 2435 4589 habetur
2463 4551 2475 4585 :
2513 4531 2749 4600 Singula:
2786 4530 2893 4584 illis
2917 4529 3104 4604 merito
3133 4544 3227 4597 pro
3252 4526 3546 4604 labore'ad:

309 4603 564 4657 Romanis
618 4613 905 4674 usurpata,
948 4613 1007 4658 ut
1039 4603 1197 4660 docet
1247 4605 1444 4661 Fabius
1498 4607 1591 4661 ιιι».
1625 4623 1640 4661 ι
1671 4607 1870 4673 lnslit.,

307 4689 423 4746 gap.
447 4674 486 4746 75
514 4693 526 4728 :
563 4693 579 4724 ‹
615 4673 681 4728 Ει
710 4673 955 4746 mappam
977 4691 1189 4746 quoque
1218 4678 1480 4733 usitatum
1506 4678 1651 4734 circo
1674 4695 1872 4734 nomen

306 4743 457 4799 Pteni
486 4746 585 4798 sibi
610 4745 901 4799 vindicant.
936 4765 953 4796 ι

376 4814 404 4853 ι)
438 4813 670 4884 S_abana.
717 4815 848 4869 Vide
879 4816 1126 4884 superius
1153 4825 1427 4871 annotata.

379 4895 400 4922 ο
443 4882 720 4939 Candelas.
785 4884 897 4940 Hoc
941 4882 1201 4941 vocabulo
1253 4889 1425 4942 utitur
1453 4888 1738 4944 Athenreus
1775 4891 1868 4945 lib.

309 4970 402 5009 xm
428 4957 527 5009 sub
549 4954 731 5009 finem.
762 4955 837 5010 De
867 4972 974 5025 quo
1020 4958 1133 5011 hzee
1165 4958 1324 5012 habet
1374 4958 1568 5013 Suidas
1597 4976 1609 5010 :
1645 4961 1872 5019 κανδήλα

305 5027 446 5098 τιναρά
472 5033 622 5080 notitia
644 5026 788 5091 δῆλα,
817 5027 868 5080 id
896 5038 1000 5098 est,
1031 5047 1048 5077 ‹
1079 5027 1300 5081 candela
1333 5029 1472 5082 dicta
1502 5031 1643 5095 quod
1665 5031 1870 5087 clarum

307 5094 485 5170 luriten
518 5097 838 5170 suppeditat,
876 5097 1000 5170 dum
1032 5099 1223 5170 uritur.
1257 5117 1275 5149 ι
1313 5098 1418 5170 §ed
1442 5094 1650 5170 merum
1681 5113 1868 5170 putum

307 5163 634 5231 Latinumfa
652 5167 848 5222 candeo
885 5168 1274 5222 deducendum.
1307 5167 1555 5222 Candela:
1581 5163 1706 5224 sunt
1733 5171 1866 5226 lam-
1889 5191 1892 5194 '

303 5239 488 5361 Bedes,
510 5247 572 5291 ut
600 5237 782 5319 videre
811 5245 892 5292 est
932 5239 985 5292 in
1018 5237 1251 5320 Dialogis
1278 5239 1554 5293 Zacharite
1579 5255 1749 5310 pap;e,
1777 5244 1867 5297 ubi

358 5307 573 5364 mnades
602 5323 800 5364 nasum
829 5309 1068 5364 κανδήλας
1104 5318 1280 5364 vertit.

358 5318 573 5378 mpades
602 5318 800 5377 paSsim
829 5318 1068 5368 κανδήλας
1104 5318 1280 5364 Vertit.

372 5377 399 5416 ἀ
437 5378 642 5452 fidem.
682 5379 736 5452 Id
762 5388 864 5442 est,
892 5380 1259 5447 exstinguant.
1295 5382 1428 5436 Vide
1454 5397 1634 5452 supra.

377 5460 400 5487 ο
439 5448 652 5522 Multas.
675 5447 831 5522 Qum
863 5453 1277 5504 substernuntur
1306 5447 1584 5508 monacliis
1632 5451 1866 5522 psallen-

304 5518 464 5582 tibus,
505 5521 570 5574 de
597 5519 792 5588 quibus
823 5521 979 5574 infra.

303 5662 474 5718 lerant
500 5677 614 5728 eas,
646 5668 706 5716 ut
735 5663 1096 5731 pavimentum
1135 5665 1356 5718 oratorii
1387 5662 1684 5721 verrerent.

374 5734 398 5806 ἕ
433 5732 875 5806 Intranm‘adse
913 5734 1122 5802 fratres.
1150 5735 1206 5806 in
1244 5734 1375 5806 Reg.
1414 5735 1528 5791 ms.
1554 5735 1679 5806 llzec
1705 5753 1864 5794 voca-

234 5828 238 5832 -
303 5801 447 5870 bula,
476 5804 546 5860 ad
574 5818 649 5870 se,
695 5801 1113 5878 desiderantur...
1143 5801 1348 5864 Somni
1371 5814 1473 5864 “est
1499 5819 1513 5862 ι
1543 5804 1720 5873 Siqui
1750 5809 1859 5868 fra-

1972 4607 2170 4662 dantur
2192 4624 2210 4672 ;
2241 4606 2336 4660 sed
2364 4606 2511 4658 locus
2537 4598 2841 4669 corruptus,
2896 4598 3207 4672 nullumque
3236 4614 3450 4672 sensum
3473 4598 3548 4653 ef-

1975 4681 2105 4734 ficit.
2137 4667 2321 4746 Itaque
2341 4692 2406 4730 ex
2435 4676 2538 4728 hoc
2564 4667 2879 4746 Concoruige
2922 4667 3108 4724 codice
3155 4669 3540 4746 restituendus.

1976 4749 2178 4805 Sensus
2199 4740 2328 4818 ergo
2371 4756 2472 4807 est,
2526 4743 2720 4818 utqui,
2762 4742 2844 4797 vel
2894 4756 3012 4818 qua;
3037 4749 3272 4818 coquunt
3307 4740 3544 4810 singulos

1973 4836 2150 4874 meros
2176 4820 2240 4873 ad
2262 4809 2566 4873 'levandum
2605 4809 2844 4867 laborem
2895 4809 3183 4881 accipiant,
3231 4809 3422 4879 nempe
3449 4827 3544 4864 an-

1973 4899 2190 4960 tequam
2212 4904 2270 4944 se
2297 4889 2448 4960 operi
2486 4885 2730 4960 coquinae
2783 4883 3088 4960 accingant.
3138 4881 3317 4937 Merus
3363 4889 3542 4936 autem

1971 4951 2074 5015 hoc
2125 4961 2244 5015 loco
2293 4951 2685 5014 substantivum
2743 4963 2827 5009 est
2869 4951 3090 5007 mascul.
3151 4960 3542 5023 gen.._estque

1971 5032 2251 5086 vasculum
2283 5031 2416 5094 vini,
2449 5030 2561 5082 sive
2591 5026 2840 5098 cyathus,
2869 5025 2981 5078 sive
3005 5021 3256 5098 scyphus.
3284 5021 3542 5098 Magister

1971 5101 2025 5172 in
2056 5102 2278 5172 Regula,
2311 5116 2428 5169 cap.
2459 5098 2528 5152 ει
2559 5116 2571 5151 :
2611 5094 2636 5148 «⁷
2665 5097 2932 5172 Moxcum
2965 5094 3203 5172 sederint
3233 5094 3295 5146 ad
3328 5107 3540 5172 mensas

1970 5163 2167 5226 fratres
2210 5163 2450 5241 singulos
2478 5184 2654 5224 meros
2692 5168 2979 5241 accipiant.
3012 5163 3157 5241 Quos
3193 5179 3370 5241 meros
3399 5164 3539 5219 acci-

1970 5244 2178 5312 pientes
2215 5233 2408 5311 singuli
2454 5233 2987 5312 porriguntAa—bbati.
3047 5255 3065 5284 ι
3099 5235 3164 5288 Ει
3191 5233 3348 5304 paulo
3377 5243 3534 5304 post.

1976 5306 1993 5362 ἱ
2031 5313 2086 5367 ln
2116 5329 2243 5368 suos
2285 5306 2471 5367 meros
2498 5306 3018 5380 quis'quefraterde
3045 5320 3144 5359 suo
3191 5321 3327 5380 pjie
3354 5314 3538 5358 ternas

1885 5375 1888 5379 λ
1968 5385 2070 5438 sibi
2101 5393 2156 5438 et
2179 5401 2282 5439 non
2308 5375 2538 5452 amplius
2565 5375 2830 5436 bne-cellas
2857 5377 3142 5452 intingant.
3181 5396 3199 5427 ι
3227 5376 3293 5429 Et
3315 5387 3533 5452 postea:

1974 5473 1992 5504 ι
2029 5453 2150 5511 Post
2183 5471 2310 5525 ergo
2337 5444 2540 5525 primos
2571 5465 2752 5506 meros
2786 5449 2976 5503 aestivo
3000 5444 3268 5525 'tempure
3300 5444 3364 5500 ad
3400 5444 3536 5525 refe-

1119 5559 1122 5563 -
1340 5593 1343 5594 ν
1633 5515 1650 5522 ’
1883 5555 1890 5560 -
1967 5527 2199 5581 ctionem
2232 5515 2536 5582 fam’sexta:
2595 5536 2758 5594 quam
2805 5534 2981 5585 nonae,
3027 5517 3236 5573 caldelli
3289 5515 3535 5571 omnibus

374 5589 395 5628 ί
442 5591 753 5645 Retendant.
783 5590 847 5664 Idi
867 5601 968 5657 est,
1000 5593 1193 5647 iterum
1227 5593 1463 5658 tendant,
1507 5595 1632 5664 quia
1683 5595 1864 5651 abstu-

1965 5599 2210 5666 quaterni
2235 5596 2525 5652 sufficiant.
2558 5614 2580 5666 ε

2006 5681 2059 5707 -ι
2101 5669 2190 5742 γει
2227 5663 2844 5742 ρνωροεὶιρηΡεινιῖριιιιι,
2885 5661 2982 5732 vel,
3031 5661 3260 5719 sumitur
3288 5659 3390 5718 hoc
3413 5657 3533 5715 loco

1963 5735 2286 5813 copulativ'e,
2319 5735 2427 5798 non
2457 5735 2795 5808 disiunctive.
