4088 6330
350 380 514 464 ἱοεθ’

1275 401 1662 460 consonam
1699 371 2156 459 ascensum.
2194 429 2265 441 -
2303 399 2456 456 car.
2491 398 2650 456 va.

3458 397 3595 460 1090

351 522 536 578 tudine
557 517 677 575 asic
697 515 960 573 tractandi
981 523 1209 582 sunt,ut
1230 518 1390 574 citius
1413 517 1926 583 recre‘entur,etiam
1951 517 2003 578 Α
2028 513 2198 586 pedit,
2245 529 2354 568 suae
2405 509 2689 583 cupiditati
2743 509 2771 549 ¹ι
2811 522 2921 566 non
2964 507 3239 566 obaudiat.
3293 509 3598 582 Aliquando

350 614 408 669 bi
453 613 544 682 qui
585 611 653 666 de
700 610 999 666 humillima
1042 609 1222 665 smculi
1265 618 1580 681 paupertate
1618 605 1942 664 venerunt:

351 715 607 776 tanquam
629 703 732 759 hoc
752 703 856 758 illis
878 703 1166 760 contulerit
1191 703 1459 759 recentior
1479 703 1759 774 aegritudo,
1782 700 1928 773 quod

353 797 608 855 divitibus
633 796 875 851 anterior
895 797 1244 852 consuetudo.

633 886 819 959 μιν.
859 917 930 928 —
968 887 1118 942 Idem
1158 888 1319 958 ipsius
1365 888 1503 959 (cap.
1532 889 1642 960 i7).
1685 939 1688 942 .

425 978 453 1020 ι’
492 977 598 1032 Sed
624 993 746 1032 cum
783 977 926 1033 vires
976 978 1235 1048 pristinas
1265 978 1652 1047 reparaverint,
1706 976 1929 1034 redeant

353 1069 422 1125 ad
458 1068 753 1124 feliciorem
795 1069 1243 1125 consuetudinem
1301 1085 1476 1135 suam,
1531 1085 1650 1139 quae
1698 1069 1926 1125 famulos

353 1163 450 1218 Dei
484 1171 635 1216 tanto
684 1161 916 1232 amplius
965 1162 1139 1227 decet,
1189 1170 1393 1230 quanto
1435 1161 1615 1216 minus
1642 1159 1923 1230 indigent:

357 1265 379 1294 ε
405 1268 473 1309 ne
509 1253 616 1307 cibi
665 1268 759 1308 eos
801 1260 983 1307 teneat
1010 1252 1256 1322 voluptas
1282 1251 1309 1292 ά
1335 1251 1450 1322 jam
1497 1259 1735 1322 vegetos,
1792 1267 1928 1322 quos

353 1346 650 1401 necessitas
695 1344 970 1399 levaverat
1020 1344 1285 1399 infirmos.
1340 1357 1363 1384 ο
1416 1343 1497 1399 llli
1551 1360 1610 1399 se
1658 1345 1930 1401 :estiment

353 1435 600 1501 ditiores,
627 1435 718 1506 qui
749 1436 804 1490 in
845 1423 1149 1505 superanda
1175 1436 1436 1506 parcitate
1491 1434 1694 1492 fuerint
1731 1435 1927 1492 fortio-

352 1542 462 1583 res.
514 1526 701 1582 Melius
743 1533 828 1582 est
877 1527 1025 1582 enim
1078 1527 1258 1584 minus
1309 1541 1470 1598 egere
1521 1527 1539 1566 τ
1589 1542 1753 1600 quam
1807 1527 1930 1599 plus

354 1632 532 1690 agere.
569 1653 574 1656 -

635 1711 664 1784 §
687 1707 805 1764 XV.
829 1740 901 1751 —
934 1707 1069 1764 Item
1098 1709 1331 1779 ejusdem
1368 1707 1508 1781 (cap.
1532 1709 1645 1781 29).

429 1803 454 1843 ε
487 1801 788 1857 Lavacrum
832 1802 861 1842 ιι
911 1802 1075 1856 etiam
1105 1815 1412 1870 corporum,
1448 1803 1464 1842 ί
1498 1801 1654 1871 cujus
1697 1801 1930 1858 inﬁrmi-

2031 612 2211 674 enim,
2277 611 2441 664 etiam
2493 609 2537 664 si
2590 615 2803 673 noceat,
2856 607 3113 678 prodesse
3169 607 3407 662 creditur
3454 607 3600 679 quod

2029 703 2279 760 delectat.
2321 701 2565 771 Denique
2594 701 2640 756 si
2679 701 2854 755 latens
2875 711 2960 755 est
2980 700 3132 755 dolor
3151 700 3476 770 incorpore,
3516 699 3599 755 fa-

1933 807 1937 814 ί
2027 794 2173 848 mulo
2198 793 2292 847 Dei
2321 793 2520 848 dicenti
2551 791 2696 862 quod
2734 791 2837 848 sibi
2867 791 3061 857 doleat,
3119 792 3236 847 sine
3265 789 3599 846 dubitatione

2027 886 2296 940 credatur.
2355 884 2485 940 Sed'
2515 893 2694 940 tamen
2748 894 2932 940 utrum
2985 885 3226 940 sanando
3279 884 3354 939 illi
3416 883 3592 939 dolori

2027 977 2170 1047 quod
2199 975 2430 1031 delectat
2452 975 2726 1048 expediat,
2771 977 2818 1032 si
2845 991 2953 1032 non
2975 983 3057 1032 est
3081 984 3314 1043 certum,
3357 974 3614 1044 medicus,

2027 1069 2360 1125 consulatur.

2272 1163 2300 1235 §
2338 1162 2475 1218 XVI.
2505 1193 2576 1203 —
2606 1163 2741 1219 Item
2760 1164 2994 1235 ejusdem
3036 1164 3173 1236 (cap.
3219 1163 3330 1235 50).

2105 1255 2126 1296 1
2164 1255 2348 1328 Neque
2373 1266 2501 1313 eant
2528 1258 2596 1313 ad
2619 1258 2862 1324 balneas,
2890 1259 3006 1314 sive
3025 1271 3350 1328 quocunque
3377 1272 3600 1315 necesse

2025 1347 2107 1404 ire
2144 1346 2327 1414 fuerit,
2358 1360 2399 1389 ω
2441 1349 2620 1405 minus
2657 1366 2818 1420 quam
2849 1350 2956 1404 duo
2988 1349 3072 1405 vel
3104 1359 3232 1405 tres.
3263 1337 3312 1389 ἰι
3345 1347 3455 1406 Nec
3511 1349 3600 1406 ille

2029 1439 2122 1508 qui
2163 1439 2361 1494 habeat
2391 1439 2572 1509 aliquo
2603 1441 2764 1495 eundi
2789 1441 3188 1506 necessitatem,
3243 1456 3366 1496 cum
3402 1440 3600 1510 quibus

2027 1529 2144 1600 ipse
2180 1531 2430 1598 voluerit,
2469 1533 2564 1587 sed
2593 1547 2719 1588 cum
2755 1532 2952 1604 quibus
3000 1532 3320 1604 praepositus
3355 1530 3600 1602 jusserit,

2029 1621 2110 1678 ire
2129 1622 2366 1678 debebit.

2321 1713 2348 1785 §
2374 1712 2533 1768 XVI].
2562 1743 2633 1754 —-
2661 1713 2794 1769 Item
2817 1713 3051 1785 ejusdem
3065 1712 3203 1784 (cap.
3221 1712 3336 1784 51).

2107 1812 2132 1841 °
2154 1803 2555 1876 Egrotantium
2584 1822 2731 1872 cura,
2789 1805 2902 1861 sive
2928 1813 3050 1876 post
3071 1804 3443 1876 aegritudinem
3473 1803 3603 1859 refl-

355 1896 484 1952 tatis
519 1897 814 1952 necessitas
849 1896 1015 1966 cogit,
1071 1895 1292 1949 minime
1323 1896 1650 1966 denegetur;
1714 1897 1809 1951 sed
1834 1897 1930 1951 fiat
1953 1890 2003 1953 B
2029 1895 2369 1962 ciendorum,
2409 1897 2522 1951 sive
2564 1897 2742 1967 aliqua
2790 1896 3158 1952 imbecillitate
3207 1908 3234 1948 P
3271 1897 3433 1952 etiam
3484 1896 3602 1952 sine

354 1987 472 2043 sine
494 1989 792 2042 murmurio
824 1985 836 2036 ἱ
878 1988 943 2042 de
966 1986 1189 2042 consilio
1219 1986 1498 2040 medicinae
1528 2005 1541 2040 :
1575 1987 1651 2041 ita
1680 1997 1741 2042 ut
1762 1989 1930 2044 etiam

353 2079 400 2134 si
426 2079 580 2144 nolit,
625 2077 853 2147 jubente
882 2079 1168 2148 prmposito
1219 2077 1385 2133 faciat
1425 2079 1569 2148 quod
1624 2079 1931 2138 faciendum

353 2173 437 2228 εει
457 2187 554 2242 pro
576 2171 765 2226 salute.
818 2170 876 2226 Si
907 2180 1087 2225 autem
1117 2171 1232 2240 ipse
1260 2169 1412 2236 velit,
1458 2179 1515 2226 et
1544 2170 1684 2227 forte
1704 2189 1813 2229 non
1836 2190 1932 2231 ex-

356 2314 535 2384 magis
583 2311 802 2381 adjuvat
828 2311 1157 2384 laborantem
1205 2324 1369 2381 quam
1421 2310 1738 2384 tempestiva
1765 2311 1934 2368 absti-

354 2381 568 2453 nentia,
613 2403 631 2434 ›
687 2384 862 2453 inquit
909 2382 1096 2437 Celsus
1121 2383 1311 2439 eadem
1347 2383 1543 2451 capite.
1584 2381 1651 2453 Et
1691 2393 1930 2453 aegrotus

355 2452 604 2508 sanitatis
648 2452 1025 2522 recuperanda:
1071 2455 1346 2509 studiosus
1387 2468 1494 2507 non
1547 2452 1704 2506 debet
1749 2452 1932 2510 animo

356 2538 454 2579 suo
483 2523 706 2590 obsequi
744 2541 755 2574 :
795 2541 812 2571 ι
862 2521 959 2576 Cui
1008 2524 1355 2578 vehementer
1397 2531 1573 2585 nocet,
1624 2524 1837 2590 quoties
1875 2526 1930 2579 in

356 2594 628 2663 ejusquod
649 2592 956 2666 assumitur,
1003 2595 1367 2666 velitemporc,
1390 2592 1499 2666 ‘vel
1525 2592 1702 2666 modo,
1735 2597 1816 2650 vel
1839 2611 1932 2666 ge-

357 2678 487 2720 nere
514 2671 786 2732 peccatur,
833 2682 849 2714 ι
888 2664 1057 2732 inquit
1077 2663 1264 2718 Celsus
1286 2663 1462 2732 capite
1493 2663 1679 2717 citato.

429 2747 453 2774 ⁸
497 2729 583 2786 Sic
605 2733 864 2786 tractandi
891 2729 1030 2800 sunt,
1075 2743 1180 2789 etc.
1208 2733 1264 2787 Si
1290 2729 1448 2788 mde
1489 2733 1632 2788 lente
1664 2738 1718 2787 et
1763 2729 1925 2799 pede-

359 2804 549 2860 tentim
606 2813 940 2868 recreantur,
988 2804 1221 2858 maxime
1262 2804 1307 2858 si
1333 2819 1400 2857 ex
1439 2803 1628 2858 morbo
1670 2801 1929 2856 diuturno

360 2889 558 2946 corpus
599 2883 948 2946 extenuatum
1001 2875 1090 2939 sit,
1139 2875 1290 2944 juxta
1342 2874 1471 2946 illud
1506 2871 1744 2946 Cornelii
1791 2869 1932 2946 Celsi

358 2941 480 2999 libr'.
515 2961 554 3008 ι,
583 2960 703 3013 cap.
729 2943 762 2996 5
792 2963 803 2996 :
837 2963 853 2994 ι
892 2943 1074 3013 Neque
1094 2941 1225 2998 vero
1271 2959 1337 2997 ex
1365 2943 1530 2997 multa
1578 2941 1932 3013 famenimia

361 3017 602 3076 satietas,
652 3011 836 3082 neque
889 3029 956 3068 ex
990 3011 1163 3067 nimia
1211 3015 1462 3068 satietate
1521 3014 1692 3069 fames
1739 3011 1931 3082 idonea

360 3094 462 3140 est.
524 3104 540 3135 ›
592 3085 664 3138 Ex
713 3081 954 3138 ductrina
995 3084 1335 3154 Hippocratis
1357 3083 1479 3137 libr.
1516 3100 1577 3147 ll,
1628 3083 1818 3152 aphor.
1849 3081 1923 3134 7:

359 3159 432 3212 Τὰ
457 3159 505 3209 ἐν
535 3157 700 3230 πολλῷ
737 3160 906 3229 χρόνῳ
937 3157 1277 3230 hut-padusae:
1311 3160 1530 3222 σώματα
1556 3157 1757 3230 νωθρῶς
1807 3154 1930 3207 ἔπα-

2032 1986 2276 2043 febribus
2317 1988 2700 2053 laborantium,
2741 1989 2836 2043 uni
2875 1988 3036 2044 alicui
3071 1989 3229 2046 debet
3272 1987 3475 2060 injungi
3504 2030 3516 2042 .
3545 1995 3608 2043 ut

2031 2079 2147 2151 ipse
2173 2090 2202 2130 (ι
2231 2079 2299 2136 de
2327 2081 2610 2136 cellarario
2628 2089 2779 2152 petat
2800 2083 2944 2152 quod
2965 2083 3157 2153 cuique
3171 2099 3308 2155 opus
3343 2097 3465 2139 esse
3483 2097 3607 2153 per-

2033 2171 2291 2241 spexerit.

2031 2313 2170 2383 apud
2203 2312 2556 2383 Smaragdum
2582 2310 2797 2382 legitur,
2815 2326 2918 2366 non
2941 2309 3232 2364 obediatur.
3263 2309 3324 2366 In
3348 2323 3450 2366 ms.
3479 2307 3600 2364 cod.

2031 2384 2192 2438 Corb.
2218 2401 2319 2437 non
2354 2384 2579 2436 obetliat.

2110 2452 2128 2491 1
2175 2453 2374 2523 Neque.
2428 2453 2552 2508 Hec
2607 2453 2874 2509 habentur
2910 2451 3099 2523 eodem
3144 2467 3262 2522 cap.
3298 2450 3367 2506 50
3388 2449 3607 2523 Regula:

2031 2538 2244 2647 exclusa:
2267 2520 2358 2578 ubi
2399 2523 2616 2594 legitur,
2658 2541 2772 2591 nec,
2815 2520 3267 2594 quemadmodum
3305 2531 3361 2576 et
3396 2523 3452 2576 in
3479 2520 3608 2592 'epi-

2033 2603 2117 2647 sto
2142 2611 2192 2647 a.

2033 2603 2192 2649 stola.

2103 2678 2142 2704 ιιι
2167 2663 2343 2718 Minus
2371 2679 2529 2733 quam
2560 2659 2664 2718 duo
2693 2663 2771 2718 vel
2789 2673 2911 2718 tres.
2942 2663 3018 2718 lta
3055 2663 3108 2717 in
3135 2662 3268 2733 Reg.
3295 2677 3408 2733 ms.
3433 2668 3488 2715 et
3510 2675 3606 2726 ex-

2032 2752 2183 2791 cusa.
2234 2735 2290 2788 ln
2329 2731 2554 2804 epistola
2595 2749 2744 2798 vero,
2795 2735 2967 2788 minus
3007 2750 3164 2802 quam
3195 2731 3316 2786 tres.
3354 2731 3607 2804 Notanda

2032 2808 2255 2873 antiqua
2288 2801 2578 2866 institutio,
2611 2813 2670 2859 ut
2699 2821 2971 2874 nunquam
2997 2801 3292 2874 monachus
3321 2802 3439 2874 sine
3461 2801 3609 2855 socio

2032 2877 2178 2930 foras
2228 2876 2624 2944 progrediatur.
2663 2875 2866 2944 Regula
2894 2875 3193 2944 cujusdam
3232 2873 3449 2944 Patris,
3489 2886 3609 2940 quae

2035 2945 2093 3000 S.
2118 2941 2402 3015 Augustini
2431 2945 2647 2998 nomine
2676 2941 3052 2998 circumfertur
3080 2959 3208 3015 cap.
3231 2943 3264 2996 5
3297 2961 3310 2995 :
3346 2961 3364 2991 ι
3396 2941 3450 2994 Si
3474 2956 3610 3015 opus

2033 3008 2284 3070 fuerit'a-l
2310 3016 2544 3084 aliquam
2574 3015 2948 3070 necessitatem
2987 3008 3284 3077 mitti,_duo
3307 3008 3523 3084 eant._{
3549 3008 3607 3066 S.

2032 3086 2271 3168 Isidorus
2297 3082 2416 3155 cap.
2439 3085 2846 3168 Δ22⁷)..Ιὶεξειριίιεεβ
2880 3085 3136 3168 Sed_dum
3169 3098 3267 3168 pro
3283 3082 3609 3168 necessitate

2034 3158 2211 3225 aliqua
2239 3151 2554 3227 monasterii
2595 3151 2920 3227 diriguntur,
2953 3156 3072 3227 duo
3108 3151 3305 3227 fratres
3339 3151 3610 3227 spiritales

365 3232 620 3315 νατρέβνειν
642 3214 839 3315 detriti
863 3214 962 3287 est,
999 3245 1015 3276 ‹
1052 3214 1209 3296 longo
1231 3214 1467 3315 tempore
1493 3214 1785 3315 extenuata
1813 3239 1934 3277 cor—
1959 3253 2004 3315 ρ
2037 3245 2098 3310 ac
2127 3214 2487 3315 probatissimi
2512 3214 2802 3315 (*liguttfur.
2841 3246 2858 3277 ι
2883 3214 3105 3315 .Addpitio
3137 3227 3155 3277 l
3187 3214 3450 3307 .Ludovici
3478 3224 3606 3315 itn'p.

360 3295 493 3366 pora
514 3295 656 3351 lente
687 3295 908 3352 reﬁcere
928 3295 1163 3367 oportet.
1217 3316 1234 3348 ι
1274 3295 1390 3364 Quo
1419 3297 1563 3350 enim
1595 3295 1934 3367 diutius_va—

358 3364 504 3420 cavit
530 3382 656 3435 pars
689 3364 978 3420 nutritioni
1015 3369 1190 3422 dicata
1224 3384 1254 3420 a
1280 3384 1376 3421 suo
1401 3367 1604 3429 ollicio,
1663 3380 1728 3418 eo
1749 3364 1938 3418 dillici-

362 3436 468 3488 lius
498 3438 563 3487 ad
597 3436 722 3488 illud
755 3437 909 3490 redit.
964 3437 1093 3502 Quae
1131 3452 1257 3489 vero
1291 3438 1438 3490 brevi
1468 3445 1756 3490 extenuata
1789 3444 1934 3498 sunt,

361 3505 611 3558 celeriter
636 3505 778 3558 refici
809 3513 1073 3573 poterunt,
1100 3506 1327 3559 utdocet
1359 3507 1496 3558 idem
1525 3506 1712 3559 eodem
1728 3506 1938 3572 aphori-

361 3589 499 3636 smo,
526 3585 732 3627 servata
759 3583 938 3627 tamen
969 3576 1333 3628 moderatione
1351 3575 1547 3628 debita.
1579 3573 1711 3627 Nam
1733 3574 1937 3627 subita-

362 3644 440 3700 ria
471 3643 574 3713 cibi
611 3645 830 3697 satietas
880 3645 1162 3697 admodum
1191 3645 1490 3713 periculosa
1518 3659 1601 3699 est
1625 3646 1693 3697 ab
1735 3643 1932 3698 inedia.

432 3714 459 3752 b
494 3711 595 3766 Sed
629 3730 743 3766 cum
787 3715 921 3766 vires
969 3711 1240 3782 pristinas,
1267 3725 1374 3769 etc.
1416 3715 1539 3768 llaec
1592 3714 1935 3783 reperiuntur

361 3783 416 3909 ξι
456 3785 616 3852 epist.
647 3785 1022 3906 SﬁAugustini
1046 3784 1166 3850 109,
1205 3796 1259 3840 et
1283 3785 1336 3840 in
1374 3785 1573 3856 Regula
1600 3799 1819 3850 excusa,
1844 3800 1934 3839 eo-

398 3869 483 3907 em
515 3869 631 3909 caD.
738 3894 750 3906 .

398 3869 483 3907 em
515 3869 631 3922 cap.
664 3869 685 3906 1
709 3869 750 3906 ι.

433 3935 479 3996 εὴ
503 3921 591 3976 Nc,
611 3924 711 3978 cibi
739 3941 824 3979 eos
851 3935 1020 3996 teneat
1049 3924 1302 3996 voluptas.
1335 3927 1412 3981 lla
1453 3927 1506 3980 in
1537 3927 1655 3982 cod.
1687 3924 1847 3980 Corb.
1879 3933 1934 3980 et

360 3994 414 4049 in
435 3995 582 4070 _lleg.
605 4011 825 4070 excusa.
859 3994 1188 4070 Smaragdus
1217 3999 1386 4070 legit:
1422 3997 1532 4051 Nec
1561 4014 1647 4050 eos
1669 3997 1928 4070 ibiteneat

359 4063 616 4134 uoluptas.
687 4065 744 4118 In
798 4067 982 4134 epist.,
1037 4063 1126 4120 nec
1171 4063 1385 4121 eas'ibi
1442 4077 1611 4121 teneat
1671 4067 1927 4134 voluptas.

361 4131 638 4259 ged'p‘rios
659 4135 818 4191 lectio
831 4131 1024 4206 'potior
1043 4145 1148 4203 est,
1178 4153 1340 4207 quam
1372 4138 1534 4193 etiam
1559 4131 1803 4207 agnoscit
1833 4151 1927 4190 co-

396 4219 461 4259 ex
553 4223 602 4258 ιη
647 4245 661 4258 .

396 4219 461 4259 ex
510 4219 661 4259 thu.

429 4273 455 4312 ἀ
491 4273 617 4348 lant
647 4287 864 4348 vegetos.
899 4278 975 4332 [ta
1005 4279 1058 4332 in
1089 4278 1209 4332 cod.
1238 4277 1400 4334 Corb.
1433 4278 1489 4332 ln
1521 4276 1770 4348 epistola,
1797 4346 1804 4348 ξ
1812 4277 1928 4345 jam

361 4355 581 4424 uegetas.
599 4346 655 4399 lu
675 4346 877 4424 Regula
892 4364 1094 4424 excusa
1109 4359 1165 4404 et
1180 4350 1323 4418 apud
1337 4346 1692 4418 Smaragdum
1707 4346 1922 4417 legitur,

354 4418 473 4484 jam
510 4418 792 4486 pegetatos.
828 4418 1062 4474 Rectius.
1164 4439 1166 4443 ·

436 4494 458 4522 ε
500 4483 591 4538 Illi
617 4503 670 4540 se
702 4489 1013 4543 existiment.
1045 4489 1120 4543 lta
1146 4490 1198 4544 in
1228 4491 1347 4544 cod.
1388 4489 1550 4545 Corb.
1581 4497 1760 4552 recte;
1797 4504 1923 4543 nam

361 4553 414 4630 _in
445 4556 600 4630 epist.
640 4557 706 4611 ad
736 4561 1170 4630 sanctimoniales
1196 4561 1405 4630 legitur.
1447 4560 1572 4613 illan
1599 4559 1926 4630 Smaragdus

359 4623 510 4705 legit,
529 4626 646 4681 illos
673 4629 1020 4684 wstimentJn
1046 4623 1470 4704 Regula'excusa
1495 4629 1613 4684 illos
1644 4623 1926 4697 existimet,

359 4707 464 4748 DOII
490 4705 564 4750 lla
597 4707 764 4752 recte.

334 4805 373 4841 λ,
436 4764 455 4802 ί
513 4765 683 4841 Quam
714 4769 830 4841 plus
867 4785 1055 4841 agere.
1083 4770 1242 4841 Lege,
1275 4788 1432 4840 quam
1459 4771 1576 4841 plus
1617 4772 1824 4825 habere.
1855 4769 1934 4841 lta

437 4786 450 4802 -
513 4786 683 4831 uuam
749 4786 830 4822 tus
867 4786 1038 4838 agere.
1083 4786 1242 4841 Lege,
1275 4788 1432 4840 quam
1459 4786 1576 4841 plus
1617 4786 1824 4825 nabere.
1855 4786 1929 4824 tta

360 4833 414 4888 in
441 4786 747 4912 coa._Vjtivl:
776 4848 832 4892 et
855 4839 1014 4912 Corb.
1037 4840 1097 4896 In
1124 4840 1328 4910 Regula
1351 4857 1572 4908 excusa,
1603 4843 1658 4897 iu
1683 4840 1929 4912 epistola,

359 4913 415 4958 et
441 4907 580 4976 apud
613 4905 989 4976 Smaragtlum.

434 4978 458 5015 ε
489 4975 1077 5052 ιέᾳυαρνωῃέιὶθιιθιυιυ
1106 4981 1389 5052 inRegula
1412 4982 1554 5036 edita
1572 4981 1629 5035 S.
1648 4978 1933 5052 Augustini

360 5059 478 5112 cap.
506 5048 593 5100 51.
616 5049 770 5116 Apud
795 5048 1147 5119 Smaragdum
1169 5048 1384 5120 legitur,
1407 5048 1929 5120 lavacruminﬁrmis.

428 5115 457 5154 λι
499 5115 676 5170 Etiam
707 5135 1004 5177 corporum.
1037 5121 1206 5174 ltain
1245 5122 1363 5177 cod.
1426 5137 1528 5175 ms.
1577 5121 1737 5176 Corb.
1793 5129 1850 5175 et
1877 5121 1929 5174 in

329 5145 332 5147 λ
428 5131 457 5154 ιι
499 5131 676 5170 Atiam
707 5135 1004 5176 corporum.
1037 5131 1206 5174 ltatn
1245 5131 1363 5176 cod.
1426 5137 1528 5175 ms.
1577 5131 1737 5176 Corb.
1793 5131 1850 5175 et
1877 5136 1934 5174 tn

428 5137 457 5154 ιι
499 5137 676 5170 uuam
707 5137 1004 5188 corporum.
1037 5137 1206 5174 nam
1245 5137 1363 5177 cou.
1426 5137 1528 5175 ms.
1577 5137 1737 5176 hort).
1793 5137 1850 5175 et

360 5184 841 5264 epistolaD._Aug.
871 5191 938 5264 in
970 5190 1180 5264 ltegula
1209 5207 1425 5264 excusa,
1457 5193 1614 5264 etiam
1630 5191 1859 5264 corpori.

438 5256 467 5326 ii
496 5256 660 5325 Cujus
684 5256 1005 5326 inﬁrmitatis
1048 5256 1346 5315 necessitas.
1379 5262 1456 5316 lta
1507 5263 1559 5315 in
1596 5256 1731 5316 mss;
1771 5259 1928 5314 Vind.

361 5331 414 5410 et
443 5325 604 5406 Corb.
633 5325 745 5410 _lta
765 5331 928 5384 etiam
953 5329 1006 5384 in
1053 5331 1315 5410 cpistola._
1342 5332 1406 5410 _ln
1432 5348 1542 5410 qua
1567 5342 1570 5346 '
1594 5342 1773 5385 tamen
1814 5338 1936 5410 post

357 5398 416 5472 re
443 5398 592 5472 cujus
632 5398 844 5469 legitur,
871 5411 1045 5454 autent
1082 5398 1104 5456 Ξ
1131 5404 1256 5472 quia
1284 5402 1353 5456 ibi
1385 5398 1573 5470 incipit
1602 5417 1734 5455 nova
1759 5398 1933 5470 perio-

362 5465 462 5518 dus
509 5470 578 5522 ob
623 5465 867 5543 quietiam
914 5473 1098 5536 verba,
1148 5465 1266 5543 qua:
1293 5477 1350 5527 τὸ
1401 5465 1553 5542 cujus
1603 5465 1930 5543 praecedant,

361 5549 480 5614 qua;
497 5553 668 5614 neque
686 5541 793 5605 hic,
821 5555 990 5614 neque
1007 5543 1058 5595 in
1086 5541 1288 5613 Regula
1306 5543 1363 5614 S.
1388 5541 1673 5614 Augustini
1696 5550 1930 5614 existant.

360 5603 643 5682 l‘n-Begu'la
670 5603 868 5666 excusa
881 5603 1094 5682 legitur,
1119 5603 1592 5681 tumin/inuitatis,
1611 5619 1716 5667 etc.
1743 5611 1929 5668 Recte.

362 5673 918 5753 ApIud'Smaragdum,
933 5673 978 5735 si
1002 5673 1297 5737 necessitas.

436 5747 454 5834 ξ
483 5747 559 5802 De
582 5747 796 5834 consitio
819 5752 1108 5834 medicinm.
1135 5753 1210 5834 Ita
1229 5753 1286 5834 in
1316 5753 1434 5834 cod.
1463 5752 1708 5834 Corb..“et
1727 5753 1781 5808 in
1800 5752 1929 5834 Reg.

363 5829 561 5893 excusa
586 5835 601 5880 ;
653 5822 1059 5893 sedinepistola
1080 5825 1328 5888 habetur,
1362 5823 1439 5877 De
1472 5823 1690 5878 consilio
1720 5822 1929 5878 medici.

437 5887 464 5928 ιι
506 5888 630 5944 Non
660 5887 924 5947 obauditit.
959 5892 1018 5952 ln
1041 5893 1266 5966 epistola
1304 5887 1360 5953 et
1391 5894 1446 5953 in
1475 5893 1680 5965 Regula
1706 5893 1853 5953 edita
1876 5902 1934 5954 et

1955 4596 2009 4657 D

2046 3293 2140 3353 tit.‘
2164 3298 2270 3351 l5:
2307 3317 2325 3349 ε
2374 3297 2443 3352 Ut
2476 3293 2674 3352 soli'et
2703 3299 2818 3352 sine
2847 3296 2952 3350 alio
2993 3297 3158 3350 fratre
3187 3295 3240 3348 in
3273 3295 3355 3346 via
3387 3310 3492 3348 non
3527 3293 3609 3346 di-

2042 3370 2305 3440 rigantur.
2347 3387 2375 3440 »ί
2408 3367 2465 3420 S.
2498 3368 2816 3440 Pachomius
2860 3369 2911 3420 in
2956 3367 3153 3440 Regula
3183 3379 3299 3440 cap.
3333 3363 3395 3415 2|
3439 3377 3454 3415 :
3497 3381 3514 3412 ι
3555 3360 3610 3417 Si

2040 3434 2204 3494 fue'rit
2228 3439 2530 3492 nuntiatum
2553 3439 2694 3504 quod
2723 3439 2790 3490 de
2835 3434 3149 3506 prepinquis
3193 3434 3603 3506 quisargrotet,

2031 3506 2238 3576 janitor
2286 3509 2492 3576 primus
2535 3502 2803 3559 nuntiahit
2835 3502 2999 3558 'Patri
3047 3502 3607 3576 monasterii,“et_'ille

2040 3571 2668 3645 acetum-interrogabit
2712 3576 3055 3645 pratpositum
3081 3575 3288 3645 domus.
3349 3571 3612 3645 Videbunt

2037 3649 2231 3709 virum,
2263 3647 2419 3714 cujus
2444 3642 2574 3700 lidés
2597 3656 2649 3698 et
2675 3642 3214 3714 disciplinaprobata
3244 3644 3336 3714 sit,
3388 3642 3609 3714 etgmit-

2041 3725 2154 3772 tent
2182 3735 2302 3772 cum
2330 3711 2420 3778 eo,
2457 3726 2516 3770 ut
2545 3716 2764 3770 visitent
2785 3711 3154 3784 :cgrotantem.
3195 3733 3213 3765 ι
3247 3713 3412 3767 Recta
3448 3711 3611 3784 insti-

2038 3789 2195 3852 tutio,
2222 3788 2637 3842 ntcustodiatur
2671 3787 2761 3856 qui
2787 3783 2924 3840 forte
2948 3785 3080 3839 levis
3125 3793 3269 3839 esset
3291 3800 3319 3856 a_
3343 3783 3605 3856 sapiente.

2037 3857 2400 3924 Quamobrem
2435 3857 2492 3912 S.
2519 3852 2888 3912 Isidorusluco
2917 3857 3083 3910 citato
3106 3870 3212 3909 non
3237 3854 3347 3907 vult
3363 3852 3611 3924 juniores

2036 3921 2234 3983 fratres
2271 3938 2327 3984 ct
2355 3944 2544 3984 recens
2567 3943 2858 3982 conversos
2879 3926 3022 3980 foras
3043 3924 3290 3995 progredi
3326 3921 3430 3995 me
3467 3921 3608 3995 forte

2035 3999 2198 4054 citius
2243 4014 2348 4054 non
2401 3998 2534 4054 satis
2586 3997 2692 4052 alte
2735 3997 2909 4056 defixa
2952 3992 3418 4050 avolet'devotio.
3469 4011 3486 4043 ‹
3530 3992 3610 4048 Ne

2035 4069 2248 4124 inlirma
2305 4079 2470 4134 tetas,
2527 4069 2718 4138 inquit,
2769 4069 2949 4123 carnis
2984 4067 3274 4138 desiderio!
3307 4063 3602 4134 polluatur,

2035 4149 2128 4194 aut
2165 4140 2316 4196 rudis
2354 4136 2700 4196 conversatio
2729 4139 2797 4194 ad
2833 4137 3016 4194 sa3culi
3046 4136 3373 4193 desiderium
3423 4149 3608 4190 rever-

2034 4219 2196 4266 tatur.
2238 4231 2256 4262 ι

2104 4291 2133 4318 ιι
2174 4280 2286 4335 Nec
2304 4281 2396 4354 ille
2416 4280 2704 4354 qui/iubet,
2741 4288 2846 4335 etc.
2885 4279 3151 4354 Prteclara
3177 4273 3608 4354 sane__institutio

2033 4360 2088 4406 et
2123 4359 2273 4406 tanto
2303 4345 2462 4406 Patre
2488 4345 2809 4422 idigna,iqua
2838 4350 3148 4422 occurritur
3172 4345 3428 4422 pec_uliari
3467 4346 3608 4398 inter

2032 4423 2328 4476 monachos
2354 4416 2739 4483 familiaritati,
2761 4436 2864 4488 qua
2893 4417 3202 4488 nihilipejus
3230 4416 3341 4469 vita
3371 4429 3606 4484 unquam

2037 4491 2335 4546 monastica
2364 4492 2502 4544 tulit.
2528 4491 2634 4545 Sed
2664 4490 2730 4543 de
2751 4487 2852 4542 hac
2882 4487 3114 4542 reinfra.

2109 4569 2133 4596 ο
2172 4560 2569 4630 Λῖθνοιαηιὶηηι
2602 4575 2749 4621 cura,
2782 4566 2898 4630 _etc.
2924 4558 3164 4612 llabetur
3197 4553 3250 4609 in
3285 4552 3488 4624 Regula
3519 4569 3608 4609 ex-

2037 4645 2166 4686 cusa
2280 4630 2608 4702 Augustini,
2627 4643 2747 4702 cap.
2781 4627 2868 4702 ὃξ.

2108 4713 2134 4752 r
2174 4700 2346 4754 Etiam
2368 4693 2493 4754 'sine
2540 4693 2787 4769 febribus.
2822 4697 2989 4753 Recta
3038 4696 3216 4752 lectio.
3251 4693 3385 4769 Nam
3417 4710 3608 4769 sensus

2035 4781 2136 4836 est,
2164 4779 2224 4826 ut
2249 4766 2623 4841 :cgrotantium
2639 4784 2790 4833 cura,
2820 4769 2934 4841 sive
2960 4783 3144 4824 eorum
3174 4767 3264 4841 qui
3302 4774 3422 4841 post
3447 4766 3602 4841 aegri-

2036 4835 2278 4914 tudinem
2298 4835 2764 4914 'reficiendisunt,
2807 4839 2921 4894 sive
2945 4853 3134 4914 eorum
3157 4835 3254 4914 qui
3284 4835 3462 4914 aliqua
3483 4835 3606 4889 ‘im-

2034 4913 2324 4968 becillitate
2354 4928 2448 4967 seu
2475 4911 2664 4964 morbo
2695 4910 2961 4974 laborant,
3015 4909 3118 4963 etsi
3146 4905 3291 4960 nullo
3328 4905 3496 4960 febris
3519 4920 3605 4959 ar-

2035 4983 2165 5055 dore
2193 4983 2590 5055 decoquantur,
2621 4979 2780 5055 alicui
2814 4973 2990 5034 detur.
3016 4979 3082 5032 Et
3117 4978 3232 5031 hate
3257 4975 3421 5055 lectio
3441 4973 3605 5030 habe-

2034 5061 2123 5107 tur
2151 5053 2203 5106 in
2227 5054 2345 5107 cod.
2375 5052 2529 5106 Vind.
2547 5053 2651 5105 etsi
2675 5067 2704 5104 a
2721 5061 3028 5105 correctore
3043 5056 3298 5116 appareat
3320 5052 3602 5114 scriptum,

2034 5124 2158 5185 sive,
2217 5137 2340 5176 cum
2371 5130 2526 5174 antea
2559 5129 2724 5185 esset,
2775 5121 2905 5173 sine.
2957 5118 3028 5172 At
3065 5115 3119 5170 in
3164 5115 3363 5185 Regula
3405 5130 3605 5185 excusa

2034 5184 2252 5261 legitur,
2285 5193 2412 5262 (sive
2474 5191 2652 5262 aliqua
2702 5184 3105 5262 imbecillitate,‘
3141 5184 3263 5240 sive
3304 5187 3496 5262 etiam“
3527 5184 3605 5254 fe-

2039 5253 2216 5316 br‘ibus
2241 5253 2248 5256 ’
2273 5253 2647 5315 laborantium.
2701 5261 2756 5314 ln
2794 5257 3023 5330 cpistola
3071 5272 3197 5330 vero
3233 5275 3243 5309 :
3278 5255 3380 5330 siue
3426 5253 3605 5330 aliqua

2035 5331 2388 5386 imbecillitate
2420 5333 2610 5393 etiam;
2660 5331 2764 5384 sive
2807 5326 3035 5399 febribus
3079 5326 3448 5399 laborantium.
3497 5326 3606 5399 sed

2035 5412 2265 5472 uterque
2310 5401 2460 5456 locus
2512 5395 2942 5472 corrttptus'_est,
2985 5407 3040 5452 et
3082 5411 3154 5472 ett
3184 5395 3605 5472 _nostr_is_cotli-

2034 5465 2193 5528 cibus
2223 5487 2351 5526 mss.
2395 5465 2759 5541 castigandus.
2787 5468 2922 5522 Nam
2953 5483 3092 5541 cum
3127 5466 3294 5541 febris
3322 5465 3602 5541 Asi_t_imb‘e-

2035 5543 2252 5666 gillitas,
2285 5533 2563 5649 quprsum"
2585 5539 2868 5609 repetitur,
2917 5539 3021 5593 sive
3068 5539 3226 5592 etiam
3263 5535 3490 5606 febribus
3522 5533 3601 5591 la-

2069 5624 2363 5666 Orantmm.

2069 5615 2334 5668 orantium
2350 5614 2376 5666 ?

2104 5692 2132 5733 ιι
2171 5684 2247 5737 De.
2270 5681 2565 5737 cellarario.
2595 5680 2831 5752 Legede
2853 5680 3093 5752 cellario.
3118 5677 3197 5733 lta
3218 5677 3282 5752 in
3309 5691 3439 5752 mss.
3476 5674 3597 5732 cod.

2034 5753 2195 5836 corb.
2219 5762 2273 5808 et
2300 5753 2482 5816 Vind.,
2507 5753 2559 5806 in
2590 5749 2794 5834 Regula
2817 5767 3040 5816 excusa,
3065 5751 3118 5834 in
3146 5749 3392 5878 egigtola,
3434 5755 3603 5816 atque

2035 5835 2197 5878 etiam
2219 5824 2422 5878 Regula
2445 5822 2502 5878 S.
2527 5823 2742 5878 Caesarit
2778 5838 2977 5878 excusa
2989 5831 3168 5878 cabtte
3266 5860 3282 5878 .
3308 5828 3364 5876 et
3383 5819 3487 5877 hoc
3506 5831 3602 5874 ca.

2035 5825 2205 5894 etiam
2219 5824 2422 5894 Regula
2445 5822 2502 5878 S.
2527 5819 2742 5880 Caesarii
2778 5838 2977 5881 excusa
2989 5822 3168 5894 capite
3186 5819 3282 5890 '50,
3308 5828 3364 5876 et
3383 5819 3487 5877 hoc
3506 5831 3602 5874 ca.

2036 5897 2144 5964 pite
2178 5892 2490 5953 Concordiae
2510 5895 2676 5953 citata
