4088 6330
235 359 375 420 1097

1167 342 1560 410 CONCORDIA
1596 343 2058 405 REGULARUM.
2095 376 2166 389 —
2204 342 2356 402 CAP.
2396 341 2578 400 XLVI.

3366 340 3506 402 1098

229 491 386 538 retur
423 490 636 550 semper
677 471 732 531 in
769 471 852 530 eis
890 469 1266 538 imbecillitas,
1305 478 1362 526 et
1394 467 1700 524 nullatenus
1737 465 1817 522 eis
1843 463 2062 535 Ajusto
2090 463 2296 536 judicio
2334 461 2615 528 infantuli,
2644 466 2700 516 et
2731 457 2883 515 senio
2917 457 3198 530 provecti,
3223 467 3280 518 et
3303 461 3507 520 inﬁrmi

230 576 502 634 districtio
529 571 750 644 Regula:
788 575 1040 626 teneatur
1067 579 1093 608 α
1120 565 1173 621 in
1202 565 1505 632 alimentis;
1543 562 1637 619 sed
1665 561 1736 617 sit
1763 561 1819 616 in

230 672 314 728 eis
333 671 423 744 pia
451 663 874 732 consideratio,b
889 673 946 718 et
962 659 1299 734 praeveniant
1321 659 1486 716 horas
1505 656 1817 716 canonicas.

415 799 442 874 §
477 797 542 854 ll.
565 828 634 841 —
657 795 739 853 Ex
777 793 1000 852 Recens
1040 793 1308 852 MAGISTRI
1350 791 1488 868 (cap.
1525 792 1640 867 28).

313 948 337 976 ε
372 935 628 992 lnfantuli
657 933 682 974 ἀ
715 943 941 1004 quarta,
977 941 1130 989 sexta
1159 939 1214 988 et
1249 932 1511 999 sabbato,
1549 931 1603 986 in
1633 930 1825 987 diebus

235 1039 417 1086 tamen
444 1028 778 1093 minoribus,
816 1028 921 1082 hoc
947 1034 1050 1092 est,
1091 1025 1147 1080 in
1179 1025 1375 1080 hiemis
1412 1034 1654 1094 tempore
1686 1019 1826 1093 jeju-

236 1129 369 1178 nent
400 1139 412 1175 :
444 1120 564 1176 aliis
595 1135 726 1176 vero
753 1119 944 1174 diebus
981 1117 1049 1172 ad
1077 1124 1290 1172 sextam
1331 1115 1580 1171 reﬁciant
1607 1115 1820 1168 horam.

117 1273 140 1296 ο
233 1215 292 1272 In
315 1216 490 1272 atatis
510 1229 641 1270 vero
662 1213 854 1269 diebus
881 1220 1098 1282 quarta,
1127 1218 1280 1266 sexta
1308 1217 1362 1264 et
1391 1208 1618 1263 sabbato
1650 1205 1828 1262 infan-

234 1308 331 1362 tuli
359 1315 510 1363 sexta
535 1308 672 1362 hora
700 1304 948 1362 reﬁciant
979 1318 994 1357 :
1023 1302 1146 1358 aliis
1173 1317 1304 1388 vero
1331 1299 1520 1356 diebus
1549 1299 1709 1354 tertia
1735 1313 1824 1354 re-

233 1410 510 1457 creentur.
537 1400 674 1468 Quia
705 1399 760 1454 in
788 1397 1083 1467 majoribus
1113 1396 1302 1452 diebus
1330 1406 1354 1434 ο
1381 1394 1561 1450 minor
1584 1402 1670 1449 est
1695 1401 1826 1448 aetas

237 1491 292 1547 in
317 1491 558 1556 viribus,
592 1491 611 1529 ί
646 1489 787 1546 sicut
813 1496 870 1544 et
901 1485 1203 1543 sustinendi
1231 1499 1391 1541 sensu
1423 1485 1678 1540 discreta.
1720 1481 1828 1538 Sed

237 1584 476 1640 infantes
517 1583 586 1638 ad
629 1582 772 1637 hanc
821 1579 1214 1635 relaxationem
1260 1575 1398 1631 tales
1438 1574 1823 1645 permittimus,

235 1677 332 1748 qui
365 1679 390 1718 ε
419 1676 561 1731 intra
589 1673 874 1730 duodecim
910 1685 1082 1726 annos
1117 1669 1322 1740 degunt
1356 1675 1534 1724 aetate.
1565 1665 1830 1737 Ampliori

235 1791 369 1832 vero
395 1774 488 1845 qui
521 1771 706 1839 fuerit,
735 1771 803 1826 ad
830 1770 1059 1825 formam
1093 1774 1344 1822 teneatur
1368 1763 1659 1835 majorum.
1693 1761 1828 1817 Nam

236 1909 416 1964 aetatis
447 1923 646 1964 annum
680 1904 1004 1978 transgressi
1043 1911 1170 1961 sunt
1187 1901 1436 1978 ,_e35cludi
1465 1915 1688 1978 necesse
1716 1906 1822 1955 est.

237 1978 373 2034 Nam
406 1980 639 2050 primam
668 1973 881 2034 aetatem
899 2019 914 2043 ,
947 1993 1067 2050 qum
1089 1983 1175 2050 est
1204 1973 1468 2029 infantum
1489 2015 1522 2050 ,_
1529 1973 1632 2028 hoc
1661 1987 1828 2050 anno-

237 2067 361 2105 rum
389 2041 622 2106 termino
649 2041 1076 2125 circnmscripsit
1102 2047 1456 2125 Hippocrates
1483 2043 1626 2125 (ξουρ
1655 2041 1829 2125 medi-.-

239 2137 359 2186 cus,
392 2138 519 2192 quo,
553 2129 613 2176 ut
641 2121 715 2176 ait
743 2115 1045 2192 Macrobius
1068 2115 1254 2192 capite
1275 2117 1460 2192 citato,
1492 2115 1829 2192 dente_s_,_qui

236 2185 791 2262 primi-emerseram,
821 2191 942 2245 aliis
970 2185 1269 2262 aptioribus
1294 2188 1361 2262 ad
1384 2187 1562 2262 cibum
1594 2185 1830 2262 solidum

238 2253 589 2319 nascentibus
617 2253 831 2321 cedunt,
865 2269 920 2314 et
939 2253 1098 2331 plene
1121 2257 1416 2331 absolvitur
1445 2253 1832 2331 integritaslo-

236 2335 462 2402 quendi.
491 2333 636 2388 Idem
660 2333 817 2387 docet
845 2325 1187 2402 Moscopulus
1213 2329 1278 2402 de
1307 2327 1534 2402 Schedis
1553 2325 1831 2402 exeodem

238 2395 572 2476 Hippocrate
617 2402 833 2476 «ndica
857 2406 948 2476 μὲν
994 2395 1158 2474 ἄχρις
1208 2400 1338 2456 ἑπτὰ
1388 2400 1567 2476 ἐτέων,
1619 2395 1833 2453 ὀδόντων

239 2470 443 2552 incoli},
480 2475 534 2552 id
559 2483 660 2552 est,
699 2470 930 2552 (“infans
949 2470 1472 2552 quid'emnusquenad
1499 2477 1703 2552 septem
1735 2483 1833 2520 an-

238 2562 341 2601 nos
368 2540 549 2600 missis
581 2543 851 2600 dentibus.
893 2564 910 2595 »
948 2540 1052 2598 Sed
1088 2543 1146 2596 Β.
1176 2540 1337 2595 Pater
1374 2540 1696 2594 Benedictus
1724 2553 1834 2592 non

240 2618 318 2672 ita
358 2616 548 2671 stricte
585 2616 690 2671 hoc
729 2614 1049 2670 vocabulum
1091 2611 1356 2682 sumpsit,
1387 2618 1714 2682 secutusque
1749 2616 1834 2664 est

243 2688 502 2742 Varronis
541 2685 897 2752 sententiam,
941 2685 1035 2755 qui
1061 2679 1256 2754 pueros
1287 2679 1832 2755 abinfantibnsnon

243 2757 546 2829 distinguit,
575 2751 1105 2829 eorumquezetatem
1128 2769 1298 2829 nsque
1320 2753 1388 2808 ad
1413 2752 1659 2829 quintum
1688 2751 1835 2829 deci-

244 2846 394 2884 mum
413 2821 626 2884 annum
657 2821 942 2899 protrahit,
976 2836 1035 2881 ut
1063 2821 1232 2881 refert
1258 2821 1586 2899 censorinus
1614 2822 1734 2877 loco
1753 2821 1837 2899 _ci-

243 2909 380 2955 tato.
408 2899 558 2968 Quod
587 2891 873 2954 manifeste
897 2906 1046 2968 patet
1069 2913 1136 2952 ex
1161 2911 1282 2966 cap.
1314 2895 1383 2968 70
1407 2893 1624 2968 Regula:
1657 2911 1670 2948 :
1705 2911 1724 2943 ‹
1753 2891 1837 2946 ln-

243 2966 486 3026 fantibus
534 2987 664 3026 vero
709 2985 880 3038 usque
898 2966 986 3022 'ad
1029 2968 1275 3039 quintum
1320 2966 1588 3039 decimum
1633 2979 1836 3039 annum

245 3042 424 3116 rotatis
454 3041 748 3116 disciplinae
769 3033 1128 3116 diligentiae}
1151 3037 1396 3116 custodia
1421 3036 1743 3090 adhibeatur
1769 3033 1837 3116 ab

245 3113 518 3168 omnibus.
558 3104 718 3168 {Sed
747 3111 792 3166 si
825 3104 1054 3166 vélimus
1093 3108 1354 3181 Regulam
1390 3121 1710 3181 percurrere
1730 3147 1746 3173 ,
1775 3104 1840 3159 li-

245 3185 413 3254 quido
434 3184 707 3240 constabit
734 3178 1255 3254 nullumﬁdiscrim'en
1287 3178 1430 3254 inter
1453 3178 1559 3234 duo
1595 3179 1713 3254 h_:nc
1741 3192 1839 3254 no:

247 3247 397 3310 ruina
424 3255 491 3310 ab
521 3255 711 3311 eodem
747 3254 909 3309 Patre
937 3253 1226 3308 Benedicto
1261 3251 1425 3306 statui
1463 3265 1580 3320 cap.
1612 3248 1714 3315 '50,
1744 3247 1835 3304 ubi

245 3341 447 3396 pueros
474 3323 1016 3396 excommunicationi
1053 3321 1245 3396 subjici
1283 3330 1430 3378 vetat
1470 3339 1483 3375 :
1524 3339 1542 3373 ι
1579 3320 1834 3396 Ideoque,

247 3391 460 3466 quoties
490 3397 644 3468 pueri
674 3396 756 3450 vel
787 3391 1242 3451 adolescentiores
1270 3403 1467 3468 astate,
1498 3401 1592 3447 aut
1617 3391 1841 3462 quiimi-

248 3464 354 3522 nus
401 3464 705 3538 intelligere
738 3475 964 3538 possnnt
985 3477 1194 3538 quanta
1237 3480 1398 3534 poena
1427 3464 1497 3518 sit
1526 3477 1842 3538 excommu-

247 3531 623 3597 nicationisdii
640 3531 793 3600 tale's,
817 3537 941 3591 dum
963 3531 1301 3604 delinquunt,
1316 3555 1334 3585 ι
1355 3543 1487 3598 etc.;
1515 3549 1622 3604 quo
1643 3534 1696 3586 in
1722 3531 1840 3604 loco

247 3624 361 3662 non
403 3614 489 3662 est
530 3608 750 3661 dubium
789 3607 920 3675 quin
945 3602 1196 3674 loquatur
1225 3605 1390 3658 etiam
1418 3605 1485 3657 de
1525 3602 1839 3675 infantibus.

245 3679 396 3733 ldem
414 3686 568 3761 patet
597 3693 662 3732 ex
678 3673 954 3761 capitibus
979 3673 1070 3761 39",
1093 3676 1182 3740 59,
1207 3675 1304 3761 65;
1317 3675 1487 3761 Porro
1508 3675 1575 3761 d‘e
1597 3673 1846 3761 aetatibus

250 3763 375 3816 quae
410 3743 624 3803 facilius
661 3743 996 3802 dilliciliusve
1041 3749 1236 3800 famem
1279 3745 1491 3807 ferunt,
1535 3745 1654 3800 haec
1688 3743 1846 3799 docet

255 3818 612 3887 Hippocrates
652 3818 791 3874 libro
837 3830 853 3874 ι
898 3818 1141 3888 Aphor.,
1191 3817 1379 3887 aphor.
1435 3816 1502 3871 l3
1550 3835 1562 3870 :
1611 3819 1846 3888 Γέροντες

253 3891 578 3963 εὐφορώτατα
597 3894 830 3963 oneretur
849 3891 1061 3963 (pipoua't
1079 3931 1094 3954 ,
1126 3888 1364 3963 δεήτερον
1384 3888 1429 3943 οε
1451 3889 1843 3963 κειθισῖηκὸτες,

256 3958 445 4036 ﬁnio—rat
489 3960 756 4036 PCCszZ‘a)
799 3958 1000 4036 ’ξι-ἁνίνςυν
1039 3960 1092 4036 δέ
1128 3958 1350 4036 “(altera
1381 3958 1583 4016 παιδία.
1610 3958 1843 4036 _Id__est;

265 4051 284 4083 ι
321 4026 499 4086 Senes
514 4026 910 4099 patientissime
933 4026 1168 4082 inediam
1193 4026 1394 4099 ferunt,
1423 4029 1660 4084 secundo
1691 4028 1727 4082 ii
1753 4029 1846 4099 qui

257 4111 384 4157 sunt
413 4098 712 4157 constantis
751 4101 956 4163 aetatis,
987 4107 1171 4168 postea
1203 4098 1597 4166 adolescentes,
1626 4098 1848 4154 minime

255 4173 500 4227 omnium
527 4172 699 4242 pueri.
738 4192 755 4224 ι
795 4171 899 4226 Sed
939 4171 1026 4226 hic
1054 4170 1202 4226 locus
1232 4170 1299 4242 de
1334 4171 1418 4224 his
1441 4171 1661 4226 senibus
1691 4170 1849 4226 intel-

257 4244 504 4315 ligendus
529 4241 630 4298 est
674 4244 871 4312 quibus
909 4250 996 4296 cst
1027 4242 1195 4296 cruda
1233 4241 1530 4315 viridisque
1573 4249 1845 4315 senectus,

257 4311 366 4370 non
403 4315 468 4368 de
509 4315 576 4369 iis
606 4311 705 4383 qui
737 4323 864 4368 sunt
898 4321 1176 4369 senectute
1208 4311 1471 4378 confecti,
1512 4313 1604 4382 qui
1645 4311 1789 4366 fame

258 4333 366 4370 non
403 4329 468 4368 ae
509 4329 576 4369 ns
606 4330 698 4383 qui
737 4329 864 4368 sunt
898 4329 1176 4369 senectute
1208 4329 1471 4378 contecu,
1512 4329 1604 4382 qui
1645 4329 1789 4366 tame

258 4385 484 4440 minime
515 4384 727 4450 ferunt,
757 4392 816 4439 ut
842 4385 999 4440 docet
1030 4384 1311 4440 Cornelius
1348 4383 1536 4439 Celsus
1567 4384 1704 4438 libro
1734 4399 1751 4438 ι
1781 4329 1848 4439 (ig

257 4457 339 4511 lie
369 4457 607 4521 medica,
637 4457 811 4526 capite
837 4457 871 4511 5
907 4475 920 4510 :
957 4475 975 4506 ‹
1011 4457 1164 4523 Quod
1204 4457 1270 4510 ad
1306 4463 1495 4510 aetates
1523 4470 1654 4510 vero
1684 4455 1849 4526 perti-

261 4538 374 4592 net,
405 4527 636 4582 inediam
661 4525 914 4582 facillime
935 4529 1204 4582 sustinent
1222 4527 1414 4582 media:
1433 4535 1644 4592 aetates,
1668 4525 1848 4581 minus

252 4599 513 4669 juvenes,
546 4598 769 4669 minime
805 4599 956 4669 pueri
978 4640 992 4663 ,
1023 4607 1080 4653 et
1120 4606 1400 4654 senectute
1427 4597 1690 4669 confecti,
1727 4617 1746 4650 ι
1781 4597 1848 4653 de

259 4667 457 4740 quibus
492 4667 868 4740 intelligendus
897 4679 980 4725 est
1015 4669 1104 4724 hic
1142 4669 1317 4725 sancti
1356 4668 1633 4726 Benedicti
1674 4667 1844 4740 locus.

261 4739 449 4808 Itaque
477 4754 634 4794 scnes
664 4739 865 4809 vegeti,
905 4741 998 4809 qui
1031 4740 1424 4810 patientissime
1452 4741 1686 4796 inediam
1712 4739 1848 4795 tole-

259 4820 406 4874 rant,
438 4826 548 4882 non
571 4819 749 4865 sunta
774 4811 980 4882 jejunio
1013 4811 1307 4866 eximendi.

335 4896 381 4954 a_
402 4882 467 4934 In
497 4881 787 4954 alimentis.
808 4883 924 4936 Non
952 4883 1129 4954 quoad
1153 4883 1507 4953 quantitatem
1525 4924 1540 4951 ,
1571 4881 1697 4954 quia
1727 4897 1848 4953 cap.

262 4952 332 5008 59
363 4952 579 5024 Regula:
612 4952 860 5008 eamdem
899 4953 1006 5009 cibi
1046 4961 1102 5008 et
1128 4952 1287 5024 potus
1313 4952 1626 5009 mensuram
1668 4952 1852 5023 pueris

260 5023 489 5096 perinde
523 5038 588 5077 ac
617 5024 996 5095 grandioribus
1024 5023 1274 5080 distribui
1309 5033 1458 5080 vetat
1487 5044 1499 5080 ε
1530 5027 1658 5094 quia
1683 5040 1853 5096 angu-

264 5094 405 5166 stior
431 5094 960 5166 eorum’stomachus
986 5105 1066 5150 tot
1085 5096 1235 5151 cibos
1259 5111 1601 5166 concoquere
1628 5110 1735 5150 non
1762 5094 1855 5166 va-

263 5165 434 5231 leret;
477 5163 618 5236 sicut
655 5181 756 5221 nec
792 5163 1040 5236 frigidior
1083 5181 1272 5222 senum
1309 5163 1621 5222 stomachus
1644 5208 1660 5234 ,
1700 5164 1855 5235 cujus

264 5236 425 5308 calor
436 5235 658 5308 nativus
685 5236 850 5292 nimia
872 5235 986 5292 cibi
1011 5237 1166 5308 copia
1187 5238 1643 5308 exstingueretur,
1675 5244 1736 5293 ut
1759 5239 1855 5308 do-

265 5315 358 5362 cet
384 5305 736 5380 Hippocrates
770 5305 1220 5380 aphorismoseq.
1258 5305 1446 5379 Itaque
1470 5308 1559 5380 hic
1586 5309 1654 5364 de
1681 5307 1856 5378 quali-

267 5388 382 5434 tate
407 5379 784 5435 alimentorum
800 5381 1025 5450 quzestio
1044 5388 1128 5436 est
1149 5399 1160 5433 :
1188 5381 1262 5437 ita
1280 5389 1342 5436 ut
1359 5379 1782 5436 succulentiores
1801 5388 1856 5436 et

265 5450 614 5508 delicatiores
653 5452 773 5524 cibi,
796 5453 876 5508 eis
919 5460 1279 5524 apponantur,
1319 5462 1380 5508 ut
1419 5453 1731 5507 stomachus
1777 5466 1859 5508 re-

265 5529 517 5606 creetun;
542 5524 684 5606 quod
708 5523 1300 5606 viliores_cibi_minime
1313 5533 1586 5606 praestare
1611 5530 1855 5606 possent,

265 5601 332 5668 ut
366 5592 425 5648 S.
466 5592 798 5668 Fructuosus
839 5597 1276 5668 archiepiscopus
1313 5592 1696 5660 Bracarensis,
1735 5609 1855 5668 cap.

265 5663 374 5745 2:5,
398 5667 647 5745 praecipit
674 5667 744 5745 de
776 5669 994 5745 senibus
1025 5663 1043 5722 Ξ
1077 5663 1251 5745 cCibi
1284 5676 1462 5745 tamen
1494 5668 1698 5745 quibus
1736 5663 1861 5745 rell-

270 5738 490 5817 cinntur
520 5739 687 5817 teneri
717 5748 772 5794 et
802 5739 990 5795 molles
1010 5753 1078 5794 ex
1103 5738 1368 5794 industria
1395 5740 1464 5795 ab
1494 5738 1862 5796 hebdomada-

271 5813 372 5859 riis
403 5813 721 5874 coquantur.

349 5875 378 5918 ι)
413 5875 482 5932 Et
509 5876 831 5948 prtereniant
854 5876 1012 5932 horas
1045 5881 1351 5939 canonicos.
1379 5878 1532 5942 Hunc
1565 5884 1742 5945 locum
1784 5885 1859 5946 ita

273 6021 288 6035 .
317 6028 394 6039 -_
677 5969 950 6036 Parnm.
1002 5966 1182 6053 σωκ

1877 4581 1928 4639 D

1923 558 2116 630 aequali
2152 558 2348 614 debent
2385 555 2740 612 refcctionum
2767 551 2974 622 judicio
3001 553 3258 611 relaxari.

1924 652 1952 726 §
1988 650 2074 707 111.
2116 651 2197 706 Ex
2231 649 2452 707 Renum
2491 663 2679 705 SANCTI
2717 645 2953 703 Casam
2990 663 3226 704 EPISCOPI
3254 647 3393 720 (cap.
3431 645 3512 720 5).

1995 746 2025 786 ιι
2047 744 2278 800 Servum
2300 743 2583 814 proprium
2603 739 2735 798 nulli
2757 757 2858 798 nec
2879 740 3060 796 abbati
3087 740 3250 796 liceat
3269 741 3323 795 in
3349 740 3518 796 servi-

1927 837 2001 894 tio
2030 852 2130 894 suo
2171 836 2373 892 habere
2402 855 2414 891 :
2446 835 2572 903 sed,
2616 835 2662 891 si
2699 849 2835 906 opus
2865 833 3143 900 habuerit,
3176 834 3231 888 in
3261 833 3517 889 solatium

1927 944 2084 987 suum
2123 929 2190 985 de
2215 927 2525 999 junioribus
2553 928 2803 998 accipiat.
2848 927 2914 982 Et
2957 928 3004 982 si
3031 935 3210 998 potest
3238 927 3386 993 ﬁeri,
3427 935 3524 984 aut

1927 1020 2171 1087 difﬁcile,
2206 1029 2300 1076 aut
2337 1021 2516 1076 nullus
2553 1036 2790 1091 unquam
2822 1021 2879 1075 in
2910 1021 3299 1076 monasterium
3343 1021 3524 1076 infan-

1928 1112 2073 1167 tulus
2097 1112 2372 1183 parvulus,
2400 1112 2504 1168 nisi
2531 1112 2599 1167 ab
2620 1113 2778 1167 annis
2804 1127 2900 1167 sex
2926 1121 3018 1166 aut
3040 1123 3266 1184 septem,
3297 1115 3388 1182 qui
3405 1113 3522 1182 jam

1929 1214 1984 1262 et
2010 1205 2224 1261 litteras
2249 1205 2480 1271 discere,
2503 1215 2558 1260 et
2582 1205 2903 1260 obedientiae
2929 1205 3101 1276 possit
3122 1207 3522 1276 obtemperare,

1929 1299 2275 1370 suscipiatur.
2316 1297 2586 1354 Nobilium
2626 1298 2760 1364 ﬁlii,
2787 1299 2900 1354 sive
2929 1298 3245 1370 ignobilium
3269 1339 3284 1364 ,
3324 1297 3392 1352 ad
3423 1314 3528 1352 nu-

1930 1393 2205 1450 triendum
2228 1401 2323 1448 aut
2343 1393 2437 1448 iad
2463 1392 2767 1448 docendum
2788 1393 3006 1463 penitus
3034 1409 3140 1448 non
3163 1394 3523 1464 accipiantur.

1931 1487 1960 1562 ς
2003 1487 2093 1543 IV.
2146 1517 2218 1527 ——
2265 1485 2344 1540 Ex
2395 1485 2617 1541 REGULA
2669 1501 2857 1540 SANCTI
2905 1484 3212 1541 Funcruosn
3267 1486 3405 1557 (cap.
3447 1484 3526 1557 8).

2006 1575 2246 1643 Qualiter
2275 1575 2494 1630 debeant
2527 1592 2674 1631 senes
2707 1576 2989 1645 gubernari
3019 1577 3074 1631 in
3105 1578 3442 1632 monasterio.

2008 1667 2022 1719 i
2071 1667 2259 1724 Solent
2283 1667 2529 1738 plerique
2555 1668 2745 1724 novitii
2772 1683 2931 1724 senes
2952 1669 3138 1724 venire
3166 1671 3234 1725 ad
3254 1682 3530 1725 monaste-

1935 1763 2112 1831 rium,
2149 1772 2206 1818 et
2244 1760 2445 1819 multos
2485 1776 2552 1818 ex
2587 1761 2673 1818 his
2713 1762 3088 1833 cognoscimus
3125 1761 3151 1802 ιι
3194 1763 3534 1818 necessitatis

1929 1905 2152 1956 enarrat
2188 1895 2518 1968 Smaragdus
2550 1913 2569 1968 ξ
2603 1915 2622 1948 ‹
2659 1893 3026 1960 Ρνωυεηὶαηι,
3053 1896 3216 1968 dicit,
3248 1896 3409 1968 horas
3443 1913 3535 1950 ca-

1932 1970 2178 2034 nonicas,
2212 1968 2266 2023 id
2303 1965 2430 2023 est':
2463 1967 2521 2022 Si
2548 1965 2745 2022 fratres
2773 1976 2928 2022 sexta
2958 1967 3365 2030 comedunt,illi
3399 1967 3536 2022 hora

1932 2041 2094 2096 tertia
2121 2038 2400 2104 reﬁciant;
2435 2039 2479 2094 si
2505 2037 2703 2094 fratres
2729 2053 2869 2093 nona
2897 2079 2912 2102 ,
2941 2037 3018 2093 illi
3048 2046 3202 2093 sexta
3233 2037 3413 2092 cibum
3442 2052 3536 2093 ac-

1933 2111 2157 2182 cipiant.
2195 2130 2214 2162 ι
2250 2110 2506 2182 Magister
2538 2109 2849 2182 biecitatus
2882 2109 3022 2164 idem
3050 2109 3222 2182 ferme
3246 2109 3395 2182 dicit,
3433 2123 3536 2182 nec

1933 2178 2098 2237 ullam
2127 2182 2300 2237 tertia:
2329 2178 2518 2236 saltem
2553 2180 2866 2236 refectionis
2895 2181 3224 2235 mentionem
3256 2178 3406 2244 facit,
3439 2180 3536 2235 sed

1936 2263 2145 2310 tantum
2180 2252 2565 2317 prmventionis
2603 2253 2895 2317 horarum,
2937 2252 3097 2307 modo
3135 2261 3304 2306 sext-.c
3326 2292 3341 2316 ,
3374 2251 3536 2306 modo

1936 2341 2112 2380 nonae.
2149 2319 2277 2379 “me
2313 2323 2532 2394 quidem
2572 2323 2858 2394 explicatio
2901 2323 3086 2378 stricta
3130 2331 3246 2387 est,
3288 2331 3345 2376 et
3378 2319 3537 2394 juxta

1936 2398 2131 2452 horum
2151 2393 2376 2450 Patrum
2403 2395 2616 2464 praxim
2644 2393 2658 2448 Ξ
2685 2395 2758 2449 ita
2785 2402 2966 2449 tamen
2994 2403 3052 2450 ut
3078 2395 3162 2448 bis
3184 2393 3424 2462 quotidie
3449 2407 3538 2448 re‘

1936 2466 2151 2531 ﬁciant;
2183 2465 2674 2535 alioquiejusmodi
2705 2466 3023 2535 anticipatio
3049 2465 3129 2522 eis
3155 2479 3346 2533 parum
3372 2465 3538 2534 prod-

1937 2546 2100 2593 esset.
2135 2538 2242 2592 Sed
2269 2534 2326 2590 S.
2361 2534 2714 2602 Fructuosus,
2742 2534 2928 2606 cap.’6
2957 2536 3204 2605 Regulce,
3235 2535 3384 2589 addit
3422 2543 3536 2589 ter-

1937 2609 2068 2663 tiam
2098 2618 2153 2664 et
2193 2615 2444 2678 quartam
2471 2605 2824 2664 refectionem
2860 2607 3156 2678 infantibus
3185 2605 3306 2678 hoc;
3323 2606 3484 2678 modo
3517 2623 3534 2660 :

1944 2699 1963 2732 ι
2017 2679 2063 2734 Α
2109 2673 2300 2735 sancto
2349 2679 2555 2735 Pascha
2610 2694 2781 2750 usque
2833 2679 2900 2734 ad
2953 2677 3221 2732 Kalendas
3272 2673 3541 2733 Octobres

1937 2750 2270 2822 manducent
2289 2765 2386 2821 per
2403 2750 2644 2822 singulos
2667 2753 2781 2806 dies
2804 2758 3038 2822 quatuor
3058 2751 3226 2822 vices,
3255 2751 3322 2822 ab
3344 2756 3539 2804 octavo

1939 2821 2167 2876 Kalend.
2201 2819 2390 2876 Octob.
2431 2819 2601 2891 usque
2641 2823 2708 2877 ad
2749 2819 3019 2877 Kalendas
3061 2819 3387 2877 Decembres
3423 2831 3539 2875 tres

1941 2893 2120 2962 vices,
2165 2909 2195 2946 a
2235 2891 2490 2947 Kalendis
2537 2892 2924 2949 Decembribus
2967 2908 3138 2962 usque
3177 2892 3246 2946 ad
3287 2898 3541 2946 sanctum

1941 2961 2174 3035 Pascha,
2203 2963 2256 3017 in
2285 2971 2552 3035 poteState
2576 2965 2647 3020 sit
2677 2965 2845 3035 ipsius
2873 2961 3162 3019 cellararii.
3194 2983 3214 3035 ξ

1957 3079 1960 3084 .
2016 3047 2038 3074 ο
2084 3031 2371 3104 Infantuli,
2395 3044 2498 3090 etc.
2528 3035 2652 3091 Haec
2677 3031 2946 3091 habentur
2968 3035 3023 3090 in
3046 3034 3251 3105 Regula
3273 3049 3375 3089 ms.
3399 3031 3536 3090 Cod.

1945 3105 2120 3178 Corb.‘
2139 3107 2330 3160 eodem
2363 3107 2540 3178 capite
2573 3108 2716 3163 circa
2742 3108 3000 3162 medium.

2014 3176 2043 3218 ἀ
2087 3176 2291 3250 Quarta
2317 3176 2486 3233 scala.
2517 3178 2717 3250 Supple
2747 3178 2901 3250 feria.

2020 3261 2044 3288 θ
2085 3246 2264 3302 Minor
2292 3259 2366 3304 est
2407 3259 2535 3305 telas
2575 3246 2647 3304 in
2669 3246 2882 3306 viribus.
2911 3249 2968 3306 Id
2993 3259 3110 3318 est,
3145 3260 3277 3308 mtas
3305 3248 3542 3307 hominis

1943 3321 2125 3378 minus
2149 3320 2347 3376 virium
2376 3321 2556 3376 habet.

2023 3392 2042 3430 ί
2087 3391 2236 3446 Sicut
2273 3401 2322 3445 et
2347 3392 2642 3446 sustinendi
2666 3409 2820 3447 sensu
2851 3393 3097 3447 discreta.
3137 3393 3194 3447 Id
3232 3403 3345 3458 est,
3381 3393 3545 3450 susti-

1946 3462 2110 3533 nendi
2138 3461 2396 3517 facultate
2424 3462 2699 3533 distincta,
2729 3463 2858 3533 quia
2887 3464 3066 3519 omnis
3090 3472 3223 3519 mtas
3249 3480 3355 3520 non
3379 3466 3544 3520 habet

1946 3532 2161 3605 easde_m
2197 3533 2497 3605 sustinendi
2523 3532 2729 3605 jejunia
2753 3532 2929 3589 ’vires.

2022 3605 2048 3644 ε
2071 3600 2239 3675 _ln_lra
2269 3600 2545 3675 duodecim
2575 3600 2761 3659 annos.
2791 3605 2870 3660 Ita
2900 3606 2952 3659 in
2983 3605 3185 3675 Regula
3213 3623 3315 3662 ms.
3342 3615 3397 3662 et
3417 3607 3541 3664 cod.

1947 3671 2107 3748 Vind.
2135 3673 2290 3744 Apud
2315 3674 2673 3748 Smaragdum
2706 3675 2918 3748 legitur,
2952 3671 3105 3730 Intra
3130 3679 3427 3748 quindecim
3448 3697 3546 3734 an-

1949 3763 2064 3800 nos.
2091 3744 2148 3816 in
2181 3746 2444 3816 margine,
2475 3744 2544 3800 al.
2578 3744 2874 3802 duodecim.

2020 3817 2048 3856 ιι
2077 3813 2618 3893 servum'proprium.
2648 3817 3042 3893 Haacrcperire
3066 3830 3150 3893 est
3176 3821 3228 3875 in
3254 3821 3457 3893 Regula
3482 3822 3541 3877 S.

1949 3887 2402 3960 CmsariiexcUSa
2427 3887 2487 3943 in
2529 3891 2636 3944 ﬁne
2677 3887 2876 3960 capitis
2905 3891 3112 3960 quarti,
3147 3907 3316 3960 usque
3337 3887 3413 3947 'ad
3453 3893 3545 3948 illa

1950 3958 2142 4039 verba,
2173 3958 2246 4039 Et
2270 3960 2316 4012 si
2342 3961 2663 4039 pgteslﬁeri,
2699 3958 3175 4039 aquinlntsincipit
3202 3958 3366 4033 caput
3392 3966 3549 4039 quin-

1952 4039 2071 4102 tum
2097 4030 2336 4102 ejusdem
2363 4030 2580 4102 Regula:
2608 4050 2620 4086 :
2651 4047 2750 4088 nec
2778 4030 2809 4086 a
2843 4032 2900 4088 S.
2933 4030 3154 4088 Caesarii
3186 4030 3366 4090 mente
3392 4030 3550 4092 abest

1953 4100 2394 4176 S._Benedictu_s,
2424 4100 2527 4176 qui
2557 4102 2730 4176 nullos
2771 4105 2952 4160 abbati
2993 4121 3180 4160 servos
3229 4105 3544 4176 assignavit,

1951 4173 2048 4248 sed
2086 4173 2141 4227 in
2177 4173 2408 4248 coquina
2445 4175 2656 4230 abbatis
2680 4184 2738 4248 et
2778 4176 3049 4248 hospitum
3077 4178 3212 4234 duos
3247 4173 3547 4235 monachos

1951 4245 2020 4300 ad
2044 4259 2246 4300 annum
2269 4246 2577 4300 ministrare
2603 4247 2790 4302 voluit.

2030 4315 2168 4369 iAd
2229 4316 2540 4371 docendum.
2597 4315 2711 4372 Hac
2762 4319 3101 4374 institutione
3155 4321 3547 4376 monachorum

1949 4387 2338 4459 tranquillitati
2369 4389 2690 4459 consulitur.
2719 4388 2862 4443 Idem
2893 4391 3154 4444 statuitur
3185 4392 3366 4445 Addit.
3399 4407 3412 4443 l
3444 4390 3548 4446 Ca-

1945 4457 2202 4530 pitularis
2229 4457 2485 4530 Ludovici
2512 4458 2892 4530 imperatoris,
2921 4461 3004 4514 tit.
3037 4459 3104 4513 45
3145 4479 3156 4513 :
3200 4471 3254 4514 ut
3280 4460 3459 4514 schola
3489 4463 3547 4514 in

1952 4528 2270 4614 monasterio
2301 4546 2404 4582 non
2427 4529 2703 4594 habeatur,
2733 4530 2838 4614 nisi
2871 4547 3052 4612 eorum
3083 4533 3174 4614 qui
3204 4530 3370 4614 oblati
3400 4541 3544 4614 situt.

1952 4598 2270 4673 gontrarius
2307 4608 2503 4673 tamen
2529 4615 2660 4673 usus
2696 4599 2987 4673 videturin
3025 4598 3254 4670 cpistola
3287 4603 3548 4673 synodica

1953 4669 2233 4726 Theodulﬁ
2269 4671 2511 4742 episcopi
2547 4670 2984 4742 Aurelianensis,
3017 4669 3071 4726 η.
3109 4673 3174 4728 l9
3213 4690 3225 4726 :
3267 4691 3286 4724 ι
3318 4669 3382 4727 ’51
3425 4674 3548 4742 quis

1951 4757 2020 4797 ex
2056 4741 2391 4811 presbyteris
2432 4740 2661 4813 Volnerit
2697 4749 2946 4813 nepotem
2989 4759 3146 4798 suum
3187 4752 3278 4798 aut
3307 4740 3546 4813 aliquem

1952 4815 2410 4885 consanguineum
2455 4813 2522 4867 ad
2573 4812 2822 4885 scholam
2854 4813 3070 4869 mittere
3114 4815 3167 4870 in
3209 4812 3438 4870 ecclesia
3482 4815 3541 4870 S.

1952 4882 2146 4939 Crucis
2165 4882 2338 4939 autin
2361 4883 2694 4940 monasterio
2715 4883 2772 4938 S.
2798 4883 3014 4953 Aniani,
3045 4885 3219 4941 autS.
3246 4887 3544 4952 Benedicti,

1953 4962 2047 5011 aut
2075 4955 2133 5010 S.
2165 4954 2446 5025 Liphardi,
2477 4954 2644 5010 autin
2671 4957 2882 5011 caateris
2906 4956 2974 5011 iis
3007 4957 3271 5014 ccenobiis
3301 4972 3421 5026 qua:
3448 4973 3547 5012 no-

1952 5027 2038 5082 bis
2066 5026 2135 5082 ad
2161 5027 2453 5098 regendum
2479 5041 2736 5098 concessit
2779 5034 2934 5092 sunt,
2967 5029 3016 5084 ei
3049 5028 3320 5098 licentiam
3350 5041 3546 5084 conce-

1954 5098 2152 5154 dimus.
2192 5118 2211 5150 ›
2230 5096 2310 5152 Ίιι
2336 5099 2664 5154 monasterio
2691 5096 2945 5154 Fuldensi
2973 5099 3170 5153 scholae
3206 5097 3452 5163 fuerunt,
3479 5105 3544 5155 ut

1953 5169 2140 5241 videre
2185 5176 2269 5241 est
2311 5170 2454 5239 apud
2485 5168 2832 5241 Browerum,
2875 5168 3106 5241 captiin,
3145 5168 3238 5224 lib.
3276 5185 3314 5234 ι,
3352 5168 3538 5241 Antiq.

1955 5239 2338 5305 Fuldensium;
2380 5241 2433 5295 in
2473 5240 2806 5295 monasterio
2841 5241 2899 5294 S.
2939 5239 3112 5306 Galli,
3144 5247 3204 5293 ut
3231 5248 3447 5295 constat
3473 5239 3542 5297 ex

1956 5309 2240 5382 Ekkeardo
2278 5311 2493 5382 juniore
2539 5311 2679 5382 libro
2720 5312 2790 5382 de
2839 5309 3075 5382 Casibus
3115 5311 3429 5366 monasterii
3481 5310 3536 5366 S.

1957 5381 2134 5454 Galli,
2157 5392 2214 5438 et
2239 5380 2308 5438 ei
2333 5383 2485 5439 Actis
2513 5383 2571 5439 S.
2613 5381 2833 5454 Notkeri
2857 5389 2911 5438 et
2942 5380 3000 5437 S.
3033 5381 3268 5438 Udalrici
3307 5382 3546 5454 episcopi

1956 5452 2279 5524 Augufstani,
2308 5464 2363 5511 et
2393 5455 2448 5510 in
2473 5454 2658 5509 multis
2683 5453 2826 5507 aliis.

2034 5522 2066 5575 i‘
2096 5523 2274 5598 §olent
2298 5526 2547 5598 plerique.
2575 5524 2703 5598 Haec
2729 5524 2995 5598 habentur
3020 5523 3238 5598 quidem
3256 5525 3314 5598 in
3341 5522 3549 5598 Regula

1959 5611 2064 5652 ms.
2098 5595 2156 5651 S.
2188 5592 2473 5653 Fructuosi
2502 5596 2742 5667 episc0pi
2781 5592 3141 5659 Bracaretisis,
3177 5595 3270 5667 sed
3303 5592 3548 5667 capf24,

1961 5667 2281 5794 ἓξὲξῃῖἓέξί
2321 5665 2601 5726 dubitandi
2635 5665 2813 5722 locum
2859 5667 3064 5738 przebet
3101 5683 3170 5723 an
3211 5666 3283 5722 sit
3322 5665 3548 5722 alterius

2007 5740 2271 5795 ructuosi.
3549 5772 3559 5788 ι

2036 5811 2064 5850 ιι
2104 5811 2444 5866 Necessilalis
2478 5807 2904 5864 imbecillitatem.
2940 5805 3105 5863 Paulo
3147 5813 3268 5878 post
3298 5805 3495 5878 legitur
3523 5816 3547 5860 :

1968 5882 2046 5940 0b
2080 5882 2344 5955 religionis
2384 5882 2625 5946 obtentu;
2660 5881 2755 5938 sed
2794 5876 3168 5938 transferendo
3207 5876 3552 5950 ριέεροεὶιίοο

3034 5971 3112 6033 35
