4066 6342
270 407 297 463 1
314 404 412 462 109

1192 391 1582 452 CONCORDIA
1620 389 2078 448 REGULABUM.
2119 425 2188 437 -—
2225 397 2378 454 CAP.
2415 397 2620 454 XLVII.

3388 394 3523 451 1010

269 516 468 586 cipiat;
496 510 590 568 sed
609 507 773 565 verbo
785 506 882 564 Dei
911 508 1093 563 anima
1110 514 1368 579 pascatur
1392 505 1654 560 Θευΐῖοιιει
1680 516 1703 544 ⁸
1723 502 1853 558 01³³-
1880 507 1929 567 Α
1957 506 2115 564 debet
2150 525 2270 566 esse
2300 513 2552 570 introitus
2581 513 2848 569 dominico
2877 511 2964 567 die
2991 527 3097 582 quo
3123 510 3527 567 hebdomadarii

272 607 515 670 tionibus
601 612 791 659 vacate
855 602 1006 660 horis
1065 609 1119 657 et
1175 601 1508 674 temporibus
1574 597 1852 652 institutis.

271 702 302 742 ι)
321 698 554 756 Psalmis
577 704 631 752 et
653 696 886 768 hymnis,
904 711 1026 751 cum
1048 696 1308 762 Dominus
1329 703 1605 760 exoratur,
1623 707 1684 747 ea
1708 691 1857 762 plan-

277 801 466 848 tentur
489 790 543 844 in
573 788 754 853 corde,
787 802 906 858 qua:
929 785 1279 860 proferuntur
1309 785 1362 860 in
1389 800 1538 840 voce.

277 886 304 956 §
348 881 459 937 ΧΠ.
482 910 555 922 -
581 878 714 942 [rex
754 893 824 953 sx
863 876 1083 951 fiscum
1119 874 1495 940 .Omsnuunu
1539 871 1679 945 (cap.
1710 871 1854 944 151).

352 984 374 1013 ε
417 971 571 1039 Quod
619 970 665 1026 si
712 969 909 1046 aliquis
958 967 1168 1040 locutus
1215 964 1400 1031 fuerit,
1446 965 1531 1021 vel
1578 964 1758 1020 riserit
1803 963 1858 1018 in

273 1064 573 1129 vescendo,
605 1063 915 1132 increpetur
941 1068 996 1114 et
1023 1067 1147 1130 agat
1171 1056 1569 1129 pmnitentiam.
1599 1053 1625 1096 ά
1652 1055 1708 1110 Si
1740 1054 1861 1126 quis

277 1159 348 1213 ad
390 1155 824 1225 manducandum
879 1151 1101 1231 tardius
1130 1151 1360 1230 venerit.
1387 1151 1591 1221 absque
1639 1149 1862 1220 majoris

279 1251 529 1320 imperio,
562 1247 814 1306 similiter
861 1255 986 1318 agat
1024 1245 1421 1320 paenitentiam,
1460 1250 1552 1297 aut
1577 1243 1642 1298 ad
1671 1241 1860 1298 cellam

279 1357 435 1400 suam
463 1340 682 1412 jejunus
711 1347 1038 1396 revertatur.
1073 1348 1097 1376 ο
1136 1337 1194 1394 Si
1230 1336 1434 1410 aliquid
1469 1335 1632 1391 fuerit
1679 1348 1863 1389 neces-

280 1437 486 1492 sarium
536 1435 589 1490 in
627 1448 836 1498 mensa,
888 1446 1046 1487 nemo
1078 1430 1298 1485 audebit
1343 1429 1530 1502 loqui:
1569 1429 1663 1500 sed
1708 1429 1865 1484 mini-

281 1530 586 1586 strantibus
618 1527 639 1567 ί
671 1527 791 1583 soni
819 1526 1030 1598 signum
1059 1523 1230 1580 dabit.
1267 1525 1291 1563 ⁸
1322 1523 1551 1579 Ministri
1583 1537 1710 1576 vero
1739 1521 1866 1576 abs-

280 1640 390 1693 que
431 1624 540 1687 his,
573 1637 694 1693 qua:
743 1621 796 1676 in
845 1633 1135 1676 commune
1188 1616 1452 1672 fratribus
1491 1623 1678 1685 parata
1721 1624 1864 1678 sunt,

282 1717 417 1772 nihil
468 1715 612 1772 aliud
651 1714 1104 1770 comedantznec
1155 1717 1394 1764 mutatos
1432 1707 1584 1764 cibos
1628 1706 1729 1761 sibi
1777 1723 1871 1760 au-

1957 601 2202 670 coquina:
2228 603 2603 673 ingrediuntur
2628 606 2681 660 in
2707 605 3081 674 septimanam.
3140 602 3291 658 Tunc
3335 609 3388 656 et
3429 602 3532 658 i\te

1957 689 2126 748 frater
2164 694 2230 747 ad
2271 703 2435 750 sexta:
2479 695 2627 750 horae
2672 693 3021 749 refectionem
3066 700 3190 763 post
3225 707 3439 748 versum
3480 698 3535 746 et

1959 788 2262 843 orationem
2297 805 2518 855 mensae.
2542 805 2666 846 cum
2692 790 2859 866 abbas
2891 789 2942 844 in
2971 804 3066 843 sua
3089 788 3346 844 cathedra
3377 787 3533 866 sede.-

1960 881 2051 949 rit,
2106 892 2399 953 antequam
2444 884 2472 924 Ιι
2519 883 2757 939 canister
2811 897 2932 937 cum
2985 881 3258 936 consuetis
3305 881 3537 950 panibus

1961 976 2180 1033 troclea:
2231 975 2358 1032 fune
2387 978 2695 1043 descendat,
2734 984 2864 1030 tunc
2909 974 3144 1028 insinuet
3178 986 3308 1028 voce
3343 987 3458 1035 sua,
3492 971 3539 1027 is

1963 1069 2054 1138 qui
2095 1069 2334 1130 lecturus
2369 1079 2453 1124 est
2491 1069 2677 1124 dicens
2704 1084 2717 1123 :
2744 1065 2956 1133 Jubcte,
2986 1064 3188 1120 domini
3215 1065 3344 1128 mei,
3380 1077 3540 1118 orare

1962 1177 2061 1234 pro
2115 1177 2240 1227 me,
2291 1162 2416 1232 quia
2473 1160 2746 1232 ingredior
2801 1159 2855 1213 in
2910 1142 3246 1213 hebdomada
3294 1153 3542 1208 lectionis

1963 1253 2239 1310 mensalis.
2295 1254 2418 1309 Mox
2466 1269 2695 1326 surgens
2741 1251 2907 1306 abbas
2954 1264 3078 1303 cum
3119 1247 3262 1304 omni
3312 1260 3542 1316 congre-

1965 1346 2182 1418 gatione
2219 1345 2340 1400 lixis
2378 1345 2430 1400 in
2461 1353 2605 1399 terra
2644 1343 2871 1416 genibus
2904 1348 3022 1395 oret
3053 1355 3174 1393 cum
3201 1353 3286 1393 eo.
3323 1336 3392 1392 Et
3420 1349 3543 1415 cum

1966 1437 2324 1503 surrexerint,
2366 1437 2508 1504 dicat
2555 1451 2727 1489 novus
2770 1431 3224 1489 hebdomadarius
3254 1429 3395 1484 hunc
3425 1443 3549 1482 vero

1967 1545 2118 1584 sum:
2145 1529 2387 1592 Domine,
2412 1527 2551 1582 labia
2583 1544 2696 1581 mea
2732 1526 2952 1596 aperies,
2977 1534 3026 1579 et
3052 1540 3109 1577 os
3143 1539 3314 1577 meum
3342 1538 3548 1576 annun-

1969 1618 2118 1690 tiabit
2155 1617 2362 1672 Iaudem
2395 1629 2540 1672 tuam
2579 1616 2751 1688 (Psal.
2781 1614 2855 1686 1.).
2907 1611 2924 1653 ι
2957 1612 3433 1684 Respondentibus
3463 1627 3550 1666 se-

1970 1724 2094 1764 cum
2125 1710 2356 1764 cunctis.
2388 1709 2517 1780 Post
2538 1724 2756 1764 versum
2791 1721 2924 1762 vero
2957 1706 3183 1769 dictum,
3223 1719 3346 1759 mox
3371 1703 3550 1773 primo

280 1809 444 1864 deant
484 1820 810 1878 praeparare.
843 1806 872 1846 ιι
905 1803 1073 1866 Nemo
1120 1802 1240 1873 plus
1290 1800 1445 1858 alteri
1496 1798 1666 1864 dabit,
1707 1811 1941 1878 quam_
1974 1797 2178 1866 abbati,
2224 1799 2416 1853 deinde
2465 1799 2716 1853 omnibus
2759 1811 2948 1868 pacem
3001 1794 3200 1849 tradat.
3245 1792 3452 1848 Deinde
3495 1792 3552 1847 in

282 1899 426 1953 alter
456 1868 686 1968 accepit.
728 1896 883 1964 Quod
931 1895 975 1952 si
1021 1868 1336 1950 obtenditur
1375 1890 1685 1954 infirmitas,
1733 1903 1870 1958 prae-
1975 1889 2155 1946 medio
2183 1890 2425 1944 omnium
2467 1904 2777 1969 mensarum
2830 1887 2931 1943 sibi
2973 1887 3188 1962 ordinet
3240 1881 3464 1949 sellam;
3498 1887 3554 1938 et

279 1992 492 2062 positus
521 1992 714 2060 domus
740 1995 928 2060 perget
954 1989 1022 2043 ad
1047 1987 1325 2043 ministros
1355 1983 1788 2058 aegrotandum,i
1820 1987 1874 2036 et

281 2079 392 2147 his,
422 2097 542 2150 quae
583 2078 891 2134 necessaria
923 2085 1073 2141 sunt,
1103 2075 1350 2144 accipiet.

429 2169 456 2241 §
493 2169 630 2230 XIII.
654 2198 726 2209 —
748 2168 831 2224 Ex
867 2168 1087 2224 Rscuu
1128 2165 1398 2242 Msms'rni
1437 2165 1576 2236 (cap.
1617 2163 1728 2237 29).

357 2261 374 2312 i
413 2261 472 2316 ln
505 2261 712 2318 astatis
736 2260 822 2336 vel
855 2259 1050 2315 hiemis
1080 2266 1316 2328 utroque
1348 2265 1622 2330 tempore,
1651 2272 1770 2312 cum
1804 2257 1872 2310 ad

279 2362 492 2408 sextam
518 2353 601 2407 vel
626 2367 823 2412 nonam
851 2352 1044 2408 horam
1075 2349 1339 2418 reﬁcitur,
1372 2349 1567 2422 singuli
1597 2349 1873 2420 praepositi

283 2445 354 2499 de
383 2445 611 2516 singulis
639 2443 857 2499 deoadis
885 2441 1096 2496 vicibus
1121 2440 1490 2496 hebdomadas
1524 2439 1766 2510 singulas
1797 2439 1871 2494 le-

280 2535 458 2606 gendo
484 2534 552 2590 ad
577 2547 795 2590 mensas
815 2539 1127 2599 exerceant.
1165 2529 1272 2586 Sed
1298 2540 1428 2586 tunc
1456 2531 1522 2586 de
1551 2530 1639 2585 illa
1670 2531 1873 2586 decada

280 2629 605 2702 praepositus
642 2643 752 2683 non
791 2625 959 2698 legat,
1010 2624 1078 2682 de
1120 2640 1226 2695 qua
1270 2625 1410 2680 alter
1451 2624 1775 2696 prmpositus
1815 2624 1871 2679 in

281 2720 532 2789 coquinae
577 2717 804 2774 servitio
829 2725 1127 2786 occupatur
1159 2733 1173 2768 :
1206 2729 1274 2770 ne
1317 2715 1444 2770 dum
1486 2730 1626 2776 unus
1660 2714 1788 2784 legit
1819 2723 1876 2770 et

283 2813 425 2867 alter
453 2811 656 2882 coquit,
687 2809 820 2866 vitia
857 2823 1080 2868 suorum
1112 2807 1342 2880 fratrum
1391 2807 1460 2862 ad
1501 2822 1716 2861 mensas
1765 2821 1873 2860 non

283 2904 377 2967 sit,
413 2902 504 2972 qui
530 2916 770 2973 przesens
801 2900 1068 2956 emendet.
1102 2898 1203 2966 Qui
1238 2899 1511 2972 praepositi
1545 2899 1769 2970 singulis
1795 2899 1876 2953 vi-

283 2993 438 3049 cibus
468 2993 522 3047 in
549 2991 776 3064 legendo
798 2992 866 3047 ad
889 2990 1104 3056 missas,
1127 3006 1251 3046 cum
1278 2990 1518 3066 singulas
1541 2991 1877 3061 expleverint

287 3085 676 3149 hebdomadas,
706 3083 946 3156 singulos
976 3082 1175 3140 fratres
1206 3084 1474 3140 litteratos
1500 3100 1598 3154 per
1625 3085 1871 3157 singulas

287 3178 500 3234 vicibus
543 3178 874 3248 septimanas
922 3177 990 3232 ad
1032 3176 1317 3249 legendum
1369 3179 1701 3234 constituant
1750 3197 1762 3231 :
1813 3163 1874 3250 ut

291 3283 481 3323 omnes
505 3269 715 3338 possint
747 3268 955 3332 vicibus
983 3269 1050 3326 de
1083 3269 1308 3341 singulis
1335 3269 1551 3325 decadis
1582 3270 1760 3342 legere
1787 3271 1873 3326 lit-

291 3362 474 3415 terati.
519 3361 590 3419 Et
627 3371 913 3433 postquam
956 3377 1145 3428 omnes
1177 3363 1372 3418 fratres
1410 3364 1465 3418 in
1494 3363 1721 3436 legendo
1750 3381 1876 3422 suas

287 3453 626 3522 expleverint
657 3455 1008 3526 septimanas,
1049 3454 1244 3523 singuli
1293 3455 1595 3523 recapitent
1636 3455 1702 3508 ad
1734 3456 1874 3509 invi-

288 3557 408 3600 cem
437 3541 714 3613 praepositi
747 3560 759 3594 :
785 3551 844 3604 ut
877 3557 1150 3611 nunquam
1185 3543 1325 3610 desit
1355 3544 1559 3598 carnali
1592 3544 1874 3612 refectioni

287 3649 416 3688 esca
444 3633 646 3699 divina,
671 3634 809 3689 sicut
839 3635 967 3689 dicit
995 3634 1276 3706 Scriptura
1305 3653 1318 3688 :
1345 3635 1469 3690 Non
1499 3636 1554 3712 in
1593 3637 1704 3694 solo
1743 3655 1876 3709 pane

289 3724 409 3780 vivit
445 3725 622 3788 homo,
650 3724 741 3778 sed
775 3725 830 3780 iu
865 3726 1007 3779 omni
1043 3725 1194 3780 verbo
1217 3725 1313 3780 Dei
1341 3725 1494 3797 (Luc.
1526 3726 1623 3797 IV).
1675 3726 1747 3784 .Ut
1775 3728 1874 3794 du-

291 3816 510 3886 pliciter
556 3816 755 3873 fratres
792 3817 1064 3884 reﬁciant,
1115 3834 1238 3873 cum
1290 3834 1386 3874 ore
1429 3821 1777 3887 manducant,
1825 3831 1880 3876 et

294 3910 518 3967 auribus
555 3911 894 3981 saginantur.
939 3910 1106 3980 Cujus
1133 3927 1262 3986 ergo
1297 3913 1718 3990 inhebdomada
1756 3914 1878 3969 talis

367 4100 403 4166 ι.
439 4087 778 4166 Orationibus
793 4089 1160 4166 pacatelllaec
1185 4096 1400 4166 sumpta
1426 4097 1553 4144 sunt
1580 4104 1648 4166 ea
1667 4089 1876 4166 Regula

293 4159 352 4244 S.
379 4159 662 4244 Augustini
715 4177 763 4216 c.
793 4161 865 4244 ς
909 4180 942 4244 ιι.
985 4159 1334 4217 Orationibus
1383 4161 1582 4216 instate
1625 4159 1776 4216 horis
1823 4170 1880 4216 et

292 4233 629 4302 temporibus
668 4233 995 4287 constitutis.
1025 4252 1053 4308 .D

364 4299 392 4372 ἲ)
423 4299 650 4356 Psalmis
687 4313 734 4356 et
774 4304 1003 4372 hymnis,
1034 4311 1138 4358 etc.
1186 4301 1244 4356 In
1289 4303 1477 4358 eadem
1513 4301 1572 4357 S.
1598 4301 1738 4372 Aug.
1771 4303 1878 4362 Re-

367 4317 392 4340 ο
423 4317 650 4356 I’salmts
687 4317 734 4356 et
774 4317 1003 4372 hymnis,
1034 4317 1138 4358 etc.
1186 4317 1244 4356 tn
1289 4317 1477 4358 eadem
1513 4317 1572 4357 δ.
1598 4317 1680 4364 Au
1725 4341 1738 4356 .
1771 4317 1852 4362 ne

289 4371 420 4498 gula
451 4387 567 4442 cap.
596 4373 629 4427 9
653 4391 664 4426 :
697 4392 712 4422 ι
745 4372 974 4455 Psalmis
1002 4384 1056 4428 et
1078 4374 1294 4445 hymnis
1323 4389 1445 4428 cum
1489 4369 1661 4428 oratis
1682 4317 1852 4430 seum

333 4457 397 4496 oc
451 4451 698 4498 versetur
748 4461 801 4498 in
853 4445 1048 4498 corde.
1101 4446 1244 4498 uuod
1305 4454 1557 4498 versatur
1597 4445 1650 4497 in
1693 4459 1807 4498 ore.

333 4457 397 4526 oc
451 4444 1048 4526 verisctiurmin‘egrde,
1305 4454 1557 4526 versatur
1597 4445 1650 4497 in
1693 4459 1832 4526 ore;
1853 4464 1872 4496 ι
1922 4454 1933 4465 '

293 4511 390 4566 llis
417 4505 644 4582 quadrat
696 4505 824 4568 illud
843 4505 1204 4570 ’SI’CaésaiFii‘
1203 4514 1536 4570 Arelatensis
1571 4528 1734 4570 serm.
1765 4515 1873 4568 ηε

1972 1993 2096 2056 post
2134 1983 2375 2039 omnium
2417 1984 2715 2042 sessionum
2761 1983 2828 2040 ad
2863 1997 3080 2038 mensas
3115 1980 3285 2052 petita
3328 1977 3554 2034 benedi-

1973 2079 2154 2134 ctione
2186 2078 2371 2134 sedeat
2399 2079 2515 2147 ipse
2554 2077 2606 2132 in
2639 2077 2769 2132 sella
2802 2093 2926 2133 cum
2955 2077 3163 2132 codice.
3193 2074 3411 2130 Etcum
3444 2070 3557 2143 pri-

1972 2183 2122 2223 mum
2151 2183 2351 2240 mensae
2380 2168 2549 2224 abbas
2577 2183 2698 2222 cum
2738 2166 2990 2223 omnibus
3018 2164 3293 2236 acceperit
3319 2175 3552 2226 merum,

1973 2269 2028 2315 et
2058 2261 2172 2329 ipse
2197 2260 2446 2334 similiter
2477 2276 2632 2315 suum
2668 2243 2878 2314 merum
2903 2270 2944 2298 ω
2973 2265 3196 2329 propter
3222 2262 3440 2324 sputum
3469 2267 3556 2308 sa-

1973 2352 2241 2428 cramenti
2295 2353 2548 2428 accipiat,
2603 2359 2659 2407 et
2712 2351 2791 2406 sic
2843 2351 3069 2421 incipiat
3126 2350 3325 2420 legere.
3388 2344 3558 2416 Legat

1973 2461 2210 2518 namque
2263 2446 2504 2516 quotidie
2552 2443 2816 2514 Regulam
2866 2443 3007 2497 hanc
3059 2442 3238 2511 posito
3295 2438 3363 2494 ad
3411 2437 3555 2493 diem

1973 2535 2131 2606 signo
2178 2536 2285 2592 huc
2335 2551 2506 2606 usque
2569 2535 2792 2607 legerit;
2846 2544 2906 2588 ut
2963 2543 3256 2602 sequenter
3318 2529 3558 2600 quotidie

1973 2635 2156 2681 tamen
2202 2626 2384 2681 omnia
2421 2626 2803 2698 perlegantur;
2852 2634 2913 2679 ut
2959 2640 3056 2694 per
3082 2624 3230 2678 vices
3267 2621 3560 2676 hebdoma-

1975 2717 2104 2773 dum
2159 2727 2216 2773 et
2258 2717 2402 2773 finiri
2454 2719 2660 2789 possit,
2717 2726 2773 2773 et
2820 2715 3112 2787 recapitari
3162 2713 3408 2786 legendo.
3458 2711 3558 2778 Qui

1974 2809 2474 2876 bebdomadarius,
2535 2826 2660 2865 cum
2715 2810 3074 2880 septimanam
3132 2822 3285 2863 suam
3335 2805 3562 2878 legendo

1974 2900 2310 2970 expleverit,
2369 2901 2585 2970 signum
2641 2901 2890 2970 sequenti
2941 2899 3246 2956 successori
3288 2897 3559 2961 ostendat,

1974 2995 2117 3051 unde
2143 3003 2529 3066 prosequatur,
2573 2996 2662 3066 qui
2694 2987 2921 3067 c'ceperit
2959 2986 3338 3065 septimanam.
3377 2990 3480 3058 Qui
3508 2998 3564 3044 et

1974 3085 2091 3158 ipse
2121 3085 2359 3164 finiendo
2389 3093 2442 3142 et
2473 3085 2822 3157 recapitando
2856 3085 3193 3142 hebdomada
3221 3099 3319 3139 sua
3349 3082 3563 3154 signum

1977 3183 2280 3239 successori
2333 3183 2693 3238 demonstret.
2772 3181 2938 3251 Legat
2989 3194 3224 3249 namque
3280 3175 3560 3249 disposite,

1900 3241 1945 3328 Ο
1977 3291 2087 3330 non
2135 3273 2398 3347 urgendo,
2431 3283 2461 3311 ιι
2499 3281 2560 3327 ut
2593 3273 2834 3346 apertius
2881 3269 3130 3339 occupati
3177 3284 3242 3324 ea
3290 3267 3564 3322 auditores

1980 3377 2298 3440 agnoscant,
2330 3384 2450 3437 qua:
2489 3382 2584 3422 eos
2620 3365 2777 3420 factis
2805 3371 3056 3435 oporteat
3087 3361 3405 3430 adimplere.
3442 3365 3467 3393 °
3497 3357 3565 3414 Et

1980 3468 2042 3513 ut
2069 3460 2113 3514 si
2139 3475 2244 3529 qua
2269 3466 2397 3512 sunt
2436 3457 2691 3526 ambigua
2739 3464 2833 3509 aut
2869 3454 3125 3517 obseura,
3150 3461 3206 3506 et
3232 3449 3477 3521 apertius
3502 3463 3565 3504 ea

1982 3567 2092 3607 non
2122 3550 2430 3622 intelligunt
2452 3549 2668 3612 fratres,
2705 3555 2799 3604 aut
2831 3549 3200 3616 interroga-tus
3229 3559 3261 3598 a
3285 3541 3563 3606 fratribus,

1983 3653 2078 3698 aut
2126 3644 2268 3697 ultro
2296 3642 2477 3714 aliqua
2517 3643 2685 3722 abbas
2721 3650 2976 3712 exponat.
3009 3651 3036 3689 Ρ
3058 3638 3194 3693 Nam
3232 3637 3276 3692 si
3313 3647 3568 3706 superve-

1981 3738 2164 3793 nerint
2201 3736 2341 3792 forte
2366 3751 2567 3791 mensae
2602 3734 2938 3794 monasterii,
2970 3732 3093 3788 laici
3128 3739 3351 3802 propter
3378 3730 3564 3785 detra-

1981 3829 2217 3885 ctionem
2245 3827 2484 3883 futuram
2528 3827 2582 3882 in
2611 3827 2832 3891 saeculo,
2861 3841 2985 3882 cum
3017 3830 3228 3879 secreta
3256 3821 3352 3876 Dei
3391 3834 3564 3875 saecu-

1959 3920 2116 4000 '_laris
2143 3919 2451 4002 agnoverit,
2485 3919 2532 3974 si
2556 3919 2820 3990 placuerit
2846 3916 3048 3983 abbati,
3075 3915 3239 3970 aliam
3271 3912 3562 3970 lectionem

1976 4109 2110 4167 ,cap.‘
2133 4096 2223 4168 14,
2273 4094 2361 4168 his
2407 4093 2584 4151 simile
2610 4101 2757 4168 est,
2784 4091 2925 4168 quod
2954 4087 3567 4168 prtecipit__$.lsid9n_ls

1981 4157 2100 4239 cap.
2131 4167 2187 4234 9,
2210 4157 2300 4239 'ut
2331 4157 2530 4239 fratres
2579 4157 3138 4239 similibds'u’iténtur:
3163 4161 3317 4239 cibis,
3354 4168 3410 4239 et
3439 4157 3568 4239 huic

1978 4228 2306 4296 institutioni
2331 4237 2484 4293 Pauli
2529 4246 2586 4304 et
2624 4236 2882 4308 Stephani
2927 4249 3046 4308 cap.
3075 4232 3145 4286 20
3170 4249 3184 4284 :
3214 4250 3233 4282 ‹
3261 4230 3409 4308 _Nulli
3453 4228 3564 4308 fra:

1981 4318 2123 4364 trum
2153 4309 2329 4370 liceat,
2361 4309 2442 4366 vel
2469 4301 2690 4380 pomum
2719 4297 2800 4362 vel
2827 4297 3187 4380 qimdéunqug
3224 4301 3454 4380 olerum,
3481 4297 3564 4380 vel

1979 4380 2128 4450 aliud
2161 4381 2361 4450 aliquid
2393 4371 2624 4434 ad'usus
2655 4394 2800 4443 suos,
2829 4371 3274 4450 qimsipeculiari
3305 4375 3564 4440 apparatu

1981 4451 2036 4505 in
2069 4443 2381 4504 mensa-sibi
2413 4450 2479 4503 ad
2507 4443 2942 4503 manducandum
2968 4443 3199 4498 deferre.
3237 4459 3254 4492 ι

2051 4521 2082 4560 δ
2113 4520 2283 4574 Nemo
2311 4519 2428 4582 plus
2450 4517 2602 4573 alteri
2625 4519 2788 4576 dabit.
2823 4516 2956 4580 Haec
2991 4513 3268 4582 habentur
3301 4510 3464 4582 etiam
3495 4508 3564 4582 in

298 4599 317 4632 ⁴
352 4577 591 4662 Οτάηῑθξ,
613 4584 1063 4662 θυῑθῐηνκῖΐδὲΐθε
1083 4585 1431 4662 ,οξιπίεείῐηίν
1461 4594 1721 4662 quaptym
1753 4601 1876 4662 ρρξ-
1902 4594 1959 4657 D
1983 4590 2187 4662 Regula
2215 4591 2273 4644 S.
2298 4577 2576 4644 Pachumii
2607 4603 2725 4658 cap.
2745 4577 2839 4649 l8,
2852 4577 2946 4639 ubi
2976 4577 3116 4638 male
3137 4579 3564 4651 legiturn'émini

289 4667 479 4706 sumus
509 4655 794 4724 adjuvante
823 4655 1054 4709 Domino
1083 4653 1390 4710 laboremds
1417 4674 1429 4709 :
1456 4653 1514 4709 ut
1539 4653 1693 4711 nulla
1715 4653 1877 4720 nobis

289 4731 551 4795 extranea
580 4725 838 4795 cogitatio
879 4726 1174 4795 subrepere
1212 4727 1383 4794 possit
1412 4742 1427 4779 :
1457 4741 1526 4781 ne
1564 4726 1703 4780 forte
1732 4726 1878 4780 aliud

276 4793 595 4866 habeamus
628 4793 694 4866 in
740 4795 923 4866 corde,
974 4793 1223 4866 cit—aliud
1269 4795 1607 4866 proferamus
1654 4812 1720 4854 ex
1759 4813 1874 4852 ore.

291 4861 372 4938 Ne
419 4864 558 4917 forte
609 4865 735 4938 dum
779 4865 960 4934 lingua
999 4861 1283 4938 Dominum
1318 4876 1503 4938 rogat,
1538 4867 1792 4938 cogitatio
1823 4868 1876 4938 in

287 4934 476 5006 rebus,
501 4935 652 5000 vanis
691 4932 952 5006 occupata
990 4936 1058 5000 ab
1099 4935 1362 5006 orationis
1398 4932 1558 5002 sensu
1601 4932 1873 5006 discedat}

290 5012 348 5057 et
390 5004 515 5127 iinde
549 5005 796 5084 acquirat
833 5004 1134 5084 peceatum,
1165 5005 1306 5058 unde
1344 5005 1518 5075 potuit
1554 5005 1754 5062 habere
1799 5024 1880 5064 re-

292 5088 398 5127 met
423 5091 553 5127 tum.
589 5095 607 5127 ι
825 5083 828 5086 ’
1341 5087 1346 5094 ·
1449 5081 1452 5084 ’
1595 5078 1604 5084 ’

292 5078 553 5128 medium.
589 5095 607 5128 ι
779 5078 784 5084 ’
825 5083 828 5086 ’
877 5079 880 5082 ’
941 5078 947 5084 ’
1091 5078 1102 5084 ’
1341 5087 1346 5094 ·
1449 5081 1452 5084 ’
1595 5078 1604 5084 ’

368 5157 388 5182 ο
433 5146 585 5218 Quod
611 5145 677 5218 _si
718 5144 933 5218 aliquis.
990 5145 1117 5216 Haec
1162 5146 1372 5202 sanctio
1419 5155 1633 5218 sumpta
1678 5158 1764 5205 est
1809 5166 1877 5206 ex

289 5211 903 5325 Refgulanachomii,
934 5211 1150 5284 art.v,ll.
1461 5211 1486 5220 ”
1537 5227 1542 5230 ’

419 5285 476 5325 .Ωὸ
502 5289 616 5325 ιηιὶρ
650 5283 718 5325 nr!
747 5287 1171 5325 mnndurnnrlnm
1245 5287 1378 5325 llam
1404 5289 1505 5325 iam
1538 5309 1542 5325 ι

417 5285 627 5360 Siquis
649 5283 718 5344 ad
747 5287 1194 5360 manducandum.
1245 5287 1378 5346 Item
1404 5289 1509 5346 ista
1538 5298 1753 5360 sumpta
1795 5300 1879 5348 est

297 5372 365 5412 ex
389 5355 576 5430 eadem
599 5355 826 5430 Regula,
859 5373 976 5428 cap.
1003 5356 1088 5411 12.

373 5440 396 5500 εἴ
435 5427 496 5484 Si
516 5427 727 5500 aliquid
761 5427 1119 5500 necessarium
1151 5428 1330 5499 fuerit.
1380 5430 1498 5488 Hoc
1543 5432 1774 5488 habetur
1819 5435 1876 5490 in

291 5499 484 5576 eadem
507 5497 715 5576 ‘Reg'ula
749 5499 806 5556 S.
832 5499 1108 5555 Paeliomii
1147 5497 1252 5556 art.
1296 5501 1370 5569 5;
1406 5505 1791 5571 necessarium,
1823 5506 1878 5560 id

294 5567 395 5631 est,
432 5567 703 5636 deﬁciens.
1176 5577 1180 5584 '

375 5639 578 5726 ‘nSoni.
615 5640 757 5726 Lege
796 5642 990 5726 sonitu.
1019 5650 1075 5726 ut
1105 5643 1158 5726 ip
1183 5643 1384 5726 Regula
1409 5645 1697 5726 [faeliomii
1723 5646 1877 5726 juxta

297 5712 672 5795 codicemms.
699 5711 1018 5774 Concordiae
1047 5713 1230 5786 hujus,
1257 5711 1313 5769 in
1344 5717 1465 5772 cod.
1496 5715 1653 5772 Vind.
1675 5711 1880 5794 legitur

298 5785 487 5862 sarium
498 5785 667 5862 fight...
853 5853 899 5862 __
1122 5785 1129 5786 “
1743 5785 1759 5788 ⁷
1790 5785 1798 5794 ⁸

377 5852 402 5924 ε
430 5849 662 5908 Μὶηἱδιι·ἱ
683 5869 820 5920 vero.
853 5853 978 5929 Haec
1008 5857 1353 5952 reperiuntur
1381 5859 1434 5913 in
1461 5861 1647 5917 eadem
1671 5859 1875 5936 Regula

1981 4678 2085 4734 pro
2104 4677 2280 4734 aeme-

2060 4735 2076 4773 ἱ
2111 4731 2180 4785 Et
2204 4731 2304 4785 his.
2338 4731 2481 4800 Lege
2510 4737 2559 4781 et
2584 4729 2648 4781 ab
2675 4727 2771 4800 eis,
2803 4732 2862 4780 ut
2888 4725 2942 4800 in
2972 4723 3174 4800 Regula
3194 4718 3562 4800 §.Pachomii.

2055 4805 2070 4855 J
2122 4801 2188 4866 In
2211 4790 2516 4857 trstatisvvel
2535 4798 2740 4862 hiemis,
2759 4790 2876 4852 etc.
2901 4790 3092 4850 Exsta't
3115 4795 3168 4849 in
3194 4794 3395 4864 Regula
3421 4790 3560 4862 Mag.

1981 4890 2085 4944 ms.
2117 4874 2237 4944 cod.
2268 4869 2578 4944 Corbrcap.
2608 4869 2696 4944 24.

2055 4938 2080 4983 ιι
2120 4942 2380 4997 Canister.
2430 4942 2506 4996 lta
2528 4930 2609 4994 'in
2641 4937 2942 4995 Concordia
2984 4935 3144 4990 Vind.
3189 4941 3245 4988 et
3274 4934 3328 4987 in
3356 4930 3564 5001 Regula

1980 5031 2083 5124 msf
2113 5015 2572 5155 ﬁgitﬁgit“;
2592 5099 2764 5137 secum
2789 5077 3301 5155 cunc!53;.E9mde-m
3323 5088 3560 5155 Yers‘um.

2053 5170 2093 5197 ω
2132 5145 2358 5226 Propter
2383 5163 2589 5223 sputum
2617 5150 2954 5208 sacramenti.
2997 5147 3131 5202 Vide
3170 5145 3416 5216 superius
3444 5145 3562 5200 an-

1973 5235 2192 5352 ‘n‘oﬁatlzli
2223 5298 2454 5368 apertius
2496 5295 2753 5368 occupati.
2799 5288 3128 5368 Adverbiutn
3156 5287 3386 5368 αρςντίαε
3416 5285 3565 5341 Vide‘

1981 5378 2070 5424 tur
2107 5358 2502 5440 transpositum
2538 5375 2594 5422 et
2623 5358 2981 5421 referendum
3027 5359 3096 5415 ad
3139 5358 3362 5438 verbum
3405 5373 3564 5426 agno-

1979 5453 2189 5565 “?!th
2218 5520 2296 5564 ut.
2342 5506 2619 5566 Particula
2646 5516 2694 5564 et
2713 5503 3006 5572 redundat,
3033 5517 3134 5559 nec
3163 5500 3394 5558 habetur
3420 5498 3559 5570 apud

1981 5581 2366 5654 Smaragdum.

1981 5666 1984 5668 ‘
2054 5665 2084 5704 Ρ
2124 5639 2264 5707 Νἷίηι
2289 5655 2350 5708 si.
2394 5652 2450 5708 Id
2477 5659 2563 5708 est
2597 5668 2610 5704 :
2651 5647 2948 5724 Verumsi,
2975 5658 3041 5724 et
3085 5642 3286 5718 passim
3324 5639 3564 5714 occurrit

1979 5725 2036 5781 in
2085 5725 2170 5780 bis
2198 5724 2470 5790 Patribus,
2519 5730 2579 5794 ut
2625 5719 2886 5793 particula
2940 5719 3062 5794 na‘m
3098 5731 3206 5798 pro
3239 5727 3420 5797 perum
3467 5725 3563 5784 po.

1979 5805 2156 5851 natur.
2623 5807 2628 5812 '
