4066 6342
589 412 722 466 ‘IIII

1591 407 1648 463 S.
1687 407 2047 464 BENEDICTI
2085 408 2378 464 ABBA'IIS
2415 410 2824 468 ANIANENSIS

3723 423 3877 478 “1?.

581 525 958 596 cujuscunque
999 524 1200 578 codicis
1241 523 1405 594 legat,
1434 531 1494 580 ut
1524 534 1793 580 secretum
1845 525 2162 582 monasterii
2190 528 2490 594 Amcnsis,
2533 544 2668 599 quos
2716 528 2950 586 voluerit
3000 529 3216 599 fratres,
3265 532 3286 572 τ
3327 538 3470 605 quod
3518 537 3742 593 lectum
3789 550 3882 596 est

577 617 666 671 vel
712 632 963 672 mensura
999 617 1122 671 vitae
1155 625 1357 671 sanctae
1406 618 1700 672 constituta
1742 619 1796 672 in
1824 611 2194 690 disciplinam'

578 709 650 764 ab
695 710 1011 766 irrisoribus
1064 727 1170 764 non
1219 711 1439 764 sciatur.
1493 711 1663 783 Legat
1721 728 1955 782 namque
2005 713 2166 768 aliam

575 804 886 869 lectionem,
928 805 1106 875 posito
1157 812 1336 858 tamen
1388 805 1442 859 in
1481 805 1686 878 Regula
1724 807 1895 876 signo.
1941 807 2074 861 Nam
2119 811 2164 864 si

574 895 704 950 talis
744 893 916 948 laicus
961 893 1029 948 ad
1074 909 1315 948 mensam
1362 897 1682 952 monasterii
1725 897 2054 964 detineatur,
2097 898 2164 953 de

575 1001 686 1056 quo
723 994 906 1041 certus
936 997 962 1025 ι
993 985 1064 1040 sit
1105 986 1310 1052 abbas,
1355 988 1499 1058 quod
1543 1004 1648 1043 non
1688 991 1860 1044 solum
1900 988 2158 1044 admirari

570 1079 744 1148 possit
777 1078 1070 1134 constituta
1110 1079 1310 1145 divina,
1355 1080 1449 1135 sed
1483 1082 1648 1136 etiam
1687 1082 1846 1152 hujus
1895 1083 2162 1154 religiosi-

570 1169 699 1223 tatis
740 1168 813 1223 sit
853 1167 1067 1242 [abbas]
1115 1169 1207 1241 qui
1258 1171 1314 1224 in
1359 1173 1773 1228 conversatione
1816 1175 1989 1244 poSsit
2036 1191 2159 1231 esse

568 1264 946 1338 pedissequ'us,
993 1273 1048 1319 et
1091 1265 1157 1320 ad
1200 1281 1379 1321 mores
1426 1267 1600 1336 possit
1645 1268 1788 1322 trahi
1836 1269 2156 1332 divinos,'in

566 1353 728 1424 hujus
766 1355 936 1410 lector
965 1355 1257 1410 adventum
1293 1356 1362 1410 ad
1396 1371 1638 1411 mensam
1668 1357 1928 1426 Regulam
1961 1359 2153 1414 subsc-

565 1451 784 1516 quatur.
815 1443 953 1500 Nam
979 1445 1054 1500 illi
1081 1445 1280 1502 debent
1305 1445 1566 1517 Regulam
1597 1449 1786 1502 audire
1813 1449 2152 1516 monasterii,

563 1537 658 1606 qui
700 1536 848 1591 illam
887 1545 1115 1608 possunt
1150 1538 1346 1593 merito
1387 1539 1700 1594 observare.
1736 1538 1862 1594 Ideo
1892 1540 1959 1594 ad
2000 1557 2154 1596 men-

562 1643 682 1682 sam
733 1628 867 1682 hora
916 1627 1230 1684 refectionis
1284 1630 1512 1686 debetur
1566 1630 1769 1702 Regula
1830 1631 1966 1702 legi,
2023 1633 2152 1701 quia

559 1728 693 1774 tunc
717 1721 893 1776 omnis
931 1722 1280 1790 congregatio
1319 1722 1386 1776 ad
1425 1723 1860 1778 manducandum
1900 1725 1954 1778 in
1982 1741 2150 1781 unum

2267 622 2434 676 abbas
2461 623 2786 692 interroget;
2821 632 2882 677 ut
2902 640 3026 680 cum
3055 628 3423 697 unusquisque
3451 628 3626 686 frater
3658 633 3882 688 recita-

2267 715 2428 779 verit,
2461 715 2602 784 quod
2639 715 2862 780 audivit,
2904 727 3230 787 agnoscatur
3257 719 3380 789 plus
3415 721 3639 776 lectioni
3687 722 3880 778 inten-

2267 805 2410 860 disse
2448 805 2535 859 illa
2567 805 2720 870 hora,
2756 821 2919 874 quam
2952 808 3128 861 ventri
3168 825 3181 860 :
3214 818 3272 862 ut
3300 826 3422 865 cum
3458 812 3666 866 surdus
3694 813 3879 883 negli-

2265 913 2395 968 gens
2425 912 2528 952 non
2559 898 2882 962 narraverit,
2913 899 3056 967 quod
3086 900 3313 966 audivit,
3342 901 3461 971 plus
3493 917 3736 956 carnem
3776 901 3872 969 ju-

2264 989 2476 1044 dicetur
2512 1004 2745 1053 amasse,
2779 1004 2942 1058 quam
2979 982 3238 1045 animam.
3286 992 3389 1058 Qui
3426 1009 3549 1048 mox
3585 994 3655 1049 de
3689 996 3875 1064 negli-

2261 1083 2446 1151 gentia
2475 1081 2543 1135 ab
2572 1082 2768 1136 abbate
2793 1081 2940 1150 juste
2969 1083 3171 1153 corripi
3203 1083 3359 1138 debet
3385 1102 3397 1136 :
3419 1095 3478 1138 ut
3507 1085 3641 1138 dum
3685 1101 3874 1138 unus-

2260 1174 2487 1244 quisque
2516 1172 2685 1228 frater
2723 1173 3088 1244 interrogatus
3125 1175 3279 1230 timet
3317 1177 3670 1242 erubescere,
3713 1193 3878 1232 men-

2259 1271 2369 1320 tem
2402 1279 2554 1319 suam
2592 1264 2718 1320 alibi
2750 1281 2858 1319 non
2900 1264 3065 1319 faciat
3095 1266 3351 1320 aberrare
3377 1285 3388 1319 :
3415 1267 3509 1321 sed
3541 1267 3599 1320 in
3628 1267 3751 1321 hoc
3792 1267 3876 1320 in-

2259 1354 2464 1420 tendat,
2509 1355 2654 1423 quod
2702 1355 2980 1425 legitur..5
3002 1356 3103 1422 Qui
3147 1356 3615 1412 hebdomadarius
3669 1359 3877 1412 tandiu

2256 1448 2324 1503 ad
2354 1463 2596 1503 mensam
2623 1464 2746 1503 cum
2775 1447 3038 1503 fratribus
3065 1448 3261 1520 (Locus
3285 1451 3592 1521 corruptus)
3616 1469 3629 1503 :
3657 1453 3876 1520 quibus

2255 1555 2314 1596 se
2352 1539 2678 1605 levantibus,
2713 1540 2892 1610 posito
2937 1539 2991 1594 in
3019 1540 3225 1611 Regula
3276 1541 3447 1612 signo,
3479 1542 3672 1596 levant
3709 1558 3777 1598 se
3819 1554 3875 1600 et

2255 1636 2369 1706 ipse
2415 1650 2538 1689 cum
2584 1633 2791 1699 codice,
2837 1649 2996 1689 versu
3043 1633 3126 1688 vel
3175 1635 3423 1689 oratione
3473 1636 3544 1689 ab
3596 1638 3874 1692 omnibus

2253 1727 2565 1797 adimpleta,
2613 1719 2940 1796 respondeat
2983 1743 3106 1783 cum
3155 1728 3407 1803 omnibus
3437 1747 3451 1782 :
3484 1728 3598 1783 Deo
3624 1733 3867 1800 gratias.

560 1813 592 1853 1³
619 1813 845 1868 collecta
884 1812 1002 1885 sine
1036 1815 1386 1870 excusatione
1429 1823 1557 1870 tunc
1593 1814 1754 1870 lectio
1790 1817 2148 1874 observantiae
2251 1819 2320 1873 Et
2355 1819 2539 1874 statim
2580 1819 2828 1875 residens
2864 1818 2932 1873 ad
2967 1834 3214 1874 mensam
3245 1834 3398 1874 suam
3439 1819 3509 1872 ab
3547 1819 3871 1875 hebdoma-

557 1905 644 1959 vel
693 1905 1092 1960 emendationis
1145 1905 1214 1960 ab
1269 1905 1523 1961 omnibus
1591 1907 1936 1962 audientibus
2001 1909 2146 1978 juste
2175 1892 2223 1952 B
2251 1910 2419 1965 dariis
2457 1920 2727 1965 servatam
2777 1908 3128 1966 refectionem
3167 1908 3252 1963 vel
3287 1909 3571 1978 potionum
3621 1925 3870 1964 mensu-

557 1997 765 2070 potcrit
790 1996 1100 2064 observari;
1137 2005 1196 2053 ut
1223 1999 1402 2054 omnia
1426 1997 1646 2070 Regula:
1681 2015 1872 2055 omnes
1900 1999 2139 2063 audiant,

554 2101 613 2148 et
639 2090 844 2146 nullum
871 2100 1160 2162 praetereat
1191 2091 1394 2163 aliquid
1421 2111 1434 2146 :
1462 2101 1524 2147 ut
1551 2093 1695 2163 quod
1726 2108 1916 2148 omnes
1955 2093 2138 2148 audie-

553 2184 690 2250 rint,
721 2199 816 2240 eos
855 2184 1014 2240 factis
1040 2192 1291 2255 oporteat
1327 2185 1648 2256 adimplere.
1691 2185 1798 2256 Ipsi
1827 2200 1956 2241 vero
1989 2184 2146 2240 fratri

551 2277 608 2332 in
635 2278 933 2347 septimana
964 2293 1082 2343 sua,
1108 2293 1232 2333 cum
1267 2277 1322 2332 in
1358 2278 1464 2333 hoc
1491 2293 1655 2347 opere
1693 2287 2013 2349 occupatur,
2056 2295 2144 2334 se-

547 2371 862 2442 ptimanarii
899 2381 922 2410 °
953 2372 1021 2426 de
1065 2371 1317 2426 omnibus
1354 2372 1559 2426 mensis
1606 2387 1807 2426 mensae
1844 2386 1955 2426 suae
1983 2370 2147 2426 illatis

551 2461 580 2500 ιι
611 2461 864 2517 scutellas
895 2461 1098 2526 levent,
1116 2468 1371 2515 servante
1397 2459 1697 2515 Cellarario
1718 2460 1874 2529 panis
1893 2461 1972 2515 eis
1995 2475 2146 2514 men-

551 2568 737 2608 suram
768 2553 856 2607 vel
887 2561 1208 2608 consuetum
1250 2567 1538 2608 numerum
1572 2553 1878 2623 potionum.
1930 2554 1996 2608 Et
2019 2562 2144 2624 post

550 2644 794 2699 omnium
840 2643 1188 2709 levationem,
1226 2654 1249 2682 ε
1276 2643 1450 2715 petita
1496 2643 1896 2710 benedictione,
1934 2652 1987 2699 et
2027 2644 2141 2713 ipse

549 2736 780 2791 reficiat.
837 2735 974 2809 Ideo
1012 2735 1159 2790 enim
1220 2733 1457 2790 diximus
1498 2733 1762 2804 Regulam
1825 2735 2141 2790 monasterii

547 2829 790 2896 quotidie
835 2829 940 2900 legi
990 2829 1058 2883 ad
1099 2843 1334 2891 mensas,
1381 2835 1440 2881 ut
1485 2826 1666 2882 nullus
1708 2827 1878 2881 frater
1921 2834 2142 2882 excuset

545 2935 606 2976 se
654 2921 973 2994 ignorantiae
1021 2920 1272 2976 facientis
1317 2936 1424 2976 non
1473 2920 1784 2975 emendare.
1833 2918 1967 2974 Nam
2014 2936 2139 2976 cum

544 3013 787 3082 quotidie
835 3013 888 3066 in
936 3029 1038 3067 usu
1081 3013 1199 3083 ipsa
1249 3011 1453 3082 Regula
1500 3011 1773 3076 mittitur,
1829 3026 1895 3066 ex
1944 3011 2138 3066 notitia

545 3107 743 3162 melius
777 3109 1098 3162 observatur
1128 3124 1140 3160 :
1172 3093 1242 3162 ne
1265 3106 1406 3162 forte
1437 3107 1582 3161 dicat
1619 3120 1676 3160 se
1702 3105 1873 3160 frater
1900 3105 2134 3171 nescire,

547 3201 692 3271 quod
728 3201 901 3273 possit
934 3217 1032 3272 per
1060 3201 1428 3257 obedientiam
1474 3199 1794 3270 adimplere.
1827 3198 1962 3252 Nam
1994 3207 2135 3253 tem-

2248 2017 2341 2057 ras
2365 2001 2393 2041 ιι
2419 2002 2660 2074 signatas
2699 2009 2792 2056 aut
2821 2001 2890 2056 ab
2918 2001 3115 2056 abbate
3158 2008 3250 2055 aut
3274 2016 3305 2054 a
3325 2001 3640 2070 praepositis
3664 2003 3869 2058 omnia

2248 2101 2305 2150 ct
2336 2093 2451 2162 ipse
2475 2092 2764 2163 percipiat.

2429 2183 2488 2254 ,ᾗ
2527 2181 2665 2237 XIV.
2707 2182 2786 2237 Ex
2825 2181 3043 2239 Rscuu
3084 2196 3349 2238 cumsuam
3373 2183 3513 2253 (cap.
3536 2183 3614 2255 9).

2326 2277 2342 2316 i
2386 2274 2469 2329 Ad
2489 2269 2732 2330 mensam
2746 2289 2877 2330 vero
2901 2274 3078 2330 nullus
3101 2275 3318 2344 penitus
3337 2282 3536 2346 praeter
3562 2273 3858 2342 abbatem,

2247 2365 2332 2420 vel
2357 2367 2442 2421 cui
2467 2366 2580 2436 ipse
2619 2367 2942 2436 praeceperit
2961 2381 3062 2436 pro
3084 2358 3358 2421 communi
3387 2367 3726 2423 necessitate
3746 2367 3860 2422 fra-

2246 2465 2391 2512 trum
2423 2457 2566 2527 loqui
2589 2466 2923 2528 prmsumat:
2977 2459 3072 2512 scd
3103 2471 3293 2512 omnes
3331 2460 3348 2507 Ι
3394 2459 3611 2515 intento
3662 2461 3856 2516 animo

2247 2548 2452 2617 gratias
2475 2547 2764 2603 reddentes
2789 2547 3036 2603 Creatori
3082 2549 3143 2602 in
3186 2549 3440 2604 cordibus
3491 2551 3608 2605 suis
3641 2553 3760 2608 cibi
3789 2568 3855 2608 ac

2243 2649 2405 2713 potus
2429 2641 2614 2696 solidm
2635 2655 2902 2696 mensura:
2925 2639 3211 2710 largitione
3234 2637 3505 2695 fruantur.
3554 2640 3854 2700 Portarius

2244 2751 2377 2790 vero
2404 2735 2496 2804 qui
2525 2749 2623 2804 pro
2646 2733 2811 2788 variis
2841 2733 3022 2788 causis
3038 2733 3315 2802 eloquium
3362 2734 3850 2804 expetieritabba-

2245 2827 2336 2893 tis,
2369 2826 2513 2896 loqui
2561 2825 2928 2895 permittatur.
2980 2823 3118 2890 Quia
3160 2824 3388 2880 forsitan
3418 2826 3542 2880 talis
3583 2843 3850 2898 super-ve5

2245 2921 2328 2975 nit
2375 2920 2692 2983 necessitas,
2765 2935 2885 2990 qua:
2959 2934 3168 2974 moram
3217 2921 3422 2975 habere
3475 2936 3584 2976 non
3625 2921 3849 2978 debat.

2245 3013 2271 3052 ιι
2302 3011 2442 3066 Ante
2456 3026 2698 3066 mensam
2722 3026 2846 3066 vero
2869 3026 3083 3080 semper
3104 3010 3396 3080 capitulum
3413 3011 3634 3084 Regula:
3648 3030 3847 3077 unum,

2243 3111 2335 3159 aut
2365 3103 2616 3174 amplius,
2644 3103 2689 3157 si
2713 3103 2894 3158 abbati
2919 3103 3204 3172 placuerit,
3231 3103 3435 3174 legatur
3479 3122 3494 3157 :
3527 3114 3589 3159 ut
3610 3121 3737 3160 cum
3770 3107 3848 3161 ci-

2240 3194 2342 3250 bus
2370 3210 2590 3250 carnem
2623 3194 2816 3261 reficit,
2869 3194 3028 3250 lectio
3059 3196 3297 3250 animam
3324 3196 3503 3251 saliet.
3562 3195 3691 3251 Ilzec
3723 3212 3847 3252 οω-

545 3264 678 3363 pore
707 3264 824 3364 ipso
854 3264 1166 3349 refectionis
1193 3310 1317 3349 cum
1348 3293 1546 3365 legitur
1569 3264 1794 3363 Regula,
1830 3298 1890 3344 ut
1919 3290 2135 3346 solliciti
2163 3264 2208 3328 (ἶ
2241 3286 2330 3340 nia
2359 3302 2482 3341 cum
2530 3295 2798 3357 gravitate
2833 3287 2998 3341 animi
3026 3295 3083 3342 et
3112 3287 3480 3342 moderatione
3527 3288 3638 3342 leni
3673 3288 3847 3355 fiant,

544 3384 789 3440 omnium
834 3385 1066 3441 fratrum
1113 3386 1441 3451 excitentur,
1489 3383 1743 3448 auditus,
1795 3382 1861 3436 de
1909 3381 2135 3452 singulis

619 3536 647 3566 ι
683 3521 763 3579 Sit
789 3523 969 3578 abbas.
999 3525 1057 3580 τὸ
1081 3523 1242 3580 abbas
1269 3522 1554 3580 redundat.

619 3597 650 3636 δ
684 3594 943 3666 Collecta.‘
975 3595 1033 3650 In
1058 3595 1266 3666 Regula
1299 3611 1402 3651 ms.
1435 3594 1666 3666 redacta.

620 3678 644 3706 ι
681 3665 759 3721 De
783 3667 1020 3721 omnibus
1048 3662 1260 3721 mensis.
1289 3667 1466 3736 Lege:
1489 3663 1567 3721 De
1591 3662 1830 3718 omnibus
1853 3662 2131 3719 missibus:

540 3739 744 3794 missus
769 3747 853 3792 est
881 3736 1168 3801 ferculum,
1204 3745 1266 3792 ut
1295 3738 1452 3806 vulgo
1479 3741 1795 3806 notum_est_.

612 3810 638 3849 ά
681 3807 961 3863 Scutellas.
1018 3807 1255 3862 Scutella
1308 3803 1595 3863 est'lanx:
1651 3803 1878 3871 Patina,
1926 3804 2125 3860 discus.

540 3880 755 3935 Corona
805 3878 1042 3947 pretiosa
1071 3879 1213 3946 apud
1243 3876 1506 3947 Joannem
1531 3875 1825 3947 Meursium
1867 3875 2130 3947 in_l_cxico

540 3944 1000 4018 Grceco-Barbaro
1024 3962 1038 4011 ;
1061 3944 1302 4004 ιὶουτὲλα
1331 3945 1604 4018 Parapsis,
1633 3944 1890 4018 τρύϐλιον.
1929 3945 2129 4018 Mentio

540 4021 604 4074 tit
633 4021 774 4089 apud
803 4019 862 4072 S.
883 4017 1204 4100 Gregorium
1230 4019 1324 4100 lib.
1360 4016 1581 4100 ιοιιμσξι)ζ
1611 4016 1718 4073 5οε
1761 4036 1792 4100 ’ς
1830 4016 2128 4100 scutellam

538 4086 758 4214 iluoqtéie
783 4086 1094 4214 alrlgente'am
1109 4089 1440 4146 monasterio
1459 4086 1675 4144 cuidam
1698 4087 1933 4158 reliquit.
1961 4105 1980 4138 ›
2007 4086 2130 4142 Gal-

563 4175 666 4214 ice.
721 4177 813 4214 cae
856 4177 902 4214 e.

563 4164 666 4225 ice,
691 4164 902 4215 écuelle.

616 4243 639 4271 ο
679 4229 852 4314 Petita
877 4233 1248 4314 benedictione.
1313 4231 1451 4314 Quia
1488 4231 1618 4286 olim
1659 4227 1914 4314 mpnacbi
1941 4227 2124 4283 cibum

537 4303 804 4374 sumpturi
827 4304 1320 4362 benedicebantur:
1348 4304 1414 4359 de
1441 4318 1546 4372 qua
1568 4317 1628 4357 re
1657 4301 1817 4356 infra.
1941 4371 1950 4380 _

615 4373 634 4413 ί
678 4373 832 4439 Quod
851 4373 1040 4430 lectum
1068 4387 1142 4432 est
1164 4375 1324 4431 abbas
1351 4376 1651 4446 interroget.
1689 4372 1827 4429 Nota
1841 4379 2123 4441 antiquum

2239 3388 2509 3451 quatenus
2535 3381 2591 3435 in
2621 3381 2706 3435 his
2726 3380 2978 3435 omnibus
2998 3379 3262 3435 Dominus
3294 3379 3601 3434 delectetur.

2237 3530 2448 3572 morem
2482 3515 2549 3570 de
2575 3513 2879 3584 repetenda
2897 3511 3130 3584 lectione
3150 3527 3368 3584 mensae.

2311 3589 2337 3628 8
2379 3585 2483 3652 Qui
2507 3581 2968 3655 hebdbmadarius.
3001 3581 3165 3655 Multa
3194 3583 3282 3655 hic
3302 3583 3497 3655 desunt
3505 3581 3670 3655 verba
3696 3597 3839 3655 sup-

2234 3657 2431 3729 plenda
2460 3673 2525 3712 ex
2563 3653 2773 3729 Regula
2809 3669 2910 3708 ms.
2939 3653 3252 3729 cod._Corb.
3281 3667 3296 3706 :
3351 3671 3369 3704 ε
3400 3652 3501 3729 Qui
3532 3652 3841 3729 hebdoma-

2235 3723 2420 3783 darius
2448 3723 2673 3782 tandem
2694 3725 2762 3779 ad
2791 3739 3034 3779 mensam
3061 3723 3222 3792 legat,
3253 3725 3492 3794 quandiu
3545 3725 3716 3778 abbas
3748 3742 3839 3780 se-

2233 3799 2376 3854 derit
2405 3799 2469 3854 ad
2513 3810 2756 3852 mensam
2787 3810 2910 3849 cum
2949 3794 3239 3860 fratribus,
3280 3795 3478 3864 quibus
3517 3809 3574 3850 se
3601 3794 3836 3851 levanti-

2232 3869 2359 3934 bus,
2393 3889 2412 3922 ι
2445 3877 2552 3925 etc.

2302 3941 2333 3981 ιι
2371 3939 2639 4010 Signatas.
2693 3934 2752 3992 Id
2778 3943 2883 4001 est,
2917 3934 3231 4010 benedictas
3259 3935 3426 4010 signo
3443 3935 3644 3990 crucis.

2309 4012 2327 4052 ί
2371 4005 2453 4065 Λᾶ
2478 4023 2713 4064 mensam
2735 4023 2874 4072 vero,
2899 4015 3004 4061 etc.
3067 4005 3182 4062 Hoc
3226 4006 3523 4072 capitulum
3551 4022 3678 4061 cum
3728 4023 3832 4064 se:

2230 4081 2584 4160 sequentibus
2611 4077 3036 4160 desideraturin
3059 4077 3245 4160 codice
3270 4076 3676 4160 Vindocinensi.

2307 4148 2328 4204 i
2368 4151 2598 4207 Intento.
2645 4149 2721 4203 Ita
2758 4148 2997 4216 reposui,
3026 4163 3147 4219 cum
3176 4148 3524 4219 Iegereturin
3547 4158 3713 4202 tanta.

2305 4224 2333 4264 ιι
2367 4223 2502 4278 Ante
2526 4236 2778 4276 mensam.
2849 4219 3015 4288 Lege,
3046 4218 3114 4272 ad
3153 4218 3405 4272 mensam.
3458 4218 3594 4273 Nam
3617 4219 3824 4274 frustra

2233 4293 2582 4365 subjungeret
2608 4311 2622 4347 :
2671 4288 2740 4347 Ut
2771 4307 2891 4346 cum
2912 4289 3057 4344 cibus
3076 4305 3286 4344 carnem
3310 4288 3494 4360 reﬁcit,
3521 4289 3674 4345 lectio
3703 4291 3825 4344 ani-

2231 4382 2373 4422 mam
2397 4367 2571 4421 saliet.

1766 4631 2105 4712 CAPUT
2177 4623 2539 4707 XLVIII.

1745 4792 1831 4849 DE
1869 4787 2204 4847 MENSURA
2241 4786 2566 4845 CIBORUM.

715 4974 744 5048 ε
790 4974 829 5030 I.
869 5005 940 5016 ——
973 4973 1054 5030 Ex
1081 4973 1303 5031 Rscuu
1334 4988 1523 5029 sanan
1560 4973 1874 5030 Bsnsmcrt.

601 5067 865 5124 Sufficere
917 5067 1191 5123 credimus
1243 5065 1312 5120 ad
1344 5062 1695 5120 refectionem
1742 5064 2113 5134 quotidianam

597 5215 634 5275 ιιί
660 5202 790 5256 Tam
815 5212 974 5257 sexta:
1020 5221 1179 5275 quam
1209 5219 1380 5275 nonw.
1410 5201 1468 5256 Id
1512 5209 1614 5266 est,
1657 5200 1783 5275 sive
1806 5215 1914 5256 non
1940 5199 2012 5255 sit
2031 5198 2115 5275 je-

517 5272 756 5354 junium,
809 5283 863 5354 et
893 5270 1178 5354 prandium
1208 5274 1301 5327 fiat
1343 5275 1479 5354 hora
1515 5281 1687 5354 sexta,
1735 5271 1786 5325 id
1813 5270 2114 5354 est,.meri-

525 5341 614 5398 die
645 5363 658 5408 ;
694 5345 806 5398 sive
846 5341 1140 5412 je]unctur,
1167 5356 1224 5400 ct
1249 5359 1406 5400 ctena
1448 5343 1542 5397 ﬁat
1567 5345 1701 5398 hora
1732 5358 1894 5406 nona,
1928 5341 1980 5396 id
2005 5349 2109 5407 est,

525 5418 683 5470 tertia
723 5418 1164 5486 postmeridiana.

597 5489 624 5526 ιι
663 5482 916 5540 omnibus
950 5488 1230 5543 mensibus.
1262 5487 1350 5556 Ita
1370 5485 1564 5556 legunt
1609 5499 1740 5556 mss.
1773 5483 1986 5556 codices
2021 5482 2116 5536 Vi-
2173 5535 2176 5538 .

525 5558 742 5630 ctorini,
779 5556 907 5611 San.
940 5558 1220 5630 Ebrulphi.
1252 5555 1309 5612 S.
1341 5553 1667 5630 Faronis,_et
1697 5555 1754 5608 S.
1788 5553 1971 5630 ρεξιίῐιΓ
1999 5569 2108 5630 ma.

525 5643 648 5698 cum
675 5628 992 5698 Smaragdo,
1017 5629 1074 5683 S.
1107 5624 1406 5691 Dunstano,
1435 5638 1489 5682 et
1516 5625 1753 5682 editione
1780 5624 2108 5698 Coloniensi.

526 5696 678 5763 Quod
705 5696 1134 5757 contirinaturex
1151 5700 1354 5768 Regula
1373 5699 1610 5768 Magistri
1637 5711 1754 5766 cap.
1779 5696 1866 5759 26,
1893 5696 1947 5749 in
1964 5706 2112 5751 utro-

527 5783 633 5889 :lue
664 5768 849 5821 codice
891 5769 1203 5826 Concordiae
1229 5782 1340 5824 tam
1379 5769 1737 5831 Floriacensi,
1787 5782 1950 5838 quam
1985 5768 2107 5821 \‘in-

565 5837 824 5889 ucinensi.
886 5856 902 5886 ι
941 5838 1202 5889 Sufﬁcere
1242 5856 1474 5889 namoue
1526 5839 1796 5889 credimus
1846 5840 1913 5889 ad
1965 5838 2107 5889 refe-

565 5837 824 5908 ocinensi.
886 5856 902 5886 ι
941 5838 1202 5895 Sufﬁcerc
1242 5856 1474 5908 namque
1526 5837 1814 5895 credimus
1846 5840 1913 5892 ad
1965 5838 2108 5894 refe-

528 5907 764 5960 ctionem
797 5909 1188 5976 quotidianam,
1237 5919 1344 5965 tam
1380 5907 1575 5978 sextae,
1614 5926 1773 5979 quam
1806 5926 1959 5966 nona)
1990 5925 2106 5965 om-

2140 4977 2196 5038 D
2222 4987 2249 5016 ι
2281 4981 2393 5028 tam
2415 4962 2618 5038 Scine,
2646 4984 2808 5042 quam
2832 4982 2988 5024 nonae
3007 4965 3037 5009 δ
3058 4965 3312 5023 omnibus
3336 4963 3616 5019 mensibus
3659 4969 3808 5016 cocta

2218 5068 2325 5124 duo
2375 5063 2737 5138 pulmentaria
2776 5069 3003 5134 propter
3042 5060 3383 5116 diversorum
3438 5055 3806 5117 infirmitates,

2186 5181 2378 5258 inibus
2405 5200 2716 5264 mensibus,
2753 5217 2772 5251 ›
2827 5196 2930 5253 etsi
2963 5197 3018 5251 in
3047 5210 3150 5251 ms.
3199 5193 3360 5250 Corb.
3400 5189 3554 5264 sit-:5
3591 5187 3805 5264 mensis.

2215 5272 2439 5327 Accedit
2473 5259 2738 5326 Ruthardi
2770 5269 3102 5324 auctoritas:
3153 5264 3274 5332 Qui,
3309 5262 3594 5324 mensibus,
3631 5259 3810 5329 legen-

2218 5343 2346 5398 dum
2375 5358 2496 5398 esse
2523 5341 2738 5406 asserit,
2767 5356 2916 5413 non:
2951 5337 3166 5413 Mensis.
3197 5335 3647 5413 Turrecrematat,
3677 5345 3805 5413 cum

2221 5415 2338 5469 ait:
2373 5433 2390 5466 ι
2426 5413 2686 5470 Omnibus
2715 5399 2940 5476 mensis,
2988 5410 3123 5471 sive,
3161 5415 3221 5462 ut
3257 5405 3361 5460 alia
3408 5403 3570 5476 lectio
3600 5399 3802 5455 habet:

2222 5484 2485 5541 Omnibus
2515 5483 2819 5556 mensibus;
2837 5481 2980 5556 quod
3011 5479 3203 5556 melius
3233 5475 3553 5556 videtur,_id
3568 5481 3675 5556 est,
3699 5486 3805 5556 osu-

2220 5538 2560 5625 ni‘tempo‘re.
2594 5574 2611 5606 ι
2635 5538 2891 5625 Eamdem
2924 5552 3209 5625 lectionem
3246 5546 3488 5625 agnoscit
3513 5543 3694 5622 Guido
3720 5538 3806 5593 Ju-

2217 5615 2444 5692 venalis,
2469 5626 2634 5680 abbas
2650 5624 2824 5680 sancti
2841 5623 3088 5694 Sulpicii,
3114 5621 3166 5675 in
3195 5615 3535 5694 sua'Reguke
3551 5615 3803 5694 versione

2176 5748 2178 5750 ,
2216 5688 2444 5764 Gallica,
2478 5713 2600 5752 cum
2629 5697 2744 5751 hmo
2777 5688 2956 5750 verba"
2973 5695 3047 5748 ita
3091 5691 3349 5764 exponit:
3392 5688 3803 5764 IE‘n_tout_temps

2213 5769 2278 5823 de
2299 5757 2442 5824 l‘anI
2463 5768 2518 5822 Id
2542 5777 2644 5831 est,
2673 5765 2819 5821 omni
2854 5775 3112 5834 tempore,
3141 5757 3283 5834 quod
3309 5757 3531 5834 periude
3561 5762 3668 5834 est,
3699 5764 3799 5805 ac:

2200 5823 2449 5894 omnibus
2480 5823 2760 5893 mensibus.
2796 5823 3050 5891 Eamd'em
3079 5823 3624 5887 lectionem‘illustrat
3651 5823 3802 5877 locus

2211 5909 2269 5965 S.
2318 5911 2503 5967 Isidori
2556 5925 2675 5980 cap.
2717 5909 2751 5964 9
2802 5923 2914 5963 sum
2955 5903 3194 5976 Regulae,
3246 5915 3367 5957 cum
3401 5900 3513 5953 ait:
3551 5894 3797 5962 Utrisque
