  <div class='ocr_page' id='page_1' title='image "/cluster/home/n/w/nwhite01/storage/ocr_20150623/103/hvd.32044015466816/562.png"; bbox 0 0 4066 6342; ppageno 0'>
   <div class='ocr_carea' id='block_1_1' title="bbox 341 335 484 396">
    <p class='ocr_par' dir='ltr' id='par_1_1' title="bbox 341 335 484 396">
     <span class='ocr_line' id='line_1_1' title="bbox 341 335 484 396; baseline -0.035 0"><span class='ocrx_word' id='word_1_1' title='bbox 341 335 484 396; x_wconf 76' lang='lat' dir='ltr'><strong>Hi3</strong></span> 
     </span>
    </p>
   </div>
   <div class='ocr_carea' id='block_1_2' title="bbox 1262 327 2704 396">
    <p class='ocr_par' dir='ltr' id='par_1_2' title="bbox 1262 327 2704 396">
     <span class='ocr_line' id='line_1_2' title="bbox 1262 327 2704 396; baseline 0.008 -14"><span class='ocrx_word' id='word_1_2' title='bbox 1262 327 1649 384; x_wconf 68' lang='lat' dir='ltr'><strong>CONCOBDIA</strong></span> <span class='ocrx_word' id='word_1_3' title='bbox 1685 327 2140 391; x_wconf 75' lang='lat' dir='ltr'><strong>REGULARUM.</strong></span> <span class='ocrx_word' id='word_1_4' title='bbox 2181 366 2252 378; x_wconf 91' lang='lat'><strong>--</strong></span> <span class='ocrx_word' id='word_1_5' title='bbox 2288 337 2438 394; x_wconf 84' lang='lat' dir='ltr'><strong>CAP.</strong></span> <span class='ocrx_word' id='word_1_6' title='bbox 2479 336 2704 396; x_wconf 78' lang='lat' dir='ltr'><strong>XLVIII.</strong></span> 
     </span>
    </p>
   </div>
   <div class='ocr_carea' id='block_1_3' title="bbox 3452 350 3591 408">
    <p class='ocr_par' dir='ltr' id='par_1_3' title="bbox 3452 350 3591 408">
     <span class='ocr_line' id='line_1_3' title="bbox 3452 350 3591 408; baseline 0 -2"><span class='ocrx_word' id='word_1_7' title='bbox 3452 350 3591 408; x_wconf 74' lang='grc' dir='ltr'><strong>ΗΜ</strong></span> 
     </span>
    </p>
   </div>
   <div class='ocr_carea' id='block_1_4' title="bbox 333 441 3589 533">
    <p class='ocr_par' dir='ltr' id='par_1_4' title="bbox 333 441 3589 533">
     <span class='ocr_line' id='line_1_4' title="bbox 333 441 3589 533; baseline 0 -30"><span class='ocrx_word' id='word_1_8' title='bbox 333 460 364 492; x_wconf 73' lang='grc' dir='ltr'>ι</span> <span class='ocrx_word' id='word_1_9' title='bbox 390 457 450 503; x_wconf 93' lang='lat' dir='ltr'><strong>ut</strong></span> <span class='ocrx_word' id='word_1_10' title='bbox 483 445 622 501; x_wconf 90' lang='lat' dir='ltr'><strong>forte</strong></span> <span class='ocrx_word' id='word_1_11' title='bbox 659 443 751 515; x_wconf 89' lang='lat' dir='ltr'><strong>qui</strong></span> <span class='ocrx_word' id='word_1_12' title='bbox 774 459 842 501; x_wconf 86' lang='lat' dir='ltr'><strong>ex</strong></span> <span class='ocrx_word' id='word_1_13' title='bbox 871 458 976 499; x_wconf 93' lang='lat' dir='ltr'><strong>uno</strong></span> <span class='ocrx_word' id='word_1_14' title='bbox 1004 458 1111 499; x_wconf 89' lang='lat' dir='ltr'><strong>non</strong></span> <span class='ocrx_word' id='word_1_15' title='bbox 1132 441 1334 515; x_wconf 89' lang='lat' dir='ltr'><strong>poterit</strong></span> <span class='ocrx_word' id='word_1_16' title='bbox 1361 442 1541 508; x_wconf 89' lang='lat' dir='ltr'><strong>edere,</strong></span> <span class='ocrx_word' id='word_1_17' title='bbox 1567 455 1634 496; x_wconf 84' lang='lat' dir='ltr'><strong>ex</strong></span> <span class='ocrx_word' id='word_1_18' title='bbox 1662 441 1768 498; x_wconf 91' lang='lat' dir='ltr'><strong>alio</strong></span> <span class='ocrx_word' id='word_1_19' title='bbox 1793 449 1919 500; x_wconf 85' lang='lat' dir='ltr'><strong>ren-</strong></span> <span class='ocrx_word' id='word_1_20' title='bbox 1943 449 1998 512; x_wconf 77' lang='grc' dir='ltr'><strong>Α</strong></span> <span class='ocrx_word' id='word_1_21' title='bbox 2020 449 2180 506; x_wconf 80' lang='lat' dir='ltr'><strong>nibus</strong></span> <span class='ocrx_word' id='word_1_22' title='bbox 2205 451 2496 509; x_wconf 70' lang='lat' dir='ltr'><strong>sufﬁciam,</strong></span> <span class='ocrx_word' id='word_1_23' title='bbox 2527 466 2549 495; x_wconf 91' lang='lat' dir='ltr'><strong>c</strong></span> <span class='ocrx_word' id='word_1_24' title='bbox 2579 455 2646 511; x_wconf 73' lang='grc' dir='ltr'><strong>Ει</strong></span> <span class='ocrx_word' id='word_1_25' title='bbox 2679 457 2723 512; x_wconf 73' lang='grc' dir='ltr'><strong>εί</strong></span> <span class='ocrx_word' id='word_1_26' title='bbox 2761 455 2927 514; x_wconf 56' lang='lat' dir='ltr'><strong>fuerit</strong></span> <span class='ocrx_word' id='word_1_27' title='bbox 2969 459 3111 516; x_wconf 73' lang='lat' dir='ltr'><strong>unde</strong></span> <span class='ocrx_word' id='word_1_28' title='bbox 3135 475 3294 533; x_wconf 65' lang='lat' dir='ltr'><strong>poma</strong></span> <span class='ocrx_word' id='word_1_29' title='bbox 3323 462 3349 504; x_wconf 76' lang='grc' dir='ltr'><em>ά</em></span> <span class='ocrx_word' id='word_1_30' title='bbox 3379 474 3471 520; x_wconf 60' lang='grc' dir='ltr'><strong>ειη</strong></span> <span class='ocrx_word' id='word_1_31' title='bbox 3492 482 3589 522; x_wconf 68' lang='lat' dir='ltr'><strong>na-</strong></span> 
     </span>
    </p>
   </div>
   <div class='ocr_carea' id='block_1_5' title="bbox 333 537 1914 612">
    <p class='ocr_par' dir='ltr' id='par_1_5' title="bbox 333 537 1914 612">
     <span class='ocr_line' id='line_1_5' title="bbox 333 537 1914 612; baseline -0.004 -14"><span class='ocrx_word' id='word_1_32' title='bbox 333 543 533 598; x_wconf 91' lang='lat' dir='ltr'><strong>ciatur.</strong></span> <span class='ocrx_word' id='word_1_33' title='bbox 587 540 728 612; x_wconf 87' lang='lat' dir='ltr'><strong>Ergo</strong></span> <span class='ocrx_word' id='word_1_34' title='bbox 755 549 908 596; x_wconf 91' lang='lat' dir='ltr'><strong>cocta</strong></span> <span class='ocrx_word' id='word_1_35' title='bbox 938 539 1044 594; x_wconf 93' lang='lat' dir='ltr'><strong>duo</strong></span> <span class='ocrx_word' id='word_1_36' title='bbox 1074 539 1102 578; x_wconf 72' lang='grc' dir='ltr'>δ</span> <span class='ocrx_word' id='word_1_37' title='bbox 1128 537 1490 610; x_wconf 88' lang='lat' dir='ltr'><strong>pulmentaria</strong></span> <span class='ocrx_word' id='word_1_38' title='bbox 1510 537 1768 594; x_wconf 77' lang='lat' dir='ltr'><strong>fratribus</strong></span> <span class='ocrx_word' id='word_1_39' title='bbox 1797 552 1914 594; x_wconf 82' lang='lat' dir='ltr'><strong>om-</strong></span> 
     </span>
    </p>
   </div>
   <div class='ocr_carea' id='block_1_6' title="bbox 329 671 1916 747">
    <p class='ocr_par' dir='ltr' id='par_1_6' title="bbox 329 671 1916 747">
     <span class='ocr_line' id='line_1_6' title="bbox 329 671 1916 747; baseline -0.001 -15"><span class='ocrx_word' id='word_1_40' title='bbox 329 675 650 747; x_wconf 75' lang='lat' dir='ltr'><strong>temporibus</strong></span> <span class='ocrx_word' id='word_1_41' title='bbox 677 674 887 744; x_wconf 78' lang='lat' dir='ltr'><strong>refectio</strong></span> <span class='ocrx_word' id='word_1_42' title='bbox 931 672 1472 747; x_wconf 37' lang='lat' dir='ltr'><strong>menstrutribuserit</strong></span> <span class='ocrx_word' id='word_1_43' title='bbox 1519 671 1819 743; x_wconf 75' lang='lat' dir='ltr'><strong>pulmentis,</strong></span> <span class='ocrx_word' id='word_1_44' title='bbox 1859 680 1916 730; x_wconf 90' lang='lat' dir='ltr'><strong>et</strong></span> 
     </span>
    </p>
   </div>
   <div class='ocr_carea' id='block_1_7' title="bbox 326 744 1960 873">
    <p class='ocr_par' dir='ltr' id='par_1_7' title="bbox 326 744 1960 873">
     <span class='ocr_line' id='line_1_7' title="bbox 326 744 1960 873; baseline -0.002 -72"><span class='ocrx_word' id='word_1_45' title='bbox 326 744 445 873; x_wconf 72' lang='lat' dir='ltr'><strong>per</strong></span> <span class='ocrx_word' id='word_1_46' title='bbox 469 757 695 815; x_wconf 88' lang='lat' dir='ltr'><strong>utraque</strong></span> <span class='ocrx_word' id='word_1_47' title='bbox 740 744 1277 828; x_wconf 60' lang='lat' dir='ltr'><strong>temporaintelligit</strong></span> <span class='ocrx_word' id='word_1_48' title='bbox 1303 744 1515 826; x_wconf 85' lang='lat' dir='ltr'><strong>hiemen</strong></span> <span class='ocrx_word' id='word_1_49' title='bbox 1560 751 1616 798; x_wconf 92' lang='lat' dir='ltr'><strong>et</strong></span> <span class='ocrx_word' id='word_1_50' title='bbox 1645 754 1908 826; x_wconf 55' lang='lat' dir='ltr'><strong>gestatem.</strong></span> <span class='ocrx_word' id='word_1_51' title='bbox 1957 765 1960 767; x_wconf 53' lang='grc' dir='ltr'>λ</span> 
     </span>
     <span class='ocr_line' id='line_1_8' title="bbox 352 813 1909 873; baseline -0.001 -1"><span class='ocrx_word' id='word_1_52' title='bbox 352 837 385 873; x_wconf 91' lang='lat' dir='ltr'><strong>n</strong></span> <span class='ocrx_word' id='word_1_53' title='bbox 417 835 467 873; x_wconf 78' lang='grc' dir='ltr'><strong>ι).</strong></span> <span class='ocrx_word' id='word_1_54' title='bbox 500 833 601 871; x_wconf 88' lang='lat' dir='ltr'><strong>ms.</strong></span> <span class='ocrx_word' id='word_1_55' title='bbox 644 815 702 871; x_wconf 99' lang='grc'><strong>8.</strong></span> <span class='ocrx_word' id='word_1_56' title='bbox 754 816 1007 871; x_wconf 80' lang='lat' dir='ltr'><strong>Germani</strong></span> <span class='ocrx_word' id='word_1_57' title='bbox 1040 815 1274 873; x_wconf 73' lang='lat' dir='ltr'><strong>legitur:</strong></span> <span class='ocrx_word' id='word_1_58' title='bbox 1322 813 1575 868; x_wconf 75' lang='lat' dir='ltr'><strong>Omnibus</strong></span> <span class='ocrx_word' id='word_1_59' title='bbox 1601 814 1802 869; x_wconf 70' lang='lat' dir='ltr'><strong>diebus.</strong></span> <span class='ocrx_word' id='word_1_60' title='bbox 1851 815 1909 870; x_wconf 91' lang='lat' dir='ltr'><strong>In</strong></span> 
     </span>
    </p>
   </div>
   <div class='ocr_carea' id='block_1_8' title="bbox 352 813 1909 888">
    <p class='ocr_par' dir='ltr' id='par_1_8' title="bbox 352 813 1909 888">
     <span class='ocr_line' id='line_1_9' title="bbox 352 813 1909 888; baseline -0.002 -15"><span class='ocrx_word' id='word_1_61' title='bbox 352 837 385 873; x_wconf 91' lang='lat' dir='ltr'><strong>n</strong></span> <span class='ocrx_word' id='word_1_62' title='bbox 415 835 467 888; x_wconf 88' lang='lat' dir='ltr'><strong>p.</strong></span> <span class='ocrx_word' id='word_1_63' title='bbox 500 813 623 871; x_wconf 53' lang='lat' dir='ltr'><strong>msf</strong></span> <span class='ocrx_word' id='word_1_64' title='bbox 644 815 723 888; x_wconf 41' lang='lat' dir='ltr'><strong>S,</strong></span> <span class='ocrx_word' id='word_1_65' title='bbox 754 813 1013 888; x_wconf 74' lang='lat' dir='ltr'><strong>Germani</strong></span> <span class='ocrx_word' id='word_1_66' title='bbox 1040 813 1235 888; x_wconf 77' lang='lat' dir='ltr'><strong>legitur</strong></span> <span class='ocrx_word' id='word_1_67' title='bbox 1261 833 1274 868; x_wconf 91' lang='lat'><strong>:</strong></span> <span class='ocrx_word' id='word_1_68' title='bbox 1322 813 1575 888; x_wconf 61' lang='lat' dir='ltr'><strong>Omnibus</strong></span> <span class='ocrx_word' id='word_1_69' title='bbox 1601 814 1802 888; x_wconf 69' lang='lat' dir='ltr'><strong>diebus.</strong></span> <span class='ocrx_word' id='word_1_70' title='bbox 1851 815 1909 870; x_wconf 91' lang='lat' dir='ltr'><strong>In</strong></span> 
     </span>
    </p>
   </div>
   <div class='ocr_carea' id='block_1_9' title="bbox 324 884 1908 959">
    <p class='ocr_par' dir='ltr' id='par_1_9' title="bbox 324 884 1908 959">
     <span class='ocr_line' id='line_1_10' title="bbox 324 884 1908 959; baseline -0.001 -17"><span class='ocrx_word' id='word_1_71' title='bbox 324 884 486 959; x_wconf 75' lang='lat' dir='ltr'><strong>vulgo</strong></span> <span class='ocrx_word' id='word_1_72' title='bbox 502 888 671 959; x_wconf 84' lang='lat' dir='ltr'><strong>editis</strong></span> <span class='ocrx_word' id='word_1_73' title='bbox 713 887 926 958; x_wconf 91' lang='lat' dir='ltr'><strong>legitur.</strong></span> <span class='ocrx_word' id='word_1_74' title='bbox 977 884 1231 959; x_wconf 57' lang='lat' dir='ltr'><strong>omnibus</strong></span> <span class='ocrx_word' id='word_1_75' title='bbox 1269 885 1486 959; x_wconf 67' lang='lat' dir='ltr'><strong>mensis.</strong></span> <span class='ocrx_word' id='word_1_76' title='bbox 1520 884 1624 939; x_wconf 90' lang='lat' dir='ltr'><strong>Sed</strong></span> <span class='ocrx_word' id='word_1_77' title='bbox 1663 885 1828 959; x_wconf 70' lang='lat' dir='ltr'><strong>male2</strong></span> <span class='ocrx_word' id='word_1_78' title='bbox 1855 895 1908 959; x_wconf 84' lang='lat' dir='ltr'><strong>et</strong></span> 
     </span>
    </p>
   </div>
   <div class='ocr_carea' id='block_1_10' title="bbox 321 953 1954 1029">
    <p class='ocr_par' dir='ltr' id='par_1_10' title="bbox 321 953 1954 1029">
     <span class='ocr_line' id='line_1_11' title="bbox 321 953 1954 1029; baseline 0.002 -18"><span class='ocrx_word' id='word_1_79' title='bbox 321 953 475 1029; x_wconf 77' lang='lat' dir='ltr'><strong>prior</strong></span> <span class='ocrx_word' id='word_1_80' title='bbox 500 958 660 1012; x_wconf 91' lang='lat' dir='ltr'><strong>lectio</strong></span> <span class='ocrx_word' id='word_1_81' title='bbox 688 953 866 1028; x_wconf 75' lang='lat' dir='ltr'><strong>poiior</strong></span> <span class='ocrx_word' id='word_1_82' title='bbox 891 965 992 1012; x_wconf 89' lang='lat' dir='ltr'><strong>est.</strong></span> <span class='ocrx_word' id='word_1_83' title='bbox 1018 956 1155 1011; x_wconf 87' lang='lat' dir='ltr'><strong>Nam</strong></span> <span class='ocrx_word' id='word_1_84' title='bbox 1195 955 1252 1010; x_wconf 93' lang='lat' dir='ltr'><strong>S.</strong></span> <span class='ocrx_word' id='word_1_85' title='bbox 1289 955 1610 1029; x_wconf 84' lang='lat' dir='ltr'><strong>Benedictus</strong></span> <span class='ocrx_word' id='word_1_86' title='bbox 1638 963 1692 1009; x_wconf 91' lang='lat' dir='ltr'><strong>et</strong></span> <span class='ocrx_word' id='word_1_87' title='bbox 1721 953 1906 1029; x_wconf 86' lang='lat' dir='ltr'><strong>S._Isi_-</strong></span> <span class='ocrx_word' id='word_1_88' title='bbox 1951 1011 1954 1014; x_wconf 83' lang='lat'><strong>.</strong></span> 
     </span>
    </p>
   </div>
   <div class='ocr_carea' id='block_1_11' title="bbox 322 1026 1904 1098">
    <p class='ocr_par' dir='ltr' id='par_1_11' title="bbox 322 1026 1904 1098">
     <span class='ocr_line' id='line_1_12' title="bbox 322 1026 1904 1098; baseline -0.002 -15"><span class='ocrx_word' id='word_1_89' title='bbox 322 1026 491 1083; x_wconf 80' lang='lat' dir='ltr'><strong>dorus</strong></span> <span class='ocrx_word' id='word_1_90' title='bbox 540 1026 835 1085; x_wconf 70' lang='lat' dir='ltr'><strong>occurrunt</strong></span> <span class='ocrx_word' id='word_1_91' title='bbox 882 1043 1060 1098; x_wconf 77' lang='lat' dir='ltr'><strong>pravae</strong></span> <span class='ocrx_word' id='word_1_92' title='bbox 1107 1026 1462 1098; x_wconf 86' lang='lat' dir='ltr'><strong>quorumdam</strong></span> <span class='ocrx_word' id='word_1_93' title='bbox 1509 1026 1904 1098; x_wconf 75' lang='lat' dir='ltr'><strong>consuetudini,</strong></span> 
     </span>
    </p>
   </div>
   <div class='ocr_carea' id='block_1_12' title="bbox 322 1096 1905 1169">
    <p class='ocr_par' dir='ltr' id='par_1_12' title="bbox 322 1096 1905 1169">
     <span class='ocr_line' id='line_1_13' title="bbox 322 1096 1905 1169; baseline -0.001 -17"><span class='ocrx_word' id='word_1_94' title='bbox 322 1101 416 1168; x_wconf 92' lang='lat' dir='ltr'><strong>qui</strong></span> <span class='ocrx_word' id='word_1_95' title='bbox 469 1098 538 1153; x_wconf 88' lang='lat' dir='ltr'><strong>ob</strong></span> <span class='ocrx_word' id='word_1_96' title='bbox 575 1099 782 1154; x_wconf 90' lang='lat' dir='ltr'><strong>calores</strong></span> <span class='ocrx_word' id='word_1_97' title='bbox 832 1096 985 1169; x_wconf 77' lang='lat' dir='ltr'><strong>plura</strong></span> <span class='ocrx_word' id='word_1_98' title='bbox 1037 1096 1241 1153; x_wconf 84' lang='lat' dir='ltr'><strong>fercula</strong></span> <span class='ocrx_word' id='word_1_99' title='bbox 1291 1096 1347 1150; x_wconf 91' lang='lat' dir='ltr'><strong>in</strong></span> <span class='ocrx_word' id='word_1_100' title='bbox 1393 1103 1601 1161; x_wconf 72' lang='lat' dir='ltr'><strong>testate,</strong></span> <span class='ocrx_word' id='word_1_101' title='bbox 1656 1111 1818 1166; x_wconf 91' lang='lat' dir='ltr'><strong>qnam</strong></span> <span class='ocrx_word' id='word_1_102' title='bbox 1851 1097 1905 1151; x_wconf 92' lang='lat' dir='ltr'><strong>in</strong></span> 
     </span>
    </p>
   </div>
   <div class='ocr_carea' id='block_1_13' title="bbox 321 1169 1290 1240">
    <p class='ocr_par' dir='ltr' id='par_1_13' title="bbox 321 1169 1290 1240">
     <span class='ocr_line' id='line_1_14' title="bbox 321 1169 1290 1240; baseline -0.004 -16"><span class='ocrx_word' id='word_1_103' title='bbox 321 1170 502 1240; x_wconf 84' lang='lat' dir='ltr'><strong>hieme</strong></span> <span class='ocrx_word' id='word_1_104' title='bbox 528 1169 766 1238; x_wconf 85' lang='lat' dir='ltr'><strong>quotidie</strong></span> <span class='ocrx_word' id='word_1_105' title='bbox 800 1169 994 1240; x_wconf 89' lang='lat' dir='ltr'><strong>apponi</strong></span> <span class='ocrx_word' id='word_1_106' title='bbox 1022 1169 1290 1222; x_wconf 89' lang='lat' dir='ltr'><strong>volebant.</strong></span> 
     </span>
    </p>
   </div>
   <div class='ocr_carea' id='block_1_14' title="bbox 395 1234 1905 1310">
    <p class='ocr_par' dir='ltr' id='par_1_14' title="bbox 395 1234 1905 1310">
     <span class='ocr_line' id='line_1_15' title="bbox 395 1234 1905 1310; baseline -0.001 -18"><span class='ocrx_word' id='word_1_107' title='bbox 395 1253 422 1280; x_wconf 78' lang='grc' dir='ltr'>ιι</span> <span class='ocrx_word' id='word_1_108' title='bbox 457 1237 520 1292; x_wconf 86' lang='lat' dir='ltr'><strong>Ut</strong></span> <span class='ocrx_word' id='word_1_109' title='bbox 546 1234 705 1308; x_wconf 53' lang='lat' dir='ltr'><strong>forte,</strong></span> <span class='ocrx_word' id='word_1_110' title='bbox 737 1234 914 1310; x_wconf 57' lang='lat' dir='ltr'><strong>qui&#39;e&#39;x</strong></span> <span class='ocrx_word' id='word_1_111' title='bbox 957 1255 1060 1292; x_wconf 87' lang='lat' dir='ltr'><strong>uno</strong></span> <span class='ocrx_word' id='word_1_112' title='bbox 1088 1255 1191 1310; x_wconf 74' lang='lat' dir='ltr'><strong>non</strong></span> <span class='ocrx_word' id='word_1_113' title='bbox 1213 1235 1402 1310; x_wconf 72' lang='lat' dir='ltr'><strong>poterit</strong></span> <span class='ocrx_word' id='word_1_114' title='bbox 1430 1235 1600 1290; x_wconf 86' lang='lat' dir='ltr'><strong>edere.</strong></span> <span class='ocrx_word' id='word_1_115' title='bbox 1633 1234 1905 1310; x_wconf 58' lang='lat' dir='ltr'><strong>Quaeritur</strong></span> 
     </span>
    </p>
   </div>
   <div class='ocr_carea' id='block_1_15' title="bbox 321 1304 1904 1376">
    <p class='ocr_par' dir='ltr' id='par_1_15' title="bbox 321 1304 1904 1376">
     <span class='ocr_line' id='line_1_16' title="bbox 321 1304 1904 1376; baseline -0.002 -12"><span class='ocrx_word' id='word_1_116' title='bbox 321 1324 390 1364; x_wconf 89' lang='lat' dir='ltr'><strong>an</strong></span> <span class='ocrx_word' id='word_1_117' title='bbox 412 1311 515 1364; x_wconf 90' lang='lat' dir='ltr'><strong>duo</strong></span> <span class='ocrx_word' id='word_1_118' title='bbox 526 1304 880 1376; x_wconf 80' lang='lat' dir='ltr'><strong>pulrneniaria</strong></span> <span class='ocrx_word' id='word_1_119' title='bbox 895 1308 1158 1372; x_wconf 80' lang='lat' dir='ltr'><strong>monacho</strong></span> <span class='ocrx_word' id='word_1_120' title='bbox 1184 1304 1536 1370; x_wconf 47' lang='lat' dir='ltr'><strong>e&#39;dereliceat,</strong></span> <span class='ocrx_word' id='word_1_121' title='bbox 1573 1322 1692 1360; x_wconf 91' lang='lat' dir='ltr'><strong>cum</strong></span> <span class='ocrx_word' id='word_1_122' title='bbox 1717 1304 1774 1360; x_wconf 91' lang='lat' dir='ltr'><strong>S.</strong></span> <span class='ocrx_word' id='word_1_123' title='bbox 1803 1306 1904 1362; x_wconf 88' lang='lat' dir='ltr'><strong>Be-</strong></span> 
     </span>
    </p>
   </div>
   <div class='ocr_carea' id='block_1_16' title="bbox 318 1377 1898 1449">
    <p class='ocr_par' dir='ltr' id='par_1_16' title="bbox 318 1377 1898 1449">
     <span class='ocr_line' id='line_1_17' title="bbox 318 1377 1898 1449; baseline -0.001 -16"><span class='ocrx_word' id='word_1_124' title='bbox 318 1381 566 1434; x_wconf 81' lang='lat' dir='ltr'><strong>nedictus</strong></span> <span class='ocrx_word' id='word_1_125' title='bbox 618 1380 736 1434; x_wconf 89' lang='lat' dir='ltr'><strong>ideo</strong></span> <span class='ocrx_word' id='word_1_126' title='bbox 788 1379 876 1434; x_wconf 89' lang='lat' dir='ltr'><strong>illa</strong></span> <span class='ocrx_word' id='word_1_127' title='bbox 915 1379 1110 1449; x_wconf 90' lang='lat' dir='ltr'><strong>apponi</strong></span> <span class='ocrx_word' id='word_1_128' title='bbox 1139 1378 1372 1449; x_wconf 65' lang='lat' dir='ltr'><strong>iubeat,</strong></span> <span class='ocrx_word' id='word_1_129' title='bbox 1409 1385 1501 1449; x_wconf 85' lang='lat' dir='ltr'><strong>ut,</strong></span> <span class='ocrx_word' id='word_1_130' title='bbox 1548 1377 1656 1449; x_wconf 91' lang='lat' dir='ltr'><strong>qui</strong></span> <span class='ocrx_word' id='word_1_131' title='bbox 1683 1377 1749 1431; x_wconf 90' lang='lat' dir='ltr'><strong>de</strong></span> <span class='ocrx_word' id='word_1_132' title='bbox 1793 1392 1898 1433; x_wconf 92' lang='lat' dir='ltr'><strong>uno</strong></span> 
     </span>
    </p>
   </div>
   <div class='ocr_carea' id='block_1_17' title="bbox 317 1446 1900 1518">
    <p class='ocr_par' dir='ltr' id='par_1_17' title="bbox 317 1446 1900 1518">
     <span class='ocr_line' id='line_1_18' title="bbox 317 1446 1900 1518; baseline -0.002 -14"><span class='ocrx_word' id='word_1_133' title='bbox 317 1451 480 1505; x_wconf 91' lang='lat' dir='ltr'><strong>edere</strong></span> <span class='ocrx_word' id='word_1_134' title='bbox 517 1465 622 1504; x_wconf 91' lang='lat' dir='ltr'><strong>non</strong></span> <span class='ocrx_word' id='word_1_135' title='bbox 650 1450 837 1518; x_wconf 79' lang='lat' dir='ltr'><strong>possit,</strong></span> <span class='ocrx_word' id='word_1_136' title='bbox 869 1446 1000 1504; x_wconf 74' lang='lat' dir='ltr'><strong>edai</strong></span> <span class='ocrx_word' id='word_1_137' title='bbox 1011 1450 1079 1504; x_wconf 91' lang='lat' dir='ltr'><strong>de</strong></span> <span class='ocrx_word' id='word_1_138' title='bbox 1104 1446 1294 1503; x_wconf 79' lang='lat' dir='ltr'><strong>altero.</strong></span> <span class='ocrx_word' id='word_1_139' title='bbox 1339 1447 1448 1502; x_wconf 88' lang='lat' dir='ltr'><strong>Sed</strong></span> <span class='ocrx_word' id='word_1_140' title='bbox 1476 1454 1605 1516; x_wconf 91' lang='lat' dir='ltr'><strong>puto</strong></span> <span class='ocrx_word' id='word_1_141' title='bbox 1643 1446 1758 1518; x_wconf 63' lang='lat' dir='ltr'><strong>haec</strong></span> <span class='ocrx_word' id='word_1_142' title='bbox 1784 1463 1900 1502; x_wconf 89' lang='lat' dir='ltr'><strong>mo-</strong></span> 
     </span>
    </p>
   </div>
   <div class='ocr_carea' id='block_1_18' title="bbox 317 1515 1898 1591">
    <p class='ocr_par' dir='ltr' id='par_1_18' title="bbox 317 1515 1898 1591">
     <span class='ocr_line' id='line_1_19' title="bbox 317 1515 1898 1591; baseline -0.001 -17"><span class='ocrx_word' id='word_1_143' title='bbox 317 1520 508 1591; x_wconf 80' lang='lat' dir='ltr'><strong>raliter</strong></span> <span class='ocrx_word' id='word_1_144' title='bbox 541 1515 917 1591; x_wconf 85' lang='lat' dir='ltr'><strong>intelligenda:</strong></span> <span class='ocrx_word' id='word_1_145' title='bbox 969 1527 1024 1574; x_wconf 90' lang='lat' dir='ltr'><strong>et</strong></span> <span class='ocrx_word' id='word_1_146' title='bbox 1059 1534 1128 1575; x_wconf 90' lang='lat' dir='ltr'><strong>ex</strong></span> <span class='ocrx_word' id='word_1_147' title='bbox 1155 1525 1404 1591; x_wconf 7' lang='lat' dir='ltr'><strong>:equoget‘</strong></span> <span class='ocrx_word' id='word_1_148' title='bbox 1435 1515 1577 1572; x_wconf 84' lang='lat' dir='ltr'><strong>bono</strong></span> <span class='ocrx_word' id='word_1_149' title='bbox 1604 1515 1898 1591; x_wconf 79' lang='lat' dir='ltr'><strong>multorum</strong></span> 
     </span>
    </p>
   </div>
   <div class='ocr_carea' id='block_1_19' title="bbox 317 1585 1896 1662">
    <p class='ocr_par' dir='ltr' id='par_1_19' title="bbox 317 1585 1896 1662">
     <span class='ocr_line' id='line_1_20' title="bbox 317 1585 1896 1662; baseline -0.001 -18"><span class='ocrx_word' id='word_1_150' title='bbox 317 1589 618 1662; x_wconf 86' lang='lat' dir='ltr'><strong>infirmitati</strong></span> <span class='ocrx_word' id='word_1_151' title='bbox 651 1585 761 1662; x_wconf 78' lang='lat' dir='ltr'><strong>tuin</strong></span> <span class='ocrx_word' id='word_1_152' title='bbox 789 1591 1054 1662; x_wconf 90' lang='lat' dir='ltr'><strong>corporis,</strong></span> <span class='ocrx_word' id='word_1_153' title='bbox 1099 1585 1408 1662; x_wconf 46' lang='lat' dir='ltr'><strong>tum—animi</strong></span> <span class='ocrx_word' id='word_1_154' title='bbox 1436 1586 1641 1662; x_wconf 79' lang='lat' dir='ltr'><strong>consuli</strong></span> <span class='ocrx_word' id='word_1_155' title='bbox 1661 1585 1896 1662; x_wconf 64' lang='lat' dir='ltr'><strong>ferculo-</strong></span> 
     </span>
    </p>
   </div>
   <div class='ocr_carea' id='block_1_20' title="bbox 315 1655 1894 1729">
    <p class='ocr_par' dir='ltr' id='par_1_20' title="bbox 315 1655 1894 1729">
     <span class='ocr_line' id='line_1_21' title="bbox 315 1655 1894 1729; baseline -0.003 -13"><span class='ocrx_word' id='word_1_156' title='bbox 315 1676 438 1716; x_wconf 93' lang='lat' dir='ltr'><strong>rum</strong></span> <span class='ocrx_word' id='word_1_157' title='bbox 466 1660 776 1716; x_wconf 85' lang='lat' dir='ltr'><strong>diversitate</strong></span> <span class='ocrx_word' id='word_1_158' title='bbox 800 1679 814 1714; x_wconf 88' lang='lat'><strong>:</strong></span> <span class='ocrx_word' id='word_1_159' title='bbox 840 1655 1054 1716; x_wconf 75' lang='lat' dir='ltr'><strong>ui&#39;cum</strong></span> <span class='ocrx_word' id='word_1_160' title='bbox 1089 1660 1210 1729; x_wconf 89' lang='lat' dir='ltr'><strong>quis</strong></span> <span class='ocrx_word' id='word_1_161' title='bbox 1247 1659 1313 1713; x_wconf 90' lang='lat' dir='ltr'><strong>de</strong></span> <span class='ocrx_word' id='word_1_162' title='bbox 1336 1672 1442 1712; x_wconf 92' lang='lat' dir='ltr'><strong>uno</strong></span> <span class='ocrx_word' id='word_1_163' title='bbox 1460 1655 1769 1729; x_wconf 87' lang='lat' dir='ltr'><strong>plusculum</strong></span> <span class='ocrx_word' id='word_1_164' title='bbox 1797 1657 1894 1712; x_wconf 92' lang='lat' dir='ltr'><strong>de-</strong></span> 
     </span>
    </p>
   </div>
   <div class='ocr_carea' id='block_1_21' title="bbox 313 1727 1895 1801">
    <p class='ocr_par' dir='ltr' id='par_1_21' title="bbox 313 1727 1895 1801">
     <span class='ocr_line' id='line_1_22' title="bbox 313 1727 1895 1801; baseline -0.001 -17"><span class='ocrx_word' id='word_1_165' title='bbox 313 1730 631 1801; x_wconf 89' lang='lat' dir='ltr'><strong>gustaverit,</strong></span> <span class='ocrx_word' id='word_1_166' title='bbox 675 1729 789 1798; x_wconf 85' lang='lat' dir='ltr'><strong>jam</strong></span> <span class='ocrx_word' id='word_1_167' title='bbox 819 1732 951 1786; x_wconf 92' lang='lat' dir='ltr'><strong>illud</strong></span> <span class='ocrx_word' id='word_1_168' title='bbox 1003 1727 1282 1801; x_wconf 80' lang='lat' dir='ltr'><strong>fastidiens</strong></span> <span class='ocrx_word' id='word_1_169' title='bbox 1319 1729 1386 1801; x_wconf 84' lang='lat' dir='ltr'><strong>ad</strong></span> <span class='ocrx_word' id='word_1_170' title='bbox 1425 1727 1653 1801; x_wconf 76' lang='lat' dir='ltr'><strong>alterum</strong></span> <span class='ocrx_word' id='word_1_171' title='bbox 1681 1740 1740 1782; x_wconf 88' lang='lat' dir='ltr'><strong>se</strong></span> <span class='ocrx_word' id='word_1_172' title='bbox 1765 1743 1895 1782; x_wconf 78' lang='lat' dir='ltr'><strong>con-</strong></span> 
     </span>
    </p>
   </div>
   <div class='ocr_carea' id='block_1_22' title="bbox 311 1797 1968 1924">
    <p class='ocr_par' dir='ltr' id='par_1_22' title="bbox 311 1797 1968 1924">
     <span class='ocr_line' id='line_1_23' title="bbox 311 1797 1968 1924; baseline -0.001 -70"><span class='ocrx_word' id='word_1_173' title='bbox 311 1797 526 1856; x_wconf 65' lang='lat' dir='ltr'><strong>vertat:</strong></span> <span class='ocrx_word' id='word_1_174' title='bbox 579 1802 881 1924; x_wconf 57' lang='lat' dir='ltr'><strong>[ii-asserum</strong></span> <span class='ocrx_word' id='word_1_175' title='bbox 931 1816 1052 1881; x_wconf 83' lang='lat' dir='ltr'><strong>cum</strong></span> <span class='ocrx_word' id='word_1_176' title='bbox 1102 1798 1306 1868; x_wconf 80' lang='lat' dir='ltr'><strong>Regula</strong></span> <span class='ocrx_word' id='word_1_177' title='bbox 1343 1797 1684 1880; x_wconf 59' lang='lat' dir='ltr'><strong>duofercula</strong></span> <span class='ocrx_word' id='word_1_178' title='bbox 1713 1813 1893 1854; x_wconf 84' lang='lat' dir='ltr'><strong>come-</strong></span> <span class='ocrx_word' id='word_1_179' title='bbox 1919 1821 1968 1881; x_wconf 83' lang='lat' dir='ltr'><strong>B</strong></span> 
     </span>
     <span class='ocr_line' id='line_1_24' title="bbox 312 1867 1892 1924; baseline -0.001 0"><span class='ocrx_word' id='word_1_180' title='bbox 312 1871 442 1924; x_wconf 91' lang='lat' dir='ltr'><strong>dere</strong></span> <span class='ocrx_word' id='word_1_181' title='bbox 473 1887 577 1924; x_wconf 86' lang='lat' dir='ltr'><strong>exn</strong></span> <span class='ocrx_word' id='word_1_182' title='bbox 600 1872 723 1924; x_wconf 79' lang='lat' dir='ltr'><strong>icite</strong></span> <span class='ocrx_word' id='word_1_183' title='bbox 747 1887 854 1924; x_wconf 90' lang='lat' dir='ltr'><strong>non</strong></span> <span class='ocrx_word' id='word_1_184' title='bbox 878 1871 1179 1924; x_wconf 79' lang='lat' dir='ltr'><strong>prohibeat.</strong></span> <span class='ocrx_word' id='word_1_185' title='bbox 1214 1867 1364 1924; x_wconf 92' lang='lat' dir='ltr'><strong>Ouod</strong></span> <span class='ocrx_word' id='word_1_186' title='bbox 1390 1883 1435 1922; x_wconf 77' lang='grc' dir='ltr'>ει</span> <span class='ocrx_word' id='word_1_187' title='bbox 1459 1875 1532 1921; x_wconf 81' lang='lat' dir='ltr'><strong>ita</strong></span> <span class='ocrx_word' id='word_1_188' title='bbox 1561 1876 1724 1924; x_wconf 89' lang='lat' dir='ltr'><strong>esset.</strong></span> <span class='ocrx_word' id='word_1_189' title='bbox 1753 1869 1892 1923; x_wconf 91' lang='lat' dir='ltr'><strong>male</strong></span> 
     </span>
    </p>
   </div>
   <div class='ocr_carea' id='block_1_23' title="bbox 600 1889 615 1926">
    <p class='ocr_par' dir='ltr' id='par_1_23' title="bbox 600 1889 615 1926">
     <span class='ocr_line' id='line_1_25' title="bbox 600 1889 615 1926; baseline 0 0"><span class='ocrx_word' id='word_1_190' title='bbox 600 1889 615 1926; x_wconf 88' lang='grc' dir='ltr'><strong><em>ι</em></strong></span> 
     </span>
    </p>
   </div>
   <div class='ocr_carea' id='block_1_24' title="bbox 312 1867 1892 1941">
    <p class='ocr_par' dir='ltr' id='par_1_24' title="bbox 312 1867 1892 1941">
     <span class='ocr_line' id='line_1_26' title="bbox 312 1867 1892 1941; baseline -0.001 -16"><span class='ocrx_word' id='word_1_191' title='bbox 312 1871 442 1926; x_wconf 91' lang='lat' dir='ltr'><strong>dere</strong></span> <span class='ocrx_word' id='word_1_192' title='bbox 473 1867 723 1941; x_wconf 85' lang='lat' dir='ltr'><strong>explicite</strong></span> <span class='ocrx_word' id='word_1_193' title='bbox 747 1887 854 1927; x_wconf 92' lang='lat' dir='ltr'><strong>non</strong></span> <span class='ocrx_word' id='word_1_194' title='bbox 878 1867 1435 1941; x_wconf 41' lang='lat' dir='ltr'><strong>prohibeathuodsi</strong></span> <span class='ocrx_word' id='word_1_195' title='bbox 1459 1868 1532 1921; x_wconf 89' lang='lat' dir='ltr'><strong>ita</strong></span> <span class='ocrx_word' id='word_1_196' title='bbox 1561 1876 1730 1941; x_wconf 72' lang='lat' dir='ltr'><strong>esset,</strong></span> <span class='ocrx_word' id='word_1_197' title='bbox 1742 1869 1892 1941; x_wconf 80' lang='lat' dir='ltr'><strong>male</strong></span> 
     </span>
    </p>
   </div>
   <div class='ocr_carea' id='block_1_25' title="bbox 311 1935 1894 2011">
    <p class='ocr_par' dir='ltr' id='par_1_25' title="bbox 311 1935 1894 2011">
     <span class='ocr_line' id='line_1_27' title="bbox 311 1935 1894 2011; baseline -0.001 -15"><span class='ocrx_word' id='word_1_198' title='bbox 311 1935 615 1997; x_wconf 78' lang='lat' dir='ltr'><strong>consultum</strong></span> <span class='ocrx_word' id='word_1_199' title='bbox 654 1950 798 1997; x_wconf 89' lang='lat' dir='ltr'><strong>esset</strong></span> <span class='ocrx_word' id='word_1_200' title='bbox 843 1935 1123 2011; x_wconf 70' lang='lat' dir='ltr'><strong>sinperliuis</strong></span> <span class='ocrx_word' id='word_1_201' title='bbox 1162 1938 1420 2011; x_wconf 79' lang='lat' dir='ltr'><strong>impensis</strong></span> <span class='ocrx_word' id='word_1_202' title='bbox 1457 1953 1582 2011; x_wconf 92' lang='lat' dir='ltr'><strong>cum</strong></span> <span class='ocrx_word' id='word_1_203' title='bbox 1609 1937 1894 2007; x_wconf 85' lang='lat' dir='ltr'><strong>duplicatis</strong></span> 
     </span>
    </p>
   </div>
   <div class='ocr_carea' id='block_1_26' title="bbox 308 2007 1895 2082">
    <p class='ocr_par' dir='ltr' id='par_1_26' title="bbox 308 2007 1895 2082">
     <span class='ocr_line' id='line_1_28' title="bbox 308 2007 1895 2082; baseline -0.001 -16"><span class='ocrx_word' id='word_1_204' title='bbox 308 2011 690 2082; x_wconf 80' lang='lat' dir='ltr'><strong>pulmentarils</strong></span> <span class='ocrx_word' id='word_1_205' title='bbox 717 2007 925 2082; x_wconf 50' lang='lat' dir='ltr'><strong>dapes;</strong></span> <span class='ocrx_word' id='word_1_206' title='bbox 949 2026 1068 2080; x_wconf 73' lang='lat' dir='ltr'><strong>qua:</strong></span> <span class='ocrx_word' id='word_1_207' title='bbox 1104 2025 1158 2063; x_wconf 78' lang='grc' dir='ltr'>ν.</span> <span class='ocrx_word' id='word_1_208' title='bbox 1191 2007 1249 2078; x_wconf 76' lang='lat' dir='ltr'><strong>g.</strong></span> <span class='ocrx_word' id='word_1_209' title='bbox 1293 2007 1680 2078; x_wconf 78' lang='lat' dir='ltr'><strong>quinquaginta</strong></span> <span class='ocrx_word' id='word_1_210' title='bbox 1706 2023 1895 2064; x_wconf 91' lang='lat' dir='ltr'><strong>mona-</strong></span> 
     </span>
    </p>
   </div>
   <div class='ocr_carea' id='block_1_27' title="bbox 307 2081 1888 2151">
    <p class='ocr_par' dir='ltr' id='par_1_27' title="bbox 307 2081 1888 2151">
     <span class='ocr_line' id='line_1_29' title="bbox 307 2081 1888 2151; baseline -0.002 -14"><span class='ocrx_word' id='word_1_211' title='bbox 307 2081 430 2137; x_wconf 68' lang='lat' dir='ltr'><strong>Chis</strong></span> <span class='ocrx_word' id='word_1_212' title='bbox 477 2081 823 2146; x_wconf 78' lang='lat' dir='ltr'><strong>sufﬁcerent,</strong></span> <span class='ocrx_word' id='word_1_213' title='bbox 898 2096 996 2151; x_wconf 88' lang='lat' dir='ltr'><strong>pro</strong></span> <span class='ocrx_word' id='word_1_214' title='bbox 1041 2087 1255 2151; x_wconf 86' lang='lat' dir='ltr'><strong>centum</strong></span> <span class='ocrx_word' id='word_1_215' title='bbox 1308 2086 1490 2151; x_wconf 88' lang='lat' dir='ltr'><strong>essent</strong></span> <span class='ocrx_word' id='word_1_216' title='bbox 1539 2082 1888 2151; x_wconf 66' lang='lat' dir='ltr'><strong>apponendaa,</strong></span> 
     </span>
    </p>
   </div>
   <div class='ocr_carea' id='block_1_28' title="bbox 306 2148 1889 2223">
    <p class='ocr_par' dir='ltr' id='par_1_28' title="bbox 306 2148 1889 2223">
     <span class='ocr_line' id='line_1_30' title="bbox 306 2148 1889 2223; baseline -0.003 -17"><span class='ocrx_word' id='word_1_217' title='bbox 306 2153 546 2207; x_wconf 82' lang='lat' dir='ltr'><strong>maxime</strong></span> <span class='ocrx_word' id='word_1_218' title='bbox 576 2168 696 2223; x_wconf 89' lang='lat' dir='ltr'><strong>cum</strong></span> <span class='ocrx_word' id='word_1_219' title='bbox 724 2148 948 2223; x_wconf 72' lang='lat' dir='ltr'><strong>singula:</strong></span> <span class='ocrx_word' id='word_1_220' title='bbox 979 2151 1163 2223; x_wconf 85' lang='lat' dir='ltr'><strong>lances</strong></span> <span class='ocrx_word' id='word_1_221' title='bbox 1198 2149 1250 2204; x_wconf 91' lang='lat' dir='ltr'><strong>id</strong></span> <span class='ocrx_word' id='word_1_222' title='bbox 1290 2149 1570 2223; x_wconf 72' lang='lat' dir='ltr'><strong>continere</strong></span> <span class='ocrx_word' id='word_1_223' title='bbox 1609 2148 1889 2223; x_wconf 77' lang='lat' dir='ltr'><strong>deberent,</strong></span> 
     </span>
    </p>
   </div>
   <div class='ocr_carea' id='block_1_29' title="bbox 345 2217 1890 2289">
    <p class='ocr_par' dir='ltr' id='par_1_29' title="bbox 345 2217 1890 2289">
     <span class='ocr_line' id='line_1_31' title="bbox 345 2217 1890 2289; baseline -0.001 -14"><span class='ocrx_word' id='word_1_224' title='bbox 345 2223 455 2277; x_wconf 92' lang='lat' dir='ltr'><strong>uod</strong></span> <span class='ocrx_word' id='word_1_225' title='bbox 491 2223 557 2276; x_wconf 90' lang='lat' dir='ltr'><strong>ad</strong></span> <span class='ocrx_word' id='word_1_226' title='bbox 597 2222 754 2277; x_wconf 91' lang='lat' dir='ltr'><strong>unius</strong></span> <span class='ocrx_word' id='word_1_227' title='bbox 783 2217 1035 2277; x_wconf 74' lang='lat' dir='ltr'><strong>monachi</strong></span> <span class='ocrx_word' id='word_1_228' title='bbox 1065 2220 1372 2275; x_wconf 86' lang='lat' dir='ltr'><strong>satietatem</strong></span> <span class='ocrx_word' id='word_1_229' title='bbox 1417 2217 1731 2283; x_wconf 83' lang='lat' dir='ltr'><strong>sufficeret;</strong></span> <span class='ocrx_word' id='word_1_230' title='bbox 1763 2219 1890 2289; x_wconf 87' lang='lat' dir='ltr'><strong>quia</strong></span> 
     </span>
    </p>
   </div>
   <div class='ocr_carea' id='block_1_30' title="bbox 307 2290 1252 2347">
    <p class='ocr_par' dir='ltr' id='par_1_30' title="bbox 307 2290 1252 2347">
     <span class='ocr_line' id='line_1_32' title="bbox 307 2290 1252 2347; baseline -0.002 -1"><span class='ocrx_word' id='word_1_231' title='bbox 307 2290 385 2346; x_wconf 89' lang='lat' dir='ltr'><strong>illi</strong></span> <span class='ocrx_word' id='word_1_232' title='bbox 413 2292 478 2346; x_wconf 89' lang='lat' dir='ltr'><strong>de</strong></span> <span class='ocrx_word' id='word_1_233' title='bbox 503 2307 611 2346; x_wconf 90' lang='lat' dir='ltr'><strong>una</strong></span> <span class='ocrx_word' id='word_1_234' title='bbox 644 2301 850 2346; x_wconf 90' lang='lat' dir='ltr'><strong>tantum</strong></span> <span class='ocrx_word' id='word_1_235' title='bbox 878 2293 1039 2347; x_wconf 89' lang='lat' dir='ltr'><strong>edere</strong></span> <span class='ocrx_word' id='word_1_236' title='bbox 1063 2291 1252 2345; x_wconf 86' lang='lat' dir='ltr'><strong>liceret</strong></span> 
     </span>
    </p>
   </div>
   <div class='ocr_carea' id='block_1_31' title="bbox 378 2360 1293 2425">
    <p class='ocr_par' dir='ltr' id='par_1_31' title="bbox 378 2360 1293 2425">
     <span class='ocr_line' id='line_1_33' title="bbox 378 2360 1293 2425; baseline 0 -12"><span class='ocrx_word' id='word_1_237' title='bbox 378 2362 406 2401; x_wconf 71' lang='grc' dir='ltr'>δ</span> <span class='ocrx_word' id='word_1_238' title='bbox 438 2360 819 2416; x_wconf 81' lang='lat' dir='ltr'><strong>Pulmentaria.</strong></span> <span class='ocrx_word' id='word_1_239' title='bbox 847 2361 1293 2425; x_wconf 90' lang='lat' dir='ltr'><strong>Pulmentarium,</strong></span> 
     </span>
    </p>
   </div>
   <div class='ocr_carea' id='block_1_32' title="bbox 305 2427 1532 2501">
    <p class='ocr_par' dir='ltr' id='par_1_32' title="bbox 305 2427 1532 2501">
     <span class='ocr_line' id='line_1_34' title="bbox 305 2427 1532 2501; baseline -0.003 -14"><span class='ocrx_word' id='word_1_240' title='bbox 305 2431 528 2501; x_wconf 88' lang='lat' dir='ltr'><strong>dicitur,</strong></span> <span class='ocrx_word' id='word_1_241' title='bbox 553 2441 640 2486; x_wconf 92' lang='lat' dir='ltr'><strong>est</strong></span> <span class='ocrx_word' id='word_1_242' title='bbox 659 2431 936 2501; x_wconf 91' lang='lat' dir='ltr'><strong>quodlibet</strong></span> <span class='ocrx_word' id='word_1_243' title='bbox 955 2431 1260 2501; x_wconf 78' lang='lat' dir='ltr'><strong>obsonium.</strong></span> <span class='ocrx_word' id='word_1_244' title='bbox 1296 2427 1449 2501; x_wconf 73' lang='lat' dir='ltr'><strong>Cato,</strong></span> <span class='ocrx_word' id='word_1_245' title='bbox 1466 2429 1532 2483; x_wconf 92' lang='lat' dir='ltr'><strong>de</strong></span> 
     </span>
    </p>
   </div>
   <div class='ocr_carea' id='block_1_33' title="bbox 302 2498 1887 2570">
    <p class='ocr_par' dir='ltr' id='par_1_33' title="bbox 302 2498 1887 2570">
     <span class='ocr_line' id='line_1_35' title="bbox 302 2498 1887 2570; baseline -0.003 -14"><span class='ocrx_word' id='word_1_246' title='bbox 302 2517 422 2570; x_wconf 89' lang='lat' dir='ltr'><strong>cap.</strong></span> <span class='ocrx_word' id='word_1_247' title='bbox 455 2500 554 2556; x_wconf 85' lang='lat'><strong>58:</strong></span> <span class='ocrx_word' id='word_1_248' title='bbox 579 2519 596 2550; x_wconf 76' lang='grc' dir='ltr'>ι</span> <span class='ocrx_word' id='word_1_249' title='bbox 626 2498 1054 2556; x_wconf 79' lang='lat' dir='ltr'><strong>Pulmentarium</strong></span> <span class='ocrx_word' id='word_1_250' title='bbox 1077 2499 1296 2554; x_wconf 72' lang='lat' dir='ltr'><strong>familiae</strong></span> <span class='ocrx_word' id='word_1_251' title='bbox 1315 2498 1446 2570; x_wconf 72' lang='lat' dir='ltr'><strong>oleae</strong></span> <span class='ocrx_word' id='word_1_252' title='bbox 1475 2499 1887 2570; x_wconf 69' lang='lat' dir='ltr'><strong>caducae__qu_am</strong></span> 
     </span>
    </p>
   </div>
   <div class='ocr_carea' id='block_1_34' title="bbox 301 2567 1890 2642">
    <p class='ocr_par' dir='ltr' id='par_1_34' title="bbox 301 2567 1890 2642">
     <span class='ocr_line' id='line_1_36' title="bbox 301 2567 1890 2642; baseline -0.001 -18"><span class='ocrx_word' id='word_1_253' title='bbox 301 2567 592 2642; x_wconf 80' lang='lat' dir='ltr'><strong>plurimum</strong></span> <span class='ocrx_word' id='word_1_254' title='bbox 623 2572 839 2626; x_wconf 90' lang='lat' dir='ltr'><strong>condito</strong></span> <span class='ocrx_word' id='word_1_255' title='bbox 865 2592 884 2623; x_wconf 77' lang='grc' dir='ltr'><strong><em>ι</em></strong></span> <span class='ocrx_word' id='word_1_256' title='bbox 924 2587 954 2642; x_wconf 85' lang='lat' dir='ltr'><strong>a</strong></span> <span class='ocrx_word' id='word_1_257' title='bbox 979 2571 1146 2640; x_wconf 91' lang='lat' dir='ltr'><strong>pulte,</strong></span> <span class='ocrx_word' id='word_1_258' title='bbox 1178 2585 1284 2642; x_wconf 79' lang='lat' dir='ltr'><strong>qua</strong></span> <span class='ocrx_word' id='word_1_259' title='bbox 1316 2569 1634 2642; x_wconf 89' lang='lat' dir='ltr'><strong>olimprisci</strong></span> <span class='ocrx_word' id='word_1_260' title='bbox 1665 2567 1757 2622; x_wconf 85' lang='lat' dir='ltr'><strong>illi</strong></span> <span class='ocrx_word' id='word_1_261' title='bbox 1779 2567 1890 2623; x_wconf 82' lang='lat' dir='ltr'><strong>R0-</strong></span> 
     </span>
    </p>
   </div>
   <div class='ocr_carea' id='block_1_35' title="bbox 300 2638 1883 2711">
    <p class='ocr_par' dir='ltr' id='par_1_35' title="bbox 300 2638 1883 2711">
     <span class='ocr_line' id='line_1_37' title="bbox 300 2638 1883 2711; baseline -0.003 -15"><span class='ocrx_word' id='word_1_262' title='bbox 300 2638 448 2696; x_wconf 88' lang='lat' dir='ltr'><strong>inani</strong></span> <span class='ocrx_word' id='word_1_263' title='bbox 467 2656 568 2711; x_wconf 91' lang='lat' dir='ltr'><strong>pro</strong></span> <span class='ocrx_word' id='word_1_264' title='bbox 600 2657 738 2711; x_wconf 91' lang='lat' dir='ltr'><strong>pane</strong></span> <span class='ocrx_word' id='word_1_265' title='bbox 772 2638 1149 2696; x_wconf 81' lang='lat' dir='ltr'><strong>vescebantur.</strong></span> <span class='ocrx_word' id='word_1_266' title='bbox 1187 2639 1396 2695; x_wconf 85' lang='lat' dir='ltr'><strong>Plinius</strong></span> <span class='ocrx_word' id='word_1_267' title='bbox 1439 2638 1563 2711; x_wconf 81' lang='lat' dir='ltr'><strong>libr.</strong></span> <span class='ocrx_word' id='word_1_268' title='bbox 1618 2654 1730 2704; x_wconf 78' lang='lat' dir='ltr'><strong>xvr,</strong></span> <span class='ocrx_word' id='word_1_269' title='bbox 1761 2653 1883 2708; x_wconf 91' lang='lat' dir='ltr'><strong>cap.</strong></span> 
     </span>
    </p>
   </div>
   <div class='ocr_carea' id='block_1_36' title="bbox 301 2709 1886 2782">
    <p class='ocr_par' dir='ltr' id='par_1_36' title="bbox 301 2709 1886 2782">
     <span class='ocr_line' id='line_1_38' title="bbox 301 2709 1886 2782; baseline -0.001 -18"><span class='ocrx_word' id='word_1_270' title='bbox 301 2712 335 2782; x_wconf 65' lang='grc' dir='ltr'>β</span> <span class='ocrx_word' id='word_1_271' title='bbox 361 2731 372 2764; x_wconf 95' lang='lat'>:</span> <span class='ocrx_word' id='word_1_272' title='bbox 399 2730 417 2762; x_wconf 75' lang='grc' dir='ltr'>ι</span> <span class='ocrx_word' id='word_1_273' title='bbox 451 2709 839 2782; x_wconf 65' lang='grc' dir='ltr'><strong>Ρυιιεάιιιειῃ,</strong></span> <span class='ocrx_word' id='word_1_274' title='bbox 892 2727 1001 2766; x_wconf 91' lang='lat' dir='ltr'><strong>non</strong></span> <span class='ocrx_word' id='word_1_275' title='bbox 1042 2725 1182 2782; x_wconf 89' lang='lat' dir='ltr'><strong>pane</strong></span> <span class='ocrx_word' id='word_1_276' title='bbox 1206 2711 1412 2782; x_wconf 22' lang='lat' dir='ltr'><strong>Avixisse</strong></span> <span class='ocrx_word' id='word_1_277' title='bbox 1436 2709 1608 2782; x_wconf 79' lang='lat' dir='ltr'><strong>_longo</strong></span> <span class='ocrx_word' id='word_1_278' title='bbox 1645 2718 1886 2782; x_wconf 80' lang='lat' dir='ltr'><strong>tempore</strong></span> 
     </span>
    </p>
   </div>
   <div class='ocr_carea' id='block_1_37' title="bbox 299 2779 1885 2851">
    <p class='ocr_par' dir='ltr' id='par_1_37' title="bbox 299 2779 1885 2851">
     <span class='ocr_line' id='line_1_39' title="bbox 299 2779 1885 2851; baseline -0.003 -16"><span class='ocrx_word' id='word_1_279' title='bbox 299 2781 573 2837; x_wconf 83' lang='lat' dir='ltr'><strong>Romanos</strong></span> <span class='ocrx_word' id='word_1_280' title='bbox 617 2780 1001 2848; x_wconf 88' lang='lat' dir='ltr'><strong>manifestum;</strong></span> <span class='ocrx_word' id='word_1_281' title='bbox 1042 2779 1311 2851; x_wconf 77' lang='lat' dir='ltr'><strong>quoniam</strong></span> <span class='ocrx_word' id='word_1_282' title='bbox 1359 2780 1484 2851; x_wconf 80' lang='lat' dir='ltr'><strong>inde</strong></span> <span class='ocrx_word' id='word_1_283' title='bbox 1511 2779 1885 2851; x_wconf 71' lang='lat' dir='ltr'><strong>pulmentarize</strong></span> 
     </span>
    </p>
   </div>
   <div class='ocr_carea' id='block_1_38' title="bbox 301 2847 1887 2921">
    <p class='ocr_par' dir='ltr' id='par_1_38' title="bbox 301 2847 1887 2921">
     <span class='ocr_line' id='line_1_40' title="bbox 301 2847 1887 2921; baseline -0.003 -16"><span class='ocrx_word' id='word_1_284' title='bbox 301 2851 572 2906; x_wconf 92' lang='lat' dir='ltr'><strong>dicuntur.</strong></span> <span class='ocrx_word' id='word_1_285' title='bbox 613 2872 630 2904; x_wconf 75' lang='grc' dir='ltr'><strong><em>ι</em></strong></span> <span class='ocrx_word' id='word_1_286' title='bbox 665 2853 838 2907; x_wconf 80' lang='lat' dir='ltr'><strong>Varro</strong></span> <span class='ocrx_word' id='word_1_287' title='bbox 863 2851 956 2905; x_wconf 91' lang='lat' dir='ltr'><strong>lib.</strong></span> <span class='ocrx_word' id='word_1_288' title='bbox 989 2866 1042 2907; x_wconf 83' lang='lat' dir='ltr'><strong>1v</strong></span> <span class='ocrx_word' id='word_1_289' title='bbox 1069 2847 1138 2906; x_wconf 80' lang='lat' dir='ltr'><strong>de</strong></span> <span class='ocrx_word' id='word_1_290' title='bbox 1160 2851 1340 2921; x_wconf 79' lang='lat' dir='ltr'><strong>lingua</strong></span> <span class='ocrx_word' id='word_1_291' title='bbox 1361 2847 1552 2903; x_wconf 84' lang='lat' dir='ltr'><strong>Latina</strong></span> <span class='ocrx_word' id='word_1_292' title='bbox 1578 2866 1642 2921; x_wconf 72' lang='lat' dir='ltr'><strong>:_c</strong></span> <span class='ocrx_word' id='word_1_293' title='bbox 1676 2847 1743 2901; x_wconf 86' lang='lat' dir='ltr'><strong>Et</strong></span> <span class='ocrx_word' id='word_1_294' title='bbox 1772 2847 1887 2918; x_wconf 89' lang='lat' dir='ltr'><strong>pla-</strong></span> 
     </span>
    </p>
   </div>
   <div class='ocr_carea' id='block_1_39' title="bbox 299 2917 1882 2991">
    <p class='ocr_par' dir='ltr' id='par_1_39' title="bbox 299 2917 1882 2991">
     <span class='ocr_line' id='line_1_41' title="bbox 299 2917 1882 2991; baseline -0.003 -15"><span class='ocrx_word' id='word_1_295' title='bbox 299 2931 491 2986; x_wconf 65' lang='lat' dir='ltr'><strong>centae,</strong></span> <span class='ocrx_word' id='word_1_296' title='bbox 523 2922 667 2991; x_wconf 90' lang='lat' dir='ltr'><strong>quod</strong></span> <span class='ocrx_word' id='word_1_297' title='bbox 704 2923 938 2977; x_wconf 87' lang='lat' dir='ltr'><strong>edebant</strong></span> <span class='ocrx_word' id='word_1_298' title='bbox 961 2936 1086 2976; x_wconf 91' lang='lat' dir='ltr'><strong>cum</strong></span> <span class='ocrx_word' id='word_1_299' title='bbox 1119 2917 1297 2990; x_wconf 78' lang='lat' dir='ltr'><strong>pulte:</strong></span> <span class='ocrx_word' id='word_1_300' title='bbox 1347 2921 1415 2991; x_wconf 86' lang='lat' dir='ltr'><strong>ab</strong></span> <span class='ocrx_word' id='word_1_301' title='bbox 1436 2934 1501 2991; x_wconf 86' lang='lat' dir='ltr'><strong>eo</strong></span> <span class='ocrx_word' id='word_1_302' title='bbox 1518 2917 1882 2991; x_wconf 74' lang='lat' dir='ltr'><strong>pulmentum,</strong></span> 
     </span>
    </p>
   </div>
   <div class='ocr_carea' id='block_1_40' title="bbox 298 2988 1885 3061">
    <p class='ocr_par' dir='ltr' id='par_1_40' title="bbox 298 2988 1885 3061">
     <span class='ocr_line' id='line_1_42' title="bbox 298 2988 1885 3061; baseline -0.001 -17"><span class='ocrx_word' id='word_1_303' title='bbox 298 3000 359 3061; x_wconf 90' lang='lat' dir='ltr'><strong>ut</strong></span> <span class='ocrx_word' id='word_1_304' title='bbox 388 2988 643 3046; x_wconf 79' lang='lat' dir='ltr'><strong>Plautus:</strong></span> <span class='ocrx_word' id='word_1_305' title='bbox 675 2991 802 3046; x_wconf 88' lang='lat' dir='ltr'><strong>hinc</strong></span> <span class='ocrx_word' id='word_1_306' title='bbox 826 2988 1263 3061; x_wconf 78' lang='lat' dir='ltr'><strong>pulmentarium.</strong></span> <span class='ocrx_word' id='word_1_307' title='bbox 1297 3011 1315 3044; x_wconf 70' lang='grc' dir='ltr'><strong><em>ι</em></strong></span> <span class='ocrx_word' id='word_1_308' title='bbox 1351 2989 1598 3061; x_wconf 80' lang='lat' dir='ltr'><strong>Valerius</strong></span> <span class='ocrx_word' id='word_1_309' title='bbox 1620 2988 1885 3061; x_wconf 82' lang='lat' dir='ltr'><strong>Maximus</strong></span> 
     </span>
    </p>
   </div>
   <div class='ocr_carea' id='block_1_41' title="bbox 298 3059 1884 3185">
    <p class='ocr_par' dir='ltr' id='par_1_41' title="bbox 298 3059 1884 3185">
     <span class='ocr_line' id='line_1_43' title="bbox 298 3059 1884 3185; baseline -0.002 -70"><span class='ocrx_word' id='word_1_310' title='bbox 298 3060 392 3118; x_wconf 89' lang='lat' dir='ltr'><strong>lib.</strong></span> <span class='ocrx_word' id='word_1_311' title='bbox 426 3078 484 3125; x_wconf 83' lang='grc' dir='ltr'><strong>ιι,</strong></span> <span class='ocrx_word' id='word_1_312' title='bbox 519 3078 637 3185; x_wconf 71' lang='lat' dir='ltr'><strong>cap.</strong></span> <span class='ocrx_word' id='word_1_313' title='bbox 672 3062 696 3115; x_wconf 87' lang='grc'><strong>1</strong></span> <span class='ocrx_word' id='word_1_314' title='bbox 728 3079 740 3116; x_wconf 90' lang='lat'><strong>:</strong></span> <span class='ocrx_word' id='word_1_315' title='bbox 777 3075 794 3113; x_wconf 69' lang='grc' dir='ltr'><em>α</em></span> <span class='ocrx_word' id='word_1_316' title='bbox 826 3059 1004 3116; x_wconf 86' lang='lat' dir='ltr'><strong>Erant</strong></span> <span class='ocrx_word' id='word_1_317' title='bbox 1036 3071 1214 3116; x_wconf 89' lang='lat' dir='ltr'><strong>autem</strong></span> <span class='ocrx_word' id='word_1_318' title='bbox 1256 3061 1392 3115; x_wconf 90' lang='lat' dir='ltr'><strong>adeo</strong></span> <span class='ocrx_word' id='word_1_319' title='bbox 1422 3059 1770 3140; x_wconf 67' lang='lat' dir='ltr'><strong>continentia:</strong></span> <span class='ocrx_word' id='word_1_320' title='bbox 1801 3068 1884 3113; x_wconf 89' lang='lat' dir='ltr'><strong>at-</strong></span> 
     </span>
     <span class='ocr_line' id='line_1_44' title="bbox 299 3129 1880 3185; baseline 0 0"><span class='ocrx_word' id='word_1_321' title='bbox 299 3133 434 3185; x_wconf 90' lang='lat' dir='ltr'><strong>tenti</strong></span> <span class='ocrx_word' id='word_1_322' title='bbox 460 3173 474 3185; x_wconf 97' lang='lat'><strong>.</strong></span> <span class='ocrx_word' id='word_1_323' title='bbox 505 3141 564 3185; x_wconf 89' lang='lat' dir='ltr'><strong>ut</strong></span> <span class='ocrx_word' id='word_1_324' title='bbox 608 3141 895 3185; x_wconf 87' lang='lat' dir='ltr'><strong>reauenter</strong></span> <span class='ocrx_word' id='word_1_325' title='bbox 914 3132 1055 3185; x_wconf 89' lang='lat' dir='ltr'><strong>anud</strong></span> <span class='ocrx_word' id='word_1_326' title='bbox 1079 3146 1174 3185; x_wconf 91' lang='lat' dir='ltr'><strong>eos</strong></span> <span class='ocrx_word' id='word_1_327' title='bbox 1197 3130 1511 3185; x_wconf 64' lang='lat' dir='ltr'><strong>(Romanos)</strong></span> <span class='ocrx_word' id='word_1_328' title='bbox 1540 3129 1704 3185; x_wconf 83' lang='lat' dir='ltr'><strong>nultls</strong></span> <span class='ocrx_word' id='word_1_329' title='bbox 1727 3145 1880 3185; x_wconf 90' lang='lat' dir='ltr'><strong>usus.</strong></span> 
     </span>
    </p>
   </div>
   <div class='ocr_carea' id='block_1_42' title="bbox 299 3129 1880 3203">
    <p class='ocr_par' dir='ltr' id='par_1_42' title="bbox 299 3129 1880 3203">
     <span class='ocr_line' id='line_1_45' title="bbox 299 3129 1880 3203; baseline -0.001 -17"><span class='ocrx_word' id='word_1_330' title='bbox 299 3133 434 3186; x_wconf 88' lang='lat' dir='ltr'><strong>tenti</strong></span> <span class='ocrx_word' id='word_1_331' title='bbox 460 3173 474 3197; x_wconf 92' lang='lat'><strong>,</strong></span> <span class='ocrx_word' id='word_1_332' title='bbox 505 3141 564 3186; x_wconf 91' lang='lat' dir='ltr'><strong>ut</strong></span> <span class='ocrx_word' id='word_1_333' title='bbox 584 3129 895 3202; x_wconf 84' lang='lat' dir='ltr'><strong>frequenter</strong></span> <span class='ocrx_word' id='word_1_334' title='bbox 914 3132 1055 3203; x_wconf 90' lang='lat' dir='ltr'><strong>apud</strong></span> <span class='ocrx_word' id='word_1_335' title='bbox 1079 3146 1174 3203; x_wconf 88' lang='lat' dir='ltr'><strong>eos</strong></span> <span class='ocrx_word' id='word_1_336' title='bbox 1197 3130 1511 3203; x_wconf 78' lang='lat' dir='ltr'><strong>(Romanos)</strong></span> <span class='ocrx_word' id='word_1_337' title='bbox 1540 3129 1880 3203; x_wconf 80' lang='lat' dir='ltr'><strong>pultisusus,</strong></span> 
     </span>
    </p>
   </div>
   <div class='ocr_carea' id='block_1_43' title="bbox 298 3201 1880 3274">
    <p class='ocr_par' dir='ltr' id='par_1_43' title="bbox 298 3201 1880 3274">
     <span class='ocr_line' id='line_1_46' title="bbox 298 3201 1880 3274; baseline -0.001 -20"><span class='ocrx_word' id='word_1_338' title='bbox 298 3218 461 3274; x_wconf 69' lang='lat' dir='ltr'><strong>quam</strong></span> <span class='ocrx_word' id='word_1_339' title='bbox 488 3203 645 3273; x_wconf 89' lang='lat' dir='ltr'><strong>panis</strong></span> <span class='ocrx_word' id='word_1_340' title='bbox 669 3211 833 3268; x_wconf 88' lang='lat' dir='ltr'><strong>esset,</strong></span> <span class='ocrx_word' id='word_1_341' title='bbox 874 3222 903 3274; x_wconf 74' lang='lat' dir='ltr'><strong>i</strong></span> <span class='ocrx_word' id='word_1_342' title='bbox 938 3201 1044 3257; x_wconf 82' lang='lat' dir='ltr'><strong>etc.</strong></span> <span class='ocrx_word' id='word_1_343' title='bbox 1083 3201 1370 3274; x_wconf 79' lang='lat' dir='ltr'><strong>Sosipater</strong></span> <span class='ocrx_word' id='word_1_344' title='bbox 1401 3201 1678 3274; x_wconf 59' lang='lat' dir='ltr'><strong>Charisius</strong></span> <span class='ocrx_word' id='word_1_345' title='bbox 1701 3201 1794 3254; x_wconf 92' lang='lat' dir='ltr'><strong>lib.</strong></span> <span class='ocrx_word' id='word_1_346' title='bbox 1822 3217 1880 3274; x_wconf 55' lang='grc' dir='ltr'><strong>ιε</strong></span> 
     </span>
    </p>
   </div>
   <div class='ocr_carea' id='block_1_44' title="bbox 303 3269 1892 3344">
    <p class='ocr_par' dir='ltr' id='par_1_44' title="bbox 303 3269 1892 3344">
     <span class='ocr_line' id='line_1_47' title="bbox 303 3269 1892 3344; baseline 0 -20"><span class='ocrx_word' id='word_1_347' title='bbox 303 3269 694 3344; x_wconf 75' lang='grc' dir='ltr'><strong>ἱΡιιΙιῐίθηιυιη</strong></span> <span class='ocrx_word' id='word_1_348' title='bbox 733 3281 785 3344; x_wconf 89' lang='lat' dir='ltr'><strong>et</strong></span> <span class='ocrx_word' id='word_1_349' title='bbox 820 3269 1236 3344; x_wconf 78' lang='lat' dir='ltr'><strong>pulmentarium</strong></span> <span class='ocrx_word' id='word_1_350' title='bbox 1271 3272 1421 3344; x_wconf 85' lang='lat' dir='ltr'><strong>dicit.</strong></span> <span class='ocrx_word' id='word_1_351' title='bbox 1449 3271 1598 3344; x_wconf 4' lang='lat' dir='ltr'><strong>Nam,</strong></span> <span class='ocrx_word' id='word_1_352' title='bbox 1619 3269 1753 3325; x_wconf 90' lang='lat' dir='ltr'><strong>Cato</strong></span> <span class='ocrx_word' id='word_1_353' title='bbox 1783 3270 1892 3344; x_wconf 86' lang='lat' dir='ltr'><strong>ori-</strong></span> 
     </span>
    </p>
   </div>
   <div class='ocr_carea' id='block_1_45' title="bbox 297 3341 1890 3413">
    <p class='ocr_par' dir='ltr' id='par_1_45' title="bbox 297 3341 1890 3413">
     <span class='ocr_line' id='line_1_48' title="bbox 297 3341 1890 3413; baseline -0.001 -17"><span class='ocrx_word' id='word_1_354' title='bbox 297 3343 480 3413; x_wconf 80' lang='lat' dir='ltr'><strong>ginum</strong></span> <span class='ocrx_word' id='word_1_355' title='bbox 521 3343 700 3413; x_wconf 88' lang='lat' dir='ltr'><strong>tertio,</strong></span> <span class='ocrx_word' id='word_1_356' title='bbox 759 3341 1228 3413; x_wconf 83' lang='lat' dir='ltr'><strong>laserpitiumpro</strong></span> <span class='ocrx_word' id='word_1_357' title='bbox 1275 3341 1639 3413; x_wconf 73' lang='lat' dir='ltr'><strong>pulmentario</strong></span> <span class='ocrx_word' id='word_1_358' title='bbox 1665 3342 1890 3413; x_wconf 76' lang='lat' dir='ltr'><strong>sueba-</strong></span> 
     </span>
    </p>
   </div>
   <div class='ocr_carea' id='block_1_46' title="bbox 296 3410 1890 3481">
    <p class='ocr_par' dir='ltr' id='par_1_46' title="bbox 296 3410 1890 3481">
     <span class='ocr_line' id='line_1_49' title="bbox 296 3410 1890 3481; baseline -0.003 -15"><span class='ocrx_word' id='word_1_359' title='bbox 296 3410 410 3466; x_wconf 77' lang='lat' dir='ltr'><strong>bet.</strong></span> <span class='ocrx_word' id='word_1_360' title='bbox 436 3410 496 3464; x_wconf 92' lang='lat' dir='ltr'><strong>In</strong></span> <span class='ocrx_word' id='word_1_361' title='bbox 527 3411 716 3481; x_wconf 88' lang='lat' dir='ltr'><strong>eodem</strong></span> <span class='ocrx_word' id='word_1_362' title='bbox 749 3429 765 3468; x_wconf 86' lang='lat'><strong>:</strong></span> <span class='ocrx_word' id='word_1_363' title='bbox 804 3410 973 3466; x_wconf 83' lang='lat' dir='ltr'><strong>multo</strong></span> <span class='ocrx_word' id='word_1_364' title='bbox 1025 3410 1306 3481; x_wconf 81' lang='lat' dir='ltr'><strong>pulmento</strong></span> <span class='ocrx_word' id='word_1_365' title='bbox 1358 3412 1461 3465; x_wconf 90' lang='lat' dir='ltr'><strong>usi.</strong></span> <span class='ocrx_word' id='word_1_366' title='bbox 1519 3410 1634 3481; x_wconf 76' lang='lat' dir='ltr'><strong>Sed</strong></span> <span class='ocrx_word' id='word_1_367' title='bbox 1669 3410 1890 3481; x_wconf 83' lang='lat' dir='ltr'><strong>quidam</strong></span> 
     </span>
    </p>
   </div>
   <div class='ocr_carea' id='block_1_47' title="bbox 337 3479 1886 3550">
    <p class='ocr_par' dir='ltr' id='par_1_47' title="bbox 337 3479 1886 3550">
     <span class='ocr_line' id='line_1_50' title="bbox 337 3479 1886 3550; baseline 0 -16"><span class='ocrx_word' id='word_1_368' title='bbox 337 3488 488 3534; x_wconf 90' lang='lat' dir='ltr'><strong>utant</strong></span> <span class='ocrx_word' id='word_1_369' title='bbox 528 3479 863 3550; x_wconf 90' lang='lat' dir='ltr'><strong>pulmentum</strong></span> <span class='ocrx_word' id='word_1_370' title='bbox 912 3479 1068 3550; x_wconf 81' lang='lat' dir='ltr'><strong>quasi</strong></span> <span class='ocrx_word' id='word_1_371' title='bbox 1089 3482 1462 3550; x_wconf 89' lang='lat' dir='ltr'><strong>pulumentum</strong></span> <span class='ocrx_word' id='word_1_372' title='bbox 1491 3479 1707 3550; x_wconf 85' lang='lat' dir='ltr'><strong>melius</strong></span> <span class='ocrx_word' id='word_1_373' title='bbox 1759 3479 1886 3534; x_wconf 91' lang='lat' dir='ltr'><strong>dici.</strong></span> 
     </span>
    </p>
   </div>
   <div class='ocr_carea' id='block_1_48' title="bbox 296 3496 1891 3620">
    <p class='ocr_par' dir='ltr' id='par_1_48' title="bbox 296 3496 1891 3620">
     <span class='ocr_line' id='line_1_51' title="bbox 337 3496 1886 3550; baseline 0 -16"><span class='ocrx_word' id='word_1_374' title='bbox 337 3496 488 3534; x_wconf 88' lang='lat' dir='ltr'><strong>utam.</strong></span> <span class='ocrx_word' id='word_1_375' title='bbox 528 3496 863 3550; x_wconf 75' lang='lat' dir='ltr'><strong>pulmentum</strong></span> <span class='ocrx_word' id='word_1_376' title='bbox 912 3496 1462 3550; x_wconf 74' lang='lat' dir='ltr'><strong>quasrpuiumentum</strong></span> <span class='ocrx_word' id='word_1_377' title='bbox 1514 3496 1707 3533; x_wconf 88' lang='lat' dir='ltr'><strong>meuus</strong></span> <span class='ocrx_word' id='word_1_378' title='bbox 1759 3496 1886 3534; x_wconf 79' lang='lat' dir='ltr'><strong>uici.</strong></span> 
     </span>
     <span class='ocr_line' id='line_1_52' title="bbox 296 3496 1891 3620; baseline -0.003 -13"><span class='ocrx_word' id='word_1_379' title='bbox 296 3496 474 3607; x_wconf 41' lang='grc' dir='ltr'><strong>ξω·το</strong></span> <span class='ocrx_word' id='word_1_380' title='bbox 509 3559 690 3604; x_wconf 89' lang='lat' dir='ltr'><strong>autem</strong></span> <span class='ocrx_word' id='word_1_381' title='bbox 718 3551 785 3605; x_wconf 92' lang='lat' dir='ltr'><strong>ad</strong></span> <span class='ocrx_word' id='word_1_382' title='bbox 811 3550 1128 3607; x_wconf 88' lang='lat' dir='ltr'><strong>Ciceronem</strong></span> <span class='ocrx_word' id='word_1_383' title='bbox 1153 3551 1342 3620; x_wconf 92' lang='lat' dir='ltr'><strong>quinto</strong></span> <span class='ocrx_word' id='word_1_384' title='bbox 1367 3566 1384 3606; x_wconf 90' lang='lat'><strong>:</strong></span> <span class='ocrx_word' id='word_1_385' title='bbox 1412 3549 1767 3620; x_wconf 85' lang='lat' dir='ltr'><strong>pulmentum,</strong></span> <span class='ocrx_word' id='word_1_386' title='bbox 1798 3556 1891 3602; x_wconf 90' lang='lat' dir='ltr'><strong>aut</strong></span> 
     </span>
    </p>
   </div>
   <div class='ocr_carea' id='block_1_49' title="bbox 297 3620 1883 3748">
    <p class='ocr_par' dir='ltr' id='par_1_49' title="bbox 297 3620 1883 3748">
     <span class='ocr_line' id='line_1_53' title="bbox 297 3620 1883 3748; baseline -0.002 -74"><span class='ocrx_word' id='word_1_387' title='bbox 297 3621 441 3748; x_wconf 53' lang='grc' dir='ltr'><strong>Ἧιρά</strong></span> <span class='ocrx_word' id='word_1_388' title='bbox 468 3621 611 3675; x_wconf 91' lang='lat' dir='ltr'><strong>idem</strong></span> <span class='ocrx_word' id='word_1_389' title='bbox 640 3636 764 3675; x_wconf 90' lang='lat' dir='ltr'><strong>cum</strong></span> <span class='ocrx_word' id='word_1_390' title='bbox 789 3621 937 3703; x_wconf 81' lang='lat' dir='ltr'><strong>pulte</strong></span> <span class='ocrx_word' id='word_1_391' title='bbox 965 3627 1176 3684; x_wconf 89' lang='lat' dir='ltr'><strong>essent,</strong></span> <span class='ocrx_word' id='word_1_392' title='bbox 1210 3620 1334 3674; x_wconf 93' lang='lat' dir='ltr'><strong>inde</strong></span> <span class='ocrx_word' id='word_1_393' title='bbox 1381 3620 1822 3702; x_wconf 74' lang='lat' dir='ltr'><strong>pulmentarium.</strong></span> <span class='ocrx_word' id='word_1_394' title='bbox 1863 3638 1883 3671; x_wconf 75' lang='grc' dir='ltr'><strong><em>ι</em></strong></span> 
     </span>
     <span class='ocr_line' id='line_1_54' title="bbox 351 3688 1883 3748; baseline -0.001 -2"><span class='ocrx_word' id='word_1_395' title='bbox 351 3693 403 3746; x_wconf 83' lang='lat' dir='ltr'><strong>bl</strong></span> <span class='ocrx_word' id='word_1_396' title='bbox 434 3692 678 3748; x_wconf 91' lang='lat' dir='ltr'><strong>verbum.</strong></span> <span class='ocrx_word' id='word_1_397' title='bbox 703 3702 888 3748; x_wconf 84' lang='lat' dir='ltr'><strong>essent.</strong></span> <span class='ocrx_word' id='word_1_398' title='bbox 912 3689 967 3746; x_wconf 83' lang='lat' dir='ltr'><strong>1d</strong></span> <span class='ocrx_word' id='word_1_399' title='bbox 991 3701 1097 3748; x_wconf 91' lang='lat' dir='ltr'><strong>est.</strong></span> <span class='ocrx_word' id='word_1_400' title='bbox 1127 3691 1373 3748; x_wconf 89' lang='lat' dir='ltr'><strong>ederent.</strong></span> <span class='ocrx_word' id='word_1_401' title='bbox 1404 3689 1680 3745; x_wconf 80' lang='lat' dir='ltr'><strong>Ausonius</strong></span> <span class='ocrx_word' id='word_1_402' title='bbox 1701 3705 1757 3744; x_wconf 80' lang='lat' dir='ltr'><strong>in</strong></span> <span class='ocrx_word' id='word_1_403' title='bbox 1788 3688 1883 3744; x_wconf 89' lang='lat' dir='ltr'><strong>Te-</strong></span> 
     </span>
    </p>
   </div>
   <div class='ocr_carea' id='block_1_50' title="bbox 351 3688 1890 3758">
    <p class='ocr_par' dir='ltr' id='par_1_50' title="bbox 351 3688 1890 3758">
     <span class='ocr_line' id='line_1_55' title="bbox 351 3688 1890 3758; baseline -0.001 -12"><span class='ocrx_word' id='word_1_404' title='bbox 351 3691 403 3746; x_wconf 91' lang='lat' dir='ltr'><strong>bi</strong></span> <span class='ocrx_word' id='word_1_405' title='bbox 434 3692 678 3756; x_wconf 91' lang='lat' dir='ltr'><strong>verbum,</strong></span> <span class='ocrx_word' id='word_1_406' title='bbox 703 3688 888 3758; x_wconf 74' lang='lat' dir='ltr'><strong>essent,</strong></span> <span class='ocrx_word' id='word_1_407' title='bbox 912 3689 967 3746; x_wconf 92' lang='lat' dir='ltr'><strong>id</strong></span> <span class='ocrx_word' id='word_1_408' title='bbox 991 3701 1097 3758; x_wconf 90' lang='lat' dir='ltr'><strong>est,</strong></span> <span class='ocrx_word' id='word_1_409' title='bbox 1127 3688 1680 3748; x_wconf 55' lang='lat' dir='ltr'><strong>ederenthusouius</strong></span> <span class='ocrx_word' id='word_1_410' title='bbox 1701 3689 1757 3744; x_wconf 93' lang='lat' dir='ltr'><strong>in</strong></span> <span class='ocrx_word' id='word_1_411' title='bbox 1788 3688 1890 3744; x_wconf 89' lang='lat' dir='ltr'><strong>Te-</strong></span> 
     </span>
    </p>
   </div>
   <div class='ocr_carea' id='block_1_51' title="bbox 298 3762 682 3834">
    <p class='ocr_par' dir='ltr' id='par_1_51' title="bbox 298 3762 682 3834">
     <span class='ocr_line' id='line_1_56' title="bbox 298 3762 682 3834; baseline -0.01 -15"><span class='ocrx_word' id='word_1_412' title='bbox 298 3762 648 3834; x_wconf 71' lang='lat' dir='ltr'><strong>chnopaegnia</strong></span> <span class='ocrx_word' id='word_1_413' title='bbox 668 3779 682 3815; x_wconf 90' lang='lat'><strong>:</strong></span> 
     </span>
    </p>
   </div>
   <div class='ocr_carea' id='block_1_52' title="bbox 419 3875 1709 3943">
    <p class='ocr_par' dir='ltr' id='par_1_52' title="bbox 419 3875 1709 3943">
     <span class='ocr_line' id='line_1_57' title="bbox 419 3875 1709 3943; baseline -0.005 -11"><span class='ocrx_word' id='word_1_414' title='bbox 419 3881 528 3932; x_wconf 74' lang='lat' dir='ltr'><strong>Mox</strong></span> <span class='ocrx_word' id='word_1_415' title='bbox 555 3881 670 3932; x_wconf 86' lang='lat' dir='ltr'><strong>ador</strong></span> <span class='ocrx_word' id='word_1_416' title='bbox 694 3889 841 3943; x_wconf 89' lang='lat' dir='ltr'><strong>atque</strong></span> <span class='ocrx_word' id='word_1_417' title='bbox 867 3880 1026 3931; x_wconf 85' lang='lat' dir='ltr'><strong>aderis</strong></span> <span class='ocrx_word' id='word_1_418' title='bbox 1046 3881 1112 3930; x_wconf 87' lang='lat' dir='ltr'><strong>de</strong></span> <span class='ocrx_word' id='word_1_419' title='bbox 1137 3878 1317 3943; x_wconf 82' lang='lat' dir='ltr'><strong>polline</strong></span> <span class='ocrx_word' id='word_1_420' title='bbox 1332 3876 1614 3943; x_wconf 75' lang='lat' dir='ltr'><strong>pultillcum</strong></span> <span class='ocrx_word' id='word_1_421' title='bbox 1637 3875 1709 3943; x_wconf 80' lang='lat' dir='ltr'><strong>far</strong></span> 
     </span>
    </p>
   </div>
   <div class='ocr_carea' id='block_1_53' title="bbox 418 3933 1804 4005">
    <p class='ocr_par' dir='ltr' id='par_1_53' title="bbox 418 3933 1804 4005">
     <span class='ocr_line' id='line_1_58' title="bbox 418 3933 1804 4005; baseline -0.004 -13"><span class='ocrx_word' id='word_1_422' title='bbox 418 3943 658 3994; x_wconf 81' lang='lat' dir='ltr'><strong>Instruxit</strong></span> <span class='ocrx_word' id='word_1_423' title='bbox 679 3933 873 3992; x_wconf 78' lang='lat' dir='ltr'><strong>mensas</strong></span> <span class='ocrx_word' id='word_1_424' title='bbox 895 3982 909 4004; x_wconf 95' lang='lat'><strong>,</strong></span> <span class='ocrx_word' id='word_1_425' title='bbox 937 3956 1035 4005; x_wconf 89' lang='lat' dir='ltr'><strong>quo</strong></span> <span class='ocrx_word' id='word_1_426' title='bbox 1057 3933 1300 4005; x_wconf 81' lang='lat' dir='ltr'><strong>quondam</strong></span> <span class='ocrx_word' id='word_1_427' title='bbox 1331 3933 1635 3991; x_wconf 71' lang='lat' dir='ltr'><strong>Romulidum</strong></span> <span class='ocrx_word' id='word_1_428' title='bbox 1661 3938 1804 4005; x_wconf 83' lang='lat' dir='ltr'><strong>plebs</strong></span> 
     </span>
    </p>
   </div>
   <div class='ocr_carea' id='block_1_54' title="bbox 417 4001 1797 4067">
    <p class='ocr_par' dir='ltr' id='par_1_54' title="bbox 417 4001 1797 4067">
     <span class='ocr_line' id='line_1_59' title="bbox 417 4001 1797 4067; baseline -0.001 -13"><span class='ocrx_word' id='word_1_429' title='bbox 417 4005 542 4055; x_wconf 84' lang='lat' dir='ltr'><strong>Hinc</strong></span> <span class='ocrx_word' id='word_1_430' title='bbox 563 4007 720 4065; x_wconf 87' lang='lat' dir='ltr'><strong>cibus,</strong></span> <span class='ocrx_word' id='word_1_431' title='bbox 743 4005 855 4055; x_wconf 84' lang='lat' dir='ltr'><strong>hinc</strong></span> <span class='ocrx_word' id='word_1_432' title='bbox 879 4001 1022 4066; x_wconf 74' lang='lat' dir='ltr'><strong>potus</strong></span> <span class='ocrx_word' id='word_1_433' title='bbox 1037 4042 1051 4067; x_wconf 92' lang='lat'><strong>,</strong></span> <span class='ocrx_word' id='word_1_434' title='bbox 1077 4001 1187 4054; x_wconf 83' lang='lat' dir='ltr'><strong>cum</strong></span> <span class='ocrx_word' id='word_1_435' title='bbox 1211 4004 1486 4054; x_wconf 88' lang='lat' dir='ltr'><strong>dilueretur</strong></span> <span class='ocrx_word' id='word_1_436' title='bbox 1509 4015 1631 4064; x_wconf 77' lang='lat' dir='ltr'><strong>aqua</strong></span> <span class='ocrx_word' id='word_1_437' title='bbox 1669 4001 1797 4064; x_wconf 88' lang='lat' dir='ltr'><strong>puls.</strong></span> 
     </span>
    </p>
   </div>
   <div class='ocr_carea' id='block_1_55' title="bbox 295 4087 1887 4163">
    <p class='ocr_par' dir='ltr' id='par_1_55' title="bbox 295 4087 1887 4163">
     <span class='ocr_line' id='line_1_60' title="bbox 295 4087 1887 4163; baseline -0.008 -10"><span class='ocrx_word' id='word_1_438' title='bbox 295 4093 433 4153; x_wconf 82' lang='lat' dir='ltr'><strong>Hinc</strong></span> <span class='ocrx_word' id='word_1_439' title='bbox 456 4093 622 4163; x_wconf 87' lang='lat' dir='ltr'><strong>prisci</strong></span> <span class='ocrx_word' id='word_1_440' title='bbox 661 4093 741 4149; x_wconf 90' lang='lat' dir='ltr'><strong>illi</strong></span> <span class='ocrx_word' id='word_1_441' title='bbox 765 4092 998 4149; x_wconf 85' lang='lat' dir='ltr'><strong>Romani</strong></span> <span class='ocrx_word' id='word_1_442' title='bbox 1048 4091 1178 4148; x_wconf 85' lang='lat' dir='ltr'><strong>dicti</strong></span> <span class='ocrx_word' id='word_1_443' title='bbox 1223 4091 1542 4163; x_wconf 90' lang='lat' dir='ltr'><strong>pultiphagi.</strong></span> <span class='ocrx_word' id='word_1_444' title='bbox 1581 4089 1804 4144; x_wconf 88' lang='lat' dir='ltr'><strong>Plautus</strong></span> <span class='ocrx_word' id='word_1_445' title='bbox 1830 4087 1887 4142; x_wconf 91' lang='lat' dir='ltr'><strong>in</strong></span> 
     </span>
    </p>
   </div>
   <div class='ocr_carea' id='block_1_56' title="bbox 295 4165 1130 4221">
    <p class='ocr_par' dir='ltr' id='par_1_56' title="bbox 295 4165 1130 4221">
     <span class='ocr_line' id='line_1_61' title="bbox 295 4165 1130 4221; baseline -0.006 -1"><span class='ocrx_word' id='word_1_446' title='bbox 295 4165 619 4221; x_wconf 85' lang='lat' dir='ltr'><strong>Mostellaria</strong></span> <span class='ocrx_word' id='word_1_447' title='bbox 642 4183 656 4218; x_wconf 91' lang='lat'><strong>:</strong></span> <span class='ocrx_word' id='word_1_448' title='bbox 1121 4194 1130 4201; x_wconf 87' lang='lat'><strong>-</strong></span> 
     </span>
    </p>
   </div>
   <div class='ocr_carea' id='block_1_57' title="bbox 354 4247 1886 4318">
    <p class='ocr_par' dir='ltr' id='par_1_57' title="bbox 354 4247 1886 4318">
     <span class='ocr_line' id='line_1_62' title="bbox 354 4247 1886 4318; baseline -0.006 -13"><span class='ocrx_word' id='word_1_449' title='bbox 354 4254 460 4305; x_wconf 84' lang='lat' dir='ltr'><strong>Non</strong></span> <span class='ocrx_word' id='word_1_450' title='bbox 494 4255 625 4305; x_wconf 87' lang='lat' dir='ltr'><strong>enim</strong></span> <span class='ocrx_word' id='word_1_451' title='bbox 657 4254 762 4304; x_wconf 77' lang='lat' dir='ltr'><strong>haec</strong></span> <span class='ocrx_word' id='word_1_452' title='bbox 785 4254 1098 4318; x_wconf 75' lang='lat' dir='ltr'><strong>pultiphagus</strong></span> <span class='ocrx_word' id='word_1_453' title='bbox 1120 4252 1288 4317; x_wconf 80' lang='lat' dir='ltr'><strong>opifex</strong></span> <span class='ocrx_word' id='word_1_454' title='bbox 1312 4263 1464 4316; x_wconf 81' lang='lat' dir='ltr'><strong>Opera</strong></span> <span class='ocrx_word' id='word_1_455' title='bbox 1486 4249 1604 4302; x_wconf 88' lang='lat' dir='ltr'><strong>fecit</strong></span> <span class='ocrx_word' id='word_1_456' title='bbox 1628 4247 1886 4299; x_wconf 83' lang='lat' dir='ltr'><strong>Barbarus.</strong></span> 
     </span>
    </p>
   </div>
   <div class='ocr_carea' id='block_1_58' title="bbox 296 4329 1888 4407">
    <p class='ocr_par' dir='ltr' id='par_1_58' title="bbox 296 4329 1888 4407">
     <span class='ocr_line' id='line_1_63' title="bbox 296 4329 1888 4407; baseline -0.008 -12"><span class='ocrx_word' id='word_1_457' title='bbox 296 4338 420 4403; x_wconf 88' lang='lat' dir='ltr'><strong>Ubi,</strong></span> <span class='ocrx_word' id='word_1_458' title='bbox 449 4336 744 4404; x_wconf 84' lang='lat' dir='ltr'><strong>Barbarus,</strong></span> <span class='ocrx_word' id='word_1_459' title='bbox 783 4346 868 4393; x_wconf 92' lang='lat' dir='ltr'><strong>est</strong></span> <span class='ocrx_word' id='word_1_460' title='bbox 895 4336 1196 4404; x_wconf 85' lang='lat' dir='ltr'><strong>Romanus,</strong></span> <span class='ocrx_word' id='word_1_461' title='bbox 1224 4343 1285 4392; x_wconf 92' lang='lat' dir='ltr'><strong>ut</strong></span> <span class='ocrx_word' id='word_1_462' title='bbox 1308 4335 1465 4407; x_wconf 89' lang='lat' dir='ltr'><strong>vulgo</strong></span> <span class='ocrx_word' id='word_1_463' title='bbox 1493 4334 1688 4390; x_wconf 90' lang='lat' dir='ltr'><strong>docent</strong></span> <span class='ocrx_word' id='word_1_464' title='bbox 1712 4329 1888 4384; x_wconf 79' lang='lat' dir='ltr'><strong>Inter-</strong></span> 
     </span>
    </p>
   </div>
   <div class='ocr_carea' id='block_1_59' title="bbox 295 4417 1886 4550">
    <p class='ocr_par' dir='ltr' id='par_1_59' title="bbox 295 4417 1886 4550">
     <span class='ocr_line' id='line_1_64' title="bbox 295 4417 1886 4550; baseline -0.001 -19"><span class='ocrx_word' id='word_1_465' title='bbox 295 4417 515 4542; x_wconf 50' lang='grc' dir='ltr'><strong>Ρΐξιῗέ,</strong></span> <span class='ocrx_word' id='word_1_466' title='bbox 546 4480 592 4534; x_wconf 85' lang='lat' dir='ltr'><strong>si</strong></span> <span class='ocrx_word' id='word_1_467' title='bbox 613 4480 770 4550; x_wconf 81' lang='lat' dir='ltr'><strong>fuerit</strong></span> <span class='ocrx_word' id='word_1_468' title='bbox 798 4478 937 4550; x_wconf 81' lang='lat' dir='ltr'><strong>unde</strong></span> <span class='ocrx_word' id='word_1_469' title='bbox 955 4495 1143 4550; x_wconf 83' lang='lat' dir='ltr'><strong>poma.</strong></span> <span class='ocrx_word' id='word_1_470' title='bbox 1163 4477 1296 4549; x_wconf 91' lang='lat' dir='ltr'><strong>Sup.</strong></span> <span class='ocrx_word' id='word_1_471' title='bbox 1333 4475 1523 4550; x_wconf 86' lang='lat' dir='ltr'><strong>haberi</strong></span> <span class='ocrx_word' id='word_1_472' title='bbox 1544 4471 1775 4546; x_wconf 83' lang='lat' dir='ltr'><strong>possint.</strong></span> <span class='ocrx_word' id='word_1_473' title='bbox 1806 4468 1886 4523; x_wconf 78' lang='lat' dir='ltr'><strong>Ila</strong></span> 
     </span>
    </p>
   </div>
   <div class='ocr_carea' id='block_1_60' title="bbox 1317 2356 1890 2440">
    <p class='ocr_par' dir='ltr' id='par_1_60' title="bbox 1317 2356 1890 2440">
     <span class='ocr_line' id='line_1_65' title="bbox 1317 2356 1890 2440; baseline -0.002 -26"><span class='ocrx_word' id='word_1_474' title='bbox 1317 2360 1460 2440; x_wconf 72' lang='lat' dir='ltr'><strong>quod</strong></span> <span class='ocrx_word' id='word_1_475' title='bbox 1481 2367 1536 2440; x_wconf 79' lang='lat' dir='ltr'><strong>et</strong></span> <span class='ocrx_word' id='word_1_476' title='bbox 1557 2356 1890 2440; x_wconf 70' lang='lat' dir='ltr'><strong>pulmentum</strong></span> 
     </span>
    </p>
   </div>
   <div class='ocr_carea' id='block_1_61' title="bbox 1607 2435 1886 2495">
    <p class='ocr_par' dir='ltr' id='par_1_61' title="bbox 1607 2435 1886 2495">
     <span class='ocr_line' id='line_1_66' title="bbox 1607 2435 1886 2495; baseline -0.004 -12"><span class='ocrx_word' id='word_1_477' title='bbox 1607 2444 1637 2483; x_wconf 90' lang='lat' dir='ltr'><strong>e</strong></span> <span class='ocrx_word' id='word_1_478' title='bbox 1659 2435 1886 2495; x_wconf 86' lang='lat' dir='ltr'><strong>rustica,</strong></span> 
     </span>
    </p>
   </div>
   <div class='ocr_carea' id='block_1_62' title="bbox 296 4536 1959 4606">
    <p class='ocr_par' dir='ltr' id='par_1_62' title="bbox 296 4536 1959 4606">
     <span class='ocr_line' id='line_1_67' title="bbox 296 4536 1959 4606; baseline -0.005 0"><span class='ocrx_word' id='word_1_479' title='bbox 296 4536 526 4606; x_wconf 80' lang='lat' dir='ltr'><strong>habetur</strong></span> <span class='ocrx_word' id='word_1_480' title='bbox 578 4536 632 4605; x_wconf 78' lang='lat' dir='ltr'><strong>in</strong></span> <span class='ocrx_word' id='word_1_481' title='bbox 671 4549 922 4605; x_wconf 89' lang='lat' dir='ltr'><strong>omnibus</strong></span> <span class='ocrx_word' id='word_1_482' title='bbox 955 4536 1260 4605; x_wconf 63' lang='lat' dir='ltr'><strong>&#39;codicibus</strong></span> <span class='ocrx_word' id='word_1_483' title='bbox 1309 4546 1512 4603; x_wconf 87' lang='lat' dir='ltr'><strong>nostris</strong></span> <span class='ocrx_word' id='word_1_484' title='bbox 1545 4536 1699 4599; x_wconf 67' lang='lat' dir='ltr'><strong>&#39;mss.</strong></span> <span class='ocrx_word' id='word_1_485' title='bbox 1756 4555 1880 4597; x_wconf 91' lang='lat' dir='ltr'><strong>cum</strong></span> <span class='ocrx_word' id='word_1_486' title='bbox 1903 4536 1959 4597; x_wconf 85' lang='grc' dir='ltr'><strong>Ι)</strong></span> 
     </span>
    </p>
   </div>
   <div class='ocr_carea' id='block_1_63' title="bbox 297 4611 1882 4691">
    <p class='ocr_par' dir='ltr' id='par_1_63' title="bbox 297 4611 1882 4691">
     <span class='ocr_line' id='line_1_68' title="bbox 297 4611 1882 4691; baseline -0.007 -15"><span class='ocrx_word' id='word_1_487' title='bbox 297 4621 614 4691; x_wconf 90' lang='lat' dir='ltr'><strong>Smaragdo,</strong></span> <span class='ocrx_word' id='word_1_488' title='bbox 647 4620 705 4676; x_wconf 92' lang='lat' dir='ltr'><strong>S.</strong></span> <span class='ocrx_word' id='word_1_489' title='bbox 739 4621 1114 4684; x_wconf 89' lang='lat' dir='ltr'><strong>Dunstano,et</strong></span> <span class='ocrx_word' id='word_1_490' title='bbox 1137 4619 1371 4691; x_wconf 73' lang='lat' dir='ltr'><strong>editione</strong></span> <span class='ocrx_word' id='word_1_491' title='bbox 1393 4614 1632 4691; x_wconf 76' lang='lat' dir='ltr'><strong>Colinaei.</strong></span> <span class='ocrx_word' id='word_1_492' title='bbox 1665 4611 1882 4691; x_wconf 89' lang='lat' dir='ltr'><strong>(_)p_tima</strong></span> 
     </span>
    </p>
   </div>
   <div class='ocr_carea' id='block_1_64' title="bbox 294 4684 1878 4761">
    <p class='ocr_par' dir='ltr' id='par_1_64' title="bbox 294 4684 1878 4761">
     <span class='ocr_line' id='line_1_69' title="bbox 294 4684 1878 4761; baseline -0.006 -17"><span class='ocrx_word' id='word_1_493' title='bbox 294 4691 474 4755; x_wconf 89' lang='lat' dir='ltr'><strong>lectio,</strong></span> <span class='ocrx_word' id='word_1_494' title='bbox 493 4684 627 4761; x_wconf 59' lang='lat' dir='ltr'><strong>&#39;quze</strong></span> <span class='ocrx_word' id='word_1_495' title='bbox 657 4691 1013 4761; x_wconf 83' lang='lat' dir='ltr'><strong>confirmatur</strong></span> <span class='ocrx_word' id='word_1_496' title='bbox 1039 4704 1126 4744; x_wconf 92' lang='lat' dir='ltr'><strong>ex.</strong></span> <span class='ocrx_word' id='word_1_497' title='bbox 1149 4690 1288 4761; x_wconf 81' lang='lat' dir='ltr'><strong>Add_.</strong></span> <span class='ocrx_word' id='word_1_498' title='bbox 1321 4687 1552 4761; x_wconf 84' lang='lat' dir='ltr'><strong>Capitul.</strong></span> <span class='ocrx_word' id='word_1_499' title='bbox 1579 4684 1714 4761; x_wconf 79' lang='lat' dir='ltr'><strong>Lud_.</strong></span> <span class='ocrx_word' id='word_1_500' title='bbox 1745 4684 1878 4761; x_wconf 93' lang='lat' dir='ltr'><strong>Imp.</strong></span> 
     </span>
    </p>
   </div>
   <div class='ocr_carea' id='block_1_65' title="bbox 295 4754 1974 4818">
    <p class='ocr_par' dir='ltr' id='par_1_65' title="bbox 295 4754 1974 4818">
     <span class='ocr_line' id='line_1_70' title="bbox 295 4754 1974 4818; baseline -0.007 -3"><span class='ocrx_word' id='word_1_501' title='bbox 295 4763 377 4815; x_wconf 91' lang='lat' dir='ltr'><strong>tit.</strong></span> <span class='ocrx_word' id='word_1_502' title='bbox 407 4754 476 4816; x_wconf 87' lang='lat'><strong>78</strong></span> <span class='ocrx_word' id='word_1_503' title='bbox 502 4754 560 4816; x_wconf 74' lang='grc' dir='ltr'><strong>τ’(</strong></span> <span class='ocrx_word' id='word_1_504' title='bbox 600 4761 672 4818; x_wconf 92' lang='lat' dir='ltr'><strong>Ut</strong></span> <span class='ocrx_word' id='word_1_505' title='bbox 697 4760 936 4815; x_wconf 85' lang='lat' dir='ltr'><strong>volatilia</strong></span> <span class='ocrx_word' id='word_1_506' title='bbox 966 4760 1021 4814; x_wconf 92' lang='lat' dir='ltr'><strong>in</strong></span> <span class='ocrx_word' id='word_1_507' title='bbox 1048 4760 1216 4814; x_wconf 89' lang='lat' dir='ltr'><strong>natali</strong></span> <span class='ocrx_word' id='word_1_508' title='bbox 1256 4754 1469 4815; x_wconf 79' lang='lat' dir='ltr'><strong>Domini</strong></span> <span class='ocrx_word' id='word_1_509' title='bbox 1491 4767 1546 4813; x_wconf 90' lang='lat' dir='ltr'><strong>et</strong></span> <span class='ocrx_word' id='word_1_510' title='bbox 1588 4756 1644 4810; x_wconf 91' lang='lat' dir='ltr'><strong>in</strong></span> <span class='ocrx_word' id='word_1_511' title='bbox 1672 4754 1881 4810; x_wconf 88' lang='lat' dir='ltr'><strong>Pascha</strong></span> <span class='ocrx_word' id='word_1_512' title='bbox 1971 4793 1974 4796; x_wconf 80' lang='lat'><strong>.</strong></span> 
     </span>
    </p>
   </div>
   <div class='ocr_carea' id='block_1_66' title="bbox 294 4826 1881 4896">
    <p class='ocr_par' dir='ltr' id='par_1_66' title="bbox 294 4826 1881 4896">
     <span class='ocr_line' id='line_1_71' title="bbox 294 4826 1881 4896; baseline -0.006 -10"><span class='ocrx_word' id='word_1_513' title='bbox 294 4841 500 4886; x_wconf 89' lang='lat' dir='ltr'><strong>tantum</strong></span> <span class='ocrx_word' id='word_1_514' title='bbox 523 4841 646 4887; x_wconf 92' lang='lat' dir='ltr'><strong>octo</strong></span> <span class='ocrx_word' id='word_1_515' title='bbox 671 4833 861 4887; x_wconf 90' lang='lat' dir='ltr'><strong>diebus</strong></span> <span class='ocrx_word' id='word_1_516' title='bbox 881 4871 897 4896; x_wconf 96' lang='lat'><strong>,</strong></span> <span class='ocrx_word' id='word_1_517' title='bbox 944 4830 990 4885; x_wconf 89' lang='lat' dir='ltr'><strong>si</strong></span> <span class='ocrx_word' id='word_1_518' title='bbox 1021 4839 1104 4885; x_wconf 92' lang='lat' dir='ltr'><strong>est</strong></span> <span class='ocrx_word' id='word_1_519' title='bbox 1129 4830 1289 4894; x_wconf 90' lang='lat' dir='ltr'><strong>unde,</strong></span> <span class='ocrx_word' id='word_1_520' title='bbox 1322 4829 1645 4884; x_wconf 91' lang='lat' dir='ltr'><strong>comedant:</strong></span> <span class='ocrx_word' id='word_1_521' title='bbox 1677 4826 1724 4880; x_wconf 91' lang='lat' dir='ltr'><strong>si</strong></span> <span class='ocrx_word' id='word_1_522' title='bbox 1750 4837 1881 4896; x_wconf 77' lang='lat' dir='ltr'><strong>vero</strong></span> 
     </span>
    </p>
   </div>
   <div class='ocr_carea' id='block_1_67' title="bbox 294 4895 1883 4969">
    <p class='ocr_par' dir='ltr' id='par_1_67' title="bbox 294 4895 1883 4969">
     <span class='ocr_line' id='line_1_72' title="bbox 294 4895 1883 4969; baseline -0.005 -12"><span class='ocrx_word' id='word_1_523' title='bbox 294 4919 399 4957; x_wconf 88' lang='lat' dir='ltr'><strong>non</strong></span> <span class='ocrx_word' id='word_1_524' title='bbox 440 4902 601 4956; x_wconf 88' lang='lat' dir='ltr'><strong>fuerit</strong></span> <span class='ocrx_word' id='word_1_525' title='bbox 624 4903 785 4968; x_wconf 89' lang='lat' dir='ltr'><strong>unde,</strong></span> <span class='ocrx_word' id='word_1_526' title='bbox 814 4895 920 4956; x_wconf 91' lang='lat' dir='ltr'><strong>non</strong></span> <span class='ocrx_word' id='word_1_527' title='bbox 950 4901 1261 4969; x_wconf 87' lang='lat' dir='ltr'><strong>requiratur</strong></span> <span class='ocrx_word' id='word_1_528' title='bbox 1283 4915 1378 4969; x_wconf 92' lang='lat' dir='ltr'><strong>per</strong></span> <span class='ocrx_word' id='word_1_529' title='bbox 1404 4899 1665 4969; x_wconf 82' lang='lat' dir='ltr'><strong>debitum.</strong></span> <span class='ocrx_word' id='word_1_530' title='bbox 1705 4914 1745 4969; x_wconf 48' lang='grc' dir='ltr'><strong>ι</strong></span> <span class='ocrx_word' id='word_1_531' title='bbox 1759 4895 1883 4950; x_wconf 82' lang='lat' dir='ltr'><strong>Vul-</strong></span> 
     </span>
    </p>
   </div>
   <div class='ocr_carea' id='block_1_68' title="bbox 293 4965 1880 5044">
    <p class='ocr_par' dir='ltr' id='par_1_68' title="bbox 293 4965 1880 5044">
     <span class='ocr_line' id='line_1_73' title="bbox 293 4965 1880 5044; baseline -0.004 -18"><span class='ocrx_word' id='word_1_532' title='bbox 293 4981 412 5044; x_wconf 82' lang='lat' dir='ltr'><strong>gata</strong></span> <span class='ocrx_word' id='word_1_533' title='bbox 442 4973 640 5028; x_wconf 88' lang='lat' dir='ltr'><strong>lectio:</strong></span> <span class='ocrx_word' id='word_1_534' title='bbox 687 4965 780 5044; x_wconf 72' lang='lat' dir='ltr'><strong>Et,</strong></span> <span class='ocrx_word' id='word_1_535' title='bbox 812 4973 858 5026; x_wconf 84' lang='lat' dir='ltr'><strong>si</strong></span> <span class='ocrx_word' id='word_1_536' title='bbox 897 4965 1242 5044; x_wconf 47' lang='lat' dir='ltr'><strong>fueringinde</strong></span> <span class='ocrx_word' id='word_1_537' title='bbox 1273 4965 1449 5044; x_wconf 72' lang='lat' dir='ltr'><strong>poma.</strong></span> <span class='ocrx_word' id='word_1_538' title='bbox 1502 4967 1657 5044; x_wconf 76' lang='lat' dir='ltr'><strong>Male.</strong></span> <span class='ocrx_word' id='word_1_539' title='bbox 1713 4965 1880 5020; x_wconf 84' lang='lat' dir='ltr'><strong>Poma</strong></span> 
     </span>
    </p>
   </div>
   <div class='ocr_carea' id='block_1_69' title="bbox 296 5038 1744 5112">
    <p class='ocr_par' dir='ltr' id='par_1_69' title="bbox 296 5038 1744 5112">
     <span class='ocr_line' id='line_1_74' title="bbox 296 5038 1744 5112; baseline -0.007 -12"><span class='ocrx_word' id='word_1_540' title='bbox 296 5038 394 5100; x_wconf 75' lang='lat' dir='ltr'><strong>hoc</strong></span> <span class='ocrx_word' id='word_1_541' title='bbox 423 5044 541 5100; x_wconf 90' lang='lat' dir='ltr'><strong>loco</strong></span> <span class='ocrx_word' id='word_1_542' title='bbox 566 5051 692 5098; x_wconf 92' lang='lat' dir='ltr'><strong>sunt</strong></span> <span class='ocrx_word' id='word_1_543' title='bbox 721 5038 929 5098; x_wconf 81' lang='lat' dir='ltr'><strong>fructus</strong></span> <span class='ocrx_word' id='word_1_544' title='bbox 949 5041 1222 5112; x_wconf 87' lang='lat' dir='ltr'><strong>quislibet,</strong></span> <span class='ocrx_word' id='word_1_545' title='bbox 1237 5038 1444 5112; x_wconf 77' lang='lat' dir='ltr'><strong>saltem</strong></span> <span class='ocrx_word' id='word_1_546' title='bbox 1473 5038 1744 5112; x_wconf 79' lang='lat' dir='ltr'><strong>vulgares.</strong></span> 
     </span>
    </p>
   </div>
   <div class='ocr_carea' id='block_1_70' title="bbox 359 5107 1960 5184">
    <p class='ocr_par' dir='ltr' id='par_1_70' title="bbox 359 5107 1960 5184">
     <span class='ocr_line' id='line_1_75' title="bbox 359 5107 1960 5184; baseline -0.002 -19"><span class='ocrx_word' id='word_1_547' title='bbox 359 5115 386 5153; x_wconf 85' lang='lat' dir='ltr'><strong>d</strong></span> <span class='ocrx_word' id='word_1_548' title='bbox 424 5113 524 5168; x_wconf 78' lang='lat' dir='ltr'><strong>Aut</strong></span> <span class='ocrx_word' id='word_1_549' title='bbox 559 5113 822 5184; x_wconf 83' lang='lat' dir='ltr'><strong>nascentia</strong></span> <span class='ocrx_word' id='word_1_550' title='bbox 847 5107 1186 5184; x_wconf 65' lang='lat' dir='ltr'><strong>leguminum.</strong></span> <span class='ocrx_word' id='word_1_551' title='bbox 1234 5110 1438 5184; x_wconf 83' lang='lat' dir='ltr'><strong>Idest,</strong></span> <span class='ocrx_word' id='word_1_552' title='bbox 1487 5107 1766 5184; x_wconf 73' lang='lat' dir='ltr'><strong>nascentia</strong></span> <span class='ocrx_word' id='word_1_553' title='bbox 1797 5107 1878 5162; x_wconf 87' lang='lat' dir='ltr'><strong>le-</strong></span> <span class='ocrx_word' id='word_1_554' title='bbox 1956 5132 1960 5134; x_wconf 91' lang='grc'><strong>·</strong></span> 
     </span>
    </p>
   </div>
   <div class='ocr_carea' id='block_1_71' title="bbox 293 5179 1881 5254">
    <p class='ocr_par' dir='ltr' id='par_1_71' title="bbox 293 5179 1881 5254">
     <span class='ocr_line' id='line_1_76' title="bbox 293 5179 1881 5254; baseline -0.004 -16"><span class='ocrx_word' id='word_1_555' title='bbox 293 5186 528 5254; x_wconf 81' lang='lat' dir='ltr'><strong>gumina.</strong></span> <span class='ocrx_word' id='word_1_556' title='bbox 581 5185 651 5240; x_wconf 90' lang='lat' dir='ltr'><strong>Ut</strong></span> <span class='ocrx_word' id='word_1_557' title='bbox 697 5179 1187 5254; x_wconf 12' lang='lat' dir='ltr'><strong>arduar&#39;montium,</strong></span> <span class='ocrx_word' id='word_1_558' title='bbox 1225 5180 1441 5254; x_wconf 62' lang='lat' dir='ltr'><strong>lubrice</strong></span> <span class='ocrx_word' id='word_1_559' title='bbox 1478 5179 1768 5254; x_wconf 81' lang='lat' dir='ltr'><strong>va_llium_et</strong></span> <span class='ocrx_word' id='word_1_560' title='bbox 1794 5194 1881 5231; x_wconf 87' lang='lat' dir='ltr'><strong>ro-</strong></span> 
     </span>
    </p>
   </div>
   <div class='ocr_carea' id='block_1_72' title="bbox 294 5249 1880 5323">
    <p class='ocr_par' dir='ltr' id='par_1_72' title="bbox 294 5249 1880 5323">
     <span class='ocr_line' id='line_1_77' title="bbox 294 5249 1880 5323; baseline -0.004 -15"><span class='ocrx_word' id='word_1_561' title='bbox 294 5249 435 5312; x_wconf 60' lang='lat' dir='ltr'><strong>icida</strong></span> <span class='ocrx_word' id='word_1_562' title='bbox 466 5257 738 5323; x_wconf 82' lang='lat' dir='ltr'><strong>cespitum,</strong></span> <span class='ocrx_word' id='word_1_563' title='bbox 765 5263 811 5308; x_wconf 85' lang='lat' dir='ltr'><strong><em>et</em></strong></span> <span class='ocrx_word' id='word_1_564' title='bbox 833 5252 1389 5323; x_wconf 63' lang='lat' dir='ltr'><strong>glebosqcampbrum.</strong></span> <span class='ocrx_word' id='word_1_565' title='bbox 1422 5249 1880 5323; x_wconf 10' lang='lat' dir='ltr'><strong>Itailiunciocum</strong></span> 
     </span>
    </p>
   </div>
   <div class='ocr_carea' id='block_1_73' title="bbox 295 5318 1881 5396">
    <p class='ocr_par' dir='ltr' id='par_1_73' title="bbox 295 5318 1881 5396">
     <span class='ocr_line' id='line_1_78' title="bbox 295 5318 1881 5396; baseline -0.005 -16"><span class='ocrx_word' id='word_1_566' title='bbox 295 5326 523 5396; x_wconf 77' lang='lat' dir='ltr'><strong>explicat</strong></span> <span class='ocrx_word' id='word_1_567' title='bbox 551 5318 901 5396; x_wconf 76' lang='lat' dir='ltr'><strong>Ruthardus:</strong></span> <span class='ocrx_word' id='word_1_568' title='bbox 949 5342 968 5375; x_wconf 87' lang='grc'><strong>‹</strong></span> <span class='ocrx_word' id='word_1_569' title='bbox 1006 5318 1297 5396; x_wconf 73' lang='lat' dir='ltr'><strong>Nascentia</strong></span> <span class='ocrx_word' id='word_1_570' title='bbox 1327 5321 1659 5396; x_wconf 76' lang='lat' dir='ltr'><strong>leguminum</strong></span> <span class='ocrx_word' id='word_1_571' title='bbox 1685 5318 1881 5396; x_wconf 66' lang='lat' dir='ltr'><strong>intelli-</strong></span> 
     </span>
    </p>
   </div>
   <div class='ocr_carea' id='block_1_74' title="bbox 296 5389 1882 5468">
    <p class='ocr_par' dir='ltr' id='par_1_74' title="bbox 296 5389 1882 5468">
     <span class='ocr_line' id='line_1_79' title="bbox 296 5389 1882 5468; baseline -0.004 -19"><span class='ocrx_word' id='word_1_572' title='bbox 296 5389 490 5467; x_wconf 68' lang='lat' dir='ltr'><strong>guntur</strong></span> <span class='ocrx_word' id='word_1_573' title='bbox 517 5394 875 5468; x_wconf 89' lang='lat' dir='ltr'><strong>germinantia</strong></span> <span class='ocrx_word' id='word_1_574' title='bbox 899 5413 912 5448; x_wconf 90' lang='lat'><strong>:</strong></span> <span class='ocrx_word' id='word_1_575' title='bbox 943 5393 1070 5468; x_wconf 86' lang='lat' dir='ltr'><strong>quia</strong></span> <span class='ocrx_word' id='word_1_576' title='bbox 1086 5408 1210 5468; x_wconf 81' lang='lat' dir='ltr'><strong>mos</strong></span> <span class='ocrx_word' id='word_1_577' title='bbox 1237 5403 1322 5448; x_wconf 89' lang='lat' dir='ltr'><strong>est</strong></span> <span class='ocrx_word' id='word_1_578' title='bbox 1343 5389 1487 5468; x_wconf 83' lang='lat' dir='ltr'><strong>illius</strong></span> <span class='ocrx_word' id='word_1_579' title='bbox 1515 5401 1672 5468; x_wconf 76' lang='lat' dir='ltr'><strong>terra:</strong></span> <span class='ocrx_word' id='word_1_580' title='bbox 1696 5399 1750 5468; x_wconf 87' lang='lat' dir='ltr'><strong>et</strong></span> <span class='ocrx_word' id='word_1_581' title='bbox 1775 5389 1882 5468; x_wconf 79' lang='lat' dir='ltr'><strong>Ro-</strong></span> 
     </span>
    </p>
   </div>
   <div class='ocr_carea' id='block_1_75' title="bbox 298 5461 1881 5534">
    <p class='ocr_par' dir='ltr' id='par_1_75' title="bbox 298 5461 1881 5534">
     <span class='ocr_line' id='line_1_80' title="bbox 298 5461 1881 5534; baseline -0.004 -14"><span class='ocrx_word' id='word_1_582' title='bbox 298 5461 469 5522; x_wconf 71' lang='lat' dir='ltr'><strong>inanze</strong></span> <span class='ocrx_word' id='word_1_583' title='bbox 497 5461 552 5522; x_wconf 65' lang='lat' dir='ltr'><strong>et</strong></span> <span class='ocrx_word' id='word_1_584' title='bbox 587 5469 819 5522; x_wconf 90' lang='lat' dir='ltr'><strong>aliarum</strong></span> <span class='ocrx_word' id='word_1_585' title='bbox 857 5461 1257 5534; x_wconf 76' lang='lat' dir='ltr'><strong>provinciarum</strong></span> <span class='ocrx_word' id='word_1_586' title='bbox 1285 5463 1507 5534; x_wconf 87' lang='lat' dir='ltr'><strong>mittere</strong></span> <span class='ocrx_word' id='word_1_587' title='bbox 1528 5461 1881 5534; x_wconf 88' lang='lat' dir='ltr'><strong>legumina_in</strong></span> 
     </span>
    </p>
   </div>
   <div class='ocr_carea' id='block_1_76' title="bbox 296 5530 1879 5609">
    <p class='ocr_par' dir='ltr' id='par_1_76' title="bbox 296 5530 1879 5609">
     <span class='ocr_line' id='line_1_81' title="bbox 296 5530 1879 5609; baseline -0.006 -16"><span class='ocrx_word' id='word_1_588' title='bbox 296 5553 506 5609; x_wconf 89' lang='lat' dir='ltr'><strong>aquam,</strong></span> <span class='ocrx_word' id='word_1_589' title='bbox 556 5547 753 5594; x_wconf 89' lang='lat' dir='ltr'><strong>etcum</strong></span> <span class='ocrx_word' id='word_1_590' title='bbox 777 5530 1077 5608; x_wconf 82' lang='lat' dir='ltr'><strong>germinata</strong></span> <span class='ocrx_word' id='word_1_591' title='bbox 1106 5535 1323 5601; x_wconf 90' lang='lat' dir='ltr'><strong>fuerint,</strong></span> <span class='ocrx_word' id='word_1_592' title='bbox 1352 5530 1690 5609; x_wconf 81' lang='lat' dir='ltr'><strong>manducari.</strong></span> <span class='ocrx_word' id='word_1_593' title='bbox 1730 5551 1760 5588; x_wconf 71' lang='grc' dir='ltr'><strong>ι,</strong></span> <span class='ocrx_word' id='word_1_594' title='bbox 1802 5530 1879 5585; x_wconf 82' lang='lat' dir='ltr'><strong>Ex</strong></span> 
     </span>
    </p>
   </div>
   <div class='ocr_carea' id='block_1_77' title="bbox 297 5605 1882 5679">
    <p class='ocr_par' dir='ltr' id='par_1_77' title="bbox 297 5605 1882 5679">
     <span class='ocr_line' id='line_1_82' title="bbox 297 5605 1882 5679; baseline -0.006 -16"><span class='ocrx_word' id='word_1_595' title='bbox 297 5605 401 5679; x_wconf 78' lang='lat' dir='ltr'><strong>quo</strong></span> <span class='ocrx_word' id='word_1_596' title='bbox 438 5612 557 5665; x_wconf 91' lang='lat' dir='ltr'><strong>loco</strong></span> <span class='ocrx_word' id='word_1_597' title='bbox 601 5610 734 5679; x_wconf 81' lang='lat' dir='ltr'><strong>satis</strong></span> <span class='ocrx_word' id='word_1_598' title='bbox 763 5605 976 5665; x_wconf 76' lang='lat' dir='ltr'><strong>constat</strong></span> <span class='ocrx_word' id='word_1_599' title='bbox 1005 5609 1224 5679; x_wconf 16' lang='lat' dir='ltr'><strong>horum,</strong></span> <span class='ocrx_word' id='word_1_600' title='bbox 1243 5605 1765 5679; x_wconf 80' lang='lat' dir='ltr'><strong>commentariorum</strong></span> <span class='ocrx_word' id='word_1_601' title='bbox 1787 5617 1882 5655; x_wconf 89' lang='lat' dir='ltr'><strong>au-</strong></span> 
     </span>
    </p>
   </div>
   <div class='ocr_carea' id='block_1_78' title="bbox 299 5674 1878 5736">
    <p class='ocr_par' dir='ltr' id='par_1_78' title="bbox 299 5674 1878 5736">
     <span class='ocr_line' id='line_1_83' title="bbox 299 5674 1878 5736; baseline -0.004 -2"><span class='ocrx_word' id='word_1_602' title='bbox 299 5674 500 5736; x_wconf 75' lang='lat' dir='ltr'><strong>ctorem</strong></span> <span class='ocrx_word' id='word_1_603' title='bbox 556 5695 662 5735; x_wconf 85' lang='lat' dir='ltr'><strong>non</strong></span> <span class='ocrx_word' id='word_1_604' title='bbox 711 5677 876 5734; x_wconf 88' lang='lat' dir='ltr'><strong>fuisse</strong></span> <span class='ocrx_word' id='word_1_605' title='bbox 923 5679 1151 5733; x_wconf 89' lang='lat' dir='ltr'><strong>Paulum</strong></span> <span class='ocrx_word' id='word_1_606' title='bbox 1210 5678 1508 5732; x_wconf 90' lang='lat' dir='ltr'><strong>Diaconum</strong></span> <span class='ocrx_word' id='word_1_607' title='bbox 1555 5674 1878 5729; x_wconf 85' lang='lat' dir='ltr'><strong>monachum</strong></span> 
     </span>
    </p>
   </div>
   <div class='ocr_carea' id='block_1_79' title="bbox 299 5743 1880 5815">
    <p class='ocr_par' dir='ltr' id='par_1_79' title="bbox 299 5743 1880 5815">
     <span class='ocr_line' id='line_1_84' title="bbox 299 5743 1880 5815; baseline -0.006 -9"><span class='ocrx_word' id='word_1_608' title='bbox 299 5751 644 5815; x_wconf 85' lang='lat' dir='ltr'><strong>Casinatem;</strong></span> <span class='ocrx_word' id='word_1_609' title='bbox 677 5750 902 5805; x_wconf 86' lang='lat' dir='ltr'><strong>dixisset</strong></span> <span class='ocrx_word' id='word_1_610' title='bbox 934 5749 1116 5815; x_wconf 86' lang='lat' dir='ltr'><strong>enim,</strong></span> <span class='ocrx_word' id='word_1_611' title='bbox 1161 5748 1318 5815; x_wconf 83' lang='lat' dir='ltr'><strong>hujus</strong></span> <span class='ocrx_word' id='word_1_612' title='bbox 1354 5757 1531 5811; x_wconf 72' lang='lat' dir='ltr'><strong>terrm,</strong></span> <span class='ocrx_word' id='word_1_613' title='bbox 1573 5761 1698 5810; x_wconf 90' lang='lat' dir='ltr'><strong>non,</strong></span> <span class='ocrx_word' id='word_1_614' title='bbox 1738 5743 1880 5798; x_wconf 83' lang='lat' dir='ltr'><strong>illius</strong></span> 
     </span>
    </p>
   </div>
   <div class='ocr_carea' id='block_1_80' title="bbox 301 5817 1881 5887">
    <p class='ocr_par' dir='ltr' id='par_1_80' title="bbox 301 5817 1881 5887">
     <span class='ocr_line' id='line_1_85' title="bbox 301 5817 1881 5887; baseline -0.003 -11"><span class='ocrx_word' id='word_1_615' title='bbox 301 5832 470 5877; x_wconf 74' lang='lat' dir='ltr'><strong>term.</strong></span> <span class='ocrx_word' id='word_1_616' title='bbox 499 5821 807 5877; x_wconf 87' lang='lat' dir='ltr'><strong>Bernardus</strong></span> <span class='ocrx_word' id='word_1_617' title='bbox 833 5819 1082 5887; x_wconf 88' lang='lat' dir='ltr'><strong>Casinas,</strong></span> <span class='ocrx_word' id='word_1_618' title='bbox 1119 5826 1174 5877; x_wconf 90' lang='lat' dir='ltr'><strong>et</strong></span> <span class='ocrx_word' id='word_1_619' title='bbox 1195 5817 1285 5874; x_wconf 90' lang='lat' dir='ltr'><strong>alii</strong></span> <span class='ocrx_word' id='word_1_620' title='bbox 1311 5817 1552 5876; x_wconf 87' lang='lat' dir='ltr'><strong>nonnulli</strong></span> <span class='ocrx_word' id='word_1_621' title='bbox 1583 5817 1759 5873; x_wconf 89' lang='lat' dir='ltr'><strong>locum</strong></span> <span class='ocrx_word' id='word_1_622' title='bbox 1787 5829 1881 5872; x_wconf 83' lang='lat' dir='ltr'><strong>ex-</strong></span> 
     </span>
    </p>
   </div>
   <div class='ocr_carea' id='block_1_81' title="bbox 2015 545 3590 618">
    <p class='ocr_par' dir='ltr' id='par_1_81' title="bbox 2015 545 3590 618">
     <span class='ocr_line' id='line_1_86' title="bbox 2015 545 3590 618; baseline 0.01 -21"><span class='ocrx_word' id='word_1_623' title='bbox 2015 545 2220 598; x_wconf 87' lang='lat' dir='ltr'><strong>scentia</strong></span> <span class='ocrx_word' id='word_1_624' title='bbox 2245 545 2594 618; x_wconf 84' lang='lat' dir='ltr'><strong>leguminum,</strong></span> <span class='ocrx_word' id='word_1_625' title='bbox 2623 549 2854 605; x_wconf 90' lang='lat' dir='ltr'><strong>addatur</strong></span> <span class='ocrx_word' id='word_1_626' title='bbox 2877 559 2932 606; x_wconf 90' lang='lat' dir='ltr'><strong>et</strong></span> <span class='ocrx_word' id='word_1_627' title='bbox 2956 553 3193 608; x_wconf 88' lang='lat' dir='ltr'><strong>tertium.</strong></span> <span class='ocrx_word' id='word_1_628' title='bbox 3224 565 3247 594; x_wconf 77' lang='grc' dir='ltr'><strong>ο</strong></span> <span class='ocrx_word' id='word_1_629' title='bbox 3268 555 3431 610; x_wconf 90' lang='lat' dir='ltr'><strong>Panis</strong></span> <span class='ocrx_word' id='word_1_630' title='bbox 3450 555 3590 613; x_wconf 89' lang='lat' dir='ltr'><strong>libra</strong></span> 
     </span>
    </p>
   </div>
   <div class='ocr_carea' id='block_1_82' title="bbox 2009 677 3586 758">
    <p class='ocr_par' dir='ltr' id='par_1_82' title="bbox 2009 677 3586 758">
     <span class='ocr_line' id='line_1_87' title="bbox 2009 677 3586 758; baseline 0.01 -28"><span class='ocrx_word' id='word_1_631' title='bbox 2009 677 2215 748; x_wconf 84' lang='lat' dir='ltr'><strong>plicant</strong></span> <span class='ocrx_word' id='word_1_632' title='bbox 2265 679 2468 758; x_wconf 88' lang='lat' dir='ltr'><strong>rectius</strong></span> <span class='ocrx_word' id='word_1_633' title='bbox 2517 682 2738 758; x_wconf 81' lang='lat' dir='ltr'><strong>quidem</strong></span> <span class='ocrx_word' id='word_1_634' title='bbox 2783 686 2850 758; x_wconf 85' lang='lat' dir='ltr'><strong>de</strong></span> <span class='ocrx_word' id='word_1_635' title='bbox 2895 685 3158 742; x_wconf 83' lang='lat' dir='ltr'><strong>viridibus</strong></span> <span class='ocrx_word' id='word_1_636' title='bbox 3203 687 3586 758; x_wconf 89' lang='lat' dir='ltr'><strong>leguminibus,</strong></span> 
     </span>
    </p>
   </div>
   <div class='ocr_carea' id='block_1_83' title="bbox 2010 753 3587 832">
    <p class='ocr_par' dir='ltr' id='par_1_83' title="bbox 2010 753 3587 832">
     <span class='ocr_line' id='line_1_88' title="bbox 2010 753 3587 832; baseline 0.009 -31"><span class='ocrx_word' id='word_1_637' title='bbox 2010 763 2129 832; x_wconf 71' lang='lat' dir='ltr'><strong>quae</strong></span> <span class='ocrx_word' id='word_1_638' title='bbox 2164 756 2318 832; x_wconf 73' lang='lat' dir='ltr'><strong>aceto</strong></span> <span class='ocrx_word' id='word_1_639' title='bbox 2340 761 2610 832; x_wconf 75' lang='lat' dir='ltr'><strong>macerata</strong></span> <span class='ocrx_word' id='word_1_640' title='bbox 2634 753 2690 832; x_wconf 80' lang='lat' dir='ltr'><strong>in</strong></span> <span class='ocrx_word' id='word_1_641' title='bbox 2718 755 2866 809; x_wconf 89' lang='lat' dir='ltr'><strong>Italia</strong></span> <span class='ocrx_word' id='word_1_642' title='bbox 2897 759 3102 832; x_wconf 81' lang='lat' dir='ltr'><strong>comedi</strong></span> <span class='ocrx_word' id='word_1_643' title='bbox 3133 753 3325 832; x_wconf 77' lang='lat' dir='ltr'><strong>solent.</strong></span> <span class='ocrx_word' id='word_1_644' title='bbox 3374 759 3456 814; x_wconf 81' lang='lat' dir='ltr'><strong>An</strong></span> <span class='ocrx_word' id='word_1_645' title='bbox 3486 753 3587 815; x_wconf 54' lang='lat' dir='ltr'><strong>au?-</strong></span> 
     </span>
    </p>
   </div>
   <div class='ocr_carea' id='block_1_84' title="bbox 2011 821 3586 900">
    <p class='ocr_par' dir='ltr' id='par_1_84' title="bbox 2011 821 3586 900">
     <span class='ocr_line' id='line_1_89' title="bbox 2011 821 3586 900; baseline 0.008 -28"><span class='ocrx_word' id='word_1_646' title='bbox 2011 827 2118 900; x_wconf 82' lang='lat' dir='ltr'><strong>_tem</strong></span> <span class='ocrx_word' id='word_1_647' title='bbox 2159 821 2398 900; x_wconf 39' lang='lat' dir='ltr'><strong>tertium;</strong></span> <span class='ocrx_word' id='word_1_648' title='bbox 2423 821 2550 900; x_wconf 83' lang='lat' dir='ltr'><strong>illud</strong></span> <span class='ocrx_word' id='word_1_649' title='bbox 2593 824 3013 900; x_wconf 84' lang='lat' dir='ltr'><strong>pulmentarium</strong></span> <span class='ocrx_word' id='word_1_650' title='bbox 3059 844 3158 900; x_wconf 82' lang='lat' dir='ltr'><strong>seu</strong></span> <span class='ocrx_word' id='word_1_651' title='bbox 3193 829 3459 884; x_wconf 88' lang='lat' dir='ltr'><strong>fructuum</strong></span> <span class='ocrx_word' id='word_1_652' title='bbox 3490 846 3586 885; x_wconf 90' lang='lat' dir='ltr'><strong>seu</strong></span> 
     </span>
    </p>
   </div>
   <div class='ocr_carea' id='block_1_85' title="bbox 2008 887 3592 972">
    <p class='ocr_par' dir='ltr' id='par_1_85' title="bbox 2008 887 3592 972">
     <span class='ocr_line' id='line_1_90' title="bbox 2008 887 3592 972; baseline 0.01 -32"><span class='ocrx_word' id='word_1_653' title='bbox 2008 887 2559 972; x_wconf 40' lang='lat' dir='ltr'><strong>leguminumﬁdebegt</strong></span> <span class='ocrx_word' id='word_1_654' title='bbox 2586 887 2986 972; x_wconf 82' lang='lat' dir='ltr'><strong>ésse_crudur_n,‘</strong></span> <span class='ocrx_word' id='word_1_655' title='bbox 3009 893 3129 972; x_wconf 61' lang='lat' dir='ltr'><strong>noti</strong></span> <span class='ocrx_word' id='word_1_656' title='bbox 3147 897 3199 951; x_wconf 91' lang='lat' dir='ltr'><strong>id</strong></span> <span class='ocrx_word' id='word_1_657' title='bbox 3220 900 3472 972; x_wconf 77' lang='lat' dir='ltr'><strong>explicite</strong></span> <span class='ocrx_word' id='word_1_658' title='bbox 3499 900 3592 956; x_wconf 82' lang='lat' dir='ltr'><strong>de-</strong></span> 
     </span>
    </p>
   </div>
   <div class='ocr_carea' id='block_1_86' title="bbox 2008 958 3588 1044">
    <p class='ocr_par' dir='ltr' id='par_1_86' title="bbox 2008 958 3588 1044">
     <span class='ocr_line' id='line_1_91' title="bbox 2008 958 3588 1044; baseline 0.009 -32"><span class='ocrx_word' id='word_1_659' title='bbox 2008 958 2234 1044; x_wconf 72' lang='lat' dir='ltr'><strong>claravit</strong></span> <span class='ocrx_word' id='word_1_660' title='bbox 2251 959 2308 1014; x_wconf 91' lang='lat' dir='ltr'><strong>S.</strong></span> <span class='ocrx_word' id='word_1_661' title='bbox 2341 961 2683 1044; x_wconf 74' lang='lat' dir='ltr'><strong>Benedictus2</strong></span> <span class='ocrx_word' id='word_1_662' title='bbox 2716 967 2895 1036; x_wconf 91' lang='lat' dir='ltr'><strong>itaque</strong></span> <span class='ocrx_word' id='word_1_663' title='bbox 2907 958 3068 1044; x_wconf 81' lang='lat' dir='ltr'><strong>juxta</strong></span> <span class='ocrx_word' id='word_1_664' title='bbox 3098 958 3357 1044; x_wconf 63' lang='lat' dir='ltr'><strong>Regulam</strong></span> <span class='ocrx_word' id='word_1_665' title='bbox 3387 972 3588 1026; x_wconf 85' lang='lat' dir='ltr'><strong>debent</strong></span> 
     </span>
    </p>
   </div>
   <div class='ocr_carea' id='block_1_87' title="bbox 2005 1033 3584 1104">
    <p class='ocr_par' dir='ltr' id='par_1_87' title="bbox 2005 1033 3584 1104">
     <span class='ocr_line' id='line_1_92' title="bbox 2005 1033 3584 1104; baseline 0.008 -22"><span class='ocrx_word' id='word_1_666' title='bbox 2005 1033 2183 1098; x_wconf 89' lang='lat' dir='ltr'><strong>primo</strong></span> <span class='ocrx_word' id='word_1_667' title='bbox 2217 1033 2415 1104; x_wconf 86' lang='lat' dir='ltr'><strong>apponi</strong></span> <span class='ocrx_word' id='word_1_668' title='bbox 2453 1033 2558 1088; x_wconf 93' lang='lat' dir='ltr'><strong>duo</strong></span> <span class='ocrx_word' id='word_1_669' title='bbox 2595 1033 2953 1104; x_wconf 76' lang='lat' dir='ltr'><strong>pulmentaria</strong></span> <span class='ocrx_word' id='word_1_670' title='bbox 2983 1048 3156 1104; x_wconf 90' lang='lat' dir='ltr'><strong>cocta,</strong></span> <span class='ocrx_word' id='word_1_671' title='bbox 3182 1033 3415 1094; x_wconf 57' lang='lat' dir='ltr'><strong>&#39;tertium</strong></span> <span class='ocrx_word' id='word_1_672' title='bbox 3456 1056 3584 1095; x_wconf 88' lang='lat' dir='ltr'><strong>vero</strong></span> 
     </span>
    </p>
   </div>
   <div class='ocr_carea' id='block_1_88' title="bbox 2005 1103 3588 1182">
    <p class='ocr_par' dir='ltr' id='par_1_88' title="bbox 2005 1103 3588 1182">
     <span class='ocr_line' id='line_1_93' title="bbox 2005 1103 3588 1182; baseline 0.008 -28"><span class='ocrx_word' id='word_1_673' title='bbox 2005 1115 2075 1182; x_wconf 64' lang='lat' dir='ltr'><strong>an</strong></span> <span class='ocrx_word' id='word_1_674' title='bbox 2105 1110 2331 1182; x_wconf 39' lang='lat' dir='ltr'><strong>cocntum‘</strong></span> <span class='ocrx_word' id='word_1_675' title='bbox 2339 1103 2420 1158; x_wconf 91' lang='lat' dir='ltr'><strong>vel</strong></span> <span class='ocrx_word' id='word_1_676' title='bbox 2450 1103 2672 1182; x_wconf 78' lang='lat' dir='ltr'><strong>crudum</strong></span> <span class='ocrx_word' id='word_1_677' title='bbox 2685 1107 2790 1182; x_wconf 90' lang='lat' dir='ltr'><strong>_sit,</strong></span> <span class='ocrx_word' id='word_1_678' title='bbox 2818 1123 2925 1182; x_wconf 82' lang='lat' dir='ltr'><strong>non</strong></span> <span class='ocrx_word' id='word_1_679' title='bbox 2950 1107 3148 1182; x_wconf 34' lang='lat' dir='ltr'><strong>refert:</strong></span> <span class='ocrx_word' id='word_1_680' title='bbox 3161 1109 3216 1162; x_wconf 91' lang='lat' dir='ltr'><strong>Id</strong></span> <span class='ocrx_word' id='word_1_681' title='bbox 3248 1109 3474 1182; x_wconf 71' lang='lat' dir='ltr'><strong>liberum</strong></span> <span class='ocrx_word' id='word_1_682' title='bbox 3502 1127 3588 1165; x_wconf 85' lang='lat' dir='ltr'><strong>re-</strong></span> 
     </span>
    </p>
   </div>
   <div class='ocr_carea' id='block_1_89' title="bbox 2003 1169 3589 1251">
    <p class='ocr_par' dir='ltr' id='par_1_89' title="bbox 2003 1169 3589 1251">
     <span class='ocr_line' id='line_1_94' title="bbox 2003 1169 3589 1251; baseline 0.007 -28"><span class='ocrx_word' id='word_1_683' title='bbox 2003 1169 2159 1239; x_wconf 89' lang='lat' dir='ltr'><strong>liquit</strong></span> <span class='ocrx_word' id='word_1_684' title='bbox 2189 1171 2245 1226; x_wconf 93' lang='lat' dir='ltr'><strong>S.</strong></span> <span class='ocrx_word' id='word_1_685' title='bbox 2291 1171 2614 1251; x_wconf 75' lang='lat' dir='ltr'><strong>Benedictus</strong></span> <span class='ocrx_word' id='word_1_686' title='bbox 2648 1177 2716 1231; x_wconf 89' lang='lat' dir='ltr'><strong>ob</strong></span> <span class='ocrx_word' id='word_1_687' title='bbox 2742 1169 3033 1251; x_wconf 82' lang='lat' dir='ltr'><strong>multorum</strong></span> <span class='ocrx_word' id='word_1_688' title='bbox 3063 1179 3424 1251; x_wconf 82' lang='lat' dir='ltr'><strong>infirmitates,</strong></span> <span class='ocrx_word' id='word_1_689' title='bbox 3455 1197 3589 1251; x_wconf 87' lang='lat' dir='ltr'><strong>quo-</strong></span> 
     </span>
    </p>
   </div>
   <div class='ocr_carea' id='block_1_90' title="bbox 2003 1243 3589 1319">
    <p class='ocr_par' dir='ltr' id='par_1_90' title="bbox 2003 1243 3589 1319">
     <span class='ocr_line' id='line_1_95' title="bbox 2003 1243 3589 1319; baseline 0.007 -25"><span class='ocrx_word' id='word_1_690' title='bbox 2003 1257 2123 1295; x_wconf 90' lang='lat' dir='ltr'><strong>rum</strong></span> <span class='ocrx_word' id='word_1_691' title='bbox 2151 1243 2431 1299; x_wconf 90' lang='lat' dir='ltr'><strong>stomacho</strong></span> <span class='ocrx_word' id='word_1_692' title='bbox 2478 1243 2686 1301; x_wconf 87' lang='lat' dir='ltr'><strong>fructus</strong></span> <span class='ocrx_word' id='word_1_693' title='bbox 2712 1247 2863 1302; x_wconf 86' lang='lat' dir='ltr'><strong>crudi</strong></span> <span class='ocrx_word' id='word_1_694' title='bbox 2907 1256 2963 1303; x_wconf 91' lang='lat' dir='ltr'><strong>et</strong></span> <span class='ocrx_word' id='word_1_695' title='bbox 2990 1249 3259 1319; x_wconf 88' lang='lat' dir='ltr'><strong>legumina</strong></span> <span class='ocrx_word' id='word_1_696' title='bbox 3291 1243 3456 1305; x_wconf 85' lang='lat' dir='ltr'><strong>cruda</strong></span> <span class='ocrx_word' id='word_1_697' title='bbox 3474 1243 3589 1305; x_wconf 80' lang='grc' dir='ltr'><strong>ἠο-</strong></span> 
     </span>
    </p>
   </div>
   <div class='ocr_carea' id='block_1_91' title="bbox 2002 1322 2399 1368">
    <p class='ocr_par' dir='ltr' id='par_1_91' title="bbox 2002 1322 2399 1368">
     <span class='ocr_line' id='line_1_96' title="bbox 2002 1322 2399 1368; baseline 0 -1"><span class='ocrx_word' id='word_1_698' title='bbox 2002 1326 2127 1367; x_wconf 87' lang='lat' dir='ltr'><strong>cere</strong></span> <span class='ocrx_word' id='word_1_699' title='bbox 2161 1322 2399 1368; x_wconf 74' lang='lat' dir='ltr'><strong>DOSSCDL</strong></span> 
     </span>
    </p>
   </div>
   <div class='ocr_carea' id='block_1_92' title="bbox 2079 1384 3588 1456">
    <p class='ocr_par' dir='ltr' id='par_1_92' title="bbox 2079 1384 3588 1456">
     <span class='ocr_line' id='line_1_97' title="bbox 2079 1384 3588 1456; baseline 0.005 -21"><span class='ocrx_word' id='word_1_700' title='bbox 2079 1394 2102 1422; x_wconf 79' lang='grc' dir='ltr'>ο</span> <span class='ocrx_word' id='word_1_701' title='bbox 2125 1384 2451 1456; x_wconf 67' lang='lat' dir='ltr'><strong>_Pam&#39;s_libra</strong></span> <span class='ocrx_word' id='word_1_702' title='bbox 2471 1402 2746 1456; x_wconf 86' lang='lat' dir='ltr'><strong>propensa.</strong></span> <span class='ocrx_word' id='word_1_703' title='bbox 2771 1387 3152 1444; x_wconf 90' lang='lat' dir='ltr'><strong>Controversia</strong></span> <span class='ocrx_word' id='word_1_704' title='bbox 3173 1388 3240 1442; x_wconf 91' lang='lat' dir='ltr'><strong>de</strong></span> <span class='ocrx_word' id='word_1_705' title='bbox 3265 1387 3588 1456; x_wconf 76' lang='lat' dir='ltr'><strong>bujuslibra:</strong></span> 
     </span>
    </p>
   </div>
   <div class='ocr_carea' id='block_1_93' title="bbox 1998 1452 3588 1528">
    <p class='ocr_par' dir='ltr' id='par_1_93' title="bbox 1998 1452 3588 1528">
     <span class='ocr_line' id='line_1_98' title="bbox 1998 1452 3588 1528; baseline 0.004 -22"><span class='ocrx_word' id='word_1_706' title='bbox 1998 1452 2256 1522; x_wconf 90' lang='lat' dir='ltr'><strong>pondere.</strong></span> <span class='ocrx_word' id='word_1_707' title='bbox 2286 1452 2598 1528; x_wconf 83' lang='lat' dir='ltr'><strong>Casinensis</strong></span> <span class='ocrx_word' id='word_1_708' title='bbox 2625 1456 2760 1528; x_wconf 90' lang='lat' dir='ltr'><strong>libra</strong></span> <span class='ocrx_word' id='word_1_709' title='bbox 2783 1466 2866 1513; x_wconf 89' lang='lat' dir='ltr'><strong>est</strong></span> <span class='ocrx_word' id='word_1_710' title='bbox 2893 1460 3053 1512; x_wconf 91' lang='lat' dir='ltr'><strong>trium</strong></span> <span class='ocrx_word' id='word_1_711' title='bbox 3082 1469 3137 1514; x_wconf 88' lang='lat' dir='ltr'><strong>et</strong></span> <span class='ocrx_word' id='word_1_712' title='bbox 3158 1452 3376 1528; x_wconf 73' lang='lat' dir='ltr'><strong>triginta</strong></span> <span class='ocrx_word' id='word_1_713' title='bbox 3407 1459 3588 1513; x_wconf 88' lang='lat' dir='ltr'><strong>uncia-</strong></span> 
     </span>
    </p>
   </div>
   <div class='ocr_carea' id='block_1_94' title="bbox 1999 1526 3586 1590">
    <p class='ocr_par' dir='ltr' id='par_1_94' title="bbox 1999 1526 3586 1590">
     <span class='ocr_line' id='line_1_99' title="bbox 1999 1526 3586 1590; baseline 0.004 -14"><span class='ocrx_word' id='word_1_714' title='bbox 1999 1538 2118 1576; x_wconf 91' lang='lat' dir='ltr'><strong>rum</strong></span> <span class='ocrx_word' id='word_1_715' title='bbox 2148 1531 2203 1578; x_wconf 92' lang='lat' dir='ltr'><strong>et</strong></span> <span class='ocrx_word' id='word_1_716' title='bbox 2230 1526 2415 1590; x_wconf 91' lang='lat' dir='ltr'><strong>semis,</strong></span> <span class='ocrx_word' id='word_1_717' title='bbox 2456 1533 2516 1579; x_wconf 90' lang='lat' dir='ltr'><strong>ut</strong></span> <span class='ocrx_word' id='word_1_718' title='bbox 2561 1527 2792 1582; x_wconf 88' lang='lat' dir='ltr'><strong>habetur</strong></span> <span class='ocrx_word' id='word_1_719' title='bbox 2839 1528 2891 1582; x_wconf 92' lang='lat' dir='ltr'><strong>in</strong></span> <span class='ocrx_word' id='word_1_720' title='bbox 2943 1526 3397 1585; x_wconf 80' lang='lat' dir='ltr'><strong>declarationibus</strong></span> <span class='ocrx_word' id='word_1_721' title='bbox 3431 1529 3586 1584; x_wconf 91' lang='lat' dir='ltr'><strong>Casi-</strong></span> 
     </span>
    </p>
   </div>
   <div class='ocr_carea' id='block_1_95' title="bbox 1998 1594 3590 1670">
    <p class='ocr_par' dir='ltr' id='par_1_95' title="bbox 1998 1594 3590 1670">
     <span class='ocr_line' id='line_1_100' title="bbox 1998 1594 3590 1670; baseline 0.004 -23"><span class='ocrx_word' id='word_1_722' title='bbox 1998 1594 2248 1670; x_wconf 89' lang='lat' dir='ltr'><strong>nensiu_m</strong></span> <span class='ocrx_word' id='word_1_723' title='bbox 2267 1596 2340 1670; x_wconf 70' lang='lat' dir='ltr'><strong>ad</strong></span> <span class='ocrx_word' id='word_1_724' title='bbox 2363 1595 2625 1670; x_wconf 63' lang='lat' dir='ltr'><strong>Begulam</strong></span> <span class='ocrx_word' id='word_1_725' title='bbox 2648 1596 2705 1651; x_wconf 92' lang='grc'><strong>8.</strong></span> <span class='ocrx_word' id='word_1_726' title='bbox 2732 1596 3026 1670; x_wconf 84' lang='lat' dir='ltr'><strong>Benedicti.</strong></span> <span class='ocrx_word' id='word_1_727' title='bbox 3044 1599 3357 1670; x_wconf 82' lang='lat' dir='ltr'><strong>Burdegala</strong></span> <span class='ocrx_word' id='word_1_728' title='bbox 3389 1600 3442 1652; x_wconf 91' lang='lat' dir='ltr'><strong>in</strong></span> <span class='ocrx_word' id='word_1_729' title='bbox 3472 1614 3590 1654; x_wconf 89' lang='lat' dir='ltr'><strong>mo-</strong></span> 
     </span>
    </p>
   </div>
   <div class='ocr_carea' id='block_1_96' title="bbox 1997 1664 3589 1746">
    <p class='ocr_par' dir='ltr' id='par_1_96' title="bbox 1997 1664 3589 1746">
     <span class='ocr_line' id='line_1_101' title="bbox 1997 1664 3589 1746; baseline 0.003 -29"><span class='ocrx_word' id='word_1_730' title='bbox 1997 1665 2235 1746; x_wconf 83' lang='lat' dir='ltr'><strong>nasterio</strong></span> <span class='ocrx_word' id='word_1_731' title='bbox 2262 1664 2320 1720; x_wconf 92' lang='lat' dir='ltr'><strong>S.</strong></span> <span class='ocrx_word' id='word_1_732' title='bbox 2352 1664 2542 1746; x_wconf 75' lang='lat' dir='ltr'><strong>Crucis</strong></span> <span class='ocrx_word' id='word_1_733' title='bbox 2565 1675 2812 1746; x_wconf 68' lang='lat' dir='ltr'><strong>servatur</strong></span> <span class='ocrx_word' id='word_1_734' title='bbox 2837 1668 3014 1724; x_wconf 89' lang='lat' dir='ltr'><strong>adhuc</strong></span> <span class='ocrx_word' id='word_1_735' title='bbox 3041 1669 3176 1724; x_wconf 89' lang='lat' dir='ltr'><strong>libra</strong></span> <span class='ocrx_word' id='word_1_736' title='bbox 3205 1664 3361 1740; x_wconf 73' lang='lat' dir='ltr'><strong>panis</strong></span> <span class='ocrx_word' id='word_1_737' title='bbox 3383 1685 3449 1725; x_wconf 73' lang='lat' dir='ltr'><strong>ex</strong></span> <span class='ocrx_word' id='word_1_738' title='bbox 3478 1685 3589 1723; x_wconf 69' lang='lat' dir='ltr'><strong>mre</strong></span> 
     </span>
    </p>
   </div>
   <div class='ocr_carea' id='block_1_97' title="bbox 1999 1737 2875 1808">
    <p class='ocr_par' dir='ltr' id='par_1_97' title="bbox 1999 1737 2875 1808">
     <span class='ocr_line' id='line_1_102' title="bbox 1999 1737 2875 1808; baseline 0.006 -20"><span class='ocrx_word' id='word_1_739' title='bbox 1999 1737 2185 1805; x_wconf 87' lang='lat' dir='ltr'><strong>cyprio</strong></span> <span class='ocrx_word' id='word_1_740' title='bbox 2220 1751 2344 1791; x_wconf 91' lang='lat' dir='ltr'><strong>cum</strong></span> <span class='ocrx_word' id='word_1_741' title='bbox 2369 1737 2471 1792; x_wconf 87' lang='lat' dir='ltr'><strong>hac</strong></span> <span class='ocrx_word' id='word_1_742' title='bbox 2498 1737 2875 1808; x_wconf 87' lang='lat' dir='ltr'><strong>inscriptione:</strong></span> 
     </span>
    </p>
   </div>
   <div class='ocr_carea' id='block_1_98' title="bbox 2314 1831 3281 1888">
    <p class='ocr_par' dir='ltr' id='par_1_98' title="bbox 2314 1831 3281 1888">
     <span class='ocr_line' id='line_1_103' title="bbox 2314 1831 3281 1888; baseline 0.001 -4"><span class='ocrx_word' id='word_1_743' title='bbox 2314 1845 2552 1885; x_wconf 74' lang='lat' dir='ltr'><strong>IIENSVRA</strong></span> <span class='ocrx_word' id='word_1_744' title='bbox 2575 1847 2725 1886; x_wconf 70' lang='lat' dir='ltr'><strong>PANIS</strong></span> <span class='ocrx_word' id='word_1_745' title='bbox 2751 1846 2796 1886; x_wconf 80' lang='lat' dir='ltr'><strong>S.</strong></span> <span class='ocrx_word' id='word_1_746' title='bbox 2834 1831 3029 1886; x_wconf 27' lang='lat' dir='ltr'><strong>CRVCIS.</strong></span> <span class='ocrx_word' id='word_1_747' title='bbox 3056 1847 3281 1888; x_wconf 76' lang='lat' dir='ltr'><strong>BVRDEG.</strong></span> 
     </span>
    </p>
   </div>
   <div class='ocr_carea' id='block_1_99' title="bbox 1995 1915 3588 1992">
    <p class='ocr_par' dir='ltr' id='par_1_99' title="bbox 1995 1915 3588 1992">
     <span class='ocr_line' id='line_1_104' title="bbox 1995 1915 3588 1992; baseline 0 -18"><span class='ocrx_word' id='word_1_748' title='bbox 1995 1915 2159 1992; x_wconf 86' lang='lat' dir='ltr'><strong>Cujus</strong></span> <span class='ocrx_word' id='word_1_749' title='bbox 2183 1919 2394 1992; x_wconf 81' lang='lat' dir='ltr'><strong>pondus</strong></span> <span class='ocrx_word' id='word_1_750' title='bbox 2419 1929 2502 1992; x_wconf 90' lang='lat' dir='ltr'><strong>est</strong></span> <span class='ocrx_word' id='word_1_751' title='bbox 2532 1930 2656 1976; x_wconf 89' lang='lat' dir='ltr'><strong>octo</strong></span> <span class='ocrx_word' id='word_1_752' title='bbox 2683 1928 2739 1976; x_wconf 90' lang='lat' dir='ltr'><strong>et</strong></span> <span class='ocrx_word' id='word_1_753' title='bbox 2761 1921 2955 1992; x_wconf 90' lang='lat' dir='ltr'><strong>viginti</strong></span> <span class='ocrx_word' id='word_1_754' title='bbox 2983 1923 3288 1976; x_wconf 90' lang='lat' dir='ltr'><strong>unciarum.</strong></span> <span class='ocrx_word' id='word_1_755' title='bbox 3321 1921 3428 1977; x_wconf 85' lang='lat' dir='ltr'><strong>Sed</strong></span> <span class='ocrx_word' id='word_1_756' title='bbox 3457 1929 3588 1992; x_wconf 89' lang='lat' dir='ltr'><strong>puto</strong></span> 
     </span>
    </p>
   </div>
   <div class='ocr_carea' id='block_1_100' title="bbox 1993 1990 3588 2060">
    <p class='ocr_par' dir='ltr' id='par_1_100' title="bbox 1993 1990 3588 2060">
     <span class='ocr_line' id='line_1_105' title="bbox 1993 1990 3588 2060; baseline 0.001 -18"><span class='ocrx_word' id='word_1_757' title='bbox 1993 2003 2094 2060; x_wconf 89' lang='lat' dir='ltr'><strong>ego</strong></span> <span class='ocrx_word' id='word_1_758' title='bbox 2139 1991 2280 2060; x_wconf 89' lang='lat' dir='ltr'><strong>hanc</strong></span> <span class='ocrx_word' id='word_1_759' title='bbox 2330 1990 2388 2046; x_wconf 91' lang='grc'><strong>8.</strong></span> <span class='ocrx_word' id='word_1_760' title='bbox 2438 1991 2714 2046; x_wconf 90' lang='lat' dir='ltr'><strong>Benedicti</strong></span> <span class='ocrx_word' id='word_1_761' title='bbox 2762 1990 2954 2046; x_wconf 83' lang='lat' dir='ltr'><strong>libram</strong></span> <span class='ocrx_word' id='word_1_762' title='bbox 2998 1993 3200 2046; x_wconf 91' lang='lat' dir='ltr'><strong>nullam</strong></span> <span class='ocrx_word' id='word_1_763' title='bbox 3249 1991 3409 2046; x_wconf 90' lang='lat' dir='ltr'><strong>aliam</strong></span> <span class='ocrx_word' id='word_1_764' title='bbox 3458 1990 3588 2046; x_wconf 77' lang='lat' dir='ltr'><strong>esse</strong></span> 
     </span>
    </p>
   </div>
   <div class='ocr_carea' id='block_1_101' title="bbox 1993 2059 3584 2132">
    <p class='ocr_par' dir='ltr' id='par_1_101' title="bbox 1993 2059 3584 2132">
     <span class='ocr_line' id='line_1_106' title="bbox 1993 2059 3584 2132; baseline 0.001 -20"><span class='ocrx_word' id='word_1_765' title='bbox 1993 2059 2496 2132; x_wconf 27' lang='lat' dir='ltr'><strong>quam‘Bomanam</strong></span> <span class='ocrx_word' id='word_1_766' title='bbox 2513 2076 2608 2116; x_wconf 86' lang='lat' dir='ltr'><strong>seu</strong></span> <span class='ocrx_word' id='word_1_767' title='bbox 2637 2061 2907 2116; x_wconf 88' lang='lat' dir='ltr'><strong>Latinam.</strong></span> <span class='ocrx_word' id='word_1_768' title='bbox 2935 2061 3070 2116; x_wconf 88' lang='lat' dir='ltr'><strong>Nam</strong></span> <span class='ocrx_word' id='word_1_769' title='bbox 3101 2063 3243 2117; x_wconf 89' lang='lat' dir='ltr'><strong>male</strong></span> <span class='ocrx_word' id='word_1_770' title='bbox 3273 2063 3428 2132; x_wconf 82' lang='lat' dir='ltr'><strong>panis</strong></span> <span class='ocrx_word' id='word_1_771' title='bbox 3454 2076 3584 2130; x_wconf 77' lang='lat' dir='ltr'><strong>pon-</strong></span> 
     </span>
    </p>
   </div>
   <div class='ocr_carea' id='block_1_102' title="bbox 1993 2129 3578 2210">
    <p class='ocr_par' dir='ltr' id='par_1_102' title="bbox 1993 2129 3578 2210">
     <span class='ocr_line' id='line_1_107' title="bbox 1993 2129 3578 2210; baseline 0 -27"><span class='ocrx_word' id='word_1_772' title='bbox 1993 2129 2095 2210; x_wconf 79' lang='lat' dir='ltr'><strong>dus</strong></span> <span class='ocrx_word' id='word_1_773' title='bbox 2129 2129 2320 2210; x_wconf 70' lang='lat' dir='ltr'><strong>libram</strong></span> <span class='ocrx_word' id='word_1_774' title='bbox 2350 2131 2690 2210; x_wconf 74' lang='lat' dir='ltr'><strong>appellasset,</strong></span> <span class='ocrx_word' id='word_1_775' title='bbox 2715 2148 2835 2210; x_wconf 79' lang='lat' dir='ltr'><strong>quae</strong></span> <span class='ocrx_word' id='word_1_776' title='bbox 2863 2139 2941 2186; x_wconf 90' lang='lat' dir='ltr'><strong>tot</strong></span> <span class='ocrx_word' id='word_1_777' title='bbox 2966 2133 3163 2210; x_wconf 74' lang='lat' dir='ltr'><strong>unciis,</strong></span> <span class='ocrx_word' id='word_1_778' title='bbox 3198 2129 3578 2210; x_wconf 58' lang='lat' dir='ltr'><strong>a_c&#39;Cassi_nen-</strong></span> 
     </span>
    </p>
   </div>
   <div class='ocr_carea' id='block_1_103' title="bbox 1993 2201 3587 2271">
    <p class='ocr_par' dir='ltr' id='par_1_103' title="bbox 1993 2201 3587 2271">
     <span class='ocr_line' id='line_1_108' title="bbox 1993 2201 3587 2271; baseline 0.001 -17"><span class='ocrx_word' id='word_1_779' title='bbox 1993 2201 2092 2271; x_wconf 79' lang='lat' dir='ltr'><strong>_s_is,</strong></span> <span class='ocrx_word' id='word_1_780' title='bbox 2125 2201 2397 2271; x_wconf 84' lang='lat' dir='ltr'><strong>vulgarem</strong></span> <span class='ocrx_word' id='word_1_781' title='bbox 2441 2202 2630 2256; x_wconf 88' lang='lat' dir='ltr'><strong>libram</strong></span> <span class='ocrx_word' id='word_1_782' title='bbox 2663 2201 2970 2257; x_wconf 73' lang='lat' dir='ltr'><strong>excederet.</strong></span> <span class='ocrx_word' id='word_1_783' title='bbox 3023 2203 3124 2269; x_wconf 82' lang='lat' dir='ltr'><strong>Qui</strong></span> <span class='ocrx_word' id='word_1_784' title='bbox 3165 2203 3329 2256; x_wconf 90' lang='lat' dir='ltr'><strong>etiam</strong></span> <span class='ocrx_word' id='word_1_785' title='bbox 3351 2243 3365 2267; x_wconf 94' lang='lat'><strong>,</strong></span> <span class='ocrx_word' id='word_1_786' title='bbox 3411 2203 3458 2256; x_wconf 91' lang='lat' dir='ltr'><strong>si</strong></span> <span class='ocrx_word' id='word_1_787' title='bbox 3486 2215 3587 2270; x_wconf 89' lang='lat' dir='ltr'><strong>per</strong></span> 
     </span>
    </p>
   </div>
   <div class='ocr_carea' id='block_1_104' title="bbox 1991 2268 3586 2342">
    <p class='ocr_par' dir='ltr' id='par_1_104' title="bbox 1991 2268 3586 2342">
     <span class='ocr_line' id='line_1_109' title="bbox 1991 2268 3586 2342; baseline 0.001 -20"><span class='ocrx_word' id='word_1_788' title='bbox 1991 2268 2186 2342; x_wconf 86' lang='lat' dir='ltr'><strong>libram</strong></span> <span class='ocrx_word' id='word_1_789' title='bbox 2220 2268 2726 2342; x_wconf 18' lang='lat' dir='ltr'><strong>noniintellexisset</strong></span> <span class='ocrx_word' id='word_1_790' title='bbox 2761 2288 2916 2336; x_wconf 90' lang='lat' dir='ltr'><strong>eam,</strong></span> <span class='ocrx_word' id='word_1_791' title='bbox 2966 2268 3086 2342; x_wconf 63' lang='lat' dir='ltr'><strong>quae</strong></span> <span class='ocrx_word' id='word_1_792' title='bbox 3133 2289 3231 2328; x_wconf 86' lang='lat' dir='ltr'><strong>sua</strong></span> <span class='ocrx_word' id='word_1_793' title='bbox 3258 2280 3417 2327; x_wconf 67' lang='lat' dir='ltr'><strong>aetate</strong></span> <span class='ocrx_word' id='word_1_794' title='bbox 3465 2268 3586 2325; x_wconf 76' lang='lat' dir='ltr'><strong>erat</strong></span> 
     </span>
    </p>
   </div>
   <div class='ocr_carea' id='block_1_105' title="bbox 1991 2339 3587 2464">
    <p class='ocr_par' dir='ltr' id='par_1_105' title="bbox 1991 2339 3587 2464">
     <span class='ocr_line' id='line_1_110' title="bbox 1991 2339 3587 2464; baseline 0.002 -71"><span class='ocrx_word' id='word_1_795' title='bbox 1991 2339 2191 2394; x_wconf 89' lang='lat' dir='ltr'><strong>usitata</strong></span> <span class='ocrx_word' id='word_1_796' title='bbox 2215 2356 2313 2464; x_wconf 66' lang='lat' dir='ltr'><strong>per</strong></span> <span class='ocrx_word' id='word_1_797' title='bbox 2337 2341 2546 2396; x_wconf 89' lang='lat' dir='ltr'><strong>Italiam</strong></span> <span class='ocrx_word' id='word_1_798' title='bbox 2568 2350 2774 2398; x_wconf 91' lang='lat' dir='ltr'><strong>certum</strong></span> <span class='ocrx_word' id='word_1_799' title='bbox 2802 2339 3009 2412; x_wconf 77' lang='lat' dir='ltr'><strong>pondus</strong></span> <span class='ocrx_word' id='word_1_800' title='bbox 3032 2344 3189 2424; x_wconf 79' lang='lat' dir='ltr'><strong>panis</strong></span> <span class='ocrx_word' id='word_1_801' title='bbox 3230 2357 3337 2398; x_wconf 86' lang='lat' dir='ltr'><strong>non</strong></span> <span class='ocrx_word' id='word_1_802' title='bbox 3367 2341 3587 2423; x_wconf 82' lang='lat' dir='ltr'><strong>deﬁnis-</strong></span> 
     </span>
     <span class='ocr_line' id='line_1_111' title="bbox 1991 2411 3587 2464; baseline 0 0"><span class='ocrx_word' id='word_1_803' title='bbox 1991 2417 2095 2464; x_wconf 87' lang='lat' dir='ltr'><strong>set.</strong></span> <span class='ocrx_word' id='word_1_804' title='bbox 2131 2419 2186 2464; x_wconf 90' lang='lat' dir='ltr'><strong>et</strong></span> <span class='ocrx_word' id='word_1_805' title='bbox 2253 2426 2358 2464; x_wconf 91' lang='lat' dir='ltr'><strong>unc</strong></span> <span class='ocrx_word' id='word_1_806' title='bbox 2383 2411 2578 2464; x_wconf 66' lang='lat' dir='ltr'><strong>regulae</strong></span> <span class='ocrx_word' id='word_1_807' title='bbox 2600 2412 2776 2464; x_wconf 88' lang='lat' dir='ltr'><strong>locum</strong></span> <span class='ocrx_word' id='word_1_808' title='bbox 2805 2413 2960 2464; x_wconf 86' lang='lat' dir='ltr'><strong>valde</strong></span> <span class='ocrx_word' id='word_1_809' title='bbox 2990 2413 3296 2464; x_wconf 66' lang='lat' dir='ltr'><strong>ambiguum</strong></span> <span class='ocrx_word' id='word_1_810' title='bbox 3332 2411 3587 2464; x_wconf 78' lang='lat' dir='ltr'><strong>reliquis-</strong></span> 
     </span>
    </p>
   </div>
   <div class='ocr_carea' id='block_1_106' title="bbox 1989 2411 3588 2484">
    <p class='ocr_par' dir='ltr' id='par_1_106' title="bbox 1989 2411 3588 2484">
     <span class='ocr_line' id='line_1_112' title="bbox 1989 2411 3588 2484; baseline 0.001 -20"><span class='ocrx_word' id='word_1_811' title='bbox 1989 2417 2095 2474; x_wconf 88' lang='lat' dir='ltr'><strong>set,</strong></span> <span class='ocrx_word' id='word_1_812' title='bbox 2131 2419 2186 2464; x_wconf 91' lang='lat' dir='ltr'><strong>et</strong></span> <span class='ocrx_word' id='word_1_813' title='bbox 2215 2411 2358 2466; x_wconf 89' lang='lat' dir='ltr'><strong>hunc</strong></span> <span class='ocrx_word' id='word_1_814' title='bbox 2383 2411 2578 2482; x_wconf 65' lang='lat' dir='ltr'><strong>regulae</strong></span> <span class='ocrx_word' id='word_1_815' title='bbox 2600 2412 2776 2468; x_wconf 92' lang='lat' dir='ltr'><strong>locum</strong></span> <span class='ocrx_word' id='word_1_816' title='bbox 2804 2411 2960 2467; x_wconf 75' lang='lat' dir='ltr'><strong>valde</strong></span> <span class='ocrx_word' id='word_1_817' title='bbox 2990 2411 3296 2484; x_wconf 78' lang='lat' dir='ltr'><strong>ambiguum</strong></span> <span class='ocrx_word' id='word_1_818' title='bbox 3332 2411 3588 2484; x_wconf 82' lang='lat' dir='ltr'><strong>reliquis-</strong></span> 
     </span>
    </p>
   </div>
   <div class='ocr_carea' id='block_1_107' title="bbox 1989 2481 3588 2552">
    <p class='ocr_par' dir='ltr' id='par_1_107' title="bbox 1989 2481 3588 2552">
     <span class='ocr_line' id='line_1_113' title="bbox 1989 2481 3588 2552; baseline -0.001 -18"><span class='ocrx_word' id='word_1_819' title='bbox 1989 2487 2095 2544; x_wconf 90' lang='lat' dir='ltr'><strong>set,</strong></span> <span class='ocrx_word' id='word_1_820' title='bbox 2118 2496 2270 2552; x_wconf 25' lang='lat' dir='ltr'><strong>Acum</strong></span> <span class='ocrx_word' id='word_1_821' title='bbox 2319 2481 2626 2552; x_wconf 69' lang='lat' dir='ltr'><strong>meuéuram</strong></span> <span class='ocrx_word' id='word_1_822' title='bbox 2655 2484 2773 2537; x_wconf 91' lang='lat' dir='ltr'><strong>sine</strong></span> <span class='ocrx_word' id='word_1_823' title='bbox 2821 2498 3098 2550; x_wconf 82' lang='lat' dir='ltr'><strong>mensura,</strong></span> <span class='ocrx_word' id='word_1_824' title='bbox 3117 2551 3122 2552; x_wconf 15' lang='grc' dir='ltr'>ί</span> <span class='ocrx_word' id='word_1_825' title='bbox 3142 2481 3199 2536; x_wconf 80' lang='lat' dir='ltr'><strong>et</strong></span> <span class='ocrx_word' id='word_1_826' title='bbox 3226 2483 3438 2552; x_wconf 90' lang='lat' dir='ltr'><strong>pondus</strong></span> <span class='ocrx_word' id='word_1_827' title='bbox 3466 2481 3588 2552; x_wconf 84' lang='lat' dir='ltr'><strong>sine</strong></span> 
     </span>
    </p>
   </div>
   <div class='ocr_carea' id='block_1_108' title="bbox 1987 2550 3583 2622">
    <p class='ocr_par' dir='ltr' id='par_1_108' title="bbox 1987 2550 3583 2622">
     <span class='ocr_line' id='line_1_114' title="bbox 1987 2550 3583 2622; baseline 0 -19"><span class='ocrx_word' id='word_1_828' title='bbox 1987 2550 2224 2618; x_wconf 91' lang='lat' dir='ltr'><strong>pondere</strong></span> <span class='ocrx_word' id='word_1_829' title='bbox 2247 2552 2544 2622; x_wconf 89' lang='lat' dir='ltr'><strong>statuisset.</strong></span> <span class='ocrx_word' id='word_1_830' title='bbox 2572 2551 2682 2607; x_wconf 84' lang='lat' dir='ltr'><strong>Nec</strong></span> <span class='ocrx_word' id='word_1_831' title='bbox 2707 2553 2912 2618; x_wconf 90' lang='lat' dir='ltr'><strong>obstat,</strong></span> <span class='ocrx_word' id='word_1_832' title='bbox 2943 2553 3086 2622; x_wconf 93' lang='lat' dir='ltr'><strong>quod</strong></span> <span class='ocrx_word' id='word_1_833' title='bbox 3109 2550 3245 2607; x_wconf 82' lang='lat' dir='ltr'><strong>libra</strong></span> <span class='ocrx_word' id='word_1_834' title='bbox 3269 2551 3426 2622; x_wconf 89' lang='lat' dir='ltr'><strong>panis</strong></span> <span class='ocrx_word' id='word_1_835' title='bbox 3449 2550 3583 2605; x_wconf 90' lang='lat' dir='ltr'><strong>olim</strong></span> 
     </span>
    </p>
   </div>
   <div class='ocr_carea' id='block_1_109' title="bbox 1988 2621 3583 2688">
    <p class='ocr_par' dir='ltr' id='par_1_109' title="bbox 1988 2621 3583 2688">
     <span class='ocr_line' id='line_1_115' title="bbox 1988 2621 3583 2688; baseline 0.001 -14"><span class='ocrx_word' id='word_1_836' title='bbox 1988 2628 2299 2675; x_wconf 87' lang='lat' dir='ltr'><strong>servaretur</strong></span> <span class='ocrx_word' id='word_1_837' title='bbox 2341 2621 2396 2676; x_wconf 91' lang='lat' dir='ltr'><strong>in</strong></span> <span class='ocrx_word' id='word_1_838' title='bbox 2444 2623 2777 2678; x_wconf 89' lang='lat' dir='ltr'><strong>monasterio</strong></span> <span class='ocrx_word' id='word_1_839' title='bbox 2802 2621 3116 2688; x_wconf 87' lang='lat' dir='ltr'><strong>Casinensi,</strong></span> <span class='ocrx_word' id='word_1_840' title='bbox 3164 2631 3226 2676; x_wconf 92' lang='lat' dir='ltr'><strong>ut</strong></span> <span class='ocrx_word' id='word_1_841' title='bbox 3261 2621 3478 2677; x_wconf 85' lang='lat' dir='ltr'><strong>constat</strong></span> <span class='ocrx_word' id='word_1_842' title='bbox 3516 2636 3583 2676; x_wconf 87' lang='lat' dir='ltr'><strong>ex</strong></span> 
     </span>
    </p>
   </div>
   <div class='ocr_carea' id='block_1_110' title="bbox 1988 2691 3580 2757">
    <p class='ocr_par' dir='ltr' id='par_1_110' title="bbox 1988 2691 3580 2757">
     <span class='ocr_line' id='line_1_116' title="bbox 1988 2691 3580 2757; baseline -0.001 -12"><span class='ocrx_word' id='word_1_843' title='bbox 1988 2692 2126 2746; x_wconf 88' lang='lat' dir='ltr'><strong>actis</strong></span> <span class='ocrx_word' id='word_1_844' title='bbox 2155 2691 2214 2746; x_wconf 91' lang='lat' dir='ltr'><strong>S.</strong></span> <span class='ocrx_word' id='word_1_845' title='bbox 2262 2691 2434 2746; x_wconf 86' lang='lat' dir='ltr'><strong>Mauri</strong></span> <span class='ocrx_word' id='word_1_846' title='bbox 2478 2702 2532 2748; x_wconf 91' lang='lat' dir='ltr'><strong>et</strong></span> <span class='ocrx_word' id='word_1_847' title='bbox 2557 2693 2737 2749; x_wconf 90' lang='lat' dir='ltr'><strong>Leone</strong></span> <span class='ocrx_word' id='word_1_848' title='bbox 2763 2695 2998 2749; x_wconf 88' lang='lat' dir='ltr'><strong>Ostiensi</strong></span> <span class='ocrx_word' id='word_1_849' title='bbox 3032 2694 3127 2748; x_wconf 92' lang='lat' dir='ltr'><strong>lib.</strong></span> <span class='ocrx_word' id='word_1_850' title='bbox 3171 2707 3208 2746; x_wconf 90' lang='grc' dir='ltr'>ι.</span> <span class='ocrx_word' id='word_1_851' title='bbox 3238 2692 3392 2756; x_wconf 90' lang='lat' dir='ltr'><strong>Cbr.;</strong></span> <span class='ocrx_word' id='word_1_852' title='bbox 3420 2705 3580 2757; x_wconf 85' lang='lat' dir='ltr'><strong>nam,</strong></span> 
     </span>
    </p>
   </div>
   <div class='ocr_carea' id='block_1_111' title="bbox 1989 2760 3579 2819">
    <p class='ocr_par' dir='ltr' id='par_1_111' title="bbox 1989 2760 3579 2819">
     <span class='ocr_line' id='line_1_117' title="bbox 1989 2760 3579 2819; baseline 0 -4"><span class='ocrx_word' id='word_1_853' title='bbox 1989 2775 2112 2815; x_wconf 89' lang='lat' dir='ltr'><strong>cum</strong></span> <span class='ocrx_word' id='word_1_854' title='bbox 2143 2761 2310 2816; x_wconf 90' lang='lat' dir='ltr'><strong>sciret</strong></span> <span class='ocrx_word' id='word_1_855' title='bbox 2357 2760 2414 2816; x_wconf 87' lang='grc'><strong>8.</strong></span> <span class='ocrx_word' id='word_1_856' title='bbox 2444 2763 2769 2819; x_wconf 89' lang='lat' dir='ltr'><strong>Benedictus</strong></span> <span class='ocrx_word' id='word_1_857' title='bbox 2797 2781 2905 2819; x_wconf 91' lang='lat' dir='ltr'><strong>non</strong></span> <span class='ocrx_word' id='word_1_858' title='bbox 2935 2766 3181 2819; x_wconf 87' lang='lat' dir='ltr'><strong>eamdem</strong></span> <span class='ocrx_word' id='word_1_859' title='bbox 3213 2779 3335 2818; x_wconf 87' lang='lat' dir='ltr'><strong>esse</strong></span> <span class='ocrx_word' id='word_1_860' title='bbox 3383 2762 3579 2816; x_wconf 88' lang='lat' dir='ltr'><strong>libram</strong></span> 
     </span>
    </p>
   </div>
   <div class='ocr_carea' id='block_1_112' title="bbox 1988 2829 3580 2904">
    <p class='ocr_par' dir='ltr' id='par_1_112' title="bbox 1988 2829 3580 2904">
     <span class='ocr_line' id='line_1_118' title="bbox 1988 2829 3580 2904; baseline 0.001 -20"><span class='ocrx_word' id='word_1_861' title='bbox 1988 2829 2133 2904; x_wconf 78' lang='lat' dir='ltr'><strong>apud</strong></span> <span class='ocrx_word' id='word_1_862' title='bbox 2152 2847 2341 2886; x_wconf 89' lang='lat' dir='ltr'><strong>omnes</strong></span> <span class='ocrx_word' id='word_1_863' title='bbox 2355 2834 2634 2904; x_wconf 82' lang='lat' dir='ltr'><strong>nationes,</strong></span> <span class='ocrx_word' id='word_1_864' title='bbox 2675 2834 2900 2904; x_wconf 85' lang='lat' dir='ltr'><strong>ejusque</strong></span> <span class='ocrx_word' id='word_1_865' title='bbox 2923 2835 3133 2904; x_wconf 90' lang='lat' dir='ltr'><strong>pondus</strong></span> <span class='ocrx_word' id='word_1_866' title='bbox 3163 2833 3453 2904; x_wconf 87' lang='lat' dir='ltr'><strong>aliquando</strong></span> <span class='ocrx_word' id='word_1_867' title='bbox 3480 2847 3580 2904; x_wconf 83' lang='lat' dir='ltr'><strong>pro</strong></span> 
     </span>
    </p>
   </div>
   <div class='ocr_carea' id='block_1_113' title="bbox 1988 2898 3577 2973">
    <p class='ocr_par' dir='ltr' id='par_1_113' title="bbox 1988 2898 3577 2973">
     <span class='ocr_line' id='line_1_119' title="bbox 1988 2898 3577 2973; baseline 0 -19"><span class='ocrx_word' id='word_1_868' title='bbox 1988 2898 2268 2955; x_wconf 84' lang='lat' dir='ltr'><strong>hominum</strong></span> <span class='ocrx_word' id='word_1_869' title='bbox 2291 2903 2519 2957; x_wconf 90' lang='lat' dir='ltr'><strong>arbitrio</strong></span> <span class='ocrx_word' id='word_1_870' title='bbox 2546 2898 2761 2969; x_wconf 76' lang='lat' dir='ltr'><strong>mutari,</strong></span> <span class='ocrx_word' id='word_1_871' title='bbox 2805 2898 2975 2960; x_wconf 67' lang='lat' dir='ltr'><strong>voluit</strong></span> <span class='ocrx_word' id='word_1_872' title='bbox 3000 2898 3271 2973; x_wconf 83' lang='lat' dir='ltr'><strong>ejusmodi</strong></span> <span class='ocrx_word' id='word_1_873' title='bbox 3296 2898 3502 2973; x_wconf 68' lang='lat' dir='ltr'><strong>librani</strong></span> <span class='ocrx_word' id='word_1_874' title='bbox 3521 2902 3577 2955; x_wconf 93' lang='lat' dir='ltr'><strong>in</strong></span> 
     </span>
    </p>
   </div>
   <div class='ocr_carea' id='block_1_114' title="bbox 1988 2970 3578 3044">
    <p class='ocr_par' dir='ltr' id='par_1_114' title="bbox 1988 2970 3578 3044">
     <span class='ocr_line' id='line_1_120' title="bbox 1988 2970 3578 3044; baseline 0 -20"><span class='ocrx_word' id='word_1_875' title='bbox 1988 2984 2087 3024; x_wconf 88' lang='lat' dir='ltr'><strong>suo</strong></span> <span class='ocrx_word' id='word_1_876' title='bbox 2133 2975 2462 3044; x_wconf 88' lang='lat' dir='ltr'><strong>monasterio</strong></span> <span class='ocrx_word' id='word_1_877' title='bbox 2515 2975 2762 3029; x_wconf 87' lang='lat' dir='ltr'><strong>servari:</strong></span> <span class='ocrx_word' id='word_1_878' title='bbox 2816 2990 2936 3044; x_wconf 66' lang='lat' dir='ltr'><strong>qua:</strong></span> <span class='ocrx_word' id='word_1_879' title='bbox 2976 2970 3159 3029; x_wconf 80' lang='lat' dir='ltr'><strong>tamen</strong></span> <span class='ocrx_word' id='word_1_880' title='bbox 3188 2990 3292 3028; x_wconf 89' lang='lat' dir='ltr'><strong>non</strong></span> <span class='ocrx_word' id='word_1_881' title='bbox 3345 2970 3578 3042; x_wconf 86' lang='lat' dir='ltr'><strong>amplius</strong></span> 
     </span>
    </p>
   </div>
   <div class='ocr_carea' id='block_1_115' title="bbox 1988 3043 3580 3123">
    <p class='ocr_par' dir='ltr' id='par_1_115' title="bbox 1988 3043 3580 3123">
     <span class='ocr_line' id='line_1_121' title="bbox 1988 3043 3580 3123; baseline -0.001 -28"><span class='ocrx_word' id='word_1_882' title='bbox 1988 3043 2258 3123; x_wconf 66' lang='lat' dir='ltr'><strong>exstaiob</strong></span> <span class='ocrx_word' id='word_1_883' title='bbox 2281 3044 2462 3123; x_wconf 64' lang='lat' dir='ltr'><strong>varias</strong></span> <span class='ocrx_word' id='word_1_884' title='bbox 2491 3045 2806 3123; x_wconf 80' lang='lat' dir='ltr'><strong>monasterii</strong></span> <span class='ocrx_word' id='word_1_885' title='bbox 2833 3043 3144 3100; x_wconf 86' lang='lat' dir='ltr'><strong>Casinensis</strong></span> <span class='ocrx_word' id='word_1_886' title='bbox 3165 3044 3497 3123; x_wconf 73' lang='lat' dir='ltr'><strong>direptiones</strong></span> <span class='ocrx_word' id='word_1_887' title='bbox 3521 3049 3580 3123; x_wconf 79' lang='lat' dir='ltr'><strong>et</strong></span> 
     </span>
    </p>
   </div>
   <div class='ocr_carea' id='block_1_116' title="bbox 1990 3110 3583 3185">
    <p class='ocr_par' dir='ltr' id='par_1_116' title="bbox 1990 3110 3583 3185">
     <span class='ocr_line' id='line_1_122' title="bbox 1990 3110 3583 3185; baseline 0.001 -20"><span class='ocrx_word' id='word_1_888' title='bbox 1990 3110 2257 3185; x_wconf 86' lang='lat' dir='ltr'><strong>incendia.</strong></span> <span class='ocrx_word' id='word_1_889' title='bbox 2311 3114 2379 3169; x_wconf 88' lang='lat' dir='ltr'><strong>Et</strong></span> <span class='ocrx_word' id='word_1_890' title='bbox 2425 3130 2556 3170; x_wconf 90' lang='lat' dir='ltr'><strong>sane</strong></span> <span class='ocrx_word' id='word_1_891' title='bbox 2587 3118 2973 3171; x_wconf 87' lang='lat' dir='ltr'><strong>monachorum</strong></span> <span class='ocrx_word' id='word_1_892' title='bbox 3021 3110 3392 3185; x_wconf 56' lang='lat' dir='ltr'><strong>temperantia</strong></span> <span class='ocrx_word' id='word_1_893' title='bbox 3439 3110 3583 3185; x_wconf 83' lang='lat' dir='ltr'><strong>male</strong></span> 
     </span>
    </p>
   </div>
   <div class='ocr_carea' id='block_1_117' title="bbox 1913 3183 3578 3256">
    <p class='ocr_par' dir='ltr' id='par_1_117' title="bbox 1913 3183 3578 3256">
     <span class='ocr_line' id='line_1_123' title="bbox 1913 3183 3578 3256; baseline -0.001 -19"><span class='ocrx_word' id='word_1_894' title='bbox 1913 3185 1958 3249; x_wconf 75' lang='grc' dir='ltr'><strong>ρ</strong></span> <span class='ocrx_word' id='word_1_895' title='bbox 1994 3183 2376 3256; x_wconf 84' lang='lat' dir='ltr'><strong>consuluisset,</strong></span> <span class='ocrx_word' id='word_1_896' title='bbox 2406 3201 2568 3256; x_wconf 91' lang='lat' dir='ltr'><strong>quam</strong></span> <span class='ocrx_word' id='word_1_897' title='bbox 2614 3187 2702 3241; x_wconf 89' lang='lat' dir='ltr'><strong>hic</strong></span> <span class='ocrx_word' id='word_1_898' title='bbox 2748 3187 2916 3241; x_wconf 82' lang='lat' dir='ltr'><strong>multa</strong></span> <span class='ocrx_word' id='word_1_899' title='bbox 2940 3183 3274 3256; x_wconf 80' lang='lat' dir='ltr'><strong>districtione</strong></span> <span class='ocrx_word' id='word_1_900' title='bbox 3315 3183 3578 3256; x_wconf 67' lang='lat' dir='ltr'><strong>praecipit,</strong></span> 
     </span>
    </p>
   </div>
   <div class='ocr_carea' id='block_1_118' title="bbox 1993 3253 3586 3326">
    <p class='ocr_par' dir='ltr' id='par_1_118' title="bbox 1993 3253 3586 3326">
     <span class='ocr_line' id='line_1_124' title="bbox 1993 3253 3586 3326; baseline -0.002 -17"><span class='ocrx_word' id='word_1_901' title='bbox 1993 3253 2041 3326; x_wconf 86' lang='lat' dir='ltr'><strong>si</strong></span> <span class='ocrx_word' id='word_1_902' title='bbox 2062 3255 2397 3326; x_wconf 86' lang='lat' dir='ltr'><strong>tantumdem</strong></span> <span class='ocrx_word' id='word_1_903' title='bbox 2424 3253 2604 3326; x_wconf 81' lang='lat' dir='ltr'><strong>panis,</strong></span> <span class='ocrx_word' id='word_1_904' title='bbox 2636 3268 2897 3326; x_wconf 91' lang='lat' dir='ltr'><strong>quantum</strong></span> <span class='ocrx_word' id='word_1_905' title='bbox 2941 3256 3076 3310; x_wconf 90' lang='lat' dir='ltr'><strong>libra</strong></span> <span class='ocrx_word' id='word_1_906' title='bbox 3109 3253 3418 3326; x_wconf 80' lang='lat' dir='ltr'><strong>Casinensis</strong></span> <span class='ocrx_word' id='word_1_907' title='bbox 3454 3268 3586 3326; x_wconf 80' lang='lat' dir='ltr'><strong>pen-</strong></span> 
     </span>
    </p>
   </div>
   <div class='ocr_carea' id='block_1_119' title="bbox 1993 3319 3584 3388">
    <p class='ocr_par' dir='ltr' id='par_1_119' title="bbox 1993 3319 3584 3388">
     <span class='ocr_line' id='line_1_125' title="bbox 1993 3319 3584 3388; baseline -0.002 -10"><span class='ocrx_word' id='word_1_908' title='bbox 1993 3324 2159 3387; x_wconf 91' lang='lat' dir='ltr'><strong>sitat,</strong></span> <span class='ocrx_word' id='word_1_909' title='bbox 2197 3319 2463 3380; x_wconf 83' lang='lat' dir='ltr'><strong>edendum</strong></span> <span class='ocrx_word' id='word_1_910' title='bbox 2510 3319 2904 3382; x_wconf 71' lang='lat' dir='ltr'><strong>concessisset:</strong></span> <span class='ocrx_word' id='word_1_911' title='bbox 2955 3327 3190 3380; x_wconf 83' lang='lat' dir='ltr'><strong>maxime</strong></span> <span class='ocrx_word' id='word_1_912' title='bbox 3237 3338 3359 3378; x_wconf 91' lang='lat' dir='ltr'><strong>cum</strong></span> <span class='ocrx_word' id='word_1_913' title='bbox 3402 3319 3584 3388; x_wconf 83' lang='lat' dir='ltr'><strong>hujus-</strong></span> 
     </span>
    </p>
   </div>
   <div class='ocr_carea' id='block_1_120' title="bbox 1992 3394 3576 3464">
    <p class='ocr_par' dir='ltr' id='par_1_120' title="bbox 1992 3394 3576 3464">
     <span class='ocr_line' id='line_1_126' title="bbox 1992 3394 3576 3464; baseline -0.001 -18"><span class='ocrx_word' id='word_1_914' title='bbox 1992 3394 2138 3464; x_wconf 86' lang='lat' dir='ltr'><strong>modi</strong></span> <span class='ocrx_word' id='word_1_915' title='bbox 2169 3394 2336 3464; x_wconf 88' lang='lat' dir='ltr'><strong>libra,</strong></span> <span class='ocrx_word' id='word_1_916' title='bbox 2373 3403 2434 3448; x_wconf 92' lang='lat' dir='ltr'><strong>ut</strong></span> <span class='ocrx_word' id='word_1_917' title='bbox 2469 3410 2536 3448; x_wconf 86' lang='lat' dir='ltr'><strong>ex</strong></span> <span class='ocrx_word' id='word_1_918' title='bbox 2563 3396 2803 3464; x_wconf 67' lang='lat' dir='ltr'><strong>prtefatis</strong></span> <span class='ocrx_word' id='word_1_919' title='bbox 2851 3395 3317 3464; x_wconf 82' lang='lat' dir='ltr'><strong>declaratio&#39;nibus</strong></span> <span class='ocrx_word' id='word_1_920' title='bbox 3332 3399 3576 3464; x_wconf 84' lang='lat' dir='ltr'><strong>constat,</strong></span> 
     </span>
    </p>
   </div>
   <div class='ocr_carea' id='block_1_121' title="bbox 1991 3461 3584 3536">
    <p class='ocr_par' dir='ltr' id='par_1_121' title="bbox 1991 3461 3584 3536">
     <span class='ocr_line' id='line_1_127' title="bbox 1991 3461 3584 3536; baseline -0.001 -21"><span class='ocrx_word' id='word_1_921' title='bbox 1991 3461 2113 3536; x_wconf 81' lang='lat' dir='ltr'><strong>plus</strong></span> <span class='ocrx_word' id='word_1_922' title='bbox 2140 3461 2587 3536; x_wconf 68' lang='lat' dir='ltr'><strong>panispensitet,</strong></span> <span class='ocrx_word' id='word_1_923' title='bbox 2639 3481 2799 3536; x_wconf 90' lang='lat' dir='ltr'><strong>quam</strong></span> <span class='ocrx_word' id='word_1_924' title='bbox 2831 3468 3129 3536; x_wconf 90' lang='lat' dir='ltr'><strong>monachus</strong></span> <span class='ocrx_word' id='word_1_925' title='bbox 3156 3462 3584 3536; x_wconf 87' lang='lat' dir='ltr'><strong>uno_die_come-</strong></span> 
     </span>
    </p>
   </div>
   <div class='ocr_carea' id='block_1_122' title="bbox 1994 3532 3580 3603">
    <p class='ocr_par' dir='ltr' id='par_1_122' title="bbox 1994 3532 3580 3603">
     <span class='ocr_line' id='line_1_128' title="bbox 1994 3532 3580 3603; baseline -0.001 -17"><span class='ocrx_word' id='word_1_926' title='bbox 1994 3532 2122 3603; x_wconf 86' lang='lat' dir='ltr'><strong>dere</strong></span> <span class='ocrx_word' id='word_1_927' title='bbox 2173 3532 2362 3603; x_wconf 80' lang='lat' dir='ltr'><strong>possit.</strong></span> <span class='ocrx_word' id='word_1_928' title='bbox 2420 3534 2583 3589; x_wconf 89' lang='lat' dir='ltr'><strong>Libra</strong></span> <span class='ocrx_word' id='word_1_929' title='bbox 2627 3532 2811 3590; x_wconf 80' lang='lat' dir='ltr'><strong>autem</strong></span> <span class='ocrx_word' id='word_1_930' title='bbox 2853 3535 3099 3590; x_wconf 82' lang='lat' dir='ltr'><strong>Romana</strong></span> <span class='ocrx_word' id='word_1_931' title='bbox 3139 3551 3232 3590; x_wconf 90' lang='lat' dir='ltr'><strong>seu</strong></span> <span class='ocrx_word' id='word_1_932' title='bbox 3274 3533 3466 3588; x_wconf 89' lang='lat' dir='ltr'><strong>Latina</strong></span> <span class='ocrx_word' id='word_1_933' title='bbox 3496 3538 3580 3603; x_wconf 87' lang='lat' dir='ltr'><strong>est</strong></span> 
     </span>
    </p>
   </div>
   <div class='ocr_carea' id='block_1_123' title="bbox 1993 3601 3582 3676">
    <p class='ocr_par' dir='ltr' id='par_1_123' title="bbox 1993 3601 3582 3676">
     <span class='ocr_line' id='line_1_129' title="bbox 1993 3601 3582 3676; baseline -0.002 -20"><span class='ocrx_word' id='word_1_934' title='bbox 1993 3601 2275 3676; x_wconf 77' lang='lat' dir='ltr'><strong>duodecim</strong></span> <span class='ocrx_word' id='word_1_935' title='bbox 2328 3604 2631 3676; x_wconf 73' lang='lat' dir='ltr'><strong>unciarum.</strong></span> <span class='ocrx_word' id='word_1_936' title='bbox 2681 3615 2740 3660; x_wconf 90' lang='lat' dir='ltr'><strong>ut</strong></span> <span class='ocrx_word' id='word_1_937' title='bbox 2767 3606 2980 3676; x_wconf 81' lang='lat' dir='ltr'><strong>docent.</strong></span> <span class='ocrx_word' id='word_1_938' title='bbox 3033 3604 3367 3676; x_wconf 84' lang='lat' dir='ltr'><strong>Epiphanius</strong></span> <span class='ocrx_word' id='word_1_939' title='bbox 3391 3603 3482 3676; x_wconf 69' lang='lat' dir='ltr'><strong>lii).</strong></span> <span class='ocrx_word' id='word_1_940' title='bbox 3506 3601 3582 3676; x_wconf 27' lang='lat' dir='ltr'><strong>Ade</strong></span> 
     </span>
    </p>
   </div>
   <div class='ocr_carea' id='block_1_124' title="bbox 1992 3671 3578 3744">
    <p class='ocr_par' dir='ltr' id='par_1_124' title="bbox 1992 3671 3578 3744">
     <span class='ocr_line' id='line_1_130' title="bbox 1992 3671 3578 3744; baseline -0.001 -18"><span class='ocrx_word' id='word_1_941' title='bbox 1992 3671 2258 3744; x_wconf 80' lang='lat' dir='ltr'><strong>Mensuris</strong></span> <span class='ocrx_word' id='word_1_942' title='bbox 2284 3681 2339 3730; x_wconf 91' lang='lat' dir='ltr'><strong>et</strong></span> <span class='ocrx_word' id='word_1_943' title='bbox 2362 3674 2697 3732; x_wconf 87' lang='lat' dir='ltr'><strong>Ponderibus</strong></span> <span class='ocrx_word' id='word_1_944' title='bbox 2716 3717 2729 3742; x_wconf 96' lang='lat'><strong>,</strong></span> <span class='ocrx_word' id='word_1_945' title='bbox 2751 3685 2806 3730; x_wconf 92' lang='lat' dir='ltr'><strong>et</strong></span> <span class='ocrx_word' id='word_1_946' title='bbox 2828 3675 2885 3730; x_wconf 88' lang='grc'><strong>8.</strong></span> <span class='ocrx_word' id='word_1_947' title='bbox 2913 3671 3151 3744; x_wconf 66' lang='lat' dir='ltr'><strong>Isidorus</strong></span> <span class='ocrx_word' id='word_1_948' title='bbox 3180 3676 3273 3729; x_wconf 91' lang='lat' dir='ltr'><strong>lib.</strong></span> <span class='ocrx_word' id='word_1_949' title='bbox 3312 3690 3400 3728; x_wconf 79' lang='lat' dir='ltr'><strong>xvi</strong></span> <span class='ocrx_word' id='word_1_950' title='bbox 3427 3671 3578 3742; x_wconf 87' lang='lat' dir='ltr'><strong>Orig.</strong></span> 
     </span>
    </p>
   </div>
   <div class='ocr_carea' id='block_1_125' title="bbox 1991 3743 3579 3816">
    <p class='ocr_par' dir='ltr' id='par_1_125' title="bbox 1991 3743 3579 3816">
     <span class='ocr_line' id='line_1_131' title="bbox 1991 3743 3579 3816; baseline -0.002 -19"><span class='ocrx_word' id='word_1_951' title='bbox 1991 3757 2112 3816; x_wconf 89' lang='lat' dir='ltr'><strong>cap.</strong></span> <span class='ocrx_word' id='word_1_952' title='bbox 2158 3743 2254 3797; x_wconf 69' lang='lat'><strong>24:</strong></span> <span class='ocrx_word' id='word_1_953' title='bbox 2315 3763 2333 3796; x_wconf 74' lang='grc' dir='ltr'><strong>ε</strong></span> <span class='ocrx_word' id='word_1_954' title='bbox 2364 3744 2533 3816; x_wconf 88' lang='lat' dir='ltr'><strong>Uncia</strong></span> <span class='ocrx_word' id='word_1_955' title='bbox 2563 3746 2728 3810; x_wconf 91' lang='lat' dir='ltr'><strong>dicta,</strong></span> <span class='ocrx_word' id='word_1_956' title='bbox 2769 3746 2962 3816; x_wconf 91' lang='lat' dir='ltr'><strong>inquit,</strong></span> <span class='ocrx_word' id='word_1_957' title='bbox 2998 3743 3138 3816; x_wconf 91' lang='lat' dir='ltr'><strong>quod</strong></span> <span class='ocrx_word' id='word_1_958' title='bbox 3169 3745 3579 3816; x_wconf 83' lang='lat' dir='ltr'><strong>universitatem</strong></span> 
     </span>
    </p>
   </div>
   <div class='ocr_carea' id='block_1_126' title="bbox 1990 3813 3573 3884">
    <p class='ocr_par' dir='ltr' id='par_1_126' title="bbox 1990 3813 3573 3884">
     <span class='ocr_line' id='line_1_132' title="bbox 1990 3813 3573 3884; baseline -0.003 -16"><span class='ocrx_word' id='word_1_959' title='bbox 1990 3813 2263 3869; x_wconf 90' lang='lat' dir='ltr'><strong>minorum</strong></span> <span class='ocrx_word' id='word_1_960' title='bbox 2313 3815 2610 3884; x_wconf 91' lang='lat' dir='ltr'><strong>ponderum</strong></span> <span class='ocrx_word' id='word_1_961' title='bbox 2661 3832 2758 3871; x_wconf 86' lang='lat' dir='ltr'><strong>sua</strong></span> <span class='ocrx_word' id='word_1_962' title='bbox 2814 3813 3031 3871; x_wconf 72' lang='lat' dir='ltr'><strong>unitate</strong></span> <span class='ocrx_word' id='word_1_963' title='bbox 3075 3817 3316 3878; x_wconf 83' lang='lat' dir='ltr'><strong>vinciat,</strong></span> <span class='ocrx_word' id='word_1_964' title='bbox 3367 3814 3573 3884; x_wconf 83' lang='lat' dir='ltr'><strong>idest,</strong></span> 
     </span>
    </p>
   </div>
   <div class='ocr_carea' id='block_1_127' title="bbox 1992 3882 3576 3955">
    <p class='ocr_par' dir='ltr' id='par_1_127' title="bbox 1992 3882 3576 3955">
     <span class='ocr_line' id='line_1_133' title="bbox 1992 3882 3576 3955; baseline -0.003 -16"><span class='ocrx_word' id='word_1_965' title='bbox 1992 3882 2401 3955; x_wconf 82' lang='lat' dir='ltr'><strong>complectatur.</strong></span> <span class='ocrx_word' id='word_1_966' title='bbox 2433 3884 2658 3942; x_wconf 88' lang='lat' dir='ltr'><strong>Constat</strong></span> <span class='ocrx_word' id='word_1_967' title='bbox 2697 3895 2876 3942; x_wconf 90' lang='lat' dir='ltr'><strong>autem</strong></span> <span class='ocrx_word' id='word_1_968' title='bbox 2908 3887 3180 3942; x_wconf 89' lang='lat' dir='ltr'><strong>drachmis</strong></span> <span class='ocrx_word' id='word_1_969' title='bbox 3205 3895 3350 3949; x_wconf 87' lang='lat' dir='ltr'><strong>octo,</strong></span> <span class='ocrx_word' id='word_1_970' title='bbox 3387 3882 3444 3937; x_wconf 84' lang='lat' dir='ltr'><strong>id</strong></span> <span class='ocrx_word' id='word_1_971' title='bbox 3479 3891 3576 3946; x_wconf 87' lang='lat' dir='ltr'><strong>est,</strong></span> 
     </span>
    </p>
   </div>
   <div class='ocr_carea' id='block_1_128' title="bbox 1991 3955 3577 4040">
    <p class='ocr_par' dir='ltr' id='par_1_128' title="bbox 1991 3955 3577 4040">
     <span class='ocr_line' id='line_1_134' title="bbox 1991 3955 3577 4040; baseline -0.011 -19"><span class='ocrx_word' id='word_1_972' title='bbox 1991 3955 2260 4040; x_wconf 62' lang='lat' dir='ltr'><strong>SCI&#39;UPUIis</strong></span> <span class='ocrx_word' id='word_1_973' title='bbox 2299 3956 2492 4040; x_wconf 51' lang='lat' dir='ltr'><strong>‘viginti</strong></span> <span class='ocrx_word' id='word_1_974' title='bbox 2537 3966 2784 4040; x_wconf 89' lang='lat' dir='ltr'><strong>quatuor,</strong></span> <span class='ocrx_word' id='word_1_975' title='bbox 2840 3958 2984 4026; x_wconf 90' lang='lat' dir='ltr'><strong>quod</strong></span> <span class='ocrx_word' id='word_1_976' title='bbox 3011 3957 3238 4040; x_wconf 75' lang='lat' dir='ltr'><strong>proinde</strong></span> <span class='ocrx_word' id='word_1_977' title='bbox 3275 3955 3577 4040; x_wconf 70' lang='lat' dir='ltr'><strong>legitumum</strong></span> 
     </span>
    </p>
   </div>
   <div class='ocr_carea' id='block_1_129' title="bbox 1987 4024 3581 4098">
    <p class='ocr_par' dir='ltr' id='par_1_129' title="bbox 1987 4024 3581 4098">
     <span class='ocr_line' id='line_1_135' title="bbox 1987 4024 3581 4098; baseline 0.003 -20"><span class='ocrx_word' id='word_1_978' title='bbox 1987 4024 2428 4098; x_wconf 58' lang='lat' dir='ltr'><strong>pondusliabe&#39;t;</strong></span> <span class='ocrx_word' id='word_1_979' title='bbox 2476 4024 2602 4097; x_wconf 86' lang='lat' dir='ltr'><strong>quia</strong></span> <span class='ocrx_word' id='word_1_980' title='bbox 2633 4024 2891 4083; x_wconf 78' lang='lat' dir='ltr'><strong>numerus</strong></span> <span class='ocrx_word' id='word_1_981' title='bbox 2937 4024 3312 4098; x_wconf 75' lang='lat' dir='ltr'><strong>serupulorum</strong></span> <span class='ocrx_word' id='word_1_982' title='bbox 3335 4024 3581 4098; x_wconf 55' lang='lat' dir='ltr'><strong>&#39;ejtislto-</strong></span> 
     </span>
    </p>
   </div>
   <div class='ocr_carea' id='block_1_130' title="bbox 1989 4093 3577 4168">
    <p class='ocr_par' dir='ltr' id='par_1_130' title="bbox 1989 4093 3577 4168">
     <span class='ocr_line' id='line_1_136' title="bbox 1989 4093 3577 4168; baseline -0.003 -17"><span class='ocrx_word' id='word_1_983' title='bbox 1989 4093 2081 4168; x_wconf 71' lang='lat' dir='ltr'><strong>ijas</strong></span> <span class='ocrx_word' id='word_1_984' title='bbox 2122 4097 2226 4168; x_wconf 87' lang='lat' dir='ltr'><strong>diei</strong></span> <span class='ocrx_word' id='word_1_985' title='bbox 2259 4093 2557 4167; x_wconf 76' lang='lat' dir='ltr'><strong>noctisque</strong></span> <span class='ocrx_word' id='word_1_986' title='bbox 2589 4100 2828 4163; x_wconf 89' lang='lat' dir='ltr'><strong>metitur,</strong></span> <span class='ocrx_word' id='word_1_987' title='bbox 2881 4099 2964 4153; x_wconf 90' lang='lat' dir='ltr'><strong>vel</strong></span> <span class='ocrx_word' id='word_1_988' title='bbox 3011 4093 3136 4168; x_wconf 75' lang='lat' dir='ltr'><strong>quia</strong></span> <span class='ocrx_word' id='word_1_989' title='bbox 3164 4098 3356 4153; x_wconf 89' lang='lat' dir='ltr'><strong>libram</strong></span> <span class='ocrx_word' id='word_1_990' title='bbox 3374 4093 3577 4168; x_wconf 83' lang='lat' dir='ltr'><strong>efficit,</strong></span> 
     </span>
    </p>
   </div>
   <div class='ocr_carea' id='block_1_131' title="bbox 1991 4163 3579 4240">
    <p class='ocr_par' dir='ltr' id='par_1_131' title="bbox 1991 4163 3579 4240">
     <span class='ocr_line' id='line_1_137' title="bbox 1991 4163 3579 4240; baseline -0.002 -20"><span class='ocrx_word' id='word_1_991' title='bbox 1991 4167 2281 4240; x_wconf 78' lang='lat' dir='ltr'><strong>duodecies</strong></span> <span class='ocrx_word' id='word_1_992' title='bbox 2317 4163 2669 4240; x_wconf 55' lang='lat' dir='ltr'><strong>ccmp&#39;utatus</strong></span> <span class='ocrx_word' id='word_1_993' title='bbox 2712 4169 2780 4223; x_wconf 75' lang='grc'>12</span> <span class='ocrx_word' id='word_1_994' title='bbox 2814 4170 2991 4224; x_wconf 91' lang='lat' dir='ltr'><strong>unciis</strong></span> <span class='ocrx_word' id='word_1_995' title='bbox 3020 4163 3319 4240; x_wconf 78' lang='lat' dir='ltr'><strong>perficitur,</strong></span> <span class='ocrx_word' id='word_1_996' title='bbox 3370 4174 3426 4221; x_wconf 92' lang='lat' dir='ltr'><strong>et</strong></span> <span class='ocrx_word' id='word_1_997' title='bbox 3453 4163 3579 4220; x_wconf 90' lang='lat' dir='ltr'><strong>inde</strong></span> 
     </span>
    </p>
   </div>
   <div class='ocr_carea' id='block_1_132' title="bbox 1989 4235 3582 4322">
    <p class='ocr_par' dir='ltr' id='par_1_132' title="bbox 1989 4235 3582 4322">
     <span class='ocr_line' id='line_1_138' title="bbox 1989 4235 3582 4322; baseline -0.003 -31"><span class='ocrx_word' id='word_1_998' title='bbox 1989 4235 2221 4318; x_wconf 78' lang='lat' dir='ltr'><strong>habetur</strong></span> <span class='ocrx_word' id='word_1_999' title='bbox 2257 4235 2483 4322; x_wconf 67' lang='lat' dir='ltr'><strong>perfecti</strong></span> <span class='ocrx_word' id='word_1_1000' title='bbox 2532 4238 2786 4322; x_wconf 71' lang='lat' dir='ltr'><strong>ponderis</strong></span> <span class='ocrx_word' id='word_1_1001' title='bbox 2820 4235 3038 4322; x_wconf 56' lang='lat' dir='ltr'><strong>genus?</strong></span> <span class='ocrx_word' id='word_1_1002' title='bbox 3076 4239 3215 4322; x_wconf 72' lang='lat' dir='ltr'><strong>quia</strong></span> <span class='ocrx_word' id='word_1_1003' title='bbox 3259 4246 3338 4292; x_wconf 91' lang='lat' dir='ltr'><strong>tot</strong></span> <span class='ocrx_word' id='word_1_1004' title='bbox 3365 4241 3582 4322; x_wconf 67' lang='lat' dir='ltr'><strong>constat</strong></span> 
     </span>
    </p>
   </div>
   <div class='ocr_carea' id='block_1_133' title="bbox 1990 4309 3576 4377">
    <p class='ocr_par' dir='ltr' id='par_1_133' title="bbox 1990 4309 3576 4377">
     <span class='ocr_line' id='line_1_139' title="bbox 1990 4309 3576 4377; baseline -0.003 -17"><span class='ocrx_word' id='word_1_1005' title='bbox 1990 4309 2186 4377; x_wconf 86' lang='lat' dir='ltr'><strong>unciis,</strong></span> <span class='ocrx_word' id='word_1_1006' title='bbox 2216 4316 2349 4377; x_wconf 92' lang='lat' dir='ltr'><strong>quot</strong></span> <span class='ocrx_word' id='word_1_1007' title='bbox 2375 4309 2651 4365; x_wconf 89' lang='lat' dir='ltr'><strong>mensibus</strong></span> <span class='ocrx_word' id='word_1_1008' title='bbox 2674 4325 2867 4364; x_wconf 91' lang='lat' dir='ltr'><strong>annus.</strong></span> <span class='ocrx_word' id='word_1_1009' title='bbox 2919 4330 2937 4361; x_wconf 74' lang='grc' dir='ltr'><strong><em>ι</em></strong></span> <span class='ocrx_word' id='word_1_1010' title='bbox 2965 4309 3095 4364; x_wconf 91' lang='lat' dir='ltr'><strong>Post</strong></span> <span class='ocrx_word' id='word_1_1011' title='bbox 3117 4311 3174 4363; x_wconf 83' lang='grc' dir='ltr'><strong>τὸ</strong></span> <span class='ocrx_word' id='word_1_1012' title='bbox 3225 4314 3576 4377; x_wconf 68' lang='lat' dir='ltr'><strong>computalus,</strong></span> 
     </span>
    </p>
   </div>
   <div class='ocr_carea' id='block_1_134' title="bbox 1989 4372 3581 4444">
    <p class='ocr_par' dir='ltr' id='par_1_134' title="bbox 1989 4372 3581 4444">
     <span class='ocr_line' id='line_1_140' title="bbox 1989 4372 3581 4444; baseline -0.002 -14"><span class='ocrx_word' id='word_1_1013' title='bbox 1989 4372 2261 4440; x_wconf 48' lang='lat' dir='ltr'><strong>videntur}</strong></span> <span class='ocrx_word' id='word_1_1014' title='bbox 2291 4379 2405 4432; x_wconf 69' lang='lat' dir='ltr'><strong>ham</strong></span> <span class='ocrx_word' id='word_1_1015' title='bbox 2430 4380 2618 4444; x_wconf 90' lang='lat' dir='ltr'><strong>verba,</strong></span> <span class='ocrx_word' id='word_1_1016' title='bbox 2652 4396 2774 4432; x_wconf 86' lang='lat' dir='ltr'><strong>nam</strong></span> <span class='ocrx_word' id='word_1_1017' title='bbox 2807 4378 2966 4442; x_wconf 82' lang='lat' dir='ltr'><strong>libra,</strong></span> <span class='ocrx_word' id='word_1_1018' title='bbox 3009 4377 3275 4431; x_wconf 90' lang='lat' dir='ltr'><strong>addenda.</strong></span> <span class='ocrx_word' id='word_1_1019' title='bbox 3325 4372 3421 4429; x_wconf 82' lang='lat' dir='ltr'><strong>Bis</strong></span> <span class='ocrx_word' id='word_1_1020' title='bbox 3459 4372 3581 4429; x_wconf 82' lang='lat' dir='ltr'><strong>sub-</strong></span> 
     </span>
    </p>
   </div>
   <div class='ocr_carea' id='block_1_135' title="bbox 1991 4444 3500 4518">
    <p class='ocr_par' dir='ltr' id='par_1_135' title="bbox 1991 4444 3500 4518">
     <span class='ocr_line' id='line_1_141' title="bbox 1991 4444 3500 4518; baseline -0.003 -18"><span class='ocrx_word' id='word_1_1021' title='bbox 1991 4447 2185 4501; x_wconf 88' lang='lat' dir='ltr'><strong>scribit</strong></span> <span class='ocrx_word' id='word_1_1022' title='bbox 2212 4446 2453 4503; x_wconf 83' lang='lat' dir='ltr'><strong>Fannius</strong></span> <span class='ocrx_word' id='word_1_1023' title='bbox 2481 4447 2784 4518; x_wconf 82' lang='lat' dir='ltr'><strong>Rhemnius</strong></span> <span class='ocrx_word' id='word_1_1024' title='bbox 2811 4454 3061 4518; x_wconf 90' lang='lat' dir='ltr'><strong>poemate</strong></span> <span class='ocrx_word' id='word_1_1025' title='bbox 3087 4445 3156 4501; x_wconf 91' lang='lat' dir='ltr'><strong>de</strong></span> <span class='ocrx_word' id='word_1_1026' title='bbox 3186 4444 3459 4500; x_wconf 89' lang='lat' dir='ltr'><strong>mensuris</strong></span> <span class='ocrx_word' id='word_1_1027' title='bbox 3485 4459 3500 4495; x_wconf 91' lang='lat'><strong>:</strong></span> 
     </span>
    </p>
   </div>
   <div class='ocr_carea' id='block_1_136' title="bbox 2115 4535 3423 4600">
    <p class='ocr_par' dir='ltr' id='par_1_136' title="bbox 2115 4535 3423 4600">
     <span class='ocr_line' id='line_1_142' title="bbox 2115 4535 3423 4600; baseline -0.004 -12"><span class='ocrx_word' id='word_1_1028' title='bbox 2115 4537 2261 4600; x_wconf 73' lang='lat' dir='ltr'><strong>Uncia</strong></span> <span class='ocrx_word' id='word_1_1029' title='bbox 2284 4537 2336 4588; x_wconf 81' lang='lat' dir='ltr'><strong>fit</strong></span> <span class='ocrx_word' id='word_1_1030' title='bbox 2357 4539 2598 4589; x_wconf 84' lang='lat' dir='ltr'><strong>drachmis</strong></span> <span class='ocrx_word' id='word_1_1031' title='bbox 2619 4539 2696 4588; x_wconf 87' lang='lat' dir='ltr'><strong>bis</strong></span> <span class='ocrx_word' id='word_1_1032' title='bbox 2717 4541 2926 4600; x_wconf 88' lang='lat' dir='ltr'><strong>quatuor</strong></span> <span class='ocrx_word' id='word_1_1033' title='bbox 2951 4553 2962 4588; x_wconf 93' lang='lat'><strong>:</strong></span> <span class='ocrx_word' id='word_1_1034' title='bbox 2988 4537 3120 4587; x_wconf 87' lang='lat' dir='ltr'><strong>unde</strong></span> <span class='ocrx_word' id='word_1_1035' title='bbox 3160 4535 3423 4600; x_wconf 88' lang='lat' dir='ltr'><strong>putandum</strong></span> 
     </span>
    </p>
   </div>
   <div class='ocr_carea' id='block_1_137' title="bbox 2110 4599 3414 4663">
    <p class='ocr_par' dir='ltr' id='par_1_137' title="bbox 2110 4599 3414 4663">
     <span class='ocr_line' id='line_1_143' title="bbox 2110 4599 3414 4663; baseline -0.002 -15"><span class='ocrx_word' id='word_1_1036' title='bbox 2110 4599 2386 4663; x_wconf 66' lang='lat' dir='ltr'><strong>Qrammata</strong></span> <span class='ocrx_word' id='word_1_1037' title='bbox 2410 4601 2557 4661; x_wconf 87' lang='lat' dir='ltr'><strong>dicta,</strong></span> <span class='ocrx_word' id='word_1_1038' title='bbox 2585 4600 2710 4663; x_wconf 92' lang='lat' dir='ltr'><strong>quod</strong></span> <span class='ocrx_word' id='word_1_1039' title='bbox 2736 4599 2842 4663; x_wconf 77' lang='lat' dir='ltr'><strong>haec</strong></span> <span class='ocrx_word' id='word_1_1040' title='bbox 2865 4600 3034 4660; x_wconf 87' lang='lat' dir='ltr'><strong>viginti</strong></span> <span class='ocrx_word' id='word_1_1041' title='bbox 3057 4607 3264 4662; x_wconf 85' lang='lat' dir='ltr'><strong>quatuor</strong></span> <span class='ocrx_word' id='word_1_1042' title='bbox 3286 4600 3334 4646; x_wconf 90' lang='lat' dir='ltr'><strong>in</strong></span> <span class='ocrx_word' id='word_1_1043' title='bbox 3357 4609 3414 4646; x_wconf 84' lang='lat' dir='ltr'><strong>se</strong></span> 
     </span>
    </p>
   </div>
   <div class='ocr_carea' id='block_1_138' title="bbox 2111 4660 3445 4719">
    <p class='ocr_par' dir='ltr' id='par_1_138' title="bbox 2111 4660 3445 4719">
     <span class='ocr_line' id='line_1_144' title="bbox 2111 4660 3445 4719; baseline -0.002 -9"><span class='ocrx_word' id='word_1_1044' title='bbox 2111 4660 2264 4711; x_wconf 88' lang='lat' dir='ltr'><strong>Uncia</strong></span> <span class='ocrx_word' id='word_1_1045' title='bbox 2288 4663 2470 4712; x_wconf 86' lang='lat' dir='ltr'><strong>habet:</strong></span> <span class='ocrx_word' id='word_1_1046' title='bbox 2493 4660 2563 4711; x_wconf 92' lang='lat' dir='ltr'><strong>tot</strong></span> <span class='ocrx_word' id='word_1_1047' title='bbox 2587 4660 2714 4711; x_wconf 81' lang='lat' dir='ltr'><strong>enim</strong></span> <span class='ocrx_word' id='word_1_1048' title='bbox 2738 4661 2907 4712; x_wconf 80' lang='lat' dir='ltr'><strong>formis</strong></span> <span class='ocrx_word' id='word_1_1049' title='bbox 2925 4675 3018 4711; x_wconf 87' lang='lat' dir='ltr'><strong>vox</strong></span> <span class='ocrx_word' id='word_1_1050' title='bbox 3043 4660 3206 4710; x_wconf 81' lang='lat' dir='ltr'><strong>nostra</strong></span> <span class='ocrx_word' id='word_1_1051' title='bbox 3231 4667 3445 4719; x_wconf 87' lang='lat' dir='ltr'><strong>notatur,</strong></span> 
     </span>
    </p>
   </div>
   <div class='ocr_carea' id='block_1_139' title="bbox 2106 4722 3456 4786">
    <p class='ocr_par' dir='ltr' id='par_1_139' title="bbox 2106 4722 3456 4786">
     <span class='ocr_line' id='line_1_145' title="bbox 2106 4722 3456 4786; baseline -0.001 -14"><span class='ocrx_word' id='word_1_1052' title='bbox 2106 4722 2270 4786; x_wconf 58' lang='lat' dir='ltr'><strong>ﬂoris,</strong></span> <span class='ocrx_word' id='word_1_1053' title='bbox 2297 4723 2427 4785; x_wconf 90' lang='lat' dir='ltr'><strong>quod</strong></span> <span class='ocrx_word' id='word_1_1054' title='bbox 2450 4723 2658 4786; x_wconf 81' lang='lat' dir='ltr'><strong>mundus</strong></span> <span class='ocrx_word' id='word_1_1055' title='bbox 2677 4726 2869 4786; x_wconf 82' lang='lat' dir='ltr'><strong>peragit</strong></span> <span class='ocrx_word' id='word_1_1056' title='bbox 2893 4731 3189 4786; x_wconf 85' lang='lat' dir='ltr'><strong>noctemque</strong></span> <span class='ocrx_word' id='word_1_1057' title='bbox 3205 4722 3456 4786; x_wconf 84' lang='lat' dir='ltr'><strong>diemque.</strong></span> 
     </span>
    </p>
   </div>
   <div class='ocr_carea' id='block_1_140' title="bbox 2108 4783 3435 4849">
    <p class='ocr_par' dir='ltr' id='par_1_140' title="bbox 2108 4783 3435 4849">
     <span class='ocr_line' id='line_1_146' title="bbox 2108 4783 3435 4849; baseline -0.004 -14"><span class='ocrx_word' id='word_1_1058' title='bbox 2108 4783 2364 4849; x_wconf 80' lang='lat' dir='ltr'><strong>Unciaque</strong></span> <span class='ocrx_word' id='word_1_1059' title='bbox 2386 4787 2439 4836; x_wconf 85' lang='lat' dir='ltr'><strong>in</strong></span> <span class='ocrx_word' id='word_1_1060' title='bbox 2462 4784 2587 4835; x_wconf 86' lang='lat' dir='ltr'><strong>libra</strong></span> <span class='ocrx_word' id='word_1_1061' title='bbox 2610 4783 2718 4848; x_wconf 82' lang='lat' dir='ltr'><strong>pars</strong></span> <span class='ocrx_word' id='word_1_1062' title='bbox 2741 4783 2838 4848; x_wconf 76' lang='lat' dir='ltr'><strong>esi,</strong></span> <span class='ocrx_word' id='word_1_1063' title='bbox 2860 4785 2989 4849; x_wconf 88' lang='lat' dir='ltr'><strong>quod</strong></span> <span class='ocrx_word' id='word_1_1064' title='bbox 3014 4783 3198 4835; x_wconf 86' lang='lat' dir='ltr'><strong>mensis</strong></span> <span class='ocrx_word' id='word_1_1065' title='bbox 3220 4784 3269 4832; x_wconf 91' lang='lat' dir='ltr'><strong>in</strong></span> <span class='ocrx_word' id='word_1_1066' title='bbox 3294 4795 3435 4831; x_wconf 85' lang='lat' dir='ltr'><strong>anno.</strong></span> 
     </span>
    </p>
   </div>
   <div class='ocr_carea' id='block_1_141' title="bbox 1981 4863 3579 4937">
    <p class='ocr_par' dir='ltr' id='par_1_141' title="bbox 1981 4863 3579 4937">
     <span class='ocr_line' id='line_1_147' title="bbox 1981 4863 3579 4937; baseline -0.004 -14"><span class='ocrx_word' id='word_1_1067' title='bbox 1981 4865 2236 4923; x_wconf 86' lang='lat' dir='ltr'><strong>Gramma</strong></span> <span class='ocrx_word' id='word_1_1068' title='bbox 2260 4877 2444 4923; x_wconf 91' lang='lat' dir='ltr'><strong>autem</strong></span> <span class='ocrx_word' id='word_1_1069' title='bbox 2486 4883 2581 4923; x_wconf 90' lang='lat' dir='ltr'><strong>seu</strong></span> <span class='ocrx_word' id='word_1_1070' title='bbox 2608 4866 2788 4923; x_wconf 85' lang='lat' dir='ltr'><strong>littera</strong></span> <span class='ocrx_word' id='word_1_1071' title='bbox 2819 4877 2903 4924; x_wconf 90' lang='lat' dir='ltr'><strong>est</strong></span> <span class='ocrx_word' id='word_1_1072' title='bbox 2932 4867 3242 4937; x_wconf 91' lang='lat' dir='ltr'><strong>serupulus,</strong></span> <span class='ocrx_word' id='word_1_1073' title='bbox 3279 4864 3372 4934; x_wconf 92' lang='lat' dir='ltr'><strong>qui</strong></span> <span class='ocrx_word' id='word_1_1074' title='bbox 3412 4863 3579 4918; x_wconf 79' lang='lat' dir='ltr'><strong>conti-</strong></span> 
     </span>
    </p>
   </div>
   <div class='ocr_carea' id='block_1_142' title="bbox 1979 4938 3233 5003">
    <p class='ocr_par' dir='ltr' id='par_1_142' title="bbox 1979 4938 3233 5003">
     <span class='ocr_line' id='line_1_148' title="bbox 1979 4938 3233 5003; baseline -0.004 -9"><span class='ocrx_word' id='word_1_1075' title='bbox 1979 4947 2076 4994; x_wconf 87' lang='lat' dir='ltr'><strong>net</strong></span> <span class='ocrx_word' id='word_1_1076' title='bbox 2109 4938 2244 4994; x_wconf 90' lang='lat' dir='ltr'><strong>duos</strong></span> <span class='ocrx_word' id='word_1_1077' title='bbox 2265 4938 2472 5003; x_wconf 91' lang='lat' dir='ltr'><strong>obolos,</strong></span> <span class='ocrx_word' id='word_1_1078' title='bbox 2504 4947 2564 4992; x_wconf 92' lang='lat' dir='ltr'><strong>ut</strong></span> <span class='ocrx_word' id='word_1_1079' title='bbox 2589 4938 2747 4994; x_wconf 88' lang='lat' dir='ltr'><strong>docet</strong></span> <span class='ocrx_word' id='word_1_1080' title='bbox 2777 4939 2920 4994; x_wconf 91' lang='lat' dir='ltr'><strong>idem</strong></span> <span class='ocrx_word' id='word_1_1081' title='bbox 2949 4938 3194 4994; x_wconf 87' lang='lat' dir='ltr'><strong>Fannius</strong></span> <span class='ocrx_word' id='word_1_1082' title='bbox 3221 4954 3233 4989; x_wconf 91' lang='lat'><strong>:</strong></span> 
     </span>
    </p>
   </div>
   <div class='ocr_carea' id='block_1_143' title="bbox 2105 5023 3513 5093">
    <p class='ocr_par' dir='ltr' id='par_1_143' title="bbox 2105 5023 3513 5093">
     <span class='ocr_line' id='line_1_149' title="bbox 2105 5023 3513 5093; baseline -0.004 -15"><span class='ocrx_word' id='word_1_1083' title='bbox 2105 5030 2372 5093; x_wconf 75' lang='lat' dir='ltr'><strong>Semioboli</strong></span> <span class='ocrx_word' id='word_1_1084' title='bbox 2395 5029 2597 5092; x_wconf 89' lang='lat' dir='ltr'><strong>duplum</strong></span> <span class='ocrx_word' id='word_1_1085' title='bbox 2625 5038 2699 5080; x_wconf 86' lang='lat' dir='ltr'><strong>est</strong></span> <span class='ocrx_word' id='word_1_1086' title='bbox 2725 5031 2916 5090; x_wconf 88' lang='lat' dir='ltr'><strong>obolus,</strong></span> <span class='ocrx_word' id='word_1_1087' title='bbox 2941 5027 3337 5093; x_wconf 83' lang='lat' dir='ltr'><strong>quempondere</strong></span> <span class='ocrx_word' id='word_1_1088' title='bbox 3365 5023 3513 5087; x_wconf 92' lang='lat' dir='ltr'><strong>duplo</strong></span> 
     </span>
    </p>
   </div>
   <div class='ocr_carea' id='block_1_144' title="bbox 2105 5088 3472 5156">
    <p class='ocr_par' dir='ltr' id='par_1_144' title="bbox 2105 5088 3472 5156">
     <span class='ocr_line' id='line_1_150' title="bbox 2105 5088 3472 5156; baseline -0.005 -15"><span class='ocrx_word' id='word_1_1089' title='bbox 2105 5092 2328 5142; x_wconf 86' lang='lat' dir='ltr'><strong>Gramma</strong></span> <span class='ocrx_word' id='word_1_1090' title='bbox 2353 5088 2550 5155; x_wconf 79' lang='lat' dir='ltr'><strong>vocant,</strong></span> <span class='ocrx_word' id='word_1_1091' title='bbox 2573 5093 2852 5156; x_wconf 89' lang='lat' dir='ltr'><strong>scrupulum</strong></span> <span class='ocrx_word' id='word_1_1092' title='bbox 2878 5088 3030 5142; x_wconf 75' lang='lat' dir='ltr'><strong>nostri</strong></span> <span class='ocrx_word' id='word_1_1093' title='bbox 3060 5088 3236 5139; x_wconf 81' lang='lat' dir='ltr'><strong>dixere</strong></span> <span class='ocrx_word' id='word_1_1094' title='bbox 3263 5088 3472 5150; x_wconf 85' lang='lat' dir='ltr'><strong>priores.</strong></span> 
     </span>
    </p>
   </div>
   <div class='ocr_carea' id='block_1_145' title="bbox 1983 5182 3574 5258">
    <p class='ocr_par' dir='ltr' id='par_1_145' title="bbox 1983 5182 3574 5258">
     <span class='ocr_line' id='line_1_151' title="bbox 1983 5182 3574 5258; baseline -0.005 -18"><span class='ocrx_word' id='word_1_1095' title='bbox 1983 5183 2283 5258; x_wconf 77' lang='lat' dir='ltr'><strong>Scrupuius</strong></span> <span class='ocrx_word' id='word_1_1096' title='bbox 2328 5201 2572 5258; x_wconf 89' lang='lat' dir='ltr'><strong>gramma</strong></span> <span class='ocrx_word' id='word_1_1097' title='bbox 2623 5186 2844 5252; x_wconf 80' lang='lat' dir='ltr'><strong>dicitur,</strong></span> <span class='ocrx_word' id='word_1_1098' title='bbox 2900 5185 2954 5239; x_wconf 91' lang='lat' dir='ltr'><strong>id</strong></span> <span class='ocrx_word' id='word_1_1099' title='bbox 3006 5191 3118 5249; x_wconf 91' lang='lat' dir='ltr'><strong>est,</strong></span> <span class='ocrx_word' id='word_1_1100' title='bbox 3168 5182 3346 5258; x_wconf 79' lang='lat' dir='ltr'><strong>littera</strong></span> <span class='ocrx_word' id='word_1_1101' title='bbox 3372 5221 3406 5258; x_wconf 87' lang='lat'><strong>,_</strong></span> <span class='ocrx_word' id='word_1_1102' title='bbox 3439 5195 3574 5258; x_wconf 68' lang='lat' dir='ltr'><strong>nam</strong></span> 
     </span>
    </p>
   </div>
   <div class='ocr_carea' id='block_1_146' title="bbox 1981 5250 3576 5326">
    <p class='ocr_par' dir='ltr' id='par_1_146' title="bbox 1981 5250 3576 5326">
     <span class='ocr_line' id='line_1_152' title="bbox 1981 5250 3576 5326; baseline -0.004 -16"><span class='ocrx_word' id='word_1_1103' title='bbox 1981 5250 2437 5326; x_wconf 72' lang='lat' dir='ltr'><strong>quemadmodum</strong></span> <span class='ocrx_word' id='word_1_1104' title='bbox 2467 5273 2570 5312; x_wconf 91' lang='lat' dir='ltr'><strong>vox</strong></span> <span class='ocrx_word' id='word_1_1105' title='bbox 2595 5250 2836 5314; x_wconf 83' lang='lat' dir='ltr'><strong>humana</strong></span> <span class='ocrx_word' id='word_1_1106' title='bbox 2863 5262 3098 5326; x_wconf 91' lang='lat' dir='ltr'><strong>quatuor</strong></span> <span class='ocrx_word' id='word_1_1107' title='bbox 3123 5261 3179 5308; x_wconf 87' lang='lat' dir='ltr'><strong>et</strong></span> <span class='ocrx_word' id='word_1_1108' title='bbox 3219 5250 3576 5326; x_wconf 55' lang='lat' dir='ltr'><strong>vigintilitte:</strong></span> 
     </span>
    </p>
   </div>
   <div class='ocr_carea' id='block_1_147' title="bbox 1953 5320 3574 5396">
    <p class='ocr_par' dir='ltr' id='par_1_147' title="bbox 1953 5320 3574 5396">
     <span class='ocr_line' id='line_1_153' title="bbox 1953 5320 3574 5396; baseline -0.003 -15"><span class='ocrx_word' id='word_1_1109' title='bbox 1953 5320 2060 5381; x_wconf 72' lang='lat' dir='ltr'><strong>ris</strong></span> <span class='ocrx_word' id='word_1_1110' title='bbox 2090 5325 2356 5382; x_wconf 88' lang='lat' dir='ltr'><strong>formatur</strong></span> <span class='ocrx_word' id='word_1_1111' title='bbox 2378 5370 2392 5393; x_wconf 92' lang='lat'><strong>,</strong></span> <span class='ocrx_word' id='word_1_1112' title='bbox 2445 5329 2525 5384; x_wconf 90' lang='lat' dir='ltr'><strong>sic</strong></span> <span class='ocrx_word' id='word_1_1113' title='bbox 2555 5328 2715 5383; x_wconf 89' lang='lat' dir='ltr'><strong>uncia</strong></span> <span class='ocrx_word' id='word_1_1114' title='bbox 2746 5320 2959 5382; x_wconf 78' lang='lat' dir='ltr'><strong>consiat</strong></span> <span class='ocrx_word' id='word_1_1115' title='bbox 3000 5331 3239 5396; x_wconf 88' lang='lat' dir='ltr'><strong>quatuor</strong></span> <span class='ocrx_word' id='word_1_1116' title='bbox 3277 5320 3335 5380; x_wconf 69' lang='lat' dir='ltr'><strong>ct</strong></span> <span class='ocrx_word' id='word_1_1117' title='bbox 3383 5320 3574 5396; x_wconf 73' lang='lat' dir='ltr'><strong>viginti</strong></span> 
     </span>
    </p>
   </div>
   <div class='ocr_carea' id='block_1_148' title="bbox 1953 5393 3578 5467">
    <p class='ocr_par' dir='ltr' id='par_1_148' title="bbox 1953 5393 3578 5467">
     <span class='ocr_line' id='line_1_154' title="bbox 1953 5393 3578 5467; baseline -0.004 -14"><span class='ocrx_word' id='word_1_1118' title='bbox 1953 5397 2272 5467; x_wconf 76' lang='lat' dir='ltr'><strong>scrupulis.</strong></span> <span class='ocrx_word' id='word_1_1119' title='bbox 2328 5399 2405 5452; x_wconf 90' lang='lat' dir='ltr'><strong>De</strong></span> <span class='ocrx_word' id='word_1_1120' title='bbox 2431 5399 2565 5453; x_wconf 90' lang='lat' dir='ltr'><strong>libra</strong></span> <span class='ocrx_word' id='word_1_1121' title='bbox 2626 5399 2745 5453; x_wconf 80' lang='lat' dir='ltr'><strong>vide</strong></span> <span class='ocrx_word' id='word_1_1122' title='bbox 2793 5393 3172 5452; x_wconf 82' lang='lat' dir='ltr'><strong>Cassiodorum</strong></span> <span class='ocrx_word' id='word_1_1123' title='bbox 3213 5396 3306 5450; x_wconf 90' lang='lat' dir='ltr'><strong>lib.</strong></span> <span class='ocrx_word' id='word_1_1124' title='bbox 3341 5409 3355 5446; x_wconf 85' lang='grc' dir='ltr'>ι</span> <span class='ocrx_word' id='word_1_1125' title='bbox 3393 5393 3578 5449; x_wconf 76' lang='lat' dir='ltr'><strong>Varia-</strong></span> 
     </span>
    </p>
   </div>
   <div class='ocr_carea' id='block_1_149' title="bbox 1982 5468 3575 5544">
    <p class='ocr_par' dir='ltr' id='par_1_149' title="bbox 1982 5468 3575 5544">
     <span class='ocr_line' id='line_1_155' title="bbox 1982 5468 3575 5544; baseline -0.003 -24"><span class='ocrx_word' id='word_1_1126' title='bbox 1982 5483 2124 5532; x_wconf 86' lang='lat' dir='ltr'><strong>rum,</strong></span> <span class='ocrx_word' id='word_1_1127' title='bbox 2159 5470 2340 5544; x_wconf 28' lang='lat' dir='ltr'><strong>epis‘t.‘</strong></span> <span class='ocrx_word' id='word_1_1128' title='bbox 2363 5470 2448 5544; x_wconf 67' lang='lat' dir='ltr'><strong>li).</strong></span> <span class='ocrx_word' id='word_1_1129' title='bbox 2481 5469 2593 5544; x_wconf 87' lang='lat' dir='ltr'><strong>_Sed</strong></span> <span class='ocrx_word' id='word_1_1130' title='bbox 2620 5469 2746 5544; x_wconf 83' lang='lat' dir='ltr'><strong>quia</strong></span> <span class='ocrx_word' id='word_1_1131' title='bbox 2776 5468 2932 5537; x_wconf 89' lang='lat' dir='ltr'><strong>panis</strong></span> <span class='ocrx_word' id='word_1_1132' title='bbox 2976 5469 3091 5522; x_wconf 66' lang='lat' dir='ltr'><strong>haec</strong></span> <span class='ocrx_word' id='word_1_1133' title='bbox 3125 5480 3380 5544; x_wconf 76' lang='lat' dir='ltr'><strong>mensura</strong></span> <span class='ocrx_word' id='word_1_1134' title='bbox 3409 5480 3575 5544; x_wconf 79' lang='lat' dir='ltr'><strong>angu-</strong></span> 
     </span>
    </p>
   </div>
   <div class='ocr_carea' id='block_1_150' title="bbox 1950 5538 3572 5609">
    <p class='ocr_par' dir='ltr' id='par_1_150' title="bbox 1950 5538 3572 5609">
     <span class='ocr_line' id='line_1_156' title="bbox 1950 5538 3572 5609; baseline -0.002 -17"><span class='ocrx_word' id='word_1_1135' title='bbox 1950 5553 1954 5556; x_wconf 86' lang='grc'><strong>·</strong></span> <span class='ocrx_word' id='word_1_1136' title='bbox 1983 5546 2066 5609; x_wconf 83' lang='lat' dir='ltr'><strong>sta</strong></span> <span class='ocrx_word' id='word_1_1137' title='bbox 2095 5551 2199 5603; x_wconf 88' lang='lat' dir='ltr'><strong>est,</strong></span> <span class='ocrx_word' id='word_1_1138' title='bbox 2221 5539 2370 5594; x_wconf 90' lang='lat' dir='ltr'><strong>addit</strong></span> <span class='ocrx_word' id='word_1_1139' title='bbox 2397 5539 2454 5594; x_wconf 92' lang='lat' dir='ltr'><strong>S.</strong></span> <span class='ocrx_word' id='word_1_1140' title='bbox 2481 5540 2800 5594; x_wconf 88' lang='lat' dir='ltr'><strong>Benedictus</strong></span> <span class='ocrx_word' id='word_1_1141' title='bbox 2828 5555 3106 5609; x_wconf 85' lang='lat' dir='ltr'><strong>propensa,</strong></span> <span class='ocrx_word' id='word_1_1142' title='bbox 3133 5538 3186 5592; x_wconf 93' lang='lat' dir='ltr'><strong>id</strong></span> <span class='ocrx_word' id='word_1_1143' title='bbox 3213 5545 3315 5609; x_wconf 84' lang='lat' dir='ltr'><strong>est,</strong></span> <span class='ocrx_word' id='word_1_1144' title='bbox 3348 5551 3465 5609; x_wconf 77' lang='lat' dir='ltr'><strong>qua:</strong></span> <span class='ocrx_word' id='word_1_1145' title='bbox 3492 5538 3572 5588; x_wconf 86' lang='lat' dir='ltr'><strong>in-</strong></span> 
     </span>
    </p>
   </div>
   <div class='ocr_carea' id='block_1_151' title="bbox 1950 5605 3567 5680">
    <p class='ocr_par' dir='ltr' id='par_1_151' title="bbox 1950 5605 3567 5680">
     <span class='ocr_line' id='line_1_157' title="bbox 1950 5605 3567 5680; baseline -0.002 -20"><span class='ocrx_word' id='word_1_1146' title='bbox 1950 5617 1952 5620; x_wconf 75' lang='lat'><strong><em>&#39;</em></strong></span> <span class='ocrx_word' id='word_1_1147' title='bbox 1983 5607 2180 5680; x_wconf 68' lang='lat' dir='ltr'><strong>clinata</strong></span> <span class='ocrx_word' id='word_1_1148' title='bbox 2206 5611 2577 5680; x_wconf 72' lang='lat' dir='ltr'><strong>praeponderet</strong></span> <span class='ocrx_word' id='word_1_1149' title='bbox 2601 5625 2615 5672; x_wconf 92' lang='lat'><strong>;</strong></span> <span class='ocrx_word' id='word_1_1150' title='bbox 2651 5624 2799 5680; x_wconf 87' lang='lat' dir='ltr'><strong>nam,</strong></span> <span class='ocrx_word' id='word_1_1151' title='bbox 2824 5605 3120 5678; x_wconf 86' lang='lat' dir='ltr'><strong>propensus</strong></span> <span class='ocrx_word' id='word_1_1152' title='bbox 3149 5605 3567 5680; x_wconf 76' lang='lat' dir='ltr'><strong>estiuclinatus.</strong></span> 
     </span>
    </p>
   </div>
   <div class='ocr_carea' id='block_1_152' title="bbox 1943 5678 3564 5751">
    <p class='ocr_par' dir='ltr' id='par_1_152' title="bbox 1943 5678 3564 5751">
     <span class='ocr_line' id='line_1_158' title="bbox 1943 5678 3564 5751; baseline -0.002 -19"><span class='ocrx_word' id='word_1_1153' title='bbox 1943 5693 1952 5696; x_wconf 87' lang='grc'>·</span> <span class='ocrx_word' id='word_1_1154' title='bbox 1982 5678 2098 5751; x_wconf 85' lang='lat' dir='ltr'><strong>Etsi</strong></span> <span class='ocrx_word' id='word_1_1155' title='bbox 2129 5678 2457 5751; x_wconf 81' lang='lat' dir='ltr'><strong>smaragdus</strong></span> <span class='ocrx_word' id='word_1_1156' title='bbox 2481 5689 2534 5733; x_wconf 92' lang='lat' dir='ltr'><strong>et</strong></span> <span class='ocrx_word' id='word_1_1157' title='bbox 2552 5679 2883 5751; x_wconf 74' lang='lat' dir='ltr'><strong>Ruthardus,</strong></span> <span class='ocrx_word' id='word_1_1158' title='bbox 2907 5680 3176 5751; x_wconf 79' lang='lat' dir='ltr'><strong>explicent</strong></span> <span class='ocrx_word' id='word_1_1159' title='bbox 3197 5678 3254 5751; x_wconf 73' lang='grc' dir='ltr'><strong><em>ςτὸ</em></strong></span> <span class='ocrx_word' id='word_1_1160' title='bbox 3288 5693 3564 5751; x_wconf 80' lang='lat' dir='ltr'><strong>propensa,</strong></span> 
     </span>
    </p>
   </div>
   <div class='ocr_carea' id='block_1_153' title="bbox 1942 5747 3563 5832">
    <p class='ocr_par' dir='ltr' id='par_1_153' title="bbox 1942 5747 3563 5832">
     <span class='ocr_line' id='line_1_159' title="bbox 1942 5747 3563 5832; baseline -0.002 -29"><span class='ocrx_word' id='word_1_1161' title='bbox 1942 5749 2134 5832; x_wconf 80' lang='lat' dir='ltr'><strong>&#39;prius</strong></span> <span class='ocrx_word' id='word_1_1162' title='bbox 2159 5747 2357 5832; x_wconf 56' lang='lat' dir='ltr'><strong>pensa,</strong></span> <span class='ocrx_word' id='word_1_1163' title='bbox 2407 5766 2437 5803; x_wconf 91' lang='lat' dir='ltr'><strong>a</strong></span> <span class='ocrx_word' id='word_1_1164' title='bbox 2487 5747 3304 5832; x_wconf 41' lang='lat' dir='ltr'><strong>prmpqsitioneGraeca,yrpé.</strong></span> <span class='ocrx_word' id='word_1_1165' title='bbox 3358 5747 3438 5832; x_wconf 45' lang='lat' dir='ltr'><strong>id.</strong></span> <span class='ocrx_word' id='word_1_1166' title='bbox 3458 5755 3563 5832; x_wconf 72' lang='lat' dir='ltr'><strong>est,</strong></span> 
     </span>
    </p>
   </div>
   <div class='ocr_carea' id='block_1_154' title="bbox 1984 5816 3566 5901">
    <p class='ocr_par' dir='ltr' id='par_1_154' title="bbox 1984 5816 3566 5901">
     <span class='ocr_line' id='line_1_160' title="bbox 1984 5816 3566 5901; baseline -0.003 -27"><span class='ocrx_word' id='word_1_1167' title='bbox 1984 5816 2176 5892; x_wconf 39' lang='lat' dir='ltr'><strong>prius.‘</strong></span> <span class='ocrx_word' id='word_1_1168' title='bbox 2207 5820 2314 5878; x_wconf 88' lang='lat' dir='ltr'><strong>Sed</strong></span> <span class='ocrx_word' id='word_1_1169' title='bbox 2341 5837 2447 5878; x_wconf 91' lang='lat' dir='ltr'><strong>non</strong></span> <span class='ocrx_word' id='word_1_1170' title='bbox 2473 5816 2618 5891; x_wconf 54' lang='lat' dir='ltr'><strong>puto&#39;</strong></span> <span class='ocrx_word' id='word_1_1171' title='bbox 2631 5821 2892 5892; x_wconf 80' lang='lat' dir='ltr'><strong>ejusmodi</strong></span> <span class='ocrx_word' id='word_1_1172' title='bbox 2911 5816 3242 5901; x_wconf 63' lang='lat' dir='ltr'><strong>_voca_liultu&#39;n</strong></span> <span class='ocrx_word' id='word_1_1173' title='bbox 3270 5833 3389 5875; x_wconf 86' lang='lat' dir='ltr'><strong>esse</strong></span> <span class='ocrx_word' id='word_1_1174' title='bbox 3417 5816 3566 5870; x_wconf 85' lang='lat' dir='ltr'><strong>Lati-</strong></span> 
     </span>
    </p>
   </div>
  </div>
