4066 6342
517 383 657 441 1127

1540 373 1598 430 S.
1640 323 2006 428 BENEDICTI
2041 367 2332 426 ABBA'I‘IS
2369 365 2782 424 ANIANENSIS

3642 347 3804 421 μεθ

519 495 888 556 testimonium
905 532 922 561 ,
965 491 1112 548 velut
1155 490 1413 556 laborem,
1461 489 1648 546 fletum
1692 500 1748 544 et
1792 489 2090 545 tristitiam.
2120 491 2172 551 Α
2197 486 2352 548 valde
2375 485 2565 542 inutile
2593 493 2697 551 est,
2725 482 2892 540 etiam
2917 479 3130 552 corpori
3155 479 3222 536 ad
3249 478 3412 538 omne
3439 496 3600 552 opus.
3629 482 3805 537 Tum:

517 591 798 662 Nusquam
840 596 1021 642 autem
1062 585 1337 640 invenitur
1367 583 1481 639 risu
1523 599 1686 650 usus,
1718 591 1979 653 quantum
2024 581 2093 637 ad

518 683 803 740 historiam
838 681 1073 752 pertinet
1111 677 1407 750 Evangelii,
1444 678 1539 734 sed
1563 685 1617 733 et
1645 676 1774 733 ﬂere
1811 677 1984 748 magis
2013 676 2095 730 in-

517 774 738 830 venitur
780 788 874 828 eos
910 771 999 841 qui
1031 770 1228 836 rident,
1263 770 1450 825 dicens
1482 788 1496 823 :
1542 769 1628 824 Vw
1673 769 1814 824 vobis
1839 770 1929 840 qui
1958 785 2094 823 nunc

518 869 720 931 ridetis,
748 866 871 938 quia
913 864 1104 934 ﬂebitis
1163 863 1316 934 (Luc.
1355 862 1439 935 ιι).
1491 861 1602 918 Nec
1648 863 1792 918 enim
1837 863 2095 916 seducere

516 970 618 1010 nos
649 953 804 1008 debet
830 953 1126 1007 similitudo
1149 952 1386 1006 nominis
1417 952 1581 1007 risus.
1607 951 1723 1009 Mos
1753 967 1986 1021 namque
2014 958 2098 1006 est

519 1043 815 1114 Scripturas
845 1043 1117 1097 interdum
1147 1041 1388 1097 laztitiam
1418 1042 1586 1096 animi
1627 1041 1988 1111 affectumque
2013 1041 2098 1097 la:-

495 1135 712 1206 tiorem
785 1135 954 1188 risum
1009 1133 1326 1200 nominare,
1372 1134 1513 1190 sicut
1563 1135 1635 1189 ibi
1685 1134 1819 1190 Sara
1882 1135 2092 1204 inquit:

520 1225 708 1279 Risum
744 1225 865 1294 fecit
909 1223 1037 1278 mihi
1072 1224 1330 1279 Dominus
1380 1223 1533 1297 (Gen.
1572 1225 1706 1298 xxi).
1757 1227 1823 1281 Et
1865 1227 2093 1284 iterum:

517 1329 542 1356 ιι
563 1316 714 1371 Beati
743 1318 833 1388 qui
860 1319 985 1387 ﬂent
1020 1333 1180 1382 nunc,
1207 1318 1333 1387 quia
1362 1317 1601 1372 ridebunt
1626 1317 1780 1388 (Luc.
1805 1318 1903 1390 vt).
1937 1319 2004 1373 Et
2043 1320 2097 1375 in

515 1405 616 1462 Job
635 1410 779 1478 quod
799 1409 1003 1464 dictum
1034 1417 1118 1464 est
1146 1426 1157 1462 :
1185 1408 1214 1448 ι’
1235 1407 1308 1464 0s
1327 1417 1504 1464 autem
1532 1411 1794 1464 veracium
1817 1409 2100 1481 replebitur

516 1498 627 1554 risu
674 1497 796 1571 (Job
816 1499 958 1570 vm).
1002 1499 1130 1554 Haec
1158 1499 1304 1555 enim
1333 1500 1514 1553 omnia
1534 1501 1753 1555 nomina
1781 1516 1882 1570 pro
1904 1500 2099 1572 gaudio

515 1590 712 1645 animae
739 1589 1096 1658 acCipinntur.
1134 1588 1236 1656 Qui
1272 1605 1399 1660 ergo
1423 1590 1562 1645 liber
1582 1599 1667 1646 est
1707 1591 1776 1646 ab
1804 1593 1951 1646 omni
1975 1607 2101 1662 pas-

517 1681 692 1747 sione,
738 1689 793 1736 et
817 1680 950 1735 nihil
981 1695 1080 1751 per
1117 1679 1471 1735 incitamenta
1499 1681 1782 1737 libidinum
1813 1683 1973 1751 gerit,
2005 1682 2099 1738 sed

520 1771 862 1827 continenter
903 1778 958 1824 et
1005 1770 1186 1826 sobrie
1233 1771 1495 1826 adversus
1536 1787 1696 1828 omne
1743 1773 1887 1844 quod
1923 1779 2102 1844 potest

2201 581 2392 637 deinde
2428 579 2550 649 quia
2598 587 2653 634 et
2675 583 2934 649 gravatur
2979 577 3034 630 in
3074 591 3288 643 somno,
3335 584 3392 631 et
3439 576 3570 647 quia
3617 577 3804 630 etiam

2196 668 2316 724 laedi
2353 685 2420 724 ex
2449 667 2534 722 his
2563 667 2721 722 facile
2747 674 2942 737 potest.
2974 666 3081 722 Sed
3107 683 3210 722 nec
3240 667 3428 722 suavia
3455 682 3690 736 qumque
3725 664 3804 720 ad

2197 761 2360 816 ﬁnem
2393 760 2639 815 ciborum
2681 759 2938 816 sectanda
2967 767 3115 825 sunt,
3149 760 3244 814 sed
3274 757 3470 815 sufficit
3499 775 3666 814 usum
3694 778 3806 816 ex-

2196 855 2344 926 plere
2382 854 2597 910 vivendi
2626 851 2858 908 refutata
2887 851 3123 907 luxuria.
3155 851 3214 907 Si
3247 853 3394 907 enim
3426 851 3643 909 libidini
3674 870 3807 908 ser-

2198 946 2430 1011 viamus,
2464 943 2600 1000 nihil
2635 944 2787 998 aliud
2817 953 3088 1014 estquam
3125 944 3294 999 Deum
3316 941 3500 998 facere
3533 953 3800 998 ventrem

2198 1048 2462 1094 nostrum.
2493 1038 2759 1106 Quoniam
2781 1038 2999 1106 quidem
3021 1053 3222 1107 corpus
3246 1037 3543 1091 humanum
3566 1053 3805 1107 semper

2199 1131 2458 1187 exolescit
2484 1141 2538 1185 et
2575 1129 2777 1196 defluit,
2812 1130 3015 1185 idcirco
3043 1138 3097 1184 et
3132 1129 3328 1200 repleri
3369 1129 3577 1200 indiget
3607 1145 3675 1184 ac
3703 1145 3800 1183 re-

2200 1223 2444 1279 formari.
2476 1222 2706 1293 Propter
2745 1223 2889 1292 quod
2937 1232 2993 1278 et
3038 1222 3286 1278 naturale
3313 1231 3397 1279 est
3433 1223 3796 1278 desiderium.

2199 1313 2257 1369 Id
2295 1314 2440 1384 quod
2471 1313 2769 1368 secundum
2797 1321 3007 1368 rectam
3041 1313 3338 1379 rationem,
3388 1323 3484 1368 aut
3517 1326 3656 1368 usus
3679 1314 3800 1384 ipse

2201 1406 2269 1460 ad
2305 1405 2704 1474 reparationem
2752 1404 3036 1475 deposcit,
3092 1420 3279 1461 eorum
3327 1420 3446 1476 qua:
3499 1406 3797 1460 exinanita

2199 1495 2404 1551 fuerint
2438 1503 2494 1552 et
2523 1497 2824 1566 absumpta,
2859 1503 2968 1550 tam
3012 1496 3148 1552 aridi
3182 1513 3346 1567 quam
3376 1497 3544 1553 etiam
3574 1498 3796 1553 humidi

2201 1588 2461 1644 alimenti.
2505 1587 2563 1644 Si
2609 1589 2739 1658 quid
2777 1604 2906 1659 ergo
2952 1588 3081 1642 illud
3139 1599 3223 1645 est
3277 1591 3420 1659 quod
3470 1599 3656 1659 potest
3708 1590 3800 1646 vel

2199 1679 2452 1744 brevius,
2481 1679 2566 1734 vel
2592 1679 2806 1734 facilius
2832 1677 3059 1749 explere
3081 1679 3221 1734 hanc
3254 1681 3639 1736 necessitatem
3673 1698 3799 1736 cor-

2201 1771 2350 1843 poris
2390 1771 2445 1826 in
2474 1772 2628 1838 cibis,
2670 1773 2730 1828 id
2754 1773 2934 1843 potius
2975 1766 3287 1844 eligendum
3313 1782 3415 1828 est.
3451 1773 3560 1830 Sed
3588 1784 3646 1830 et
3691 1777 3797 1830 Do—

513 1861 712 1919 laedere
755 1863 975 1928 nititur,
1004 1863 1092 1919 hic
1126 1862 1368 1934 perfecte
1411 1865 1695 1920 continens
1722 1865 1922 1920 dicitur
1953 1883 1968 1932 ;
1999 1865 2092 1936 qui
2122 1851 2170 1912 Β
2197 1861 2400 1928 minus,
2430 1863 2534 1918 hoc
2567 1863 2779 1934 opinor,
2820 1864 3078 1931 ostendit,
3106 1878 3246 1920 cum
3266 1865 3574 1922 esurientes
3602 1866 3800 1922 refecit

515 1962 570 2007 et
599 1953 714 2008 sine
735 1952 897 2008 dubio
927 1968 1023 2022 per
1066 1954 1171 2009 hoc
1201 1953 1408 2010 alienus
1442 1954 1716 2010 invenitur
1744 1956 1812 2010 ab
1831 1955 1979 2011 omni
2009 1971 2102 2026 ge-

515 2061 647 2103 nere
683 2048 912 2117 peccati.
935 2048 1125 2104 Libido
1151 2064 1388 2119 namque
1423 2059 1508 2104 est
1535 2050 1702 2104 totius
1730 2049 1859 2103 mali
1901 2049 2103 2104 musci-

511 2139 672 2208 pula,
712 2148 768 2194 et
793 2156 889 2210 per
917 2141 1058 2196 hanc
1090 2156 1281 2197 omnes
1331 2141 1634 2213 decipimur
1677 2142 1745 2197 ad
1776 2149 2097 2213 peccatum:

513 2242 612 2298 per
641 2245 802 2299 quam
846 2231 939 2300 qui
982 2247 1090 2287 non
1132 2232 1445 2299 resolvitur,
1498 2248 1674 2302 neque
1708 2232 1998 2288 inclinatur
2034 2234 2102 2289 ab

515 2333 581 2374 ea
603 2361 618 2387 ,
651 2337 814 2378 omne
856 2337 924 2378 ex
961 2339 1020 2378 se
1047 2325 1258 2393 peccati
1288 2325 1586 2394 pessimum
1623 2340 1845 2394 germen
1879 2325 2099 2380 excidit.

660 2412 686 2484 §
724 2413 867 2468 XVI.
895 2445 967 2455 -——
1005 2415 1139 2469 Item
1167 2433 1232 2470 ea;
1269 2416 1450 2470 eadem
1471 2416 1672 2487 Regula
1703 2416 1842 2488 (cap.
1881 2417 1957 2489 9).

587 2501 855 2574 Interrog.
890 2515 912 2544 ε
956 2504 1086 2572 Qum
1115 2513 1200 2560 est
1241 2521 1494 2561 mensura
1523 2507 1910 2562 continentiae?
1940 2506 2098 2578 Resp.

514 2590 790 2663 Quantum
817 2602 1026 2664 spectat
1048 2595 1116 2650 ad
1143 2595 1272 2650 vitia
1296 2604 1351 2652 et
1375 2596 1708 2666 passionem,
1733 2596 1952 2667 penitus
1974 2597 2101 2654 abs‘

515 2683 712 2752 tinere,
760 2701 860 2742 nec
890 2703 1130 2756 unquam
1158 2688 1438 2759 superari;
1481 2695 1741 2760 quantum
1775 2698 2002 2759 spectat,
2034 2691 2103 2746 ad

516 2778 691 2846 cibos,
722 2788 881 2850 prout
912 2795 1044 2836 usus
1074 2781 1334 2852 deposcit,
1375 2781 1462 2837 vel
1487 2791 1641 2849 mtas,
1690 2782 1776 2838 vel
1811 2782 1985 2849 labor,
2017 2783 2100 2838 vel

521 2871 689 2927 robur
733 2872 1009 2944 corporis,
1049 2872 1135 2928 vel
1179 2872 1593 2930 incommoditas
1621 2872 1769 2942 ejus,
1818 2873 1894 2928 ita
1935 2874 2102 2928 etiam

516 2968 710 3023 modus
743 2975 799 3023 et
826 2968 1106 3039 aequalitas
1145 2969 1536 3040 temperabitur
1577 2969 1704 3024 cibi.
1744 2968 1930 3040 Neque
1956 2968 2101 3024 enim

516 3056 774 3128 possibile
803 3065 886 3112 est
915 3072 1103 3113 omnes
1138 3057 1337 3114 fratres
1366 3075 1534 3114 unum
1567 3060 1833 3126 ordinem,
1874 3059 1958 3116 vel
1987 3075 2075 3114 mo

514 3146 646 3226 (dum
684 3163 749 3202 ac
774 3147 1035 3219 Regulam
1078 3149 1372 3205 custodire.
1405 3150 1472 3204 Ili
1502 3165 1632 3205 vero
1673 3150 1766 3220 qui
1800 3151 1917 3206 sani
1950 3158 2077 3205 sunt

2203 1952 2258 2008 in
2306 1955 2563 2010 deserto:
2595 1956 2687 2025 qui
2730 1955 2918 2025 utique
2943 1956 3115 2025 possit
3155 1957 3361 2028 majore
3390 1957 3663 2013 miraculo
3706 1976 3796 2013 co-

2203 2045 2477 2115 piosiores
2524 2046 2604 2102 eis
2640 2047 2790 2102 cibos
2833 2062 3048 2118 parare,
3103 2047 3238 2102 nihil
3277 2049 3473 2104 horum
3515 2048 3669 2116 fecit,
3704 2052 3797 2106 sed

2204 2137 2503 2208 simplicem
2540 2138 2621 2193 eis
2653 2138 2898 2193 exhibuit
2926 2139 3164 2206 victum;
3199 2141 3495 2195 secundum
3523 2140 3793 2196 Joannem

2204 2229 2343 2301 (cap.
2389 2228 2465 2301 vr)
2496 2229 2736 2300 quinque
2776 2243 2944 2298 panes
2980 2229 3309 2286 hordeaceo:
3341 2239 3398 2286 et
3430 2243 3453 2271 ε
3498 2233 3797 2302 pisciculos

2203 2320 2337 2376 duos
2359 2321 2599 2391 apponit.
2640 2321 2716 2376 De
2743 2332 2871 2394 potu
2907 2339 3039 2379 vero
3069 2337 3169 2377 nec
3195 2324 3397 2378 mentio
3431 2323 3658 2393 quidem
3689 2325 3792 2378 ulla

2204 2408 2284 2463 fit.
2307 2409 2388 2464 Ex
2407 2426 2517 2480 quo
2545 2411 2676 2466 illud
2701 2412 2820 2469 sine
2846 2413 3007 2468 dubio
3038 2413 3349 2482 designatur
3376 2413 3521 2482 quod
3543 2416 3794 2469 omnibus

2204 2496 2476 2554 suﬂiciens
2513 2514 2633 2554 esse
2671 2501 2844 2571 possit
2889 2518 3044 2572 aquas
3079 2517 3209 2557 usus
3243 2513 3300 2558 et
3327 2506 3790 2574 pernecessarius,

2203 2589 2308 2644 nisi
2346 2590 2484 2670 forte
2510 2591 2705 2662 aliquis
2746 2608 2844 2663 per
2872 2594 3248 2650 infirmitatem
3287 2597 3536 2666 corporis
3569 2598 3691 2652 laedi
3726 2615 3792 2654 ex

2205 2679 2310 2736 hoc
2349 2681 2636 2736 videatur:
2665 2684 2760 2755 qui
2807 2685 2926 2740 sine
2966 2686 3129 2742 dubio
3176 2688 3475 2743 secundum
3511 2691 3791 2745 consilium

2205 2774 2433 2844 apostoli
2483 2775 2636 2831 Pauli
2681 2775 2788 2848 (Il
2842 2777 2980 2834 Tim.
3033 2779 3135 2847 ιιι)
3181 2781 3455 2835 cavendus
3498 2791 3615 2846 est,
3661 2783 3785 2851 quia

2204 2866 2399 2922 noxius
2448 2885 2461 2921 :
2509 2866 2602 2922 sed
2661 2876 2718 2924 et
2762 2884 3096 2941 quaecunque
3150 2870 3500 2927 manifestam
3554 2872 3794 2928 inferunt

2204 2970 2404 3012 noxam
2431 2959 2667 3028 corpori,
2690 2960 2980 3016 devitanda
3009 2969 3153 3016 sunt.
3181 2961 3493 3018 Absurdum
3523 2965 3669 3019 enim
3709 2964 3791 3019 vi-

2204 3048 2363 3104 detur
2383 3059 2605 3121 propter
2631 3051 2994 3107 substantiam
3017 3055 3262 3128 corporis
3297 3055 3450 3110 cibos
3476 3071 3712 3122 sumere,
3739 3067 3794 3113 et

2205 3156 2396 3199 rursus
2422 3159 2522 3214 per
2560 3145 2708 3215 ipsos
2743 3146 2896 3202 cibos
2920 3148 3135 3218 corpori
3177 3147 3380 3204 inferre
3417 3151 3709 3220 perniciem
3740 3159 3796 3205 et

515 3247 744 3311 possunt
782 3227 1028 3296 eamdem
1065 3255 1254 3296 omnes
1282 3255 1596 3296 mensuram
1632 3241 1898 3296 tenerem
1939 3241 2104 3296 absti-
2129 3237 2174 3300 C
2204 3233 2395 3290 inutile
2437 3235 2568 3290 illud
2611 3237 2838 3294 reddere
2871 3239 2939 3294 ad
2982 3241 3344 3296 ministerium
3389 3244 3788 3298 mandatorum.

517 3329 723 3384 nentia.
757 3328 1036 3384 lmmutari
1067 3344 1199 3385 vero
1239 3337 1452 3400 oportet
1473 3345 1572 3401 per
1605 3329 1867 3402 singulos,
1894 3332 1949 3386 in
1983 3333 2100 3402 qui-

520 3419 628 3474 bus
675 3435 838 3476 causa
870 3419 1053 3490 aliqua
1085 3420 1421 3477 diversitatis
1448 3421 1635 3476 existit
1663 3422 2006 3492 providentia
2043 3432 2100 3479 et

517 3511 827 3582 provisione
873 3528 1053 3568 rerum
1082 3554 1097 3580 ,
1159 3513 1357 3583 quibus
1397 3514 1743 3583 dispensandi
1799 3515 1915 3571 hinc
1970 3529 2098 3570 cura

515 3601 803 3656 commissa
829 3610 932 3657 est.
962 3600 1073 3658 Nec
1093 3601 1238 3658 enim
1261 3618 1359 3674 per
1385 3602 1594 3674 singula
1619 3618 1923 3659 sermonem
1947 3619 2098 3660 com-

515 3694 679 3766 plecti
707 3709 1024 3764 possumus;
1057 3695 1152 3751 sed
1191 3696 1566 3751 tantummodo
1596 3696 2101 3765 comprehendimus

515 3800 637 3854 qum
660 3784 727 3838 ad
761 3800 1100 3840 communem
1133 3793 1188 3841 et
1223 3787 1532 3857 generalem
1576 3788 1851 3858 pertinent
1885 3789 2102 3844 institu-

521 3877 742 3933 tionem.
792 3878 998 3934 Solatio
1036 3894 1169 3934 vero
1195 3878 1223 3919 ἀ
1264 3880 1730 3936 incommodorum
1760 3881 1815 3934 in
1853 3881 1986 3938 cibis
2015 3881 2101 3937 vel

517 3981 706 4021 eorum
729 3969 822 4037 qui
851 3969 964 4036 jam
1007 3969 1134 4025 fessi
1159 3979 1284 4026 sunt
1309 3987 1377 4026 ex
1401 3988 1566 4042 opere
1593 3973 1958 4039 continentiae,
1987 3975 2101 4029 sive

517 4073 583 4113 ex
618 4058 738 4112 aliis
779 4061 975 4128 quibus
1023 4061 1154 4117 libet
1196 4063 1472 4120 laboribus
1521 4080 1656 4134 quos
1702 4081 1801 4136 pro
1841 4067 2100 4138 religione

517 4149 878 4219 pertulerunt,
925 4150 980 4205 hi
1025 4153 1116 4220 qui
1166 4162 1426 4222 prasunt,
1477 4156 1772 4230 secundum
1825 4159 1970 4228 quod
2014 4173 2100 4214 res

517 4251 572 4297 et
610 4243 749 4296 ratio
779 4243 1051 4312 deposcit,
1098 4243 1451 4300 adhibebunt.
1497 4246 1683 4317 Neque
1719 4263 1850 4320 ergo
1887 4257 2100 4319 tempus

515 4328 792 4385 reficiendi
828 4332 1078 4388 omnibus
1103 4334 1246 4389 idem
1279 4336 1445 4390 statui
1478 4343 1681 4406 potest,
1707 4353 1884 4408 neque
1909 4339 2100 4396 modus

517 4418 648 4484 cibi,
672 4436 848 4491 neque
867 4421 1136 4492 qualitas;
1163 4424 1258 4480 sed
1279 4435 1598 4496 prospectus
1629 4427 1730 4483 iste
1753 4429 1823 4484 sit
1847 4430 2100 4487 omnibus

517 4525 678 4578 unus,
727 4520 788 4566 ut
820 4528 930 4568 non
975 4529 1146 4586 usque
1189 4516 1257 4572 ad
1294 4517 1603 4574 satietatem
1645 4520 1998 4590 persistamus
2041 4521 2099 4575 in

2205 3325 2433 3396 Oportet
2461 3338 2640 3384 tamen
2667 3330 2981 3387 omnimode
3009 3332 3117 3388 illis
3139 3334 3216 3388 uti
3239 3334 3374 3388 cibis
3391 3334 3476 3403 qui
3497 3343 3551 3388 et
3571 3333 3786 3390 facilius

2203 3427 2261 3474 et
2298 3418 2457 3475 vilius
2487 3431 2888 3492 comparantur,
2921 3431 2980 3477 ut
3012 3438 3081 3478 ne
3119 3425 3408 3481 occasione
3448 3425 3792 3480 abstinentize

2205 3511 2549 3567 inveniamur
2569 3513 2890 3583 pretiosiora
2913 3529 3141 3585 qumque
3156 3515 3219 3570 'et
3241 3513 3545 3571 difficiliora
3570 3517 3789 3582 sectari,

2205 3606 2333 3661 dum
2359 3607 2622 3662 suavitate
2661 3609 3128 3664 condimentorum
3150 3610 3285 3666 viles
3323 3620 3529 3667 natura:
3551 3611 3702 3666 cibos
3729 3612 3780 3664 in

2207 3713 2474 3754 summum
2507 3715 2571 3755 ac
2605 3700 2896 3756 delicatum
2926 3717 3177 3772 saporem
3218 3704 3479 3758 extollere
3507 3719 3788 3758 conamur.

2208 3786 2316 3845 Sed
2344 3790 2390 3846 si
2418 3791 2546 3860 quid
2572 3799 2656 3846 est
2677 3792 2820 3861 quod
2849 3792 2903 3845 in
2930 3809 3251 3863 unaquaque
3275 3794 3557 3864 provincia
3583 3793 3790 3848 facilius

2206 3883 2441 3938 etvilius
2480 3892 2848 3955 comparatur,
2879 3892 2934 3940 et
2964 3886 3105 3954 quod
3126 3886 3177 3940 in
3203 3901 3300 3939 usu
3331 3886 3610 3939 hominum
3647 3900 3790 3940 com-

2207 3978 2444 4033 muniter
2463 3978 2707 4043 habetur,
2733 3979 2838 4034 hoc
2859 3980 2927 4034 ad
2943 3994 3072 4034 usus
3093 3986 3308 4033 nostros
3323 3986 3538 4048 oportet
3559 3979 3780 4042 assumi,

2205 4077 2263 4124 et
2289 4084 2353 4124 ea
2379 4069 2754 4124 tantummodo
2781 4069 2984 4140 requiri
3009 4085 3127 4139 qua:
3148 4069 3217 4123 ad
3245 4069 3414 4122 vitam
3442 4083 3788 4139 pernecesse

2206 4158 2289 4213 ria
2327 4166 2472 4225 sunt,
2519 4158 2571 4212 id
2604 4166 2704 4224 est,
2753 4159 2952 4226 oleum,
2998 4159 3078 4217 ve'.
3123 4159 3227 4213 alia
3267 4159 3663 4228 hujuscemodi,
3706 4158 3786 4213 vel

2205 4250 2252 4306 si
2279 4265 2386 4321 qua
2411 4251 2575 4306 etiam
2595 4251 2662 4305 ad
2684 4251 3075 4306 infirmantium
3107 4251 3346 4306 solamen
3382 4237 3726 4307 adhibentur.
3763 4273 3781 4304 ι

2488 4341 2515 4414 §
2552 4340 2712 4398 XVII.
2741 4371 2813 4382 -—
2836 4341 2916 4396 Ex
2951 4341 3168 4398 Rasum
3196 4358 3482 4398 cususmu.

2277 4433 2423 4490 Caro
2448 4442 2505 4489 et
2525 4435 2711 4489 vinum
2727 4434 2841 4489 sive
2866 4444 3052 4504 potus,
3075 4438 3128 4488 in
3152 4450 3257 4504 qpo
3280 4435 3348 4489 sit
3371 4436 3630 4501 ebrietas,
3662 4437 3682 4475 ί
3706 4451 3762 4490 rc

2206 4523 2429 4580 futanda
2456 4532 2581 4580 sunt
2612 4524 2916 4591 monachis,
2945 4539 3046 4580 nec
3075 4525 3435 4594 suscipienda,
3474 4529 3671 4596 quibus
3693 4543 3786 4599 pro

516 4603 748 4661 edendo.
777 4604 996 4677 Repleri
1037 4609 1184 4664 enim
1207 4619 1505 4693 eventrem,
1538 4621 1593 4670 et
1626 4616 1840 4687 gravari
1869 4631 1937 4671 ex
1967 4615 2104 4672 cibis
2128 4609 2182 4671 D
2207 4615 2425 4672 Christo
2451 4614 2747 4670 cruciﬁxus
2773 4623 2858 4672 est
2887 4616 3142 4683 mundus,
3183 4624 3238 4671 et
3265 4617 3369 4687 ipsi
3401 4622 3604 4674 mundo
3637 4639 3650 4673 :
3692 4623 3715 4660 ε
3738 4627 3786 4674 ct

505 4785 508 4788 ~
588 4768 617 4799 ι
643 4758 794 4837 _Beati
815 4761 906 4831 qui
931 4763 1076 4837 ﬂent.
1110 4763 1188 4820 Ita
1218 4768 1359 4837 apud
1383 4768 1658 4826 Rullnum.
1693 4772 1790 4828 Est
1810 4781 1992 4829 tamen
2023 4787 2106 4830 se-

515 4830 692 4899 cunda
713 4830 944 4899 perSona
974 4832 1104 4889 Luc.
1128 4851 1201 4891 Vl.

590 4901 617 4983 li
648 4898 726 4983 0s
749 4905 1030 4983 veracium
1053 4906 1358 4983 imptebiturr
1380 4913 1509 4967 risu.
1534 4912 1613 4967 Ita
1656 4916 1797 4983 apud
1825 4915 2102 4974 Ruﬁnum.

514 4965 571 5053 In
592 4979 748 5053 textu
775 4971 962 5053 Gl:ch
996 4965 1196 5053 Basilii,
1229 4980 1319 5035 ubi
1349 4965 1505 5037 locus
1527 4965 2101 5053 eiiaiii'r'édeB'fii'é

517 5039 748 5127 habetur
779 5045 1046 5127 ειὰῇῃβικρν
1069 5039 1238 5127 accipe:
1269 5054 1514 5123 ἐμπλήσει
1541 5039 2098 5127 7am;{id'é'si','6§

516 5125 672 5190 rerum
694 5113 921 5193 implebit
960 5117 1090 5171 risu.
1125 5113 1264 5193 [fuge
1293 5113 1487 5178 'tamen
1516 5113 1778 5193 sinonem},
1814 5128 1868 5183 id
1902 5113 2100 5185 est’ve;

518 5194 736 5267 Ϊξξξῇίξτηε
763 5191 917 5252 luna
941 5191 1303 5267 ξθριιιθεὶηω,
1343 5209 1479 5267 quos
1505 5195 1593 5251 hic
1627 5191 1874 5267 sequitur
1897 5200 1955 5254 S.
1991 5200 2096 5254 Ba-

518 5248 686 5303 silius.
720 5248 777 5308 lli
795 5248 1062 5326 (versione
1091 5248 1376 5317 communi
1399 5248 1954 5324 {obiiéc‘iﬁtbiaiufr'
1987 5248 2099 5326 {riu

518 5333 574 5371 os
597 5328 764 5396 tuum,
787 5324 939 5396 juxta
970 5338 1173 5384 textum
1202 5331 1547 5391 Hebraicum.

591 5401 612 5427 ε
657 5392 898 5474 Onagost
911 5416 1158 5474 mensura
1189 5405 1543 5474 continentiae,
1587 5418 1692 5465 etc.
1728 5410 1853 5466 "me
1891 5413 2098 5469 haben-

517 5465 1140 5555 turna‘pudnSL‘Basilium,
1160 5474 1349 5555 interr.
1376 5478 1440 5535 ~19
1462 5465 1652 5552 Regul.
1675 5465 1850 5538 fusius
1868 5465 2094 5555 diem,

518 5539 572 5582 et
593 5535 736 5614 apud
763 5535 1034 5614 Rufinum,
1075 5535 1193 5614 cap.
1231 5547 1318 5601 10.

588 5600 1157 5695 ἱ,ζηέε²ῐέἠοάοὶἰένῖιῖ
1200 5617 1257 5672 ίά
1304 5629 1407 5684 εει,
1447 5623 1794 5692 morborum;
1851 5627 1908 5680 in
1941 5633 2096 5681 textu

517 5669 710 5760 Grazcg
721 5679 1021 5760 saxeam»,
1054 5685 1105 5736 id
1129 5669 1214 5760 est
1231 5669 1590 5760 spinetis".

596 5740 954 5836 Lifisn'ciculos
982 5740 1132 5806 duos.
1166 5740 1320 5836 Joan‘i
1374 5777 1463 5814 xvi
1501 5763 1692 5836 Lduos
1721 5766 1909 5835 pisces,
1939 5766 2095 5836 juxta

522 5821 826 5871 Ycrstoncm
855 5831 1210 5880 communem.
1246 5827 1302 5882 ln
1331 5838 1478 5887 textu
1501 5821 1732 5904 'Grteco,
1755 5835 1846 5892 δύο
1877 5821 2094 5912 ἐφ’άριαγέ

2208 4774 2262 4853 i_d
2288 4784 2372 4853 est
2397 4775 2532 4853 duos
2549 4775 3109 4853 Δρίεκῖίοιιᾎοεξκεὶψσὶριςηο
3129 4819 3142 4844 ,
3171 4777 3317 4853 enim
3354 4779 3779 4853 estgpisciculus.

2209 4843 2461 4924 Suid_as_:
2503 4843 2730 4924 ὀφᾲριον,
2762 4843 3015 4924 εχρνξδιὸνζ
3053 4848 3106 4901 id
3133 4856 3216 4902 est
3243 4843 3556 4924 pisciculus;

2283 4917 2303 4957 ἲ
2331 4917 2632 5042 Re{utanda
2662 4917 2885 4973 suntI'Id
2907 4926 3010 4984 est,
3035 4917 3332 4973 recusanda
3357 4929 3501 4974 sunt.
3527 4919 3784 4975 Refutare

2283 4988 2348 5042 im
2377 5005 2408 5042 a
2434 4989 2669 5042 innando
2703 4999 2784 5042 est
2809 5003 3078 5042 recusare.
3116 4989 3173 5042 S.
3205 4988 3431 5042 Grenor.
3459 4991 3784 5042 Turonensis

2205 4988 2358 5060 enim
2377 4988 2669 5060 aliquando
2703 4999 2784 5044 est
2809 5003 3078 5044 recusare.
3116 4989 3173 5060 S.
3205 4988 3431 5060 Gregor.
3459 4991 3786 5045 Turonensis

2207 5059 2274 5115 de
2315 5058 2437 5115 Vita
2471 5058 2728 5123 Patrum,
2772 5075 2896 5130 cap.
2928 5059 2992 5112 10
3024 5077 3036 5112 :
3075 5079 3093 5110 ‹
3137 5058 3417 5115 Romanus
3447 5077 3578 5115 vero
3615 5064 3783 5116 adhuc

2203 5130 2612 5195 adolescentior,
2646 5140 2702 5185 et
2731 5131 2797 5186 ad
2817 5145 2952 5200 opus
2978 5130 3074 5184 Dei
3100 5132 3342 5186 animum
3371 5133 3664 5186 extendere
3688 5148 3781 5186 cu-

2199 5201 2354 5275 piens
2376 5203 2591 5275 nuptias
2613 5201 2886 5275 refutavit.
2915 5201 3156 5275 rGlossa:
3169 5217 3489 5275 anonymze:
3514 5202 3781 5267 Renuctw,

2200 5271 2292 5343 qui
2318 5271 2551 5343 refutant
2587 5273 2825 5326 abbatem
2848 5271 3058 5327 habere.

2277 5345 2302 5383 8
2318 5342 2387 5415 Et
2404 5343 2566 5415 ferias
2587 5344 2842 5398 monacho
2869 5359 2971 5398 non
2989 5359 3100 5398 esse
3113 5360 3272 5415 super
3287 5353 3501 5399 terram.
3524 5343 3684 5400 Deest
3691 5343 3786 5415 ali-

2202 5413 2346 5484 quod
2359 5414 2603 5486 verbum,
2622 5429 2813 5486 nempe
2824 5415 3094 5468 sciendum
3105 5413 3205 5480 est,
3229 5415 3314 5470 vel
3328 5415 3456 5486 quid
3471 5416 3666 5471 simile.
3689 5413 3782 5468 Hic

2205 5494 2384 5540 autem
2416 5485 2577 5540 Pater
2626 5485 2695 5539 ab
2740 5485 2965 5540 aliorum
3013 5487 3283 5540 sententia
3325 5485 3617 5556 discrepat,
3663 5500 3780 5539 cum

2203 5555 2454 5627 prohibet
2484 5558 2537 5610 in
2563 5556 2998 5612 solemnitatibus
3023 5556 3220 5612 fratres
3247 5557 3408 5626 paulo
3446 5555 3638 5611 melius
3661 5570 3784 5624 pro-

2205 5627 2384 5699 curari
2412 5668 2426 5691 ,
2460 5627 2912 5699 quemadmodum
2945 5637 3000 5682 et
3029 5628 3290 5699 Evagrius
3341 5629 3394 5681 in
3425 5627 3726 5698 proverbiis
3765 5639 3779 5679 :

2212 5715 2230 5748 ι
2270 5696 2347 5750 Ne
2377 5699 2550 5763 dicas,
2601 5698 2771 5753 Hodie
2818 5697 3104 5762 festivitas,
3147 5696 3203 5752 et
3235 5696 3682 5763 bibam—vinum;
3729 5704 3782 5749 et

2205 5782 2333 5839 cras
2361 5767 2711 5839 Pentecoste,
2764 5778 2819 5824 et
2852 5769 3192 5823 manducabo
3238 5784 3434 5824 carnes
3475 5787 3487 5823 :
3522 5771 3648 5839 quia
3679 5782 3780 5825 non

2205 5847 2290 5900 est
2308 5837 2575 5895 festivitas
2599 5839 2740 5911 apud
2769 5839 3063 5898 monachos
3089 5853 3252 5911 super
3273 5847 3497 5896 terram.
3531 5837 3549 5893 ὁ
