4066 6342
249 367 388 425 1119

241 479 410 536 ferias
453 475 843 534 monachorum
869 486 980 530 non
1024 484 1148 529 esse
1176 488 1339 546 super
1373 481 1580 529 terram
1618 487 1632 524 :
1663 482 1690 511 ι
1720 468 1826 525 nisi
1853 501 1903 560 Α

240 571 513 627 modicum
551 569 605 625 in
647 569 883 625 adventu
930 565 1162 622 fratrum
1199 572 1458 638 tanquam
1503 562 1710 621 Christi
1755 561 1828 618 le-

238 662 380 718 ctior
435 658 604 717 fuerit
645 660 802 718 cibus
844 659 1020 734 gratia
1075 657 1382 716 charitatis.
1436 656 1826 714 Verumtamen

314 807 342 839 ι
375 793 500 852 Nisi
535 798 593 868 in
627 797 850 854 adventu
893 797 1143 868 fratrum.
1187 797 1450 855 Solebant
1488 805 1704 853 veteres
1749 792 1828 850 illi

241 868 494 940 monachi
533 867 795 926 fratribus
823 867 1236 940 advenientibus
1261 869 1422 940 paulo
1466 868 1668 925 lautius
1697 882 1832 937 epu-

239 935 377 1006 lari,
414 947 476 996 ut
503 939 713 998 clarum
756 950 842 999 est
869 956 939 1000 ex
969 935 1478 1008 Cassiano,'collat.
1516 955 1670 1006 xxiv,
1703 935 1826 1008 cap.

261 1077 590 1102 Ψ

1168 356 1565 419 CONCORDIA
1603 341 2186 416 ιιΕαυιΑιιυιιῖξ
2213 353 2368 414 CAP.
2405 350 2595 413 XLIX.

3375 346 3516 408 H30

1929 469 2259 526 abstinentia
2294 466 2523 542 tegenda
2560 469 2667 531 est,
2713 477 2784 520 ne
2816 461 3095 535 jactautiae
3140 461 3274 518 vitio
3302 461 3519 520 decida-

1930 581 2053 623 mus
2081 565 2135 621 in
2165 565 2413 637 lapsum;
2453 560 2600 634 quod
2644 575 2758 633 pra:
2787 559 3037 618 omnibus
3076 559 3224 617 vitiis
3261 557 3520 632 gravissi-

1933 675 2084 716 mum
2109 667 2216 715 est.

1932 794 2002 850 20
2039 802 2097 850 et
2149 808 2301 864 seq.;
2343 807 2412 849 ex
2448 789 2607 864 Vitis
2631 788 2856 848 Patrum
2905 795 2962 846 et
3003 804 3071 846 ex
3111 786 3386 864 nonnullis
3430 768 3519 845 his

1933 865 2187 922 Patribus
2217 860 2322 922 hoc
2355 862 2534 935 capite
2563 863 2632 920 ab
2665 870 2888 920 auctore
2924 870 3112 917 nostro
3134 860 3334 916 citatis.

591 1065 3512 1104 Mm

1533 1181 1875 1301 CAPUT
1949 1179 2225 1260 XLIX.

1527 1343 1620 1402 DE
1657 1337 1991 1398 MENSURA
2029 1333 2282 1395 POTUS.
2376 1408 2378 1411 λ

1617 1459 2151 1488 ῤ’.-

309 1609 318 1622 .
469 1537 496 1611 §
527 1536 568 1593 l.
594 1564 666 1578 -
695 1535 778 1592 Ex
811 1531 1045 1593 Rsousa'
1072 1547 1261 1591 ssnon
1295 1531 1612 1588 BENEDICTI.

317 1628 698 1701 Unusquisque
726 1627 1002 1700 proprium
1031 1624 1196 1682 habet
1216 1624 1416 1681 donum
1441 1638 1510 1679 ex
1536 1622 1668 1687 Deo,
1695 1618 1834 1677 alius

244 1725 347 1792 sic,
381 1724 516 1781 alius
543 1738 672 1780 vero
701 1723 799 1779 sic.
857 1721 927 1777 Et
954 1721 1078 1778 ideo
1115 1735 1240 1776 cum
1279 1718 1460 1792 aliqua
1505 1716 1835 1802 scrupulosi-

318 1939 344 1970 ι
384 1924 672 1997 "emittant
691 1922 820 1997 vini.
861 1920 1010 1997 Quid
1047 1919 1120 1976 sit
1142 1917 1365 1997 hemina
1392 1915 1666 1997 explicant
1696 1914 1836 1997 glos-

245 2013 321 2056 εςιε
353 2006 562 2052 veteres
591 2013 604 2049 :
646 1993 821 2064 [mina
843 1995 1127 2064 ήμίξισςτον,
1157 1990 1340 2064 idest,
1385 1989 1828 2064 seritisextarius;

244 2069 337 2125 ubi
373 2067 676 2141 legentium,
722 2057 970 2141 ljemi'na.
1019 2062 1075 2118 Id
1100 2061 1373 2141 colligitur
1405 2076 1472 2141 ex
1502 2059 1697 2141 Gellio,
1732 2057 1825 2141 lib.

245 2157 334 2205 ιιι,
365 2131 483 2208 cap.
517 2137 585 2194 15
616 2153 630 2189 :
667 2155 685 2186 ι
722 2134 922 2191 Contra
951 2143 1156 2208 autem,
1181 2131 1322 2208 si'ex
1351 2133 1594 2208 sextario
1614 2131 1832 2208 hemina

244 2200 368 2267 fusa
392 2200 500 2273 est,
523 2208 829 2271 dimidium,
881 2222 987 2261 non
1027 2205 1364 2262 dimidiatum
1397 2204 1714 2273 sextarium,
1751 2200 1834 2255 fu-

245 2298 367 2339 sum
413 2271 698 2334 dicendum
727 2287 830 2332 est.
865 2298 883 2330 ι
925 2277 1070 2333 Idem
1094 2277 1250 2332 docet
1275 2275 1508 2330 Festus:
1548 2293 1566 2325 ι
1607 2271 1834 2328 Hemina

245 2369 315 2409 ex
338 2351 526 2408 Cneco
546 2353 726 2422 ἧμισςυ,
751 2349 895 2422 qiiod
923 2358 1006 2404 est
1027 2348 1243 2422 dimidia
1273 2362 1398 2422 pars
1419 2345 1664 2422 sextarii.
1701 2365 1719 2396 ι
1749 2343 1834 2422 _lta

245 2425 412 2479 etiam
444 2415 627 2477 censet
651 2421 710 2476 S.
751 2415 987 2474 Isidorus
1017 2435 1139 2473 mox
1171 2415 1424 2473 uitandus
1447 2425 1502 2472 et
1531 2415 1834 2472 Rhemnius

246 2494 488 2551 Fannius
519 2492 761 2548 carmine
790 2491 856 2546 de
879 2489 1215 2544 Ponderibus
1242 2498 1298 2543 et
1330 2488 1618 2543 mensuris.

376 2605 442 2656 Αι
461 2603 648 2666 cciylas
668 2603 832 2666 (quas,
856 2602 896 2651 sl
923 2600 1130 2662 placeat,
1151 2601 1333 2650 dixisse
1359 2601 1531 2651 licebit

375 2667 630 2726 Heminas)
655 2667 831 2729 recipit
853 2667 1076 2728 geminas
1092 2667 1343 2715 sextarius
1365 2676 1506 2714 unus.

251 2775 354 2834 Ubi
388 2772 787 2831 observandum
826 2772 1074 2827 eamdem
1113 2787 1234 2828 esse
1261 2772 1496 2843 cotylam
1525 2770 1838 2828 Grzecorum

253 2863 379 2904 cum
430 2847 645 2903 hemina
687 2845 1024 2899 Latinorum.
1078 2843 1230 2910 Quod
1279 2844 1447 2900 etiam
1475 2851 1627 2898 notat
1664 2843 1839 2914 llesy-

251 2919 426 2981 chius,
461 2934 581 2974 cum
611 2917 706 2982 ait,
728 2923 928 2988 Ἦμίνα.
959 2917 1163 2975 κοτύλη.
1183 2914 1435 2988 _Accedi_t
1479 2913 1840 2988 quodCotyla

251 2989 454 3067 ρι’ωὼ
479 2989 564 3067 _sit
607 2983 1124 3067 semisextarius,_ut
1151 2985 1362 3067 docent
1383 2983 1450 3067 AS.
1471 2983 1838 3067 _Epiphanitt_s,

249 3061 344 3116 lib.
377 3062 443 3116 de
479 3059 855 3124 Ponderibus;
899 3056 1226 3113 Scholiastes
1251 3055 1629 3126 Aristophanis
1654 3057 1706 3110 in
1731 3055 1842 3126 Pli-

254 3141 422 3197 ctum,
465 3142 570 3187 act.
606 3131 668 3193 ll,
702 3145 780 3184 sc.
815 3146 902 3184 1v:
954 3129 1151 3204 Κοςι-ρλη
1185 3127 1240 3183 δέ
1276 3129 1386 3204 ign
1427 3124 1561 3204 έῖδος
1590 3129 1782 3204 μέτροιξ
1813 3125 1840 3183 ὃ

251 3206 512 3278 λεγόμενον
539 3206 658 3278 ἡμῖν
685 3204 970 3278 finisset-qv,
1021 3199 1073 3254 id
1097 3207 1206 3278 est,
1240 3219 1257 3250 ι
1289 3197 1478 3278 Cotyla
1518 3197 1841 3278 estsp'ecies

253 3262 522 3332 mensurae
551 3262 696 3329 dicta
717 3262 756 3327 ἰι
786 3262 1408 3327 ἰιοιιιεέεηιίδειιιιιι-ἰιιεῖ
1441 3291 1460 3324 ι
1518 3270 1585 3326 Ει
1615 3262 1835 3334 Shidas,

1937 1534 2050 1582 tate
2098 1540 2130 1580 a
2164 1523 2320 1582 nobis
2347 1535 2602 1582 mensura
2657 1523 2834 1580 victus
2875 1523 3103 1580 aliorum
3157 1523 3528 1583 constituitur.

1938 1619 2144 1677 Tamen
2168 1617 2508 1674 inﬁrmorum
2531 1626 2849 1675 contuentes
2873 1617 3318 1684 imbellicitatem,
3349 1619 3530 1675 credi-

1937 1728 2058 1770 mus
2079 1724 2106 1754 ι
2134 1711 2410 1769 heminam
2428 1711 2541 1769 vini
2560 1726 2660 1784 per
2684 1710 2926 1784 singulos
2947 1710 3199 1768 sufﬁcere
3233 1726 3331 1784 per
3357 1711 3530 1768 diem.

1937 1929 2056 1984 cap.
2085 1911 2176 1978 24,
2206 1911 2547 1984 Priscianum
2571 1911 2665 1969 lib.
2697 1911 2765 1969 de
2787 1910 3130 1971 Ponderibus
3153 1919 3210 1970 et
3234 1910 3526 1979 Mensuris,

1861 1963 1908 2024 Β
1937 1963 2057 2056 65f).
2083 1963 2151 2052 ἐξ
2162 1963 2230 2040 ἒξ
2247 1963 2560 2040 manu“;

2065 2098 2216 2150 Uncia
2241 2098 2294 2149 tit
2308 2097 2559 2174 drachmis
2581 2098 2658 2150 bis
2679 2104 2932 2164 quattuor.

1936 2202 2124 2278 itaque
2151 2219 2279 2278 cum_
2295 2220 2391 2278 sex
2421 2205 2602 2278 cyathi
2630 2204 2865 2278 debeant
2891 2203 3106 2261 eﬁicere
3129 2202 3411 2278 duodecim
3435 2221 3540 2262 un-

1939 2275 2053 2348 cias
2074 2275 2230 2343 juxta
2263 2275 2548 2340 Isidorum,
2577 2275 2891 2333 necessario
2926 2278 3155 2348 cyathus
3184 2277 3380 2348 pendet
3412 2292 3540 2333 sex-

1939 2347 2112 2402 decim
2136 2348 2447 2415 drachmas,
2477 2348 2622 2418 quod
2645 2357 2731 2403 est
2749 2357 2940 2404 contra
2962 2347 3149 2418 ipsum
3179 2347 3445 2403 lsidorum
3482 2354 3543 2404 et

1938 2432 2128 2473 omnes
2155 2426 2428 2482 auctores,
2470 2420 2562 2490 qui
2591 2419 2838 2490 scribunt
2857 2419 3115 2490 cyathum
3145 2420 3378 2490 appendi
3401 2420 3540 2475 dun-

1938 2496 2108 2562 taxat
2123 2490 2309 2562 decem
2330 2489 2645 2562 drachmis.
2691 2489 2802 2545 Nec
2848 2489 3030 2562 obstat
3054 2492 3199 2560 quod
3220 2489 3540 2562 Hesychius

1937 2567 1994 2616 et
2018 2558 2216 2632 Suidas
2237 2559 2478 2632 scribant
2508 2561 2764 2632 cyathum
2794 2575 2916 2616 esse
2945 2558 3175 2632 duarum
3212 2558 3534 2628 unciarum';

1939 2646 2068 2687 nam
2095 2631 2270 2704 Caeci
2304 2631 2648 2704 grammatici
2691 2631 2746 2686 in
2796 2633 2960 2687 rebus
2993 2631 3312 2704 Latinorum
3343 2632 3543 2703 saepius

1939 2711 2146 2758 errant.
2207 2700 2336 2767 Sed,
2395 2711 2454 2776 ut
2507 2703 2738 2776 hemina:
2767 2718 3041 2776 ‘mensura
3083 2703 3298 2776 plenius
3339 2700 3544 2776 cogno-

1941 2783 2168 2844 scatur,
2250 2773 2436 2844 quanti
2495 2775 2701 2844 valeat”
2747 2771 3006 2844 drachma
3060 2771 3356 2830 videndum
3411 2771 3539 2831 'est.

1943 2843 2214 2915 Drachma
2264 2843 2429 2915 igitur
2473 2844 2630 2915 juxta
2671 2843 2728 2900 S.
2776 2843 3045 2900 Isidorum
3095 2845 3222 2915 libri
3259 2845 3412 2901 citati
3449 2860 3544 2902 ca-

1941 2914 2194 2986 piteai;
2244 2914 2609 2986 Priscianum,
2665 2930 2787 2986 cap.
2833 2915 2869 2969 5
2919 2915 3040 2970 libri
3087 2917 3155 2971 de
3200 2914 3542 2973 Ponderibus

1945 2984 1999 3040 et
2022 2984 2316 3113 luieitsult'is,
2348 2994 2403 3042 et
2426 2985 2714 3053 Fannium,
2734 2984 3066 3058 appenditur
3089 2987 3364 3061 argenteis
3384 3003 3542 3045 scru-

1945 3071 2016 3113 uu
2043 3071 2089 3111 IS
2155 3074 2198 3112 l‘l
2241 3073 2322 3113 us.

1944 3071 2089 3128 puus
2129 3071 2322 3114 tribus.

2069 3172 2124 3222 In
2147 3172 2553 3235 scrupulisttrinis
2573 3171 2799 3223 drachma
2823 3175 2919 3230 est.
2939 3151 3039 3235 quo
3066 3173 3288 3234 pondere
3311 3174 3471 3228 doctis

2071 3233 2280 3299 Argenti
2305 3233 2461 3286 facilis
2481 3237 2706 3299 signatur
2728 3235 2915 3299 pondus
2941 3233 3166 3288 Athenis.

253 3349 456 3412 κοτύλη.
488 3345 516 3402 ὅ
540 3347 784 3415 καλοῦμεν
833 3347 1124 3416 ήμίξεστονς
1160 3343 1212 3417 i_d
1242 3351 1346 3406 est,
1366 3360 1403 3417 _r
1439 3340 1649 3414 Cotyla,
1693 3343 1840 3412 quod

1951 3343 2103 3401 Unde
2121 3344 2325 3417 optime
2345 3343 2603 3417 Isidorus,
2635 3358 2756 3417 cap.
2775 3341 2940 3417 citato
2959 3383 2972 3397 .
3005 3362 3023 3394 ι
3050 3343 3321 3417 Drachma
3344 3349 3544 3399 octava

253 3433 514 3474 vocamus
563 3413 1019 3471 semi'sextarium.
1075 3435 1093 3466 ι
1171 3413 1246 3468 Ita
1291 3413 1449 3483 vulgo
1499 3413 1840 3483 uSurpatum,

253 3505 381 3546 nam
416 3489 565 3549 olim,
617 3495 675 3539 ut
697 3485 912 3554 planum
953 3493 1038 3539 est
1065 3501 1129 3538 ex
1162 3484 1442 3555 Athenaeo,
1497 3489 1675 3555 cotyla
1719 3493 1846 3555 erat

259 3558 484 3614 alterius
539 3557 752 3628 generis
798 3572 913 3618 vas,
945 3555 1087 3628 quod
1137 3554 1548 3628 multis__modis
1590 3554 1842 3628 sumitur,

255 3630 423 3686 etiam
456 3623 565 3698 pro
587 3626 823 3698 hemina,
860 3634 920 3679 ut
945 3625 1058 3694 ipse
1081 3632 1250 3698 notat.
1312 3623 1439 3698 H:_ec
1461 3634 1642 3698 autem
1668 3625 1845 3697 cotyla

258 3715 358 3758 seu
381 3693 597 3756 hemina
619 3697 766 3768 capit
793 3693 1018 3768 cyathos
1060 3711 1155 3751 sex
1176 3695 1330 3766 juxta
1354 3693 1620 3750 Fannium
1651 3713 1664 3749 :

387 3816 450 3867 At
475 3813 635 3878 cotyle
655 3811 858 3877 cyathos
884 3811 960 3862 bis
984 3819 1154 3863 ternos
1177 3824 1270 3861 una
1298 3815 1539 3872 receptat.

263 3930 320 3979 et
354 3918 412 3976 S.
437 3919 702 3975 Isidorum
731 3917 822 3973 lib.
851 3932 941 3972 xvr
962 3915 1261 3987 Originum,
1295 3930 1416 3986 cap.
1441 3914 1511 3987 95
1551 3932 1563 3969 :
1608 3933 1627 3966 ι
1662 3913 1851 3986 Cotyla

262 3993 480 4050 hemina
507 4000 591 4048 est
616 3989 820 4045 habens
863 3985 1087 4059 cyathos
1116 4003 1230 4042 sex.
1264 4007 1281 4039 ι
1337 3985 1530 4059 Cynthi
1562 4001 1691 4059 vero
1717 3985 1851 4056 pun-

265 4066 366 4122 dus
394 4071 478 4119 est
497 4062 880 4118 drachmarum
898 4057 1110 4123 decem,
1133 4068 1355 4114 auctore
1383 4057 1583 4122 Plinio.
1607 4057 1702 4112 lib.
1730 4073 1843 4122 xxi,

265 4151 386 4207 cap.
415 4134 636 4207 ultimo:
674 4151 693 4207 ι
725 4131 964 4204 Cyathus
1000 4129 1200 4202 pendet
1227 4145 1326 4201 per
1352 4145 1411 4185 se
1425 4128 1715 4186 drachmas
1759 4129 1852 4187 de-

266 4204 387 4264 cem
409 4223 424 4273 ;
463 4227 482 4260 ι
515 4204 726 4261 Fannio
753 4221 769 4259 :

389 4319 454 4372 At
469 4318 629 4383 cnter
649 4318 854 4381 cyathos
875 4317 1140 4383 histernos
1159 4327 1254 4367 una
1277 4321 1502 4379 receptat
1523 4354 1540 4378 ,

392 4384 489 4432 Sed
511 4381 575 4431 de
593 4384 744 4432 abaco
763 4383 900 4444 nobis
924 4381 968 4430 id
994 4383 1182 4444 pondus
1201 4393 1334 4444 saepe
1358 4389 1554 4444 notatur"
1570 4391 1587 4439 ;

394 4445 475 4496 Bis
492 4445 709 4507 quinque
735 4445 783 4496 id
808 4441 1284 4505 faciunt’drachmm,’
1299 4444 1342 4493 si
1363 4441 1654 4506 appendere
1675 4441 1854 4507 velles;

267 4558 325 4606 et
353 4547 412 4604 S.
435 4547 660 4621 lsidoro,
689 4564 812 4621 cap.
838 4547 1086 4621 16citato
1111 4566 1124 4602 :
1169 4565 1190 4599 ι
1216 4547 1407 4621 Cyathi
1433 4547 1645 4621 pondus
1667 4549 1857 4621 decem

270 4619 547 4678 drachmis
590 4619 931 4690 appenditur.
964 4640 982 4672 ι
1031 4619 1110 4674 Ex
1139 4619 1272 4689 quoi
1297 4622 1545 4690 sequitur
1580 4619 1856 4676 heminam

271 4692 550 4764 sexaginta
571 4691 847 4764 drachmis
877 4691 1127 4764 appendi.
1161 4690 1315 4758 Quod
1341 4691 1504 4764 etiam
1532 4693 1858 4764 auctoritate

272 4761 433 4820 Plinii
482 4761 659 4832 capite
693 4763 858 4817 citato
909 4761 1266 4816 Conﬁrmatur
1297 4781 1310 4816 :
1367 4781 1384 4814 ι
1419 4761 1551 4818 Cutn
1587 4763 1859 4819 acetabuli

271 4849 526 4891 mensura
560 4833 776 4898 dicitur,
805 4832 1075 4904 signiﬁcat
1099 4833 1330 4888 hemina:
1353 4844 1600 4902 quartam
1624 4845 1856 4904 partem,

273 4907 329 4962 id
359 4914 460 4966 est,
489 4905 778 4959 drachmas
819 4903 1145 4974 quindecim.
1168 4925 1187 4956 ι
1221 4903 1278 4958 Si
1317 4905 1462 4959 enim
1517 4903 1857 4962 acetabulum

273 4992 370 5034 seu
395 4976 731 5046 oxyhaphus,
760 4985 820 5029 ut
846 4975 938 5030 alii
967 4983 1182 5040 vocant,
1231 4984 1423 5045 quarta
1464 4992 1592 5046 pars
1628 4977 1859 5032 heminae

274 5046 583 5118 quindecim
604 5047 892 5102 drachmas
913 5047 1075 5116 capit,
1102 5047 1348 5118 sequitur
1385 5047 1659 5103 heminam
1690 5062 1863 5118 sexa-

276 5117 425 5190 ginta
461 5118 843 5172 drachmarum
890 5133 1029 5190 esse.
1089 5117 1269 5190 Quare
1307 5133 1532 5174 necesse
1569 5117 1740 5190 esttS.
1764 5117 1863 5173 lsi-

277 5188 474 5245 dorum
498 5204 730 5253 errasse,
754 5203 877 5242 cum
908 5189 1085 5258 capite
1112 5189 1279 5243 citato
1294 5190 1518 5244 scribit:
1576 5207 1595 5239 ι
1631 5188 1860 5245 ilemina

277 5269 460 5316 autem
487 5261 742 5331 appendit
792 5259 984 5313 libram
1012 5275 1190 5321 unam,
1227 5276 1348 5329 qua:
1385 5262 1657 5331 geminata
1685 5269 1863 5316 sexta-

280 5334 422 5387 rium
455 5333 598 5387 l'acit.
629 5352 647 5384 ι
680 5331 781 5398 Qui
814 5331 866 5384 in
896 5331 1084 5386 eodem
1100 5331 1274 5400 capite
1296 5331 1396 5386 sibi
1427 5331 1712 5387 manifeste
1741 5347 1863 5386 oon-

281 5403 524 5468 tradicit,
551 5419 672 5474 cum
704 5402 779 5455 ait
805 5402 1059 5474 cyathum
1095 5403 1278 5457 decem
1302 5403 1576 5458 drachmis
1609 5403 1862 5474 appendi,

281 5484 339 5529 et
390 5490 485 5529 sex
515 5473 737 5545 cyathos
770 5473 1041 5527 heminam
1095 5488 1438 5543 componere.
1506 5473 1678 5542 Quod,
1713 5475 1759 5528 si
1789 5473 1863 5528 ita

282 5554 389 5617 est,
414 5554 661 5614 sequitur
687 5545 954 5617 cyathum
987 5545 1218 5615 appendi
1241 5545 1449 5600 duabus
1499 5545 1695 5610 unciis,
1739 5559 1864 5600 cum

284 5617 340 5671 in
371 5616 532 5680 libra,
559 5626 614 5670 ut
640 5615 800 5671 estin
827 5615 1075 5671 confesso
1103 5617 1246 5686 apud
1278 5632 1486 5677 omnes,
1510 5617 1619 5671 sint
1656 5624 1864 5670 tantum

286 5687 572 5743 duodecim
610 5687 812 5747 unciae:
838 5703 903 5744 ac
934 5688 1158 5758 proinde
1184 5689 1366 5758 cyathi
1410 5703 1720 5744 mensuram
1746 5701 1867 5744 esse

285 5759 577 5814 drachmas
596 5758 889 5823 sexdecim,
920 5760 1062 5829 quod
1090 5768 1172 5814 est
1193 5769 1380 5832 contra
1409 5759 1584 5832 ipsum
1606 5759 1866 5832 Isidorum

289 5841 451 5900 atque
500 5841 938 5901 auctores_supra
980 5832 1193 5887 citatos.
1272 5829 1445 5888 Uncia
1491 5833 1636 5886 enim
1673 5829 1871 5901 pendet

287 5899 415 5962 octo
443 5903 730 5960 drachmas
755 5899 912 5970 juxta
933 5903 1184 5960 eumdem
1212 5903 1474 5962 lsidorum
1496 5899 1688 5962 eodem
1708 5903 1868 5969 libro,

569 5997 849 6081 Panos.
892 5999 1055 6067 cur.

1949 3431 2076 3485 pars
2104 3413 2278 3469 unciae
2301 3423 2419 3495 est;
2451 3424 2511 3495 et
2525 3414 2732 3495 denarii
2750 3415 2972 3495 pondus
2986 3413 3549 3495 arg_enti_tribus_con-

1951 3484 2102 3540 Stans
2131 3485 2420 3554 scrupulis,
2460 3484 2642 3548 idest,
2676 3485 2978 3538 octodecim
3029 3484 3256 3552 siliquis.
3297 3504 3317 3538 ι
3373 3485 3544 3540 Recte

1951 3572 2102 3621 sane,
2141 3553 2648 3625 etjuxtamentem
2697 3553 2855 3625 Plinii
2885 3554 3060 3625 capite
3082 3557 3288 3609 citato:
3353 3575 3372 3607 ι
3411 3556 3547 3610 Dra-

1951 3627 2109 3681 chma
2140 3625 2320 3680 Attica
2348 3623 2484 3691 (fere
2514 3626 2661 3680 enim
2693 3624 2872 3680 Attica
2920 3623 3298 3681 observatione
3350 3626 3549 3682 medici

1952 3697 2221 3768 utuntur),
2247 3697 2456 3768 denarii
2473 3696 2726 3768 argentei
2753 3696 2929 3768 habet
2957 3696 3212 3768 pondus:
3247 3699 3432 3752 eadem
3451 3712 3549 3752 sex

1952 3767 2141 3839 obolos
2163 3766 2403 3839 pondere
2429 3766 2618 3839 efﬁcit.
2659 3787 2676 3819 ι
2741 3766 2848 3822 Sex
2873 3766 3064 3839 autem
3077 3767 3218 3822 oboli
3251 3778 3360 3822 tres
3391 3783 3547 3824 scru-

1952 3838 2110 3965 Bulos
2136 3837 2372 3921 pondere
2390 3837 2668 3902 efﬁciunt;
2701 3853 2822 3920 nam
2852 3838 3139 3911 scrupulus
3167 3848 3382 3896 constat
3413 3839 3550 3894 duo-

1994 3925 2058 3965 us
2081 3909 2275 3965 obolts.
2316 3918 2377 3964 ut
2399 3910 2556 3965 docet
2583 3907 2826 3964 Fannius
2853 3928 2867 3964 :

1994 3925 2058 3966 us
2081 3907 2275 3975 obolis,
2316 3918 2377 3964 ut
2399 3910 2556 3966 docet
2583 3907 2826 3964 Fannius
2853 3928 2867 3964 :

2081 4023 2348 4091 Semioboli
2375 4023 2574 4089 duplum
2600 4032 2676 4076 est
2698 4025 2890 4091 obolos,
2919 4039 3068 4091 quem
3095 4028 3314 4091 pondere
3336 4027 3485 4091 duplo

2083 4089 2310 4142 Gramma
2334 4085 2528 4149 vocant,
2551 4087 2834 4152 scrupulum
2857 4085 3011 4141 nostri
3043 4085 3220 4141 dix'ere
3241 4085 3452 4154 priores.

1957 4197 2280 4268 Quanquam
2320 4193 2650 4268 Priscianus
2699 4195 3011 4268 sc_rupulum
3076 4197 3372 4253 confundat
3424 4214 3548 4255 cum

1957 4265 2150 4324 obolo;
2182 4265 2338 4351 Quod
2351 4275 2540 4351 autem
2567 4265 3080 4351 dicat§.nlsido.rus
3118 4276 3229 4323 tres
3268 4270 3552 4351 scrupulos

1958 4355 2080 4396 esse
2121 4338 2422 4394 octodecim
2450 4337 2697 4406 siliquas,
2721 4337 2782 4408 id
2811 4337 2873 4392 ﬁt
2899 4339 3027 4408 quia
3070 4337 3356 4408 scrupulus
3391 4337 3550 4408 juxta

1957 4409 2299 4467 Priscianum
2327 4415 2542 4464 constat
2565 4423 2662 4462 sex
2689 4407 2917 4476 siliquis.
2963 4407 3044 4462 Ex
3074 4409 3160 4463 his
3191 4407 3444 4463 Omnibus
3473 4410 3553 4466 ef-

1960 4481 2113 4538 ﬁcies
2134 4479 2408 4549 heminam
2422 4494 2528 4534 non
2551 4477 2673 4548 plus
2694 4478 2926 4549 pendere
2939 4491 3102 4549 quam
3133 4487 3338 4548 septem
3361 4480 3554 4536 uncias

1960 4561 2015 4611 et
2044 4551 2231 4608 semis.
2279 4548 2414 4604 Nam
2438 4550 2486 4605 si
2514 4547 2581 4603 ex
2600 4547 2817 4620 cyathis
2842 4563 2937 4603 sex
2957 4547 3100 4620 quos
3127 4547 3274 4620 capit
3309 4550 3548 4617 hemina,

1961 4623 2121 4680 tollas
2155 4620 2437 4677 duodecim
2466 4618 2774 4682 drachmas,
2821 4618 3301 4676 remanebunt’sex
3350 4622 3547 4689 unciae,

1963 4705 2018 4752 et
2041 4710 2105 4750 ex
2135 4691 2420 4750 duodecim
2443 4689 2721 4746 drachmis
2748 4689 3027 4748 subductis
3051 4707 3213 4747 unam
3245 4693 3462 4748 unciam
3493 4703 3551 4750 et

1887 4732 1939 4794 θ
1963 4732 2133 4824 semis
2157 4763 2383 4820 efﬁcies.
2431 4761 2498 4816 Et
2527 4763 2644 4817 hinc
2672 4761 2737 4816 de
2768 4761 2981 4816 hemina
3006 4777 3021 4816 :
3052 4764 3153 4818 el-si
3176 4762 3548 4820 alitersentiat

1966 4837 2198 4894 Budaeus
2219 4833 2278 4890 S.
2310 4833 2599 4897 lsidorum,
2627 4832 2716 4902 qui
2738 4831 2839 4887 sibi
2867 4833 3210 4900 contradicit,
3235 4843 3294 4889 ut
3317 4837 3553 4890 ostendi-

1969 4925 2109 4973 mus,
2138 4914 2376 4962 secutus.
2417 4903 2490 4959 At
2514 4903 2781 4990 quispiam
2804 4903 2947 4960 dicet
2979 4904 3120 4990 hanc
3145 4906 3405 4990 minorem
3428 4921 3551 4990 esse

1969 4993 2298 5041 mensuram,
2349 4991 2510 5046 quam
2534 4974 2767 5046 sufﬁciat
2791 4977 3055 5046 monacho
3083 4991 3193 5046 per
3223 4975 3364 5030 diem
3398 4993 3411 5030 :
3455 4977 3552 5032 sed

1971 5051 2271 5122 respondeo
2292 5045 2469 5118 primo
2491 5045 2772 5122 monachis
2789 5046 2944 5116 juxta
2959 5045 3200 5122 Apostoli
3221 5046 3543 5122 sententiam

1969 5117 2184 5178 modico
2222 5117 2350 5174 vino
2376 5119 2658 5184 utendum,
2687 5133 2863 5188 eoque
2907 5117 3075 5188 multa
3108 5133 3246 5187 aqua
3273 5117 3462 5172 diluto.
3493 5119 3548 5172 ‘2.

1971 5193 2030 5250 S.
2062 5190 2412 5248 Benedictum
2436 5189 2502 5244 de
2527 5205 2624 5244 sua
2652 5189 2827 5258 patria
2855 5187 2998 5257 loqui
3041 5190 3294 5252 maxime,
3322 5188 3422 5243 hoc
3444 5199 3550 5253 est,

1968 5265 2144 5328 Italia,
2177 5263 2425 5316 vinorum
2451 5257 2856 5332 generosarum
2888 5257 3242 5332 feracissima,
3271 5275 3388 5328 qua!
3413 5261 3554 5314 mul-

1969 5346 2082 5391 tam
2129 5348 2350 5403 aquam,
2403 5331 2714 5403 remanente
2743 5331 3048 5386 sufﬁciente
3074 5346 3286 5403 sapore,
3336 5331 3551 5403 etviri-A

1967 5406 2092 5472 bus,
2122 5401 2265 5460 ferre
2291 5410 2534 5476 possunt.
2589 5401 2986 5476 Undehpostea
3009 5401 3282 5476 subjunxit
3312 5421 3333 5476 :_
3375 5402 3418 5456 si
3451 5401 3553 5456 loci

1970 5471 2269 5534 necessitas
2292 5471 2580 5545 'postulet,
2613 5471 2846 5545 amplius
2885 5472 3189 5529 addendum
3221 5491 3234 5526 :
3271 5473 3336 5545 si
3361 5486 3556 5545 nempe

1970 5549 2116 5604 illius
2146 5543 2403 5618 regionis,
2432 5545 2482 5599 in
2514 5559 2619 5614 qua
2663 5543 2828 5618 situm
2863 5544 3398 5618 est__monasterium,
3430 5543 3555 5618 vina

1971 5619 2169 5674 debilia
2212 5613 2369 5681 'sunt,
2415 5625 2508 5671 aut
2536 5613 2684 5670 certe
2733 5614 2780 5670 si
2808 5623 2893 5670 est
2933 5613 3022 5671 illa
3062 5614 3336 5670 siticulosa
3384 5613 3551 5668 natio.

1969 5689 2124 5746 Adde
2164 5689 2327 5744 etiam
2365 5704 2488 5744 cum
2536 5685 2714 5740 ofﬁcia
2745 5686 2944 5750 divina,
2977 5695 3190 5751 cantus,
3218 5685 3558 5742 cazremoniie

1975 5760 2276 5832 quadruplo
2301 5758 2414 5814 fere
2427 5767 2603 5832 _au_cta_
2621 5757 3070 5832 sint__necessario
3107 5757 3406 5832 augendam
3433 5769 3556 5812 esse

1975 5827 2308 5898 mensuram,
2334 5839 2396 5887 ut
2421 5827 2556 5886 S.P.
2574 5828 2847 5887 Benedicti
2873 5829 3095 5902 ejusque
3120 5827 3338 5903 Regulae
3352 5827 3559 5884 discre-

1977 5907 2053 5964 tio
2077 5912 2342 5962 servetur.

2960 6002 3038 6064 36
