4066 6342
540 321 685 382 H55.

1558 314 1632 370 ‘S.
1664 309 2025 368 BENEDICTI
2062 309 2354 368 ABBATIS
2381 305 2788 389 ANIANENSIS

3692 288 3860 362 i156

539 438 656 505 mis.
681 449 809 493 vero
841 443 1084 505 tempore
1113 433 1171 488 in
1205 437 1372 487 sextae
1397 438 1455 486 et
1482 443 1642 486 nonae
1672 427 1968 486 refectione
2001 443 2124 482 om-
2152 431 2206 493 Α
2229 434 2507 482 mutantur
2528 425 2582 480 in
2606 419 2854 496 prandia.
2880 416 3079 486 Quinta
3107 429 3238 473 vero
3265 416 3424 482 feria,
3448 425 3506 474 et
3533 417 3864 479 Dominica

537 531 751 587 nibustl
777 525 919 584 caldi
948 526 1090 582 terni
1143 522 1432 588 suﬁiciant,
1483 522 1611 591 quia
1654 527 1818 575 aestus
1863 534 1972 575 non
2016 527 2121 584 est,

539 623 631 695 qui
677 625 936 694 provocet
989 617 1157 674 sitim.
1206 615 1312 670 Illis
1350 628 1480 670 vero
1521 613 1714 669 diebus
1746 612 1802 666 in
1831 611 2030 675 hieme,
2071 609 2127 664 in

538 715 739 790 quibus
769 720 921 769 sexta
952 709 1224 775 reﬁciunt,
1264 724 1389 764 sera
1425 706 1642 777 penitus
1681 704 1814 759 nihil
1844 711 2122 760 coenetur:

540 809 648 867 nisi
689 805 887 878 singuli
926 803 1066 859 caldi
1098 801 1353 858 omnibus
1394 797 1662 854 suiliciant
1690 814 1706 851 :
1734 797 1808 852 ita
1835 805 2038 861 tamen,
2071 803 2130 849 ut

541 909 835 972 antequam
863 897 1073 961 bibant,
1098 901 1288 959 orent;
1335 899 1389 947 et
1413 900 1700 962 postquam
1725 888 1980 946 biberint.
2010 902 2131 941 reo-

541 1003 686 1054 rent.
732 993 866 1049 Post
909 1006 1108 1047 nonam
1138 1003 1272 1044 vero
1309 986 1400 1042 illa
1441 984 1612 1057 potio,
1640 999 1763 1054 quae
1799 980 2040 1052 quotidie
2065 979 2131 1034 de

542 1089 765 1150 cellario
806 1088 862 1143 in
898 1093 1088 1142 aestate
1116 1081 1499 1154 proferebatur
1527 1075 1840 1134 sitientibus
1869 1075 1924 1128 in
1953 1073 2133 1127 hieme

539 1199 650 1242 non
697 1182 858 1237 detur
896 1197 910 1234 :
951 1177 1077 1249 quia
1100 1190 1205 1232 nec
1247 1172 1415 1230 sitisb
1441 1170 1792 1243 suppeditat:
1833 1182 1934 1222 nec
1975 1164 2134 1236 longe

487 1321 497 1348 τ
541 1281 716 1330 restat
742 1284 764 1312 ο
798 1288 828 1326 a
867 1268 1163 1326 refectione
1198 1267 1254 1322 in
1283 1279 1588 1335 vesperam.
1619 1261 1730 1317 Illis
1763 1275 1893 1316 vero
1918 1257 2130 1321 diebus,

545 1368 600 1422 in
635 1365 832 1438 quibus
859 1364 913 1418 in
940 1362 1121 1417 hieme
1147 1359 1214 1415 ad
1242 1374 1444 1414 nonam
1482 1355 1748 1420 reﬁcitur,
1777 1361 1903 1423 post
1930 1352 2132 1407 dictam

541 1473 828 1531 vesperam
857 1472 966 1513 non
989 1454 1238 1527 amplius,
1269 1468 1431 1524 quam
1459 1451 1654 1524 singuli
1679 1449 1822 1507 caldi
1853 1448 2132 1517 accipian-

545 1561 634 1608 tur
658 1570 671 1606 :
698 1551 775 1606 ita
802 1557 1006 1614 tamen,
1033 1554 1094 1601 ut
1121 1554 1410 1617 antequam
1435 1545 1646 1608 bibant,
1683 1550 1840 1597 orent
1863 1557 1878 1607 ;
1911 1548 1967 1595 et
1990 1547 2137 1611 post.

545 1659 708 1715 quam
730 1640 990 1703 biberint,
1019 1646 1257 1695 reorent.
1283 1637 1341 1692 ln
1367 1637 1472 1692 illis
1497 1651 1624 1691 vero
1647 1634 1838 1690 diebus
1866 1649 1897 1688 a
1926 1632 2134 1688 Pascha

546 1749 718 1805 usque
739 1734 808 1789 ad
833 1733 1212 1797 Pentecosten,
1246 1731 1300 1784 in
1329 1728 1524 1799 quibus
1549 1727 1618 1782 ad
1649 1734 1859 1784 sextam
1891 1726 2136 1781 reﬁcitur

2227 518 2331 574 hoc
2342 523 2559 574 coenent
2573 516 2642 570 ad
2663 528 2860 577 seram,
2879 509 3022 581 quod
3046 524 3212 581 supra
3232 509 3298 564 de
3323 509 3462 565 cibis
3478 510 3818 564 taxavimus
3835 527 3856 562 :

2227 609 2410 664 addito
2440 615 2622 662 tamen
2654 619 2766 659 uno
2803 599 3085 672 pulmento
3111 599 3356 670 quotidie
3380 600 3434 655 in
3462 601 3729 672 prandio.
3754 600 3862 656 vel

2228 701 2275 756 si
2301 699 2524 755 Paschae
2551 694 2819 753 restiterit
2844 709 3078 758 merces,
3109 695 3134 733 ε
3156 693 3305 764 potio
3335 693 3656 764 cujuslibet.
3681 694 3864 751 Calit

2229 805 2360 846 vero
2387 799 2443 845 et
2473 789 2668 862 galleta
2695 803 2794 860 per
2815 802 2975 858 quem
3005 786 3111 841 erit
3141 785 3196 840 in
3224 786 3451 842 diversis
3483 788 3714 843 vicibus
3741 788 3864 843 mi-

2231 885 2596 952 nistrandum,
2643 883 2766 939 talis
2793 884 2921 948 erit,
2963 882 3058 954 qui
3096 881 3291 937 tertius
3337 879 3562 951 impleat
3603 883 3852 937 mistam

2232 980 2529 1036 heminam.
2580 979 2610 1018 ιι
2650 977 2758 1034 Sed
2806 977 2925 1048 ejus
2965 975 3332 1046 aequalitatem
3383 989 3688 1038 mensurm,
3752 980 3860 1029 aut

2237 1075 2342 1130 duo
2373 1082 2467 1129 aut
2502 1081 2615 1129 tres
2643 1080 2855 1142 oportet
2878 1070 3078 1126 calices
3117 1078 3212 1126 aut
3249 1069 3472 1142 galletas
3512 1085 3858 1126 mensarum

2233 1168 2537 1224 ministerio
2562 1167 2868 1232 deservire;
2908 1174 2968 1220 ut
2990 1181 3090 1236 per
3118 1165 3286 1221 multa
3322 1166 3516 1237 pocula
3557 1167 3857 1224 universis

2233 1261 2398 1317 citius
2418 1268 2691 1332 erogetur.
2720 1257 2976 1314 lnfantuli
2997 1273 3129 1313 vero
3156 1259 3299 1314 intra
3336 1258 3628 1315 duodecim
3667 1275 3854 1315 annos

2236 1359 2458 1424 agentes
2493 1351 2510 1392 ί
2544 1351 2598 1405 in
2641 1350 2819 1406 hieme
2863 1350 3021 1405 binos
3069 1349 3255 1405 caldos
3300 1349 3596 1420 accipiant,
3645 1351 3726 1406 ad
3765 1366 3856 1407 se-

2235 1459 2354 1500 ram
2401 1442 2661 1515 singulos.
2708 1440 2938 1497 JEstatis
2976 1456 3108 1496 vero
3151 1449 3392 1512 tempore
3432 1449 3625 1496 ternas
3665 1441 3742 1496 ad
3774 1458 3858 1498 rc-

2237 1533 2550 1599 fectionem,
2581 1541 2637 1588 et
2663 1547 2788 1588 sero
2818 1532 2976 1587 binas
3015 1530 3287 1601 accipiant
3321 1531 3573 1600 potiones
3613 1541 3857 1603 propter

2237 1629 2417 1684 aetatis
2442 1626 2784 1699 qualitatem.
2819 1625 2956 1681 Nam
2987 1625 3130 1680 sicut
3153 1624 3402 1694 superius
3433 1625 3500 1680 de
3530 1624 3681 1680 cibis
3717 1640 3858 1680 cou—

2238 1721 2539 1786 stituimus,
2580 1719 2657 1774 ita
2687 1726 2745 1774 et
2767 1719 2835 1774 de
2866 1717 3181 1788 potionibus
3209 1718 3599 1788 permittimus.
3653 1718 3856 1774 Domi.

547 1834 752 1904 absque
793 1829 984 1903 quinta
1015 1829 1151 1883 feria
1180 1836 1236 1884 et
1266 1828 1570 1894 Dominica,
1617 1826 1740 1881 aliis
1772 1825 1963 1882 diebus
2001 1822 2139 1879 nihil

2248 1813 2364 1868 nica
2397 1826 2528 1868 vero
2565 1820 2620 1868 et
2649 1811 2841 1867 diebus
2871 1810 3026 1868 festis
3056 1811 3142 1868 vel
3171 1819 3394 1883 propter
3422 1818 3739 1866 extraneas
3763 1810 3858 1864 ad-

547 1921 696 1979 aliud
721 1921 788 1978 ad
821 1936 998 1978 seram
1029 1919 1133 1976 nisi
1161 1920 1271 1975 bini
1305 1919 1441 1976 caldi
1479 1926 1702 1990 propter
1725 1916 1842 1974 dies
1867 1917 2138 1988 accipian-

546 2024 654 2082 tur,
677 2014 702 2054 ά
732 2016 939 2086 absque
985 2012 1204 2068 Pascha:
1249 2020 1565 2068 octavarum
1590 2009 1816 2074 octavis,
1852 2008 1906 2065 in
1942 2008 2139 2080 quibus

541 2105 744 2179 iugiter
764 2113 999 2162 ccenent.
1028 2104 1164 2160 Nam
1191 2103 1315 2160 ideo
1337 2117 1502 2175 supra
1527 2101 1688 2158 dictis
1713 2100 1906 2158 diebus
1935 2100 2141 2171 absque

546 2201 736 2271 quinta
768 2196 926 2265 feria,
956 2205 1014 2254 et
1039 2196 1318 2253 Dominica
1346 2209 1517 2265 usque
1550 2194 1607 2248 in
1634 2193 2000 2249 Pentecosten
2027 2207 2139 2247 cce-

547 2305 647 2347 nas
671 2289 1048 2355 subduximus,
1077 2296 1137 2344 ut
1163 2304 1270 2342 una
1300 2285 1526 2342 refectio
1557 2285 1614 2341 in
1637 2285 1723 2343 his
1746 2284 1936 2341 diebus
1964 2291 2141 2339 custo-

548 2383 729 2438 diatur
757 2397 772 2438 :
809 2393 832 2422 ο
865 2389 922 2436 et
947 2379 1195 2453 quamvis
1224 2395 1332 2434 non
1362 2393 1460 2434 sua
1485 2377 1645 2444 hora,
1675 2376 1921 2433 consueti
1951 2384 2139 2432 tamen

543 2471 736 2543 jejunii
773 2472 1020 2529 videatur
1057 2485 1224 2527 causa
1273 2469 1481 2525 servari
1510 2467 1530 2507 ί
1559 2483 1684 2524 cum
1734 2483 1905 2525 omna:
1949 2481 2140 2524 eorum

565 2612 567 2614 ‘
621 2617 647 2644 α
679 2601 881 2659 Caldis.
925 2602 1124 2659 Caldus
1149 2610 1235 2658 est
1261 2615 1430 2673 genus
1475 2601 1680 2672 poculi,
1717 2599 1874 2671 cujus
1899 2601 2138 2658 diminu-

553 2675 720 2741 tivum
747 2683 835 2730 est
871 2673 1148 2728 caldellus.

621 2742 1006 2817 1§Suppedit_at.
1057 2742 1387 2817 lieutraliter
1433 2751 1733 2817 sumptum,
1772 2743 1827 2800 id
1855 2751 1962 2814 est,
2013 2759 2139 2817 sup-

546 2815 704 2888 petit,
735 2813 961 2888 ut_Phil.
989 2830 1044 2881 v,
1060 2814 1130 2888 ξε
1159 2813 1262 2888 vita
1288 2813 1690 2888 suppeditasset.

623 2897 645 2926 ο
669 2886 714 2940 Α
736 2885 1031 2958 refectione.
1060 2884 1178 2940 Non
1223 2884 1475 2958 intelligit
1497 2901 1730 2950 cmnam,
1778 2885 1872 2942 sed
1902 2887 2139 2958 potatio-

548 2973 692 3028 nem,
717 2971 879 3028 quam
907 2956 1065 3026 paulo
1103 2964 1230 3028 ante
1258 2956 1490 3028 instituit
1527 2958 1603 3028 _ad
1640 2972 1816 3012 seram
1851 2956 1916 3012 in'
1938 2957 2138 3025 hieme,

551 3026 761 3084 sublata
791 3041 970 3090 coena,
999 3027 1213 3082 etiamsi
1240 3027 1484 3083 reﬁciant
1520 3026 1717 3083 fratres
1739 3030 1806 3082 ad
1829 3036 2060 3084 sextam.

622 3098 652 3170 ξι
687 3097 894 3170 Absque
915 3095 1137 3170 Pascha:
1159 3107 1461 3154 octavarum
1487 3100 1702 3154 octavis.
1735 3101 1804 3154 Τὸ
1831 3109 2138 3154 octavaritm

548 3169 1097 3257 videturoredundare
1117 3187 1139 3257 Δ;
1179 3170 1233 3224 id
1272 3179 1375 3235 est,
1408 3179 1614 3257 praeter.
1639 3170 1863 3257 Pascha;
1892 3179 2135 3257 octavas.
2164 3193 2210 3257 ρ

548 3239 610 3296 Id
657 3239 1489 3313 instituitAMagister,propter
1537 3240 1936 3296 solemnitatem
1987 3249 2138 3313 octa-

550 3327 742 3367 varum
773 3310 1016 3378 Paschae,
1036 3309 1162 3378 quae
1203 3309 1332 3364 olim
1373 3309 1577 3366 feriatae
1598 3319 1754 3366 erant
1780 3328 1793 3364 :
1822 3321 1877 3366 et
1903 3320 2016 3366 tota
2046 3311 2138 3366 illa

550 3382 888 3438 hebdomade
920 3381 1148 3453 pepulus
1187 3381 1428 3451 quotidie
1469 3382 1825 3453 conveniebat
1864 3383 1920 3437 in
1963 3381 2140 3438 eccle-

551 3453 714 3518 siam,
725 3461 792 3525 ut
813 3461 962 3525 patet
981 3452 1048 3508 ex
1071 3453 1256 3508 codice
1277 3468 1542 3525 canonum
1567 3452 1821 3525 Ecclesiae
1843 3453 2135 3520 Africana),

553 3539 676 3579 can.
710 3523 922 3595 61,'ubi
945 3525 1204 3578 statuitur
1231 3523 1364 3595 utin
1389 3525 1476 3579 die
1504 3524 1785 3595 Dominica
1824 3533 1880 3579 et
1909 3525 2138 3595 reliquis

551 3597 867 3650 sanctorum
897 3594 1048 3650 festis
1077 3609 1180 3649 non
1223 3594 1357 3648 ﬁant
1392 3594 1703 3665 spectacula
1731 3612 1745 3648 :
1776 3597 2008 3654 Μάλιστα
2030 3594 2139 3652 θὸτι

553 3667 606 3720 ἕν
641 3665 842 3738 ὀγᾷοᾴδι
885 3673 987 3738 τοῦ
1022 3665 1166 3738 ἁγίου
1222 3662 1504 3738 Πάσχα-οἱ
1552 3662 1704 3736 ὄχλοι
1749 3667 2032 3738 μᾶλλον-εἱς
2079 3667 2140 3722 τὸ

555 3735 934 3820 Ἰτεξίοδρὸμιον,
1126 3741 1198 3797 εἰς
1238 3735 1501 3820 inﬂue-ia»
1537 3735 1899 3820 aciemin}.
1944 3736 2001 3790 Id
2033 3745 2139 3817 est,

559 3825 580 3858 ι
616 3806 848 3861 Maxime
876 3807 1002 3875 quia
1042 3806 1098 3859 i'n
1125 3814 1251 3862 octo
1292 3807 1482 3861 diebus
1507 3806 1680 3861 sancti
1699 3806 1935 3860 Paschae
1961 3811 2142 3875 potius

558 3877 613 3947 in
645 3876 1086 3947 Hippodromiuin
1115 3892 1288 3947 quam
1322 3877 1375 3930 in
1417 3877 1705 3933 ecclesiam
1734 3877 2082 3931 conveniant.
2115 3895 2134 3929 ι

556 3945 728 4002 Cone:
753 3945 949 4011 Trull.,
988 3945 1212 4022 (ξηιλ-⁷66
1238 3965 1252 4000 :
1279 3945 1409 4022 ‘Ano
1450 3957 1542 4010 τῆς
1585 3947 1737 4022 ἁγίας
1785 3951 2140 4018 ἀναστασίμου

556 4024 777 4096 Χρισῖρῦ
807 4024 1062 4096 τριλθιςηέ
1108 4020 1302 4096 ἡμέρας
1347 4019 1512 4096 μέχρι
1556 4019 1650 4096 τῆς
1691 4029 1862 4096 nostri:
1893 4027 2143 4096 κυριςκῆς

559 4085 651 4161 ri)»
675 4086 810 4161 ὅλην
836 4085 1097 4161 ᾆϐδομάδα
1124 4085 1175 4161 ἓν
1207 4085 1326 4149 irai:
1347 4085 1519 4161 aitait;
1548 4089 1840 4161 ἔκκλησίαις
1868 4085 2143 4161 σχάλάξιιν

562 4156 642 4232 δεῖ
657 4156 1052 4232 (inmanisﬁt-rw;
1089 4160 1212 4221 τοὺς
1254 4156 1469 4220 mare»);
1494 4161 1542 4212 ἐν
1566 4158 1808 4232 ψαλμοῖς,
1837 4156 2142 4230 καῖὖμνοις,

562 4231 647 4306 δαὶ
671 4226 829 4306 elidat;
856 4235 1231 4306 mtuuarrxair
1266 4226 1682 4306 suppaiuoyiuoué
1723 4233 1775 4306 ᾖν
1798 4226 2031 4306 Χριστῷ,
2061 4237 2145 4306 sui

561 4299 994 4380 {opréggyfac_..x.
1027 4321 1078 4356 τ.
1101 4300 1150 4355 λ.
1179 4299 1370 4380 Idest,
1392 4299 1708 4380 «_A‘sancto
1732 4299 1944 4380 Domini
1972 4299 2144 4380 nostri

560 4366 690 4440 Je'su
733 4366 936 4425 Christi
962 4369 1378 4426 resurrectionis
1403 4371 1490 4426 die
1515 4387 1686 4440 usque
1720 4373 1789 4427 ad
1817 4388 2011 4428 novam
2042 4373 2145 4427 Do—

563 4439 840 4503 minicam,
893 4447 1058 4495 totam
1108 4440 1500 4497 hebdomadem
1545 4439 1613 4497 in,
1644 4444 1848 4500 sanctis
1899 4443 2146 4498 ecclesiis

560 4524 758 4584 vacare
802 4509 986 4584 ﬁdeles
1028 4510 1226 4584 jugiter
1255 4521 1489 4584 oportet
1532 4513 1782 4584 psalmis,
1829 4515 2044 4584 hymnis
2092 4521 2147 4568 et

562 4581 793 4637 canticis
828 4581 1217 4650 spiritualibus,
1251 4581 1495 4639 lic'tantes
1526 4581 1583 4638 in
1625 4583 1843 4640 Christo
1864 4581 1921 4637 et
1940 4583 2142 4638 ferian-

566 4660 668 4716 tes,
699 4669 717 4702 ι
756 4658 862 4706 etc.
909 4651 1074 4706 Cone.
1121 4652 1534 4710 Matisconensis
1569 4671 1629 4718 ll,
1681 4671 1802 4710 can.
1854 4652 1909 4718 2,
1941 4654 2030 4708 ubi
2078 4654 2146 4708 de

563 4720 848 4796 Paschatis
867 4722 1207 4796 solemnitate
1231 4725 1430 4796 agitur,
1457 4726 1819 4796 statuiturque
1847 4742 1860 4776 :
1890 4742 1908 4774 ι
1944 4723 2014 4792 Ut
2042 4723 2147 4796 illis

565 4791 924 4864 sanctissimis
968 4807 1062 4848 sex
1107 4791 1296 4851 diebus
1325 4795 1500 4850 nullus
1549 4791 1746 4850 servile
1776 4809 1911 4864 opus
1953 4795 2150 4850 audeat

566 4865 765 4935 facere.
790 4883 808 4917 ι
843 4861 1093 4918 Nominat
1135 4872 1342 4920 tantum
1371 4881 1465 4921 sex
1493 4866 1627 4931 dies,
1655 4866 1780 4935 quia
1812 4861 1887 4918 'de
1915 4864 2032 4934 ipso
2061 4865 2150 4921 die

569 4934 794 4990 Pascha:
846 4944 912 5006 et
939 4935 1186 5006 sequenti
1228 4937 1514 5006 Dominica
1568 4934 1721 5006 nihil
1758 4948 1980 4990 necesse
2031 4945 2150 4991 erat

567 5012 828 5077 statuere.
871 5004 1173 5077 Nicephoro
1220 5005 1568 5077 llomologeta
1597 5007 1650 5059 in
1693 5004 2043 5062 Canonibus:
2079 5009 2151 5063 οὐ

567 5074 667 5152 δεῇ
698 5074 1016 5152 ἐργάζεσθαί
1043 5083 1133 5136 τὴν
1182 5074 1469 5152 ἕμϐᾂομμάδ-αξ
1501 5076 1923 5152 διακᾳινιᾳίμουῇ
1946 5078 1999 5152 id
2039 5088 2148 5152 _est,

576 5164 594 5217 ᾳ
625 5143 740 5199 Non
760 5143 980 5216 'oportet
1001 5146 1214 5217 operari
1254 5143 1309 5200 in
1331 5147 1663 5203 hebdomade
1703 5143 2091 5213 diacarnisimi;
2125 5143 2145 5203 ὸ

570 5215 655 5291 ξιίι⁸
673 5215 937 5291 vocabant
960 5215 1348 5291 hebdiimadem
1373 5217 1594 5291 Pascha:
1619 5238 1632 5272 :
1662 5220 1728 5274 de
1756 5235 1864 5291 quo
1890 5219 2152 5275 vocabulo

571 5284 745 5361 infra.
762 5286 880 5342 Lih.
896 5304 934 5361 l,
957 5287 1088 5361 Cap.
1107 5287 1282 5361 Caroli
1308 5297 1359 5342 et
1372 5288 1706 5361 Lud.impp.,
1729 5284 1813 5345 tit.
1850 5291 1974 5356 164,
2012 5293 2153 5345 inter

571 5353 896 5431 festivitates
923 5353 1192 5413 habentur
1220 5357 1443 5415 Pascha:
1482 5353 1749 5416 dies-octo.
1784 5353 2154 5431 Legesimpe-

572 5427 737 5504 riales
779 5437 1084 5504 statuerunt
1110 5440 1314 5504 septem
1345 5431 1460 5504 dies
1506 5440 1631 5504 ante
1676 5441 1730 5504 et
1779 5427 1900 5504 post
1943 5427 2154 5504 Pascha

571 5497 719 5570 omni
749 5499 975 5570 strepitu
1011 5497 1213 5557 forensi
1249 5502 1566 5556 vacandum.
1596 5502 1657 5557 C.
1693 5503 1755 5556 L.
1780 5497 1850 5556 Ut
1874 5505 1930 5558 in
1954 5504 2059 5568 die,
2089 5503 2153 5556 de

573 5567 740 5636 feriis,
764 5568 801 5623 Ι.
827 5567 1024 5635 omnes,
1049 5574 1238 5627 codem
1269 5572 1440 5626 titulo.
1491 5572 1527 5625 l.
1555 5573 1714 5627 Actus
1740 5590 1939 5637 omnes,
1962 5575 2155 5628 eodem

575 5637 750 5720 titulo.
778 5639 1161 5720 Constantinus
1200 5643 1494 5720 imperator
1517 5646 1867 5720 τρίτῃ-νόμῳ
1908 5644 2151 5720 ἔγραψεν,

572 5709 874 5794 impiater
914 5707 1036 5794 ιξναι
1068 5718 1156 5794 τιρν
1185 5735 1249 5794 τε.
1270 5707 1363 5794 ’ἱρῇ
1391 5707 1582 5794 «sese;
1628 5707 1908 5794 ἑϐδομάδα,
1941 5707 2155 5794 ﬁni:

575 5778 662 5852 ῖσῦ
684 5778 1077 5852 emendasti,
1104 5784 1278 5852 inquit
1297 5784 1599 5839 Alexander
1623 5778 1917 5842 monachus
1944 5786 1998 5840 in
2014 5785 2154 5842 libro

576 5845 645 5904 de
684 5845 997 5907 Inventione
1040 5845 1096 5909 S.
1139 5845 1345 5921 crucis,
1388 5853 1441 5908 id
1485 5861 1603 5912 est:
1634 5874 1650 5906 ι
1689 5856 1930 5915 Tertiam
1976 5856 2151 5930 legem

2239 1907 2518 1964 venientes
2554 1920 2818 1977 personas
2856 1905 3116 1976 quidquid
3151 1912 3336 1974 aptum
3370 1903 3597 1959 duxerit
3639 1903 3859 1958 addere

2238 1999 2431 2066 abbas,
2467 2003 2528 2052 ut
2564 2005 2689 2067 pote
2721 1994 2948 2065 majori;
2991 1994 3312 2052 conceditur
3337 1994 3497 2049 simul
3529 2003 3589 2048 et
3618 2003 3860 2064 propter

2239 2091 2566 2147 charitatem
2595 2097 2651 2145 et
2681 2089 2926 2145 lzetitiam
2956 2097 3272 2144 sanctorum
3305 2087 3538 2152 dierum,
3584 2087 3678 2143 vel
3720 2087 3861 2143 ami-

2240 2199 2431 2240 corum
2476 2184 2769 2239 adventum
2821 2180 2835 2232 i
2893 2180 3058 2237 addat
3101 2181 3325 2245 mercis,
3379 2179 3536 2251 cujus
3587 2179 3858 2244 voluerit,

2239 2279 2536 2350 potionem.
2566 2277 2802 2333 Tantum
2828 2283 2934 2342 est,
2970 2284 3032 2332 ut
3068 2290 3279 2332 memor
3305 2275 3378 2330 sit
3404 2274 3759 2338 sobrietatis,
3797 2282 3855 2330 et

2240 2373 2412 2446 fugiat
2472 2371 2782 2429 vinolentia:
2830 2370 3171 2427 ebrietatem.
3235 2369 3371 2437 Quia
3420 2369 3527 2424 nisi
3592 2369 3857 2424 sobrium

2241 2465 2406 2524 fuerit
2442 2481 2660 2538 corpus,
2701 2466 2770 2522 ad
2791 2481 2928 2538 opus
2958 2465 3056 2521 Dei
3091 2464 3319 2536 vigilare
3358 2479 3466 2520 non
3495 2471 3710 2536 potest,
3751 2464 3779 2504 ι
3803 2470 3861 2517 et

2242 2602 2385 2669 tulit,
2410 2610 2472 2658 ut
2495 2602 2795 2674 hebdomas
2818 2600 3089 2674 passionis
3114 2609 3169 2655 et
3204 2598 3582 2674 diaczenisimi,
3610 2600 3725 2655 hoc
3745 2608 3855 2666 est,

2241 2685 2554 2732 octavarum
2611 2671 2838 2730 Paschae
2883 2673 2999 2728 sine
3062 2687 3228 2742 opere
3287 2671 3792 2728 transmitteretur.
3825 2690 3848 2724 ι

2240 2745 2560 2802 Emmanuel
2585 2745 2892 2801 Comnenus
2912 2744 3080 2800 voluit
3104 2746 3243 2799 hanc
3271 2744 3342 2800 ab
3363 2743 3512 2798 omni
3536 2758 3712 2812 opere
3741 2757 3861 2798 ces-

2242 2819 2508 2888 sationem
2521 2817 2778 2888 incipere
2799 2833 2828 2871 a
2855 2815 3675 2888 Lasari_resurrectioneLYide
3709 2815 3854 2870 Pho-

2243 2890 2377 2945 tium
2406 2889 2460 2943 in
2492 2884 2891 2952 Nomocanone,
2925 2885 3011 2943 tit.
3047 2886 3101 2950 7,
3129 2902 3252 2956 cap.
3304 2887 3359 2951 i,
3391 2894 3446 2941 et
3492 2884 3856 2941 Theodorum

2241 2961 2618 3016 Balsamonem
2657 2959 2877 3025 ibidem,
2924 2959 3079 3030 cujus
3119 2966 3281 3014 (etate
3326 2959 3433 3012 duo
3474 2965 3690 3030 tantum
3731 2959 3860 3014 dies

2241 3041 2366 3103 post
2405 3031 2614 3087 Pascha
2656 3029 3186 3103 celebrabantur,__ut
3230 3030 3347 3103 ipse
3386 3037 3623 3085 testatur
3647 3029 3709 3086 in
3751 3043 3858 3085 ca-

2242 3100 2440 3158 nonem
2479 3103 2705 3157 citatum
2739 3101 2953 3158 concilii
2980 3100 3300 3157 'l‘rullensis.

2319 3185 2343 3214 ο
2365 3173 2435 3227 Et
2460 3173 2697 3244 quamvis
2741 3189 2845 3228 non
2888 3190 2986 3228 sua
3022 3172 3175 3228 hora.
3231 3171 3290 3228 ld
3314 3180 3402 3229 est
3433 3186 3609 3240 nona;
3648 3171 3864 3246 supple

2241 3243 2555 3314 Reﬁciatur.
2821 3273 2828 3280 ι
3678 3311 3703 3314 _

2294 3253 2555 3300 eliciatur.
2821 3273 2828 3280 ι

2319 3311 2338 3354 ῖ
2372 3314 2504 3369 Cum
2555 3333 2713 3372 ciente
2764 3331 2947 3370 eorum
2978 3324 3254 3372 mutantur
3291 3315 3347 3370 in
3383 3315 3624 3384 prandia.
3667 3311 3865 3370 Juxta

2241 3387 2548 3458 priscorum
2571 3388 2794 3458 Patrum
2824 3388 3151 3452 institutum,
3177 3388 3242 3441 de
3265 3403 3370 3457 quo
3391 3385 3448 3441 S.
3472 3384 3865 3458 Hieronymus

2244 3456 2298 3514 in
2341 3458 2501 3525 epist.
2535 3459 2602 3512 ad
2651 3457 3005 3513 Eustochium
3054 3458 3121 3512 de
3173 3456 3419 3514 custodia
3459 3456 3855 3525 virginitatis:

2249 3547 2268 3581 ‹
2299 3528 2343 3583 Α
2372 3528 2584 3584 Pascha
2613 3531 2682 3584 ad
2705 3529 3066 3584 Pentecosten
3093 3544 3264 3584 coenae
3291 3536 3565 3583 mutantur
3591 3528 3646 3581 in
3672 3542 3861 3597 pran-

2244 3601 2353 3683 dia.
2379 3619 2396 3650 ›
2431 3598 2537 3682 sed
2554 3601 2668 3683 _hic.
2682 3599 2944 3683 Magister
2964 3600 3155 3655 eximit
3177 3600 3565 3654 hebdomadem
3589 3597 3855 3664 Pascha,

2243 3674 2297 3725 in
2324 3686 2430 3741 qua
2463 3674 2699 3751 instituit
2725 3674 3012 3741 prandium
3032 3686 3086 3725 et
3109 3685 3343 3726 cmnam.
3818 3716 3833 3730 .

2316 3743 2342 3814 β
2371 3739 2525 3814 Potio
2546 3741 2857 3814 cujuslibet.
2887 3742 3096 3813 Speciei
3126 3757 3231 3812 qua
3259 3742 3340 3796 uti
3363 3741 3537 3814 solent
3563 3740 3856 3814 monachi.

2314 3809 2342 3848 1'
2376 3809 2485 3885 AScd
2515 3809 2645 3885 ejus
2689 3809 3042 3885 inqualitateni
3095 3809 3372 3868 mensurae.
3420 3812 3580 3880 Lege,
3615 3809 3725 3867 Sed
3771 3828 3861 3867 se-

2246 3883 2476 3955 cundum
2501 3883 2662 3955 hujus
2687 3883 3041 3955 a'qualitatem
3065 3899 3342 3940 mensum.

2323 3955 2340 3995 ἱ
2391 3953 2468 4026 In?
2505 3952 2671 4010 hieme
2701 3952 2845 4010 binos
2889 3954 3069 4010 caldos
3095 3955 3374 4024 accipiant.
3423 3954 3500 4010 Ita
3533 3955 3587 4009 in
3636 3952 3857 4026 Regula

2245 4040 2348 4080 ms.
2379 4025 2474 4079 sed
2508 4027 2764 4082 videntur
2809 4028 2996 4082 deesse
3041 4027 3140 4080 ista
3173 4027 3458 4092 vocabula,
3488 4026 3559 4081 ad
3602 4025 3858 4095 refectio-

2246 4112 2385 4160 item,
2426 4095 2481 4150 id
2509 4099 2696 4170 estad
2735 4099 3041 4170 prandium.
3073 4095 3206 4150 Nam
3239 4107 3429 4167 postea
3469 4113 3592 4153 cum
3635 4100 3752 4168 ajjt
3786 4098 3858 4170 de

2246 4174 2460 4240 testate,
2511 4169 2678 4224 dicit:
2712 4168 2752 4219 ι’
2785 4168 3017 4224 Ᾰῦδωιίε
3066 4176 3488 4240 verotempore
3538 4177 3729 4240 ternas
3781 4168 3856 4223 ad

2248 4237 2619 4311 refectionem,
2650 4247 2705 4294 et
2727 4239 3334 4311 scrojbinasaccipiant
3356 4237 3631 4311 potiones.
3657 4259 3676 4290 ι
3705 4238 3857 4311 Sen-

2249 4323 2341 4382 sus
2368 4317 2452 4363 est
2475 4310 2656 4382 igitur
2683 4319 2744 4366 ut
2785 4309 3020 4382 infantes
3047 4308 3241 4366 hiemis
3273 4308 3519 4382 tempore
3554 4311 3713 4367 binos
3735 4308 3856 4365 calo

2249 4379 2347 4434 dos
2373 4379 2643 4454 accipiant
2665 4383 2737 4454 ad
2763 4381 3073 4452 prandium,
3101 4389 3156 4454 et
3181 4396 3302 4436 sero
3343 4379 3585 4454 singulos
3608 4382 3805 4454 caldos
3833 4397 3849 4445 ;

2248 4451 2703 4576 qpemadénodum
2726 4451 2781 4506 in
2801 4461 2990 4508 testate
3011 4453 3283 4521 accipiunt
3307 4459 3418 4508 tres
3436 4451 3506 4506 ad
3527 4451 3850 4522 prandium,

2248 4534 2279 4574 e
2327 4536 2453 4576 sero
2512 4537 2629 4576 uos.

2248 4529 2304 4574 Cl
2327 4536 2453 4576 sero
2476 4529 2629 4577 dUOS.

2324 4594 2340 4640 ι
2402 4591 2580 4665 Addat
2620 4594 2827 4665 mercis,
2876 4596 3028 4664 cujus
3069 4594 3309 4659 voluerit,
3340 4595 3624 4665 potionem.
3655 4591 3757 4665 _lta
3793 4591 3852 4646 in

2248 4658 2454 4732 Regula
2500 4678 2625 4729 ms.,
2659 4664 2712 4718 id
2747 4658 2850 4728 est,
2877 4658 3042 4732 va'sis,
3073 4680 3165 4720 seu
3191 4667 3310 4722 cadi
3340 4658 3353 4719 Ξ
3398 4680 3553 4722 merx
3576 4663 3724 4720 enim
3753 4670 3850 4718 est

2250 4731 2353 4788 vas
2373 4733 2514 4805 apud
2537 4731 2873 4801 Juvenalem,
2904 4743 3008 4791 sat.
3030 4731 3104 4790 '4:

2498 4882 2516 4912 ρ
2551 4882 2566 4899 .
2607 4884 2619 4898 .
2657 4887 2671 4900 .
2709 4883 2724 4900 .
2772 4849 2945 4912 Magna
2969 4851 3054 4912 qui
3079 4862 3201 4900 voce
3225 4849 3436 4900 solebat.

2375 4909 2611 4962 Vendere
2635 4909 2904 4976 municipis
2927 4909 3079 4963 fracta
3097 4915 3162 4964 de
3185 4926 3351 4964 merce
3373 4914 3566 4965 silum.

2253 5013 2354 5089 Ubi
2390 5011 2544 5089 vetus
2570 5016 2928 5073 scholiastes:
2977 5015 3048 5073 Id
3080 5026 3178 5085 est,
3203 5017 3372 5089 fracto
3397 5030 3516 5071 case
3556 5011 3848 5069 sar-darsa

2251 5086 2484 5158 ejusdem
2512 5089 2802 5158 municipii.

2325 5158 2351 5197 ιι
2403 5157 2471 5211 Ει
2525 5157 2716 5213 anima
2769 5159 3082 5229 cogitatione
3149 5158 3381 5213 libidinis
3444 5173 3548 5229 non
3598 5157 3848 5229 caresdt.

2255 5228 2442 5293 Recte,
2487 5230 2610 5297 quia
2658 5224 2851 5284 vinuni
2889 5239 2972 5286 est
3017 5230 3244 5284 luxuriae
3288 5228 3659 5284 incentivum:
3709 5224 3850 5288 ei":

2254 5297 2439 5376 ἔρωτρς
2466 5302 2667 5376 ςτρρφρς,
2717 5301 2772 5376 id
2822 5301 3138 5376 esthvinum
3173 5308 3275 5376 _est
3311 5300 3572 5376 nutritius
3613 5298 3844 5359 amotis,

2257 5367 2430 5444 inquit
2450 5367 2686 5427 Achilles
2716 5372 2905 5444 Tatius
2931 5372 3070 5426 libro
3091 5387 3138 5444 _l.
3172 5370 3486 5444 Leucippes,
3509 5367 3850 5444 ρῖνοςζΔφρφ

2256 5437 2395 5515 dii-ac
2420 5443 2570 5515 γάλα,
2597 5443 2652 5497 id
2685 5453 2839 5515 est,«
2867 5443 3061 5497 Vinum
3090 5437 3444 5515 lac__V_’ene'ris,
3476 5461 3494 5492 ι
3529 5439 3707 5515 inqu“
3729 5437 3850 5515 ξτε-

2256 5508 2544 5582 stophanes
2597 5515 2736 5582 apud
2785 5514 3125 5578 Athenaeum,
3174 5511 3312 5567 libro
3366 5527 3420 5566 κ.
3468 5529 3486 5562 c
3534 5508 3849 5582 Luxuriam

2257 5577 2469 5654 facitet
2495 5577 2663 5638 nutrit
2689 5585 2799 5639 vini
2825 5585 3100 5654 perceptio
3130 5583 3313 5654 nimia,
3342 5602 3362 5636 ι
3397 5578 3658 5654 inquits.
3687 5577 3850 5633 Proso

2255 5668 2353 5722 per
2378 5653 2733 5723 Aquitanicus
2764 5651 2902 5710 libro
2942 5651 3075 5710 inde
3106 5653 3225 5708 Vita
3251 5651 3693 5723 contemplativa,
3721 5663 3850 5718 cap.

2256 5719 2346 5800 Ὧς
2399 5719 2592 5800 Vinum
2623 5726 2922 5800 spiritalem
2972 5724 3439 5800 abigitlmtitiapi,
3469 5719 3850 5800 confusionem

2258 5803 2313 5853 et
2334 5795 2636 5852 incendium
2653 5791 2829 5869 'giguit
2853 5797 2908 5852 in
2936 5791 3120 5861 corde,
3151 5795 3327 5866 inquit
3347 5793 3560 5850 Marcus
3579 5791 3852 5850 Επαωὶιδ.
