4066 6342
291 338 429 415 ut;

1206 337 1596 399 CONCORDIA
1633 335 2092 398 REGULABUM.
2132 366 2204 382 —-
2238 336 2390 394 CAP.
2429 333 2514 412 LI.

3411 346 3554 406 1146

288 458 599 526 Dominica;
637 455 847 515 caeteris
885 454 1008 514 aliis
1041 456 1097 513 in
1122 457 1422 528 septimana
1459 457 1648 514 diebus
1676 457 1744 514 ad
1769 470 1866 512 no-
1892 457 1947 518 Α
1969 454 2133 509 decim
2155 452 2406 526 apostolis
2421 460 2470 508 et
2490 452 2812 509 coenantibus
2835 451 2943 509 illis
2962 455 3097 512 dixit
3135 455 3352 531 (Matth.
3371 463 3550 539 xx").

284 572 413 615 nam
437 555 629 612 horam
649 551 876 609 relicere
900 560 1134 624 oportet.
1157 551 1293 608 Nam
1325 551 1711 609 erubescamus
1744 565 1870 618 nos,

286 651 380 724 qui
429 662 615 705 sumus
662 645 951 718 spiritales,
983 643 1170 716 fugere
1218 645 1353 701 hora
1398 661 1539 702 nona
1580 645 1870 717 jejunium,

285 759 410 801 cum
431 748 643 796 vetusta
665 738 1002 795 consuetudo
1017 738 1318 810 antiquitus
1330 739 1644 808 agnoscitur
1660 750 1685 779 τι
1709 754 1872 810 prau-

283 836 371 892 dia
411 835 720 906 ignorasse;
755 833 784 873 δ
813 833 909 889 sed
938 849 1154 905 semper
1180 849 1488 906 vesperam,
1519 835 1623 890 hoc
1635 843 1741 900 est,
1768 847 1876 889 cut-

282 945 410 986 nam
442 929 557 984 suis
592 927 978 984 refectionibus
1005 929 1307 996 ordinavit;
1355 931 1644 996 intantum,
1674 939 1734 985 ut
1774 946 1873 985 an-

283 1039 483 1082 nonam
505 1037 627 1094 qua:
659 1023 990 1094 erogabatur
1014 1031 1109 1077 aut
1136 1022 1507 1079 laborantibus
1524 1065 1540 1090 ,
1565 1032 1658 1078 aut
1686 1023 1874 1078 militi-

281 1115 405 1181 bus,
443 1125 466 1155 ε
511 1115 634 1170 ideo
689 1130 903 1171 annona
951 1130 1126 1185 usque
1176 1115 1338 1170 hodie
1372 1115 1593 1180 dicitur,
1623 1115 1749 1184 quia
1803 1111 1870 1168 ad

283 1207 478 1264 horam
504 1221 704 1262 nonam
732 1205 839 1262 diei
865 1215 1144 1277 erogatur,
1169 1213 1225 1260 et
1246 1206 1365 1262 ideo
1393 1221 1563 1275 usque
1593 1205 1754 1260 hodie
1775 1219 1874 1258 an-

286 1315 432 1356 nona
458 1313 656 1354 nomen
687 1299 965 1354 remansit.
992 1297 1128 1352 Nam
1165 1298 1333 1368 ipsius
1372 1297 1583 1352 Domini
1623 1296 1872 1352 testimo-

286 1390 438 1447 nium
484 1388 758 1461 proferam
781 1430 795 1455 ,
823 1404 984 1459 quem
1015 1402 1262 1444 cenasse
1292 1389 1662 1460 cognovimus,
1695 1386 1721 1426 δ
1760 1403 1870 1443 non

284 1482 514 1555 legimus
539 1482 844 1553 prandisse,
875 1497 999 1537 cum
1033 1480 1164 1536 dicit
1192 1481 1368 1536 sancti
1411 1479 1689 1552 Evangelii
1731 1479 1871 1536 scri-

281 1583 442 1645 ptura
463 1588 479 1628 :
501 1584 524 1613 ο
554 1571 768 1645 Vespere
790 1581 970 1628 autem
990 1571 1133 1642 {acto
1160 1571 1396 1626 recubuit
1419 1571 1577 1627 Iesus
1601 1587 1720 1626 cum
1741 1569 1872 1626 duo-

281 1709 383 1768 Oll'.
423 1709 567 1767 Eccl.
597 1710 825 1782 Carolus
856 1709 1080 1782 Magnus
1131 1711 1318 1782 epist,
1343 1709 1421 1782 ad
1458 1708 1869 1782 _Alcuinum,qet

280 1797 582 1906 anotglmus
625 1782 682 1838 in
721 1781 882 1853 epist.
927 1779 1048 1852 qua:
1072 1779 1249 1837 exstat
1298 1779 1426 1848 109,
1454 1779 1599 1835 inter
1651 1779 1866 1836 Alcuini

280 1867 398 1906 ems
479 1869 560 1906 as.

279 1855 560 1909 epistolas.

353 1871 364 1907 I
402 1868 472 1907 tot
545 1892 560 1908 .

312 1868 398 1966 pus
417 1869 654 1979 Prasndia
683 1923 971 1995 ignorasse.
996 1921 1220 1978 Veteres
1249 1921 1480 1995 Romani
1509 1921 1701 1993 primis
1726 1922 1862 1993 reip.

279 1996 616 2066 temporibus
639 1994 750 2066 non
780 1995 1138 2066 pra_ndehant,
1169 1995 1265 2066 sed
1303 1994 1592 2066 ctenabant
1627 2001 1860 2066 tantum.

281 2064 339 2122 8.
372 2062 610 2122 Isidorus
636 2065 729 2121 lib.
756 2062 826 2120 ix
858 2064 1028 2134 0rig.,
1052 2081 1172 2135 cap.
1203 2063 1239 2119 2
1270 2083 1283 2118 :
1320 2083 1339 2116 ι
1376 2065 1432 2119 In
1457 2081 1557 2120 usu
1590 2064 1734 2118 enim
1756 2079 1866 2118 non

278 2147 440 2194 erant
475 2137 741 2208 prandia.
764 2157 784 2189 ι
813 2135 872 2191 8.
908 2135 1195 2208 Salvianus
1221 2136 1346 2191 libr.
1383 2153 1401 2191 ι
1460 2137 1526 2190 de
1573 2135 1868 2208 Providen-

278 2209 356 2263 tia
389 2224 404 2263 :
439 2205 748 2278 (Nunquid
795 2223 1013 2278 parcam
1056 2207 1202 2262 illam
1231 2217 1358 2263 tunc
1387 2217 1764 2278 agrestemque
1787 2205 1867 2260 vi-

280 2289 392 2334 tam
419 2295 541 2334 cum
569 2277 768 2346 gemitu
795 2277 849 2332 et
885 2279 1071 2334 dolore
1111 2279 1436 2343 tolerabant,
1464 2293 1586 2331 cum
1635 2277 1769 2332 viles
1813 2284 1868 2330 et

281 2351 516 2406 rusticos
539 2351 688 2404 cibos
713 2357 838 2404 ante
878 2350 1020 2419 ipsos
1047 2351 1243 2420 quibus
1270 2349 1682 2410 exercebantur,
1718 2348 1868 2420 focos

281 2429 582 2530 sumegent,
613 2435 816 2490 eosque
847 2417 995 2491 ipsos
1022 2417 1217 2492 capere
1257 2421 1362 2475 nisi
1395 2420 1464 2474 ad
1491 2433 1775 2489 vesperam
1803 2417 1868 2472 li-

281 2501 422 2530 (ml-al
508 2511 526 2530 ι

279 2501 463 2547 ceret?
507 2511 526 2544 ι

353 2563 380 2602 ιι
413 2561 520 2616 Sed
544 2563 940 2634 vesperam,hoc
965 2570 1291 2625 est,cwnam.
1321 2560 1496 2631 Lege:
1528 2557 1864 2634 Vespemam.

282 2632 529 2689 Festus:
587 2629 937 2702 «'Vcspertta,
964 2647 1124 2702 quam
1174 2647 1316 2686 nunc
1367 2629 1580 2687 coenam
1627 2629 1868 2702 appella-

282 2719 423 2760 mus.
463 2725 483 2757 s
511 2703 678 2760 Idem.
705 2723 723 2754 ι
754 2701 1039 2772 Υρερειιιιι
1071 2702 1212 2773 apud
1247 2702 1495 2773 Plautum
1522 2717 1681 2773 cmna
1709 2701 1870 2756 intel-

279 2773 486 2846 ligitur.
537 2795 556 2829 s
607 2774 744 2846 Hinc
785 2772 1131 2845 castigandus
1178 2772 1443 2846 locuer.
1500 2772 1689 2846 Isidori
1746 2787 1866 2842 cap.

281 2843 449 2902 citato
481 2861 496 2901 :
535 2864 554 2898 ι
608 2845 704 2900 Est
735 2855 916 2900 autem
933 2843 1104 2899 'coeua
1133 2845 1474 2914 vespertinus
1503 2843 1677 2907 cibus,
1705 2857 1871 2912 quam

283 2919 648 2988 vespertinam
675 2917 884 2988 antiqui
905 2916 1186 2981 dicebant;
1220 2937 1239 2969 ι
1271 2915 1556 2987 legendum
1586 2915 1754 2978 enim,
1781 2930 1870 2967 ve-

282 3005 552 3114 minim;
582 3075 795 3114 annona
822 3074 984 3130 usque
1012 3057 1166 3112 hodie
1193 3057 1405 3111 dicitur.
1437 3055 1516 3111 Ita
1564 3063 1750 3112 censet
1778 3054 1874 3109 Isi-

283 3130 448 3202 dorus
479 3146 598 3202 cap.
632 3133 799 3186 citato
828 3147 841 3184 :
879 3128 905 3180 «⁷
934 3128 1162 3184 Annona
1192 3137 1424 3202 tractum
1455 3137 1539 3202 est
1569 3144 1599 3182 a
1626 3139 1872 3202 tempore

1970 546 2110 604 Nam
2136 547 2258 604 ideo
2284 547 2353 604 ad
2376 562 2574 603 nonam
2604 545 2795 603 horam
2826 548 3096 607 universis
3137 553 3327 612 diebus
3363 560 3560 616 consti-

1971 650 2087 698 tuta
2137 652 2265 697 sunt
2317 641 2450 697 solvi
2493 639 2700 711 jejunia
2732 658 2748 696 :
2780 652 2842 698 ut
2893 643 2965 698 sit
3012 644 3215 717 aliquid
3271 651 3557 721 prolixius,

1971 737 2116 809 quod
2163 736 2593 810 quadragesima:
2631 734 2823 791 diebus
2873 737 3133 806 addatur,
3163 741 3218 797 id
3252 752 3357 810 est,
3389 761 3559 816 usque

1971 830 2042 886 ad
2077 844 2378 900 vesperam,
2411 829 2466 884 td
2510 837 2612 894 est,
2638 837 2761 899 post
2791 829 3174 888 lucernariam.
3211 834 3230 874 τ
3259 836 3308 891 Α
3333 854 3560 910 sexage-

1971 921 2110 978 sima
2139 936 2270 977 vero
2321 927 2538 993 quarta,
2565 930 2736 984 sexta,
2771 929 2828 976 et
2878 923 3103 980 sabbato
3152 935 3275 997 post
3315 928 3560 986 lucerna-

1971 1011 2109 1068 riam
2131 1027 2345 1084 semper
2381 1012 2659 1080 reﬁciant;
2695 1015 2719 1052 ε
2751 1013 2871 1068 aliis
2910 1030 3038 1072 vero
3063 1017 3252 1073 diebus
3286 1037 3458 1092 usque
3485 1023 3555 1079 ad

1973 1106 2441 1178 quadragesimam
2473 1105 2540 1160 ad
2573 1121 2767 1161 uonam
2796 1106 3064 1176 reficiant,
3095 1120 3156 1166 ut
3183 1113 3324 1181 quod
3371 1115 3556 1170 Dorni-

1973 1197 2110 1253 nica:
2135 1197 2566 1270 quadragesimae
2595 1200 2660 1253 de
2701 1198 3064 1270 quadraginta
3100 1200 3323 1274 jejuniis
3351 1205 3559 1260 subtra-

1971 1291 2132 1358 hunt,
2157 1292 2185 1332 ιι
2218 1303 2410 1364 quarta
2445 1301 2621 1360 sexta,
2655 1302 2712 1349 et
2753 1293 2978 1351 sabbato
3007 1313 3036 1351 a
3064 1301 3397 1372 sexagesima
3421 1301 3560 1372 jeju-

1972 1382 2064 1438 nia
2111 1399 2284 1455 usque
2336 1385 2402 1440 ad
2455 1402 2736 1457 vesperam
2773 1391 3089 1445 continuata
3144 1393 3452 1462 restituant,
3501 1404 3562 1452 ut

1973 1474 2333 1550 quadraginta
2353 1473 2561 1548 jejunia
2598 1479 2655 1534 in
2681 1495 2909 1538 numero
2937 1481 3330 1556 compleantur.

1967 1711 2114 1786 disse
2139 1711 2272 1786 satis
2306 1712 2578 1786 colligitur
2613 1729 2680 1770 ex
2708 1713 2866 1771 Joan.
2903 1731 3025 1786 cap.
3071 1733 3150 1783 tv,
3175 1717 3268 1774 ubi
3305 1717 3560 1776 dicuntur

1976 1783 2223 1854 discipuli
2259 1783 2493 1839 intrasse
2528 1785 2584 1839 in
2609 1787 2882 1842 civitatem
2915 1783 3130 1854 Sichar,
3159 1799 3213 1844 et
3240 1791 3438 1845 emisse
3467 1793 3550 1846 ci-

1895 1830 1944 1892 B
1972 1855 2093 1930 bos,
2113 1830 2239 1930 lcum
2270 1865 2416 1930 esset
2461 1855 2594 1930 hora
2622 1857 2777 1926 quasi
2808 1830 3134 1928 sextar‘qua’:

1970 1934 2026 1981 et
2055 1925 2326 1981 invenisse
2357 1925 2653 1982 Dominum
2691 1943 2816 2001 cum
2869 1925 3097 1985 muliere
3143 1925 3558 2001 colloquentem,

1967 2011 2200 2077 eumque
2228 2012 2450 2068 rogasse
2478 2005 2538 2077 u_t
2564 2000 2940 2077 manducaret,
2972 2001 3114 2071 quod
3139 2017 3245 2056 non
3264 2000 3554 2072 .fecissent,

1967 2069 2014 2122 si
2041 2083 2320 2139 nunquam
2352 2069 2622 2139 prandere
2651 2072 2951 2126 statuisset.

2045 2149 2068 2177 ο
2109 2135 2328 2209 Vespere
2352 2135 2544 2193 'autem
2589 2140 2766 2209 facto,
2793 2151 2901 2196 etc.
2943 2141 3131 2197 Matth.
3163 2158 3311 2208 xxvi,
3350 2143 3442 2198 ubi
3485 2144 3565 2200 sic

1968 2210 2150 2265 versio
2179 2211 2484 2264 communis
2516 2229 2528 2263 :
2583 2210 2800 2281 Vespere
2831 2221 3004 2266 autem
3041 2213 3181 2280 facto
3205 2214 3566 2270 discumbebat

1971 2296 2090 2353 cum
2120 2281 2398 2353 duodecim
2425 2281 2697 2353 discipulis
2723 2283 2832 2337 suis
2855 2300 2874 2338 :
2901 2293 2950 2337 et
2977 2283 3246 2340 edentibus
3271 2286 3382 2340 illis
3403 2286 3559 2340 dixit.

2049 2349 2146 2424 [Α
2183 2353 2506 2424 sexagesima
2541 2349 2657 2406 uero
2692 2363 2905 2424 quarta,
2935 2364 3102 2419 sexta,
3133 2365 3183 2409 et
3221 2357 3456 2410 sabbato.
3483 2355 3565 2410 Ita

1971 2422 2028 2477 in
2066 2421 2200 2481 Reg.
2231 2421 2333 2476 ms.
2364 2423 2577 2477 videtur
2605 2421 2781 2478 tamen
2809 2424 2999 2480 deesse
3028 2426 3085 2481 τὸ
3118 2428 3370 2481 secunda.
3421 2424 3560 2480 Nam

1971 2493 2063 2565 hic
2121 2493 2380 2565 Magister
2428 2494 2481 2547 in
2532 2494 2872 2565 hebdomade
2923 2497 3272 2565 sexagesima:
3322 2497 3566 2551 instituit

1963 2561 2243 2637 jejunium
2258 2573 2492 2633 quatuor
2515 2563 2724 2637 dierum
2758 2566 2823 2637 ad
2855 2565 3027 2620 instar
3050 2561 3233 2636 iejunii
3257 2568 3560 2637 quadrage-

1973 2633 2205 2706 simalis,
2233 2635 2306 2688 ita
2339 2642 2398 2689 ut
2434 2635 2684 2690 monachi
2734 2634 2982 2690 reficiant
3022 2633 3232 2691 tantum
3261 2633 3329 2691 ad
3378 2633 3572 2706 vespe-

1975 2720 2112 2767 ram,
2140 2705 2209 2759 ad
2233 2705 2666 2775 supplementum
2691 2721 2786 2760 sex
2815 2706 3328 2776 DominicarumJn
3360 2705 3562 2776 quilius

1973 2791 2040 2830 ex
2068 2791 2217 2848 more
2247 2779 2470 2848 antiquo
2499 2776 2752 2832 Ecclesia:
2784 2793 2889 2831 non
2916 2777 3218 2848 jejunatur.
3237 2775 3564 2848 Cum’igitur

1974 2863 2014 2919 a7
2034 2847 2208 2919 prima
2239 2847 2516 2902 Dominica
2555 2849 2984 2918 quadragesima:
3034 2864 3206 2919 usque
3254 2850 3322 2904 ad
3351 2847 3564 2904 Pascha

1979 2918 2087 2972 sint
2135 2917 2242 2972 duo
2289 2926 2345 2972 et
2396 2917 2915 2988 quadragintadies,
2951 2926 3010 2972 ut
3040 2917 3300 2974 numerus
3331 2920 3564 2988 quadra-

1977 2988 2128 3058 ginta
2181 2989 2392 3043 dierum
2444 2998 2710 3060 servetur,
2732 2988 2887 3060 addit
2937 2988 3192 3060 Magister
3235 2999 3472 3059 quatuor
3510 2988 3566 3043 in

1977 3060 2415 3131 sexagesima,ut
2434 3075 2556 3132 cum
2587 3059 2694 3112 illis
2715 3057 2926 3132 duobus
2953 3057 3047 3129 qui
3076 3057 3568 3132 quadragenarium

1977 3129 2262 3186 numerum
2292 3131 2583 3194 excedunt,
2627 3130 2978 3200 suppleantur
3027 3129 3120 3186 sex
3173 3129 3488 3192 Dominica,
3512 3129 3567 3184 in

283 3216 390 3274 quo
416 3197 651 3274 Romani
699 3214 912 3258 veteres
964 3202 1032 3256 ad
1080 3202 1233 3256 cibos
1278 3200 1702 3264 advocabantur,
1731 3197 1874 3254 sicut
1901 3197 1946 3260 C
1978 3203 2179 3274 quibus
2194 3219 2309 3274 non
2329 3203 2625 3274 jejunatur.
2644 3197 2786 3270 Lege
2806 3217 2937 3273 ergo
2959 3202 3564 3274 se_cunda,quarta,etc._

284 3271 548 3330 Martialis
579 3287 596 3330 :
625 3293 644 3327 s

465 3389 682 3445 Imperat
705 3387 932 3439 excelsos
958 3388 1191 3450 frangere
1217 3400 1342 3438 nona
1366 3393 1514 3440 toros.

407 3450 547 3510 Quod
569 3451 789 3512 adusque
814 3452 960 3500 hodie
985 3453 1152 3502 Persa
1176 3451 1374 3501 faciunt.

356 3552 386 3595 ιι
422 3553 546 3627 Ilion
574 3554 792 3627 legimus
820 3558 1111 3627 prandisse.
1131 3555 1541 3627 Htecdicuntur
1561 3555 1712 3625 juxta
1739 3572 1874 3627 prte-

284 3625 398 3682 cisa
429 3623 701 3698 Evangelii
727 3623 910 3691 verba,
941 3628 1153 3698 inLquo
1187 3626 1332 3681 nulla
1375 3623 1589 3698 prandii
1640 3623 1872 3693 mentio,

286 3710 410 3752 cuut
433 3697 500 3753 de
523 3694 741 3754 Christo
770 3698 968 3768 agitur.
995 3694 1150 3754 Illum
1183 3694 1686 3768 tameu'aliquando
1711 3714 1874 3770 pran-

2051 3276 2076 3314 ε
2113 3272 2248 3328 Aliis
2297 3271 2414 3328 vero
2454 3274 2635 3344 diebus
2678 3289 2840 3344 usque
2876 3271 2952 3326 ad
2992 3271 3470 3344 Quadrag‘esimam
3496 3271 3565 3324 ad

1975 3361 2169 3399 nonam
2198 3345 2458 3414 reﬁciant.
2506 3343 2666 3414 Juxta
2719 3343 2926 3414 rnorem
2973 3343 3191 3398 solitqu
3235 3343 3564 3414 jejuniorum

1974 3412 2324 3485 regularium,
2366 3413 2654 3485 inquibus
2699 3412 2952 3485 reficiunt
3000 3414 3198 3467 fratres
3249 3413 3568 3485 adhortum

1976 3481 2277 3607 seélundum
2307 3481 2557 3540 instituta
2606 3482 2872 3554 Magistri,
2904 3498 3011 3538 non
3045 3498 3175 3538 vero
3214 3481 3565 3553 quadragesi-

1979 3570 2066 3607 ma
2094 3570 2225 3607 tum.

1979 3570 2225 3608 manum.

2048 3625 2076 3665 h
2115 3623 2319 3690 Qum-ta
2340 3634 2489 3680 sexta
2516 3634 2565 3679 et
2593 3624 2830 3681 sabbato.
2861 3624 3026 3681 Deest
3049 3625 3108 3685 τὸ
3133 3622 3386 3690 secunda,
3409 3621 3569 3695 juxta

1969 3688 2322 3766 ’superiorem
2352 3697 2637 3752 rationem.

291 3841 3554 3868 Μ

1655 3951 1994 4032 CAPUT
2072 3955 2212 4032 LI.

1149 4104 1239 4162 UT
1279 4104 1456 4163 POST
1490 4105 2034 4167 COMPLETORIUM
2071 4109 2264 4168 ΝΕΜο
2305 4107 2700 4180 LOQUATUB.

499 4289 598 4368 §I.
627 4321 700 4334 —
730 4291 811 4348 Ex
856 4289 1078 4347 Recens
1117 4306 1306 4347 sutori
1345 4291 1660 4350 Beuemcrt.

358 4386 519 4446 Omni
545 4395 787 4457 tempore
811 4384 1032 4440 silentio
1083 4384 1282 4440 debent
1317 4383 1538 4441 studere
1583 4387 1869 4451 monachi,

245 4498 248 4560 ς
290 4493 316 4524 ι
346 4481 582 4537 maxime
609 4488 792 4536 tamen
829 4478 1117 4535 nocturnis
1145 4479 1316 4534 horis.
1361 4477 1392 4520 δ
1441 4477 1509 4534 Et
1559 4477 1684 4534 ideo
1726 4481 1875 4536 omni

293 4584 530 4649 tempore
567 4574 680 4630 sive
714 4572 931 4646 jejunii,
963 4574 1078 4630 sive
1108 4572 1344 4645 prandii,
1378 4583 1402 4612 ε
1442 4573 1488 4628 si
1515 4581 1729 4645 tempus
1754 4572 1874 4629 fue-

362 4719 387 4748 ι
417 4705 650 4763 Maxime
684 4706 1144 4778 nocturnisihoris.
1196 4706 1308 4762 Hac
1335 4706 1453 4778 lege
1484 4707 1667 4764 multis
1692 4708 1874 4775 malis,

330 4794 409 4834 ua:
437 4779 783 4904 (tienebrarum
832 4776 1073 4834 subsidio
1105 4776 1509 4848 perpetrantur,
1551 4781 1788 4835 occurrit
1814 4779 1872 4836 8.

330 4865 433 4904 ene
474 4860 632 4904 ictus.

335 4860 632 4906 ρηθαιοιιις.

362 4920 391 4962 δ
434 4919 502 4975 Et
555 4922 689 4976 ideo.
739 4918 866 4976 Haec
907 4920 1073 4976 verba
1115 4927 1241 4975 sunt
1281 4919 1725 4988 continuationis,
1769 4937 1876 4978 non

290 4994 707 5064 consequentiae.

364 5061 487 5120 CSi'
521 5074 721 5134 tempus
768 5063 925 5134 fuerit
975 5061 1205 5134 prandii.
1239 5061 1296 5116 Id
1323 5069 1427 5127 est,
1472 5063 1517 5117 si
1560 5078 1670 5134 non
1715 5062 1878 5118 fuerit

283 5135 473 5224 ieiunii
505 5132 1756 5224 seseiane-909-19!suaesupreeteeua
1791 5133 1878 5224 J9-

285 5203 541 5280 ju'nantes
565 5203 695 5280 vero
720 5203 990 5280 minime,
1027 5206 1168 5260 unde
1213 5203 1439 5280 prandia
1472 5213 1522 5259 et
1546 5203 1749 5280 j_e_junia
1781 5222 1877 5276 op-

293 5275 590 5364 ponuntur.
614 5363 617 5364 7
641 5277 893 5364 Sidonius
939 5276 1145 5364 Ιίιιιγι,Δ
1350 5275 1533 5364 γίὲγειι
1552 5275 1636 5364 γυι
1653 5275 1879 5364 constet.

292 5347 661 5406 indesinenter
685 5363 864 5416 regem
884 5355 1207 5419 prtesentem
1230 5348 1456 5419 prandia
1483 5356 1603 5409 tua;
1634 5347 1875 5420 reginam

291 5420 518 5493 laudare
542 5421 764 5493 jejunia.
797 5441 814 5472 ι

362 5491 389 5532 ἀ
418 5493 485 5547 Ει
513 5488 648 5562 legat
676 5508 808 5547 unus
839 5489 1163 5545 collationes.
1195 5488 1322 5545 Fuit
1348 5490 1476 5547 olim
1507 5491 1620 5546 hzec
1652 5506 1875 5547 consue.

238 5566 240 5569 ’
291 5563 422 5620 tudo
453 5565 860 5626 monachorum,
905 5570 965 5616 ut
1001 5571 1122 5631 post
1153 5576 1363 5618 cumam
1396 5571 1489 5617 aut
1511 5563 1875 5632 vespertinam

272 5637 569 5708 ‘synaxim_
596 5634 753 5708 simul
801 5632 1143 5708 congregati,
1185 5649 1293 5688 uno
1341 5632 1582 5708 legente,
1625 5634 1877 5708 audirent

293 5703 505 5762 sacram
539 5703 1088 5775 Scripturamfvitas
1125 5713 1229 5775 aut
1273 5703 1586 5775 collationes
1629 5703 1873 5762 Patrum.

294 5777 372 5859 Ita
399 5782 589 5859 statuit
616 5773 677 5831 8.
700 5776 934 5833 Isidorus
959 5791 1078 5859 cap.
1106 5774 1139 5859 εἰ
1169 5775 1386 5859 [tegulas
1418 5793 1432 5830 :
1466 5794 1484 5826 ι
1512 5773 1641 5859 Post
1661 5791 1878 5859 vesper-

297 5849 472 5930 tinum
502 5855 685 5908 autem
724 5842 1063 5935 congregatis
1101 5842 1362 5908 fratribus
1403 5853 1618 5922 oportet
1653 5843 1738 5905 vel
1757 5842 1880 5906 'all-

1899 4628 1954 4690 D

1976 4296 2049 4350 rit
2105 4295 2341 4368 prandii,
2370 4310 2497 4350 mox
2546 4303 2608 4349 ut
2663 4292 3003 4349 surrexerint
3052 4307 3084 4348 a
3134 4303 3312 4357 omna,
3341 4292 3565 4350 sedeant

1975 4403 2168 4445 omnes
2222 4389 2276 4443 in
2316 4403 2505 4453 unum,
2529 4385 2557 4426 ει
2594 4394 2651 4442 et
2676 4383 2820 4457 legat
2849 4399 2990 4439 unus
3013 4381 3341 4440 Collationes
3365 4382 3452 4438 vel
3487 4381 3569 4440 Vi-

1978 4491 2064 4538 tas
2087 4482 2335 4546 Patrum,
2359 4489 2452 4535 aut
2483 4488 2630 4536 certe
2675 4476 2876 4548 aliquid
2907 4475 3052 4546 quod
3079 4472 3312 4530 aediﬁcet
3341 4475 3564 4532 audien-

1979 4585 2094 4642 tes;
2132 4590 2242 4631 non
2289 4583 2472 4628 autem
2504 4583 2527 4613 ε
2559 4569 2888 4642 Eptaticum,
2920 4575 3014 4623 aut
3049 4565 3069 4606 ί
3098 4565 3309 4639 Regum
3362 4569 3389 4608 α
3434 4568 3563 4638 quia

1977 4710 2104 4780 quid
2157 4707 2448 4780 meditari,
2502 4705 2587 4761 vel
2636 4705 2702 4760 de
2760 4703 3030 4780 aliquibus
3053 4703 3275 4780 __divin:e
3322 4702 3568 4780 lectionis

1977 4774 2379 4851 quiestionibus
2396 4779 2688 4851 disputare.
2735 4796 2754 4829 ι
2795 4774 2896 4851 Ubi
2946 4775 3197 4851 meditari
3237 4783 3321 4851 est
3358 4774 3564 4851 legere.

1977 4845 2116 4908 Beda
2137 4852 2232 4905 lib.
2255 4867 2315 4905 ιιι
2341 4845 2682 4919 ΙΙίειίΑιιει..
2710 4862 2831 4919 cap.
2860 4847 2893 4902 5
2921 4865 2932 4900 :
2969 4865 2986 4898 ι
3020 4845 3566 4919 Meditaridehei‘ent,

1978 4926 2031 4979 id
2062 4931 2168 4986 est,
2212 4931 2307 4976 aut
2343 4915 2610 4994 legendis:
2626 4915 2942 4994 §criptut'is,
2975 4915 3312 4994 autpsalmis
3351 4916 3567 4972 disceno

1980 4995 2063 5050 dis
2088 4985 2307 5064 operam
2347 4985 2496 5047 dare.
2533 5011 2552 5042 ι
2585 4989 2730 5046 Idem
2749 4985 2952 5064 'statuit
2982 4985 3040 5042 S.
3072 4985 3419 5064 Fructuosus
3445 5001 3563 5064 cap.

1977 5065 2010 5120 '5
2041 5057 2278 5136 Regulae,
2303 5065 2396 5119 sed
2431 5071 2637 5117 tantum
2668 5061 2872 5116 aestatis
2905 5068 3182 5136 tempore;
3215 5075 3234 5108 ι
3268 5057 3419 5136 Quod
3449 5058 3569 5127 qui-

1977 5137 2099 5191 dem
2122 5127 2319 5190 ?estate
2367 5141 2752 5197 conservatur;
2794 5138 2854 5185 ut
2887 5127 3198 5200 priusquam
3240 5127 3563 5198 compleant,

1977 5205 2370 5278 Iiber_legatur.
2411 5225 2430 5258 ι

2055 5289 2077 5316 ο
2111 5268 2433 5347 Ερῖαιίειιηι.
2475 5275 2576 5347 ΙιιιΔ
2603 5274 2656 5328 in
2706 5271 2835 5347 aliis
2877 5269 3290 5347 niss._nostris;_
3335 5278 3391 5325 et
3426 5268 3568 5340 apud

1979 5341 2338 5410 Ruthardum,
2383 5362 2482 5418 pro
2525 5344 2902 5418 Heptateucho.
2947 5341 3080 5418 Vide
3114 5342 3364 5418 superius
3401 5355 3563 5418 annov

1977 5428 2110 5474 tata.
2163 5411 2497 5492 ΕριιιιίοἰιιιιΔ
2532 5411 2625 5492 seu
2698 5413 3125 5492 Ileptateuchum
3192 5411 3568 5492 complectitur

2017 5479 2408 5560 uinque'lihros
2449 5486 2667 5559 Moysis,
2699 5479 2863 5560 losue
2905 5493 2959 5539 et
2983 5482 3274 5560 __Jud_icum.
3313 5479 3569 5537 Nonnulli

2014 5554 2228 5617 udiéum
2259 5562 2398 5617 libro
2432 5554 2728 5615 annectunt
2753 5555 2955 5612 librum
2982 5554 3147 5610 Ruth.

2057 5632 2328 5713 ξβεειιιηξ·
2362 5632 2529 5713 ξονι·
2563 5628 2742 5713 libru-
3107 5695 3190 5713 ,

2056 5693 2243 5770 8Quia
2293 5693 2518 5772 inﬁrmis
2565 5698 2920 5772 intellectibus
2939 5713 3044 5754 non
3076 5695 3191 5772 erit
3240 5693 3404 5772 utile,
3458 5701 3566 5752 etc.

1978 5765 2143 5844 meo"
2160 5790 2268 5831 non
2312 5765 2566 5844 dicuntur
2602 5780 2846 5844 propter
2872 5768 3290 5844 obscutjtatem_
3305 5765 3569 5844 librorum

1977 5843 2214 5915 illorum,
2245 5842 2372 5934 quia
2405 5832 2720 5917 Prophetas;
2751 5835 3002 5916 Epistula
3045 5835 3216 5906 Pauli,
3247 5832 3566 5908 Evangelia,
