4066 6342
425 1443 440 1492 Ρ

511 323 641 392 “Si

1545 316 1604 375 s.
1645 312 2009 375 ammon
2036 317 2328 377 seems
2362 319 2770 382 ANIANENSIS
2835 398 2838 400 γ

500 428 610 485 lum
662 427 730 485 de
773 425 987 485 scurrili
1013 435 1071 483 et
1093 425 1356 497 iniurioso
1383 440 1651 494 sermone,
1684 427 1780 484 sed
1810 428 1977 484 etiam
2009 429 2078 486 de
2101 434 2155 496 Α
2177 433 2434 504 poscerit.
2472 433 2571 491 Cui
2601 433 2670 491 ab
2696 436 2894 493 abbate
2915 436 3078 495 fuerit
3100 439 3437 511 ordinatum,
3468 444 3618 520 loqui
3650 460 3771 509 sm-

495 525 672 583 otioso
685 524 842 598 juxta
856 524 1066 581 Domini
1089 534 1416 596 praeceptum
1446 523 1716 579 rationem
1740 539 1928 581 sumus
1957 523 2081 580 red-

497 619 679 676 dituri.
705 617 847 685 Quid
887 616 1032 672 aliud
1069 615 1228 672 debet
1273 615 1566 672 monachus
1602 617 1821 673 studere
1850 660 1864 684 ,
1915 633 2079 690 quam

494 712 595 770 soli
622 710 753 776 Deo,
781 712 835 766 in
885 727 992 782 quo
1023 710 1188 766 semel
1218 709 1544 765 desiderium
1573 709 1712 776 fixit,
1740 719 1794 766 et
1825 711 1936 766 oris
1964 726 2080 766 ser-

493 823 690 876 mone,
732 815 786 864 et
833 808 1028 864 anima:
1083 807 1353 862 desiderio
1391 808 1618 863 vacare?
1651 808 1915 864 Omnibus
1944 821 2078 877 ergo

493 899 641 955 horis
670 899 877 955 diurnis
906 908 1268 970 pmterquam
1300 899 1368 954 ad
1405 915 1650 955 mensam
1679 911 1704 939 α
1729 899 1799 954 ab
1827 899 1959 954 hora
1985 913 2076 954 se-

492 992 666 1047 cunda
698 1007 866 1062 usque
915 992 982 1046 ad
1011 990 1346 1061 Completam
1380 992 1641 1062 quidquid
1671 991 1875 1047 utilitas
1905 1006 2076 1047 sacrze

490 1084 708 1157 Regulae
747 1086 1090 1157 poposcerit,
1147 1100 1245 1156 per
1284 1085 1494 1140 abbatis
1535 1086 1562 1125 ιι
1605 1093 1964 1141 commeatum
1996 1085 2077 1140 lo-

489 1179 758 1247 quendum
779 1178 981 1234 est.Ab
1001 1179 1134 1235 hora
1159 1192 1287 1235 vero
1313 1191 1335 1218 ο
1361 1179 1770 1249 Completionis,
1799 1195 1921 1235 cum
1951 1195 2074 1235 ora-

487 1271 566 1326 tio
597 1271 663 1326 ad
693 1286 942 1327 somnum
967 1272 1285 1344 capiendum
1315 1273 1493 1337 datur,
1523 1271 1701 1327 nullus
1724 1273 1944 1328 omnino
1987 1271 2072 1328 lo-

486 1361 576 1432 qui
599 1371 911 1432 praesumat,
934 1363 1039 1419 nisi
1065 1363 1287 1435 grandis
1315 1363 1610 1419 necessitas
1640 1363 1959 1419 monasterii
1981 1379 2074 1436 po-

553 1507 581 1536 ι
620 1496 698 1550 Ab
731 1496 863 1551 liora
896 1496 1146 1566 secunda.
1193 1495 1450 1551 Matutina
1492 1496 1743 1552 videlicet
1786 1505 1911 1566 post
1949 1496 2068 1554 Pri-

481 1581 628 1690 Lnam
657 1568 939 1624 recitatam
988 1565 1145 1636 juxta
1171 1568 1456 1638 antiquum
1483 1582 1691 1624 morem
1743 1565 2067 1624 numerandi

523 1651 666 1690 oras.

523 1651 666 1692 Ol‘.lS.

553 1707 581 1747 ι’
619 1707 995 1763 Commeatum.
1039 1707 1098 1763 Id
1122 1716 1223 1772 est,
1271 1709 1619 1779 permissum,
1643 1708 1950 1778 licentiam,
2006 1719 2068 1767 ut

483 1793 649 1847 supra
672 1789 918 1834 notatum
949 1787 1051 1834 est.

553 1860 590 1924 ο-
619 1847 1008 1924 Completionis.
1035 1851 1094 1924 ld_
1121 1859 1224 1917 est,
1255 1850 1545 1924 Completm
1571 1890 1605 1924 ,ί
1640 1861 1700 1908 ut
1730 1853 1892 1924 paulo
1938 1860 2063 1910 ante

483 1919 772 1992 dix_it,__vel,
797 1928 862 1992 ut
892 1921 1053 1992 vulgo
1082 1919 1404 1991 loquuntur;
1423 1919 1794 1992 Completorii.

552 1989 577 2028 τι
622 1988 686 2067 (It
714 1989 846 2045 nulli
881 1988 1191 2067 liceat_curn
1229 1992 1336 2048 alio
1369 1988 1616 2067 secretius
1643 1995 1806 2067 loqui.
1847 1993 2062 2065 Optima

475 2061 706 2127 sanctio,
737 2077 858 2132 quae
905 2063 1208 2132 peculiares
1235 2065 1621 2121 monachorum
1665 2061 2060 2123 familiaritates

475 2133 803 2207 praescindit,
837 2149 934 2203 per
977 2150 1113 2205 quas
1146 2150 1270 2207 erga
1299 2145 1526 2192 caeteros
1574 2137 1774 2193 fratres
1821 2138 2059 2195 charitas

476 2202 638 2280 alget,
660 2202 908 2280 secretae
939 2202 1398 2280 murmura'tiones
1443 2208 1694 2272 aluntur,
1749 2225 1816 2265 ex
1865 2209 2062 2280 quibus

471 2273 727 2342 paulatim
753 2274 1084 2350 clandestina
1113 2287 1352 2346 peccata,
1377 2294 1547 2350 eaque
1569 2280 1785 2335 tandem
1817 2273 2059 2335 exitialia

472 2354 788 2422 nascuntur,
818 2362 903 2422 ac_
913 2349 1145 2422 denique
1170 2350 1421 2422 universa
1452 2349 1716 2422 regularis
1750 2351 2059 2406 observatio

470 2415 832 2498 periclitatur.
863 2417 938 2472 Ex
970 2415 1145 2498 iisque
1169 2421 1421 2474 oriuntur
1445 2415 1738 2498 divisiones
1781 2431 1838 2498 et
1883 2422 2059 2478 schis-

473 2495 617 2562 mata
648 2491 701 2540 in
731 2491 1170 2560 congregatione,
1205 2500 1436 2562 suntque
1473 2493 1835 2562 improbitatis
1865 2507 2054 2549 eorum

473 2554 566 2623 qui
605 2554 1257 2630 coeuntfargumentum,
1292 2554 1467 2633 inquit
1494 2554 1564 2618 Sf
1581 2563 1812 2620 Basilius
1834 2564 1890 2620 in
1917 2562 2058 2619 Con-

2182 525 2327 592 deat,
2355 525 2440 582 vel
2486 527 2651 585 etiam
2693 543 2723 584 a
2769 529 3099 602 praposito,
3153 534 3245 604 qui
3294 549 3483 593 curam
3535 539 3771 601 aliorum

2180 627 2379 688 portat.

2236 709 2264 784 §
2299 709 2389 766 1X.
2419 743 2492 754 —
2515 712 2597 770 Ex
2635 714 2855 774 Rasum
2894 733 3083 774 smn
3120 719 3418 778 Annum
3453 741 3695 785 EPISCOPI

2816 810 2954 883 (cap.
3001 811 3115 885 35).

2249 895 2364 954 Hoc
2391 900 2679 969 specialius
2703 917 2886 958 coram
2911 905 3020 960 Deo
3040 922 3322 966 monemus
3345 900 3628 980 custodiri,
3656 914 3688 954 δ
3713 925 3772 972 ut

2173 990 2309 1044 nulli
2335 991 2494 1048 liceat
2520 1009 2643 1048 cum
2671 994 2778 1049 alio
2809 997 3074 1054 secretius
3097 998 3238 1070 loqui
3272 1010 3366 1057 aut
3385 1002 3601 1070 sedere,
3625 1022 3772 1076 pne-

2174 1084 2331 1153 cipue
2365 1087 2688 1156 vespertinis
2717 1102 2781 1142 ac
2825 1091 3108 1147 nocturnis
3137 1092 3307 1149 horis.
3339 1093 3395 1149 Si
3429 1105 3641 1152 secrete
3687 1098 3774 1154 in-

2171 1177 2319 1230 venti
2343 1175 2564 1244 fuerint,
2585 1187 2841 1250 tanquam
2865 1181 2907 1236 si
2931 1183 3139 1239 crimen
3163 1185 3503 1254 admiserint,
3533 1193 3774 1246 severis-

2172 1268 2309 1324 sime
2339 1271 2762 1343 distringantur,
2825 1274 3028 1346 absque
3071 1276 3181 1333 illis
3232 1279 3326 1350 qui
3372 1282 3591 1352 probati
3636 1292 3770 1342 sunt

2171 1373 2329 1423 aetate
2355 1375 2411 1422 et
2440 1368 2747 1424 sanctitate.

2169 1505 2540 1580 stitulionibus
2569 1504 2901 1580 Monasticis,
2933 1522 3066 1580 eap.
3096 1506 3168 1563 29
3194 1548 3210 1574 ,
3250 1523 3316 1565 ac
3340 1508 3568 1580 proinde
3621 1514 3769 1570 hanc

2168 1577 2478 1651 secretioris
2501 1577 2788 1651 locutionis
2817 1577 3241 1651 familiaritatem
3272 1577 3490 1637 omnino
3521 1586 3767 1651 proscri-

2166 1647 2346 1724 bit_S__.
2400 1647 2645 1722 Leander
2690 1664 2808 1719 cap.
2860 1648 2894 1703 2
2935 1651 3012 1724 de
3050 1647 3717 1724 Institutionevir'ginum
3751 1674 3764 1708 :

2173 1737 2191 1769 ‹
2227 1718 2346 1773 Noli
2372 1718 2649 1791 assumere
2679 1718 2840 1774 unam
2881 1719 2948 1774 ad
2988 1718 3241 1791 loquendi
3296 1718 3764 1791 familiaritatem,

2090 1808 2140 1870 B
2168 1798 2223 1844 et
2243 1791 2514 1870 declinare
2541 1790 2705 1870 alias;
2743 1791 2836 1870 sed
2871 1790 3015 1870 quod
3046 1789 3297 1870 scireruni
3322 1794 3456 1870 utile
3482 1805 3587 1854 est.
3619 1789 3764 1851 scis;

2171 1870 2259 1916 tur
2299 1862 2368 1916 ab
2414 1861 2684 1916 omnibus.
2722 1881 2742 1914 ι
2778 1860 2845 1914 Et
2891 1859 3049 1931 paulo
3079 1869 3243 1931 post:
3282 1881 3301 1914 ι
3339 1863 3396 1918 Si
3442 1864 3647 1920 bonum
3679 1876 3769 1923 est

2169 1932 2312 2004 quod
2340 1932 2722 2004 loqueristcur
2753 1948 2859 1986 una
2890 1940 3095 1984 tantum
3125 1941 3180 1986 et
3203 1949 3310 1988 non
3346 1936 3524 2004 potius
3569 1952 3768 1993 omnes

2169 2001 2566 2078 informentur?
2697 2011 2863 2078 turpe
2902 2010 3006 2078 est,
3034 2017 3136 2078 nec
3185 2001 3442 2078 cogitare,
3466 2021 3569 2061 nec
3615 2008 3765 2078 loqui

2167 2075 2356 2157 debes,
2389 2074 2529 2157 quod
2577 2073 2720 2157 alias.
2751 2073 3024 2157 erubescis
3051 2074 3211 2157 scire.
3245 2073 3274 2127 ι’
3297 2073 3642 2157 ριιιιρεοριει·
3667 2073 3769 2157 iu-

2169 2145 2358 2198 blicum
2375 2143 2440 2199 sit
2461 2144 2609 2220 apud
2628 2144 2895 2220 religiosos
2910 2143 3108 2220 (inquit
3125 2143 3758 2220 EnnpdiusIPartt-nf‘i),

2164 2232 2316 2287 omne
2340 2215 2478 2287 quod
2496 2214 2718 2282 geritur,
2735 2214 3062 2269 clandestina
3093 2216 3394 2285 repudietur
3414 2214 3722 2274 obscuritas
3742 2214 3760 2273 ξ

2163 2286 2358 2368 multos
2385 2286 2582 2368 habeat
2619 2295 2833 2368 actuum
2853 2287 3097 2368 conscios
3120 2326 3134 2350 ,
3178 2287 3268 2368 qui
3291 2287 3399 2368 Deo
3424 2289 3573 2368 debet
3608 2291 3765 2368 inno-

2162 2358 2422 2420 centiam;
2456 2358 2678 2411 audiant
2706 2357 2905 2420 aemuli,
2936 2357 3061 2427 quia
3107 2357 3198 2427 qui
3230 2367 3384 2412 testes
3413 2360 3628 2414 adhibet
3649 2363 3762 2415 vult

2162 2428 2416 2510 probari:
2435 2427 2583 2510 male
2609 2427 2930 2510 deprehensa
2956 2427 3232 2498 judicetur
3270 2432 3621 2498 conversatio,
3641 2449 3764 2504 qua

2166 2515 2272 2554 non
2303 2508 2443 2570 optat
2465 2508 2678 2570 agnosci

510 2683 3724 2716 “mm

1819 2785 2152 2864 CAPUT
2230 2785 2412 2863 LII.

943 2937 1036 2996 DE
1075 2936 1188 2994 HIS
1227 2939 1345 3008 QUI
1383 2942 1477 2998 AD
1516 2942 1697 3002 OPUS
1737 2944 1882 3012 DEI,
1924 2945 2060 3002 VEL
2098 2944 2193 3000 AD
2230 2943 2519 3002 MENSAM
2557 2943 2792 3002 TARDE
2833 2943 3274 3010 OCCURRUNT.

747 3146 775 3220 ᾗ
798 3145 927 3202 1.-
943 3144 1023 3201 Ex
1051 3145 1273 3203 REGULA
1301 3163 1489 3202 SANC'I‘I
1511 3146 1826 3204 BENEDIC’I‘I.

535 3241 614 3299 Ad
645 3241 833 3298 horam
862 3240 1027 3296 divini
1055 3239 1217 3295 oliicii
1249 3253 1273 3281 α
1303 3255 1451 3307 mox,
1485 3250 1545 3295 ut
1591 3242 1830 3297 auditum
1887 3241 2053 3299 fuerit

491 3339 782 3409 bsignum,
832 3335 1037 3393 relictis
1100 3335 1371 3402 omnibus,
1425 3335 1700 3409 (quzelihet
1722 3335 1940 3412 fuerint)
1997 3339 2054 3394 in

461 3432 736 3496 manibus,
768 3443 789 3470 ο
825 3445 1034 3486 summa
1061 3446 1182 3486 cum
1213 3429 1555 3486 festinatione
1604 3441 1895 3488 curratur:
1926 3449 2053 3490 cum

463 3525 730 3600 gravitate
787 3534 1003 3592 tamen;
1043 3532 1104 3580 ut
1133 3539 1241 3579 non
1269 3523 1572 3579 scurrilitas
1613 3524 1852 3579 inveniat
1894 3524 2050 3581 fomi-

458 3622 586 3672 tem.
629 3616 770 3688 Ergo
799 3615 933 3672 nihil
955 3615 1105 3686 operi
1135 3615 1228 3671 Dei
1266 3624 1629 3687 praeponatur.
1658 3615 1812 3683 Quod
1840 3618 1887 3672 si
1929 3617 2052 3687 quis

456 3707 511 3764 in
539 3708 818 3763 nocturnis
838 3715 960 3778 post
979 3706 1203 3779 gloriam
1230 3706 1256 3747 δ
1285 3707 1475 3779 psalmi
1500 3708 1834 3778 nonagesimi
1870 3711 2051 3780 quarti

458 3799 644 3871 (quem
690 3809 912 3870 pr0pter
933 3799 1037 3854 hoc
1071 3799 1290 3855 omnino
1321 3809 1345 3838 ο
1376 3799 1763 3865 subtrahendo,
1816 3809 1870 3855 et
1934 3816 2051 3856 mo-

457 3907 581 3948 rose
606 3892 852 3948 volumus
872 3893 1001 3963 dici)
1029 3893 1350 3959 occurrerit,
1386 3909 1492 3949 non
1523 3902 1628 3948 stet
1653 3893 1706 3947 in
1730 3893 1920 3950 ordine
1951 3909 2050 3950 suo

457 3985 510 4040 in
531 3985 723 4048 choro,
753 3983 846 4039 sed
885 3983 1109 4040 ultimus
1152 3984 1394 4040 omnium
1448 3992 1583 4050 stet;
1644 3993 1738 4038 aut
1793 3986 1848 4040 in
1905 3984 2045 4053 loco,

455 4089 615 4145 quem
649 4072 848 4129 talibus
873 4074 1267 4145 negligentibus
1292 4090 1536 4132 seorsum
1567 4076 1909 4132 constituerit
1954 4077 2050 4132 ab-

453 4167 582 4232 bas;
607 4174 668 4222 ut
706 4165 993 4222 videantur
1029 4167 1098 4223 ab
1132 4168 1250 4237 ipso
1280 4166 1300 4206 ῖ
1327 4167 1412 4223 vel
1439 4167 1508 4224 ab
1541 4168 1822 4237 omnibus;
1875 4184 2048 4241 usque

522 4357 550 4387 ι
579 4344 706 4401 Mox
730 4355 789 4402 ut
815 4346 1078 4414 auditum,
1114 4355 1221 4403 etc.
1251 4345 1421 4416 Ilujus
1460 4347 1815 4405 institutionis
1857 4350 2047 4407 memi-

451 4417 533 4473 nit
558 4416 792 4474 Joannes
811 4421 1104 4473 monachus
1151 4419 1246 4475 lib.
1268 4434 1326 4473 ιιι
1359 4418 1492 4474 Vita:
1522 4417 1580 4474 8.
1611 4418 1833 4486 Odonis,
1881 4429 1937 4476 et
1983 4421 2041 4478 S.

449 4487 779 4545 Fructuosus
820 4490 960 4560 apud
995 4489 1286 4546 Henricum
1317 4487 1591 4546 Canisium
1616 4499 1747 4547 tom.
1799 4490 1842 4546 V
1897 4494 2040 4550 anti-

449 4573 566 4629 qua:
589 4559 854 4615 lectionis.

519 4630 547 4670 ι’
572 4629 943 4704 ῌξθηιι-ιηηεδι
976 4646 1255 4704 ςδιιιριιιιιι
1278 4633 1547 4704 εθιιᾉηοιρι,
1589 4631 1684 4687 lib.
1708 4647 1760 4687 vt
1799 4631 2031 4704 Capitul.

447 4698 1141 4774 Caroli'etALudovici,tit.
1168 4703 1268 4774 168
1307 4720 1319 4755 :
1371 4702 1678 4757 Sacerdotes
1724 4698 1894 4774 signa'
1924 4715 2038 4759 tan-

446 4779 571 4844 gant
603 4771 746 4844 horis
786 4773 1072 4827 canonicis.
1121 4773 1178 4828 S.
1211 4773 1464 4844 Eulogius
1484 4784 1692 4843 martyr
1739 4771 1791 4826 in
1839 4773 2037 4843 Apolo-

445 4843 638 4916 getica.
687 4841 752 4896 Et
801 4843 1004 4898 excelsa
1053 4841 1452 4916 pirtnaculoruni
1501 4841 2037 4916 prosterneret,'quae

445 4911 1229 4984 signantmigcstamina'erant
1270 4915 1337 4968 ad
1377 4911 1680 4984 conuentum
1723 4911 2035 4984 canonicum

443 4984 674 5053 quotidie
713 4983 1037 5040 Christicolis
1081 4985 1425 5040 innuendum.
1485 4983 1708 5050 Gallice,
1739 4983 1851 5039 sein
1881 4999 1899 5038 .'
1933 5003 2038 5042 un-

445 5055 532 5117 de,
557 5057 796 5110 loc-sein.

520 5137 541 5161 υ
573 5124 791 5179 Summa
823 5142 940 5180 cum
964 5126 1298 5186 festinatione
1324 5135 1590 5180 curratur.
1631 5124 1708 5181 lla
1753 5138 1935 5184 monet
1973 5128 2032 5186 S.

444 5193 680 5269 Isidorus
707 5212 824 5267 cap.
867 5196 936 5269 6.Δ
964 5193 1180 5269 Regula:
1219 5213 1231 5248 :
1273 5195 1408 5252 Dato
1452 5197 1588 5269 enim
1629 5198 1872 5269 legitimis
1914 5215 2037 5255 tem-

443 5266 655 5342 poribus
682 5266 830 5337 signa
868 5266 1121 5342 ad‘horas
1147 5269 1427 5323 canonicos
1451 5268 1653 5342 festina
1679 5266 1797 5323 cum
1844 5289 2032 5342 prope-

445 5337 647 5391 ratione
667 5355 840 5392 omnes
879 5337 950 5392 ad
993 5338 1206 5393 chorum
1247 5337 1545 5394 occurrant.
1595 5339 1694 5395 Hic
1741 5337 2030 5397 autem'S.

442 5405 764 5465 Benedictus
792 5411 971 5480 potius
1001 5409 1164 5464 animi
1193 5409 1458 5467 fervorem
1486 5412 1710 5476 indicat,
1733 5429 1892 5481 quam
1913 5428 2032 5481 (for-

442 5481 591 5553 poris
644 5481 932 5551 impetum;
964 5495 1086 5535 nam
1145 5483 1422 5553 sequentia
1489 5483 1578 5537 illa
1654 5480 1817 5538 verba
1854 5503 1865 5536 :
1901 5480 2032 5536 Cum

441 5550 952 5673 (giraqitatetamen,
1027 5550 1330 5625 temperant
1379 5554 1777 5625 quodammodo
1834 5569 2033 5623 prazce-

480 5633 546 5672 ei]
577 5636 645 5673 la.

480 5629 645 5673 entia.

513 5687 541 5728 ιι
574 5687 773 5768 Psalmi
799 5696 1121 5765 nonagesimi
1141 5698 1336 5768 quarti.
1359 5695 1419 5752 In
1439 5695 1579 5752 Vict.
1607 5712 1664 5768 p.
1685 5695 1920 5763 additur,
1956 5712 2035 5752 ve-

446 5758 553 5813 nite
573 5759 882 5816 exultamus.

524 5837 548 5865 ο
583 5825 970 5886 Subtrahsndo.
1010 5832 1088 5890 Ita
1135 5833 1293 5906 vulgo
1336 5835 1390 5892 in
1439 5836 1656 5896 excusis
1702 5834 1917 5908 legitur,
1971 5845 2059 5895 ιιι.

2061 4529 2115 4592 D

2093 3160 2138 3222 ρ
2169 3149 2297 3204 dum
2325 3147 2597 3220 completo
2617 3163 2780 3218 opere
2807 3147 2926 3212 Dei,
2959 3148 2984 3188 8
3006 3147 3217 3218 publica
3241 3149 3615 3211 satisfactione
3633 3170 3753 3228 pm-

2156 3243 2346 3296 niteat.
2371 3240 2494 3296 Ideo
2523 3248 2701 3294 autem
2724 3254 2818 3294 eos
2840 3240 2894 3294 in
2915 3237 3129 3304 ultimo,
3159 3250 3252 3294 aut
3279 3256 3523 3299 seorsum
3538 3246 3754 3316 judica-

2154 3332 2334 3387 vimus
2355 3330 2550 3388 debere
2571 3339 2736 3394 stare,
2769 3329 2940 3385 utvisi
2976 3331 3043 3385 ab
3072 3332 3346 3397 omnibus,
3376 3335 3454 3388 vel
3472 3351 3572 3405 pro
3620 3339 3740 3407 ipsa

2152 3425 2474 3481 verecundia
2513 3438 2609 3480 sua
2633 3423 3008 3477 emendentur.
3055 3422 3190 3478 Nam
3234 3426 3279 3479 si
3321 3423 3449 3482 foris
3499 3429 3738 3485 oratorio

2155 3509 2493 3582 remaneant,
2542 3516 2649 3572 erit
2697 3516 2834 3571 forte
2884 3515 3025 3583 talis,
3065 3517 3158 3587 qui
3196 3533 3254 3574 se
3279 3528 3374 3574 aut
3405 3520 3428 3558 ιι
3463 3521 3752 3580 recollocet

2153 3617 2208 3664 et
2229 3610 2484 3675 dormiat,
2524 3616 2618 3663 aut
2647 3618 2796 3664 certe
2835 3610 3021 3664 sedeat
3067 3609 3170 3666 sibi
3220 3610 3374 3678 foris,
3421 3612 3503 3667 vel
3555 3615 3751 3672 fabulis

2151 3711 2308 3759 vacet
2337 3721 2352 3758 :
2386 3702 2402 3754 i
2441 3711 2498 3759 et
2525 3703 2687 3758 datur
2715 3703 2931 3760 occasio
2959 3702 3212 3776 maligno.
3253 3703 3360 3760 Sed
3416 3706 3752 3776 ingrediatur

2151 3798 2298 3853 intus
2329 3811 2343 3851 :
2372 3806 2431 3852 ut
2461 3811 2561 3852 nec
2589 3805 2760 3852 totum
2808 3798 3018 3868 perdat,
3078 3807 3135 3853 et
3179 3797 3244 3854 de
3291 3799 3498 3871 reliquo
3559 3817 3746 3857 emen-

2149 3887 2327 3944 detur.
2370 3890 2386 3930 ί
2427 3889 2646 3944 Diurnis
2671 3897 2852 3944 autem
2876 3889 3026 3944 horis
3051 3893 3143 3960 qui
3199 3890 3267 3946 ad
3308 3907 3444 3962 opus
3481 3891 3577 3947 Dei
3621 3900 3746 3964 post

2150 3995 2366 4035 versum
2413 3989 2467 4034 et
2499 3978 2721 4050 gloriam
2751 3980 2910 4050 primi
2943 3981 3162 4051 psalmi,
3187 3980 3215 4020 Ιι
3241 3982 3332 4052 qui
3386 3993 3508 4053 post
3527 3999 3747 4040 versum

2147 4071 2368 4139 dicitur,
2398 4074 2716 4140 occurrerit,
2749 4072 2765 4112 ι
2799 4073 2918 4146 lege
2946 4089 3049 4144 qua
3078 4089 3238 4146 supra
3274 4075 3508 4132 diximus
3557 4077 3611 4132 in
3661 4077 3744 4132 ul-

2147 4164 2282 4220 timo
2302 4172 2429 4232 stet,
2454 4180 2555 4220 nec
2597 4173 2890 4237 praesumat
2939 4166 3136 4222 sociari
3185 4165 3353 4221 choro
3400 4166 3744 4237 psallentium

2146 4339 2287 4425 apud
2319 4340 2702 4425 Smaragduni.
2734 4342 2988 4425 Eam_dem
3011 4341 3296 4425 lectionem
3314 4345 3574 4425 agnoscit
3614 4346 3734 4425 cog.

2195 4415 2285 4468 ict.
2329 4431 2414 4484 p.;
2446 4417 2542 4470 sed
2587 4415 2802 4484 codices
2857 4413 3021 4484 Vict,
3055 4431 3161 4468 ma.
3190 4455 3204 4477 ,
3233 4413 3491 4470 S.Gérm.
3512 4433 3599 4471 ma
3631 4434 3645 4470 :
3677 4416 3734 4473 8.

2144 4482 2406 4556 Ebrnlphi
2431 4495 2488 4558 e_t
2512 4484 2568 4539 S.
2599 4483 2829 4540 Faronis
2857 4499 2980 4539 cum
3003 4482 3060 4538 S.
3095 4484 3587 4558 Dunstauolegunt,
3611 4504 3734 4558 pro-

2141 4559 2417 4629 trahenda.
2446 4556 2690 4629 Qum‘est
2710 4571 2834 4629 vera
2864 4564 2919 4629 et
2938 4571 3192 4625 germana
3237 4557 3398 4612 lectio
3421 4556 3520 4612 :et
3574 4556 3736 4629 supra

2140 4627 2195 4682 in
2225 4631 2326 4698 hac
2350 4625 2649 4698 Concordia
2681 4627 2753 4682 ita
2774 4627 2988 4698 legitur.

2217 4700 2236 4738 ί
2277 4697 2366 4753 Vel
2391 4697 2454 4752 ab
2481 4697 2742 4754 omnibus.
2771 4697 3064 4758 Particula,
3095 4697 3192 4763 vel,
3225 4698 3328 4755 hoc
3349 4697 3469 4755 loco
3508 4709 3594 4754 est
3637 4715 3731 4755 co-

2137 4769 2395 4894 publativa.
2421 4767 2556 4823 Nam
2583 4769 2743 4838 paulo
2771 4779 2896 4841 post
2921 4769 3233 4841 subjungit;
3269 4768 3336 4823 Ut
3361 4771 3462 4825 nisi
3509 4775 3576 4826 ab
3622 4787 3734 4826 οιιι-

2139 4858 2189 4894 ηι
2231 4859 2309 4894 ιιε.

2139 4858 2309 4896 ηιυιιε.

2213 4914 2237 4952 ε
2267 4910 2491 4969 Pub’ica
2544 4913 2926 4984 satisfactione.
2977 4910 3049 4966 Se
3097 4913 3490 4982 prosternendo
3546 4927 3730 4968 coram

2137 4987 2407 5042 omnibus.

2208 5056 2235 5095 h
2263 5056 2333 5112 Se
2355 5057 2646 5112 recollocet.
2689 5055 2745 5110 Id
2773 5062 2876 5119 est,
2907 5053 3104 5108 iterum
3128 5069 3186 5110 se
3217 5055 3447 5112 collocet
3473 5054 3525 5108 in
3567 5053 3728 5110 lecto.

2215 5127 2232 5167 ί
2265 5127 2334 5181 Et
2359 5129 2536 5182 datur.
2569 5128 2645 5181 lta
2693 5124 3249 5196 apud_Smaragdum,
3277 5128 3330 5181 in
3353 5125 3630 5196 codicibus
3669 5124 3726 5179 8,

2137 5196 2320 5254 Germ.
2356 5208 2605 5268 utroque,
2643 5193 2798 5251 Vind.
2823 5193 2963 5250 Vict.
2996 5193 3102 5250 ma'.
3131 5206 3186 5251 ct
3215 5199 3270 5251 in
3297 5198 3533 5252 editione
3566 5195 3727 5250 Coto--

2136 5271 2330 5324 niensi.
2353 5267 2517 5325 Recte
2545 5269 2698 5332 satis,
2734 5275 2794 5322 ut
2823 5282 3016 5323 sensus
3049 5267 3139 5331 sit,
3165 5277 3212 5320 et
3261 5270 3338 5323 sic
3389 5269 3567 5330 datur,
3620 5276 3724 5322 etc.

2137 5340 2306 5411 Vulgo
2340 5341 2559 5411 legitur,
2602 5349 2650 5393 et
2685 5338 2856 5393 detur.
2904 5337 2963 5393 In
2996 5339 3234 5394 editione
3259 5338 3480 5394 Colinaei
3508 5355 3520 5390 :
3553 5335 3620 5390 Et
3655 5339 3729 5392 sic

2134 5411 2304 5466 detur.
2335 5412 2564 5482 Optime.

2209 5482 2222 5533 i
2262 5479 2483 5537 Diurnis
2522 5491 2696 5536 autem
2744 5480 2904 5536 (toris.
2942 5479 3198 5542 lntclliait
3236 5491 3465 5538 caeteras
3489 5481 3654 5536 horas
3689 5495 3721 5535 ιι

2135 5555 2420 5609 nocturnis
2444 5554 2664 5623 vigiliis.

2207 5625 2234 5665 ¹ί
2259 5625 2363 5691 Qui
2384 5637 2498 5695 post
2513 5622 2724 5678 uersum
2750 5623 2966 5678 dicitur.
2991 5622 3243 5692 Mcdiate,
3261 5623 3350 5680 vel
3379 5623 3720 5695 immediate;

2134 5697 2252 5754 haec
2320 5693 2500 5752 tamen
2551 5696 2718 5749 verba
2766 5711 2871 5752 non
2927 5704 3145 5751 exstant
3178 5697 3234 5751 in
3287 5697 3412 5753 cod.
3459 5711 3594 5752 mss.
3653 5693 3719 5750 S.

2134 5766 2322 5825 Ebrul.
2355 5777 2410 5822 et
2433 5766 2492 5824 S.
2527 5765 2776 5822 Faronis.
3523 5821 3527 5823 λ

2150 5897 2154 5903 ,
2211 5837 2233 5903 ι
2262 5835 2397 5908 Lago
2415 5852 2540 5909 qua.
2581 5832 2802 5896 Phrasis
2824 5833 3036 5909 Grues,
3066 5850 3173 5910 qua
3189 5848 3294 5911 pro
3325 5852 3507 5910 quam.
