4066 6342
268 419 410 477 1153
503 481 511 487 _

1231 415 1623 476 consonum
1661 393 2115 480 REGULARUM.
2154 451 2225 463 --
2261 397 2422 480 cn»;
2452 369 2558 477 ui.

3400 381 3539 492 ιιέι

268 550 445 607 usque
481 535 550 592 ad
576 533 998 591 satisfactionem
1028 550 1042 588 ι
1073 531 1178 589 nisi
1208 531 1346 589 forte
1371 533 1540 591 abbas
1577 533 1852 590 licentiam
1877 537 2182 611 Acusavit,
2213 547 2308 592 aut
2332 536 2477 592 aliud
2526 533 2747 590 omnino
2793 530 2928 589 nihil
2972 530 3204 604 accipiat
3249 545 3421 602 usque
3475 532 3543 588 ad

267 628 479 685 dederit
503 628 860 699 permissione
887 643 984 683 sua
1019 646 1032 682 :
1063 638 1089 668 ει
1127 626 1201 682 ita
1232 634 1434 693 tamen,
1464 635 1523 682 ut
1557 627 1855 683 satisfaciat

266 735 398 776 reus
425 735 494 776 ex
515 719 637 776 hoc.
665 721 748 776 Ad
783 735 1024 776 mensam
1059 729 1236 775 autem
1273 718 1300 758 ι’
1337 720 1428 792 qui
1466 729 1591 776 ante
1638 735 1853 777 versum

265 826 376 866 non
415 811 734 866 accurrerit-
762 810 845 885 (ut
891 809 1054 867 simul
1097 824 1286 866 omnes
1319 810 1500 868 dicant
1538 827 1756 868 versum
1801 819 1860 868 et

264 911 446 969 orent,
470 911 526 960 et
553 913 575 944 ο
607 903 708 960 sub
733 920 841 960 uno
866 918 1054 960 omnes
1083 902 1344 958 accedant
1363 903 1432 959 ad
1452 920 1697 962 mensam
1715 903 1744 946 ἀ
1764 904 1858 976 qui

263 1014 364 1074 per
390 998 770 1072 negligentiam
824 1016 976 1057 suam
1024 1008 1116 1057 aut
1153 997 1345 1054 vitium
1395 1018 1502 1058 non
1535 1002 1856 1068 occurrerit,

264 1104 438 1160 usque
463 1091 753 1148 secundam
783 1091 955 1148 vicem
978 1109 1079 1172 pro
1113 1095 1218 1152 hoc
1241 1095 1373 1152 vitio
1412 1094 1738 1165 corripiatur
1765 1111 1780 1148 :
1811 1092 1859 1149 si

265 1184 444 1241 denuo
466 1201 572 1240 non
603 1187 990 1253 emendaverit,
1016 1205 1121 1244 non
1145 1191 1492 1262 permittatur
1534 1190 1603 1245 ad
1657 1204 1861 1246 mensa

269 1290 295 1320 ο
324 1280 718 1337 communionis
760 1279 781 1322 ί
809 1282 1320 1354 participationem:
1350 1285 1445 1340 sed
1487 1292 1861 1356 sequestratus

263 1373 595 1429 aconsortio
619 1374 860 1428 omnium
884 1375 1094 1430 reficiat
1140 1376 1307 1442 solus,
1362 1375 1573 1434 sublata
1628 1376 1680 1431 ei
1736 1391 1862 1446 por-

263 1471 414 1526 tione
465 1483 560 1524 sua
610 1469 635 1509 ⁸
673 1468 741 1524 de
789 1468 918 1524 vino
971 1485 1143 1541 usque
1187 1471 1256 1525 ad
1333 1469 1756 1526 satisfactionem
1805 1477 1862 1526 et

262 1559 715 1615 emendationem.
749 1559 1011 1616 Similiter
1039 1569 1218 1616 autem
1244 1562 1506 1634 patiatur,
1537 1561 1628 1631 qui
1678 1561 1744 1616 ad
1796 1561 1863 1616 il-

261 1652 373 1710 lum
403 1670 617 1711 versum
646 1671 751 1710 non
779 1654 943 1711 fuerit
975 1671 1232 1726 praesens,
1254 1656 1347 1727 qui
1370 1663 1495 1727 post
1539 1655 1720 1711 cibum
1772 1656 1860 1712 di-

261 1746 425 1801 citur.
449 1744 559 1800 Nec
580 1746 866 1818 quisquam
885 1755 1178 1817 praesumat
1200 1755 1326 1803 ante
1348 1741 1608 1803 statutam
1643 1748 1856 1814 horam,

260 1837 346 1894 vel
380 1848 564 1908 postea
592 1839 885 1911 quidquam
928 1839 1055 1905 cibi,
1116 1848 1209 1894 aut
1259 1847 1420 1912 potus
1447 1841 1476 1882 ιι
1505 1857 1856 1912 praesumere.

1953 633 2382 690 emendationem
2405 643 2717 702 congruam.

2171 724 2286 800 §ll.
2315 754 2385 765 —
2409 723 2490 779 Ex
2523 720 2742 778 Becuu
2781 718 3009 776 ΡΑτιιωι
3052 715 3193 790 (cap.
3235 715 3322 790 ϐ).

2030 815 2044 867 i
2077 815 2160 872 Ad
2189 815 2378 870 horam
2409 829 2540 870 vero
2568 811 2830 868 orationis
2859 811 2986 866 dato
3013 809 3166 880 signo
3196 807 3244 864 si
3275 807 3397 878 quis
3433 822 3540 864 non

1958 908 2143 965 statim
2170 906 2538 980 praetermisso
2562 918 2726 976 opere
2752 902 2896 975 quod
2925 904 3036 973 agit
3064 900 3215 972 (quia
3245 899 3378 956 nihil
3420 915 3541 956 ora-

1959 1000 2094 1056 tioni
2119 997 2542 1072 prceponendum
2574 995 2677 1070 est)
2707 1003 2928 1067 paratus
2961 992 3146 1059 fuerit,
3178 991 3323 1050 foras
3355 992 3541 1049 exclu-

1959 1093 2121 1150 datur
2158 1091 2591 1150 confundendus.
2636 1089 2869 1161 Operam
2920 1103 3050 1144 vero
3094 1088 3302 1144 dabunt
3341 1087 3541 1158 singuli

1960 1183 2182 1251 fratres,
2222 1193 2284 1240 ut
2306 1192 2552 1256 tempore
2576 1197 2684 1255 quo
2710 1182 2738 1223 ι
2768 1181 2948 1238 misse
2982 1182 3120 1236 ﬁunt
3148 1180 3264 1237 sive
3293 1180 3400 1246 die,
3425 1179 3541 1236 sive

1959 1287 2142 1344 nocte,
2191 1277 2410 1348 quando
2441 1274 2646 1332 diutius
2688 1273 2756 1330 ad
2801 1273 3104 1330 orationem
3148 1271 3398 1327 standum
3435 1279 3538 1335 est,

1959 1385 2070 1427 non
2117 1370 2391 1436 deficiant,
2442 1369 2530 1425 vel
2580 1366 2852 1438 superﬂuo
2896 1366 3046 1422 foras
3085 1365 3374 1430 recedant;
3415 1363 3540 1434 quia

1960 1464 2226 1534 scriptum
2271 1471 2357 1519 est
2399 1463 2454 1518 in
2500 1460 2794 1531 Evangelia
2822 1478 2835 1515 :
2861 1459 3074 1532 Oportet
3121 1469 3297 1514 autem
3343 1470 3544 1528 semper

1961 1575 2135 1624 orare,
2166 1566 2215 1612 et
2246 1574 2350 1612 non
2371 1555 2592 1626 deﬁcere
2616 1552 2768 1625 (Luc.
2799 1551 2977 1624 xvm).
3009 1551 3074 1606 Et
3099 1551 3204 1606 alio
3237 1549 3387 1606 loco:
3420 1545 3542 1603 Non

1961 1648 2268 1720 impediaris
2298 1663 2454 1702 orare
2480 1660 2702 1716 semper.
2747 1643 2804 1699 Si
2834 1643 2958 1714 quis
2987 1650 3169 1698 autem
3204 1657 3311 1697 non
3345 1655 3540 1696 ncces-

1960 1742 2142 1806 sitate,
2199 1740 2295 1796 sed
2345 1738 2519 1810 magis
2566 1737 2699 1793 vitio
2740 1735 3193 1808 1procedendum
3249 1735 3542 1806 putaverit,

1963 1835 2100 1891 sciat
2121 1846 2182 1890 se
2207 1846 2330 1886 cum
2356 1829 2722 1901 deprehensus
2740 1827 2925 1896 fuerit,
2952 1827 3273 1899 culpabilem
3292 1827 3545 1900 judican-

269 1929 286 1970 ί
323 1927 510 1985 Sedet
537 1929 691 1985 sicui
720 1930 946 1986 offertur
977 1930 1180 2002 aliquid
1205 1946 1234 1985 a
1261 1931 1462 2002 priore,
1516 1941 1570 1988 et
1615 1933 1861 2005 accipere
1887 1943 1938 2006 Β
1965 1927 2095 1982 dum
2128 1943 2141 1980 :
2170 1925 2298 1997 quia
2331 1939 2431 1996 per
2466 1937 2623 1978 suam
2667 1920 3068 1995 negligenliam.
3101 1928 3158 1978 ει
3203 1920 3340 1977 alios
3369 1921 3425 1977 in
3463 1919 3544 1976 νί-

263 2020 525 2087 reuuerit,
553 2021 705 2088 hora,
734 2038 839 2094 qua
869 2021 1192 2078 desideravit
1214 2022 1336 2089 hoc,
1377 2023 1524 2094 quod
1559 2024 1712 2095 prius
1761 2041 1852 2083 re-

334 2238 360 2270 ι
389 2225 476 2282 Ita
506 2234 680 2281 tamen
710 2235 764 2281 ut
786 2227 1081 2296 satisfaciat
1120 2247 1240 2287 reus
1263 2247 1328 2286 ea:
1348 2231 1464 2286 hoc.
1491 2230 1562 2286 Se
1589 2227 1852 2284 nimirum

263 2299 317 2356 in
356 2299 474 2369 ipso
518 2299 696 2369 choro
718 2308 1070 2368 prosternens
1095 2303 1148 2356 in
1196 2303 1302 2358 fine
1329 2302 1508 2358 cilicii.
1546 2300 1604 2356 S.
1636 2300 1854 2356 Colum-

263 2367 438 2443 habits
465 2368 580 2443 vult
616 2367 918 2443 hujusumdi
948 2372 1282 2442 negligentes
1308 2373 1581 2443 prosterni
1609 2380 1852 2443 tempore

262 2439 452 2518 oﬂicii,
482 2441 655 2518 donec
683 2443 750 2518 ab
781 2440 981 2518 abbate.
995 2439 1568 2518 jubeantur's‘urgere,
1596 2451 1657 2497 ut
1684 2439 1852 2496 babe-

263 2519 355 2566 tur
408 2512 462 2566 in
522 2510 639 2578 ejus
693 2510 1059 2567 Pmnitentiali
1115 2530 1293 2569 mszc
1328 2514 1386 2569 Si
1417 2510 1548 2569 'non
1603 2523 1854 2568 contem-

263 2589 534 2656 ptu,_‘etc.
591 2579 824 2656 Cunctis
859 2582 912 2636 in
958 2585 1148 2654 synaxi
1191 2585 1454 2641 fratribus
1491 2583 1850 2656 congregatis

266 2652 451 2729 land-iu
477 2659 785 2723 prostratus
813 2652 866 2706 in
903 2652 1047 2709 terra
1079 2657 1293 2729 veniam
1325 2652 1644 2729 postulabit,
1675 2652 1849 2710 donec

263 2723 600 2797 orationum
637 2732 991 2797 consumetur
1043 2723 1384 2793 sulemnita’s,
1451 2727 1847 2797 impetraturus

263 2808 384 2849 eam
430 2809 564 2870 cum
582 2791 769 2862 jussus
810 2793 1216 2870 fueritabbatis
1240 2791 1449 2870 judicio
1478 2791 1547 2870 de
1585 2797 1702 2870 solo
1737 2813 1854 2870 sur-

263 2879 411 2936 gere.
453 2865 654 2939 Eodem
699 2865 860 2939 modo
884 2865 1525 2939 satisfaciatfquisquis
1552 2869 1620 2923 ad
1649 2867 1852 2939 oratio-

265 2953 386 2991 nem
410 2936 496 2992 vel
521 2952 658 3006 opus
679 2936 895 3006 aliquod
923 2939 1222 2995 accersitus
1246 2936 1456 2996 tardius
1476 2938 1799 2996 occurrerit.
1825 2955 1847 2990 ι

264 3007 333 3062 Et
360 3023 522 3078 supra
572 3007 628 3064 in
667 3009 856 3063 eodem
887 3007 1252 3066 Pmnitentiali
1300 3010 1444 3066 idem
1485 3009 1854 3066 Columbanus

266 3093 363 3149 pro
389 3080 578 3134 eadem
615 3079 768 3150 culpa
797 3080 1020 3135 mulctat
1066 3097 1192 3138 suos
1218 3083 1552 3138 monachos:
1589 3099 1607 3133 ι
1641 3080 1699 3136 Si
1729 3080 1853 3150 quis

266 3164 374 3205 non
412 3150 646 3226 audierit
687 3150 898 3226 sonitus
936 3153 1228 3226 orationis,
1270 3169 1363 3226 xu
1423 3153 1682 3226 psalmos.
1703 3171 1736 3226 _)
1787 3151 1857 3206 Et

266 3231 474 3304 postea.
502 3221 564 3278 Si
587 3222 792 3276 tardius
833 3225 1002 3278 veniat
1045 3225 1276 3280 orationi
1295 3243 1347 3293 1.,
1374 3221 1560 3298 supple
1594 3221 1849 3296 psalmos,

267 3301 460 3348 recitet

336 3364 366 3406 δ
397 3362 501 3430 Qui
523 3375 644 3420 ante
668 3381 896 3440 uersum.
937 3365 1064 3423 Fuit
1098 3367 1187 3424 illa
1219 3369 1306 3440 pia
1332 3384 1548 3439 semper
1571 3367 1631 3440 in
1659 3364 1850 3440 Eccle-

267 3435 347 3490 sia
383 3436 719 3508 consuetudo
746 3451 905 3508 orare
922 3447 1049 3493 ante
1079 3435 1260 3494 cibum
1299 3449 1352 3494 et
1377 3435 1502 3508 post
1535 3436 1852 3508 cibum‘rDeo

267 3505 472 3573 gratias
522 3505 850 3578 agere;lib.
902 3523 977 3561 vn
1021 3505 1467 3563 constitutionum
1518 3505 1855 3578 Apostolica-

269 3590 412 3638 rum,
447 3589 567 3644 cap.
609 3575 698 3640 50,
725 3583 904 3630 exstat
949 3579 1128 3632 oratio
1160 3577 1227 3632 ad
1275 3575 1597 3633 sumendum
1628 3578 1848 3631 cibum:

271 3646 413 3715 apud
438 3644 795 3719 Prudentium
834 3646 889 3700 in
927 3646 1308 3719 Cathemerino
1346 3650 1451 3704 duo
1481 3657 1608 3704 sunt
1639 3647 1852 3719 hymni,

267 3731 411 3791 unus
443 3724 569 3791 ante
600 3717 804 3791 cibum,
837 3726 891 3772 et
916 3717 1055 3791 alter
1092 3728 1220 3791 post
1259 3721 1458 3791 cibum.
1496 3717 1855 3775 Luculentum

270 3797 354 3843 est
378 3787 540 3862 hujus
570 3789 1054 3862 reitestimonium
1083 3787 1225 3862 apud
1246 3790 1312 3862 VS.
1343 3791 1856 3862 Athanasiumﬂtra-

270 3866 418 3931 ctatu
442 3859 870 3931 defvirginitate.
907 3859 963 3914 Id
992 3859 1144 3931 patet
1182 3861 1346 3918 etiam
1375 3878 1442 3918 ex
1482 3862 1540 3919 8.
1571 3861 1772 3918 Basilio
1799 3861 1854 3916 in

271 3930 432 4015 epist.
467 3930 534 4015 ad
575 3929 1009 4015 S‘.;.Gregoriunti:
1040 3932 1404 4015 heologum;
1461 3933 1532 4015 S._
1564 3932 1855 4015 Ambrosio

269 4000 364 4056 lib.
391 4017 460 4078 Διιι
495 4002 562 4056 de
601 4000 946 4078 Virginibus;
975 4002 1032 4058 8.
1053 4000 1416 4078 Hieronymo,
1448 4006 1610 4078 epist.
1645 4003 1715 4078 ad
1743 4004 1854 4060 Eu-

271 4073 540 4148 stochium
594 4073 662 4128 de
701 4075 958 4148 custodia
1013 4073 1376 4148 virginitatis;
1437 4073 1505 4133 ei
1555 4076 1615 4134 8.
1647 4074 1857 4148 Joanne

272 4142 661 4215 Cbrysostomo
700 4145 888 4202 homil.
919 4147 986 4200 de
1012 4142 1371 4215 precatione;
1396 4157 1586 4206 sancto
1623 4147 1856 4202 Martino

271 4213 597 4270 Bracarensi
637 4217 891 4285 episcopo
919 4217 972 4272 in
1001 4213 1333 4276 Collectione
1351 4213 1636 4276 canonum
1665 4219 1858 4275 Orien-

275 4285 482 4352 talium,
513 4302 632 4342 can.
670 4287 771 4353 65;
801 4288 1088 4354 Cassiano,
1134 4291 1229 4345 lib.
1263 4307 1328 4348 ιιι
1353 4292 1420 4346 de
1464 4291 1618 4348 Orat.
1649 4290 1853 4354 diurn.,

273 4372 392 4426 cap.
426 4358 528 4434 lg;
560 4357 802 4434 Palladio
824 4360 878 4414 in
909 4359 1172 4434 Lausiaca
1201 4378 1322 4434 cap.
1365 4361 1468 4428 28;
1502 4361 1561 4434 8.
1584 4361 1858 4434 βιεεοιὶο

271 4443 409 4502 papa
433 4429 525 4485 lib.
555 4446 570 4484 ι
597 4429 758 4502 Dial.,
798 4447 917 4502 cap.
943 4434 1014 4494 9;
1047 4432 1105 4488 S.
1133 4429 1469 4490 Columbano
1499 4433 1552 4488 in
1581 4429 1858 4488 Paeniten-

274 4500 388 4577 tiali
415 4516 546 4577 mss.
574 4517 590 4577 ξ
633 4501 692 4557 8.
722 4500 1088 4577 Isidorokcap.
1135 4505 1168 4560 9
1200 4504 1456 4577 Regulae;
1492 4503 1636 4559 Beda
1666 4503 1760 4558 lib.
1793 4519 1855 4577 ιιι

275 4570 634 4646 Bist._Angl_.,
675 4589 795 4646 cap.
830 4574 892 4640 6;
924 4573 981 4630 8.
1015 4570 1316 4632 Fructuose
1362 4570 1638 4646 episcopo,
1670 4589 1790 4644 cap.
1823 4573 1857 4629 6

275 4641 563 4719 Begula};:
586 4641 863 4719 magistro,
917 4662 1038 4719 cap.
1057 4641 1452 4719 ‘38“Regulae';
1485 4641 1776 4719 Addition'e
1805 4660 1858 4700 ιγ

276 4712 519 4788 ΟερὶιιιΙ.
541 4712 867 4788 Ιλιιιιῖὶιηρη
896 4712 1111 4788 tiu—48;
1150 4712 1396 4788 Epitome
1432 4715 1854 4788 Ludoviciﬁimp.

276 4799 439 4859 super
487 4784 746 4859 Regulam
788 4784 852 4842 S.
904 4784 1222 4859 Benedicti;
1268 4789 1324 4844 8.
1376 4788 1638 4858 Gregorio
1663 4784 1858 4859 ,Τυιό-

277 4856 430 4912 nensi
457 4856 846 4923 mox'citando,
873 4867 927 4912 et
953 4858 1230 4915 Grimoldo
1262 4860 1455 4915 abbate
1485 4856 1623 4914 libro
1653 4857 1854 4914 Sacra-

277 4935 605 5000 ntentorum,
639 4930 728 4985 ubi
750 4939 1029 5000 ponuntur
1057 4930 1335 4985 orationes
1365 4939 1514 4996 ante,
1546 4940 1601 4984 et
1631 4938 1753 5000 post
1775 4931 1855 4986 ci-

277 4946 605 4990 nientorum.
639 4946 728 4985 unt
789 4946 1029 4985 onuntur
1057 4946 1335 4985 orationes
1365 4946 1514 4996 ante,
1546 4946 1601 4984 et
1631 4946 1753 5000 posr
1775 4947 1855 4986 Cl-

276 4996 404 5054 bum
436 4999 696 5056 dicenda).
746 4946 855 5056 Καὶ
887 5001 1057 5056 solum
1096 5001 1200 5056 cibi
1242 5001 1721 5066 benedicebantur,
1759 5003 1855 5056 sed

277 5069 446 5143 etiam
495 5075 860 5143 comedentes.
923 5071 980 5128 8.
1036 5071 1330 5143 Gregorius
1379 5071 1583 5126 Turon.
1632 5071 1726 5126 lib.
1755 5087 1856 5126 vm

279 5138 421 5214 Hist.
454 5156 576 5214 cap.
607 5142 683 5198 2:
715 5161 732 5194 ι
762 5143 977 5199 Ablutis
1007 5159 1103 5200 rex
1149 5138 1420 5208 manibus,
1449 5153 1669 5214 accepta
1707 5159 1737 5196 a
1767 5159 1856 5198 sa-

280 5210 594 5269 cerdotibus
637 5215 1028 5280 benedictione,
1070 5216 1138 5270 ad
1181 5230 1421 5270 mensam
1466 5210 1700 5278 resedit;
1736 5234 1756 5266 ι
1799 5224 1857 5268 et

281 5297 402 5352 cap.
451 5282 532 5340 7:
581 5303 602 5336 ι
631 5284 784 5340 Tunc
833 5287 1144 5341 conturbati
1189 5287 1504 5342 sacerdotes
1556 5287 1622 5340 de
1669 5284 1857 5341 fratris

283 5353 816 5431 (Palladiiuepiscopi
859 5355 1213 5431 Sanctonum)
1260 5358 1568 5431 humilitate
1604 5357 1859 5431 dixerunt

287 5426 399 5495 regi
425 5445 438 5480 :
467 5426 699 5483 vidimus
732 5429 876 5483 enim
907 5443 1029 5482 eum
1060 5426 1308 5485 convivio
1341 5440 1431 5484 tuo
1469 5431 1682 5493 adesse,
1712 5438 1770 5483 et
1793 5428 1860 5484 de

284 5493 404 5572 ejus
431 5513 593 5554 manu
628 5508 678 5572 te
709 5500 1139 5572 benedictionem
1184 5500 1453 5572 accipere.
1487 5521 1505 5554 ι
1540 5497 1697 5572 Joan.
1743 5498 1859 5554 Mo-

284 5567 450 5642 schus
478 5584 598 5642 cap.
641 5571 731 5636 57,
761 5573 852 5626 ubi
884 5571 1104 5641 quidam
1141 5567 1440 5628 monachus
1483 5571 1700 5633 missus,
1733 5585 1861 5625 cum

285 5639 515 5712 panibus
535 5639 817 5699 comedere
843 5639 1038 5710 noluit,
1067 5643 1193 5712 quia
1218 5660 1324 5698 non
1347 5643 1523 5700 fuerat
1543 5642 1862 5712 benedictus

287 5711 356 5766 ab
380 5710 601 5785 abbate.
622 5711 680 5768 S.
729 5714 959 5771 Basilius
989 5713 1040 5770 in
1081 5710 1254 5785 pinnis
1293 5713 1632 5782 brevioribus
1659 5733 1672 5767 :
1702 5711 1764 5766 Εἴ
1781 5733 1862 5774 τις

381 5781 544 5860 μερι-
563 5783 819 5860 rule-yicta.
842 5794 927 5844 καὶ
949 5781 1120 5860 Δἓσθιὶἑι,
1147 5784 1280 5860 ausu
1307 5781 1544 5850 παιδείας
1570 5786 1867 5860 dimdium-

287 5854 468 5920 ζᾶσθω,
495 5854 732 5929 idean}
764 5857 1010 5929 Si_quis
1031 5873 1140 5914 non
1169 5858 1369 5926 accipit
1409 5854 1865 5929 benedictionem,

288 5930 346 5980 οι
387 5926 622 5986 comedit
665 5926 782 5988 sine
823 5924 1132 6003 disciplina,
1191 5924 1713 5990 excommunicetur.
1747 5946 1768 5984 ι
1802 5924 1865 5986 8.

1963 2020 2099 2078 tium
2140 2019 2328 2076 mittit.
2382 2017 2442 2074 in
2494 2016 2694 2088 vigiliis
2737 2015 3136 2072 observandum
3175 2023 3281 2083 est,
3328 2013 3544 2088 quando

1955 2225 2324 2284 Columbanus
2350 2227 2403 2282 in
2449 2225 2818 2284 Pmnitentiali
2862 2241 2947 2282 ms
2973 2243 2988 2282 :
3011 2245 3031 2278 ι
3064 2224 3123 2282 Si
3149 2224 3272 2296 quis
3299 2225 3548 2284 comede.

1954 2299 2194 2370 ritisine
2231 2299 2627 2366 benedictione,
2676 2315 2750 2354 xu
2798 2297 3257 2370 percussionibus.
3292 2318 3340 2370 »ί
3369 2297 3538 2370 Supp.

1954 2369 2270 2425 mulctetur.
2308 2371 2544 2440 Eratque
2581 2385 2758 2440 paenae
2780 2369 2951 2441 genus
2979 2371 3264 2441 comedere
3287 2369 3420 2441 sine
3451 2369 3545 2426 be-

1952 2441 2264 2497 nedictione
2303 2451 2547 2510 accepta.
2595 2441 2653 2496 8.
2700 2439 2930 2496 Basilius
2971 2442 3162 2496 interr.
3209 2439 3312 2494 122
3348 2440 3541 2510 Begu].

1952 2509 2106 2585 brev.
2127 2513 2186 2585 jn
2217 2513 2376 2567 titulo
2401 2531 2414 2565 :
2439 2509 2557 2585 Ἐάν
2578 2533 2657 2574 τις
2683 2513 2992 2585 ἐπιτιμηθεὶς
3021 2512 3248 2585 tanien!
3275 2516 3346 2583 μή
3368 2509 3544 2585 haec}

1950 2580 2085 2656 Myer
2117 2579 2195 2656 ὅτι
2239 2585 2326 2656 ida
2349 2589 2419 2656 μή
2641 2579 2887 2656 auios/iiii,
2919 2589 2990 2653 μή
3021 2579 3198 2656 iudici,
3234 2579 3287 2635 id
3317 2590 3419 2645 est,
3447 2600 3466 2632 ι
3499 2582 3546 2638 si

1953 2651 2076 2722 quis
2109 2651 2599 2709 animadversionis
2622 2651 2839 2709 nomine
2863 2651 3292 2708 benedictionem
3327 2668 3432 2708 non
3456 2668 3548 2708 ac-

1953 2723 2164 2794 cipiens
2189 2725 2358 2790 dicit;
2391 2739 2496 2778 non
2539 2725 2843 2790 comedam,
2870 2723 2973 2794 nisi
3016 2723 3169 2794 prius
3209 2723 3544 2794 benedictio-

1953 2793 2080 2850 nem
2125 2811 2410 2866 accepero.
2437 2816 2457 2847 ρ
2488 2795 2750 2867 Magister
2792 2811 2913 2867 cap.
2947 2793 3035 2848 73.
3093 2793 3314 2867 Regulae
3357 2811 3371 2848 :
3407 2812 3427 2846 ι
3476 2793 3546 2867 ad

1954 2880 2158 2921 mensae
2213 2864 2342 2922 vero
2389 2864 2762 2936 antiphonam,
2812 2864 2896 2921 vel
2932 2877 3150 2920 versum
3180 2864 3416 2934 priorem
3452 2864 3546 2936 qui

1954 2950 2064 2990 non
2107 2936 2402 3003 adfuerint,
2444 2947 2673 3003 semote,
2701 2945 2757 2992 et
2798 2951 2904 2991 non
2935 2936 3229 3007 signatum,
3255 2936 3375 2992 sine
3420 2937 3547 2992 data

1954 3015 2012 3061 et
2039 3016 2264 3064 accepta
2296 3007 2678 3064 benedictione
2706 3005 3036 3063 manducent
3059 3014 3116 3062 et
3142 3005 3352 3063 bibant.
3386 3024 3406 3059 ι

2031 3089 2055 3149 ξι
2083 3078 2194 3135 Sub
2227 3096 2354 3134 uno.
2398 3078 2529 3149 Sup.
2559 3087 2837 3134 momento
2867 3078 3149 3148 temporis.

2024 3146 2052 3190 ἀ
2203 3146 2693 3234 ρενηηεριίρεηιὶαιη
2715 3167 2872 3206 suam
2892 3161 2940 3206 et
2962 3146 3150 3205 uitium
3177 3165 3284 3205 non
3304 3167 3547 3208 occurre-

1955 3221 2043 3276 rit.
2089 3221 2352 3286 Subaudi,
2387 3221 2624 3292 inquam.

2033 3304 2056 3333 ο
2083 3290 2499 3349 Communionis.
2543 3293 2623 3348 Ita
2671 3293 2726 3349 in
2773 3292 3074 3352 Concordia
3137 3290 3544 3351 Vindocinensi.

1960 3363 2148 3436 Vulgo,
2180 3365 2493 3430 communis,
2528 3367 2751 3436 rectius.

2034 3433 2581 3505 f'Partu'ipationem.
2625 3435 2756 3504 Sup.
2788 3434 3053 3490 accedere.
3231 3503 3237 3505 Α
3327 3497 3337 3504 ο

2035 3506 2060 3544 ε
2087 3505 2166 3560 De
2192 3503 2333 3561 vino.
2374 3506 2451 3559 Ita
2483 3505 2537 3560 in
2564 3503 2842 3561 codiCibus
2868 3522 3000 3560 mss.
3036 3503 3352 3572 Victorinis,
3379 3505 3541 3564 Vind.

1959 3573 2020 3631 S.
2055 3575 2240 3632 Germ.
2275 3591 2384 3630 ma.
2414 3585 2470 3631 et
2497 3574 2556 3648 S.
2604 3576 2735 3648 Far.
2764 3574 3251 3648 cum__Smaragdo,
3301 3578 3358 3632 S.
3391 3577 3544 3634 Dun-

1957 3655 2136 3712 stano,
2171 3658 2227 3703 et
2251 3648 2492 3703 editione
2521 3647 2764 3703 Colinmi.
2796 3646 2857 3702 In
2885 3644 3376 3772 Vulgatis'legitur,
3409 3648 3539 3702 uini.

2029 3720 2057 3758 ὃ
2082 3718 2432 3772 Prcesumere.
2471 3717 2552 3772 Ita
2581 3721 2634 3772 in
2665 3718 2782 3772 cod.
2814 3734 2946 3772 mss.
3030 3718 3276 3772 ictorinis
3303 3729 3358 3772 ct
3384 3718 3539 3772 Vind.

2029 3720 2057 3758 δ
2082 3718 2432 3774 Ρηεδιιηιενε.
2471 3717 2552 3774 Ita
2581 3721 2634 3775 in
2665 3718 2782 3776 cod.
2814 3734 2946 3774 mss.
2983 3717 3276 3774 Victorinis
3303 3729 3358 3775 ct
3384 3718 3546 3775 Vind.

1957 3789 2185 3862 Codices
2214 3790 2273 3846 8.
2298 3790 2528 3845 Faronis
2564 3801 2619 3847 et
2653 3789 2711 3848 8.
2736 3789 3000 3862 Ebrulphi
3041 3791 3228 3862 legunt
3258 3792 3544 3862 percipere.

1959 3861 2066 3918 Sed
2089 3861 2376 3932 legendum
2395 3870 2480 3919 est
2508 3879 2735 3928 sumere,
2765 3877 2888 3917 cum
2906 3859 2980 3932 ’8.
3017 3859 3315 3932 Dunstano,
3347 3859 3550 3916 Turre-

1958 3931 2219 4006 cremata,
2243 3932 2582 4006 smaragdo,
2630 3933 2891 4006 editione,
2953 3931 3287 3998 Coloniensi,
3333 3941 3548 3988 vetusta

1957 4002 2280 4077 Parisiensi,
2308 4002 2550 4068 Colinaei,
2577 4014 2634 4060 et
2662 4005 2926 4077 Vulgatis.

2035 4078 2052 4118 ί
2086 4075 2194 4132 Sed
2235 4087 2284 4132 et
2327 4078 2373 4131 si
2403 4077 2488 4131 cui
2520 4073 2899 4204 oaerturfetc.
2939 4073 3017 4131 Ita
3048 4075 3192 4132 hunc
3234 4074 3413 4132 locum
3452 4090 3548 4131 ex-

2035 4148 2111 4203 nit
2141 4145 2470 4204 Smaraadus
2500 4166 2512 4203 :
2599 4150 2921 4204 vnerbaton.
2953 4147 3055 4203 hoc
3084 4156 3186 4204 est.
3213 4148 3358 4204 (ιιιοά
3389 4147 3548 4202 aliter

1957 4148 2111 4220 ponit
2141 4145 2470 4220 Smaragdus
2500 4166 2512 4203 :
2548 4145 2927 4220 Hyperbaton,
2953 4147 3055 4220 hoc
3084 4156 3186 4209 est,
3213 4148 3358 4219 quod
3389 4147 3548 4220 aliter

1957 4216 2268 4290 ordinatum
2290 4216 2612 4290 intelligitur
2632 4216 2714 4276 ita
2740 4239 2753 4276 :
2785 4238 2804 4272 ι
2831 4219 2932 4290 Cui
2961 4219 3170 4290 aliquid
3199 4216 3438 4288 a'priorc
3463 4216 3548 4290 of-

1958 4288 2152 4354 fertur,
2176 4299 2231 4362 et
2262 4288 2504 4347 renuerit
2523 4291 2794 4362 accipere,
2833 4289 2989 4355 hora,
3016 4288 3124 4362 qua
3157 4289 3550 4362 desideraverit

1959 4361 2301 4444 subauditur,
2335 4362 2608 4444 accipere,
2641 4359 2743 4444 aut
2774 4359 3195 4444 hocnperc'ipiat,
3225 4361 3369 4444 quod
3397 4359 3549 4444 prius

1959 4434 2257 4510 recusavit,
2285 4442 2381 4486 aut
2410 4429 2563 4510 aliud
2587 4430 2809 4510 omnino
2839 4429 2995 4510 nihil.
3025 4448 3044 4480 ι
3091 4429 3292 4484 Tamen
3325 4437 3549 4510 propter

1959 4503 2050 4560 illa
2076 4504 2239 4558 verba
2265 4521 2278 4556 :
2305 4519 2466 4572 usque
2493 4503 2563 4556 ad
2589 4502 3005 4572 emendationem
3049 4501 3542 4572 congruam,_\‘ide-

1959 4582 2049 4629 tur
2081 4590 2202 4629 esse
2229 4570 2420 4629 sensus
2459 4573 2602 4644 quod
2644 4573 2779 4627 nihil
2827 4571 3048 4644 omnino
3075 4571 3312 4626 dandum
3339 4570 3410 4644 sit
3445 4570 3546 4644 hu-

1951 4644 2190 4715 iusmodi
2243 4640 2514 4700 recusanti
2563 4644 2697 4700 hora
2734 4659 2843 4714 qua
2891 4641 3281 4715 desideraverit
3318 4640 3545 4715 aliquid,

1958 4711 2074 4772 sive
2105 4715 2234 4772 illud
2280 4716 2369 4778 sit,
2395 4715 2540 4785 quod
2576 4724 2736 4770 antea
2752 4711 3033 4785 recusavit
3078 4715 3196 4785 sive
3235 4711 3549 4785 aliud,’nisi

1957 4789 2109 4860 prius
2133 4782 2462 4844 satisfecerit
2487 4805 2499 4840 :
2525 4795 2581 4860 et
2611 4785 2685 4860 ita
2716 4788 2857 4860 apud
2880 4785 2938 4860 8.
2971 4783 3232 4841 Basilium
3271 4782 3416 4841 infra
3441 4783 3548 4840 hoc

1880 4891 1934 4952 Β
1959 4856 2163 4952 ἐειρὶιῆ
2196 4861 2341 4952 ιιιιόθ
2369 4857 2603 4930 sumpsit
2627 4856 3067 4952 S:_Benedictus;

2033 4925 2046 4982 i
2081 4925 2163 4986 Ad
2189 4932 2376 4985 horam
2414 4925 2530 4986 vero
2568 4928 2847 4994 orationis,
2879 4939 2985 4987 etc.
3027 4929 3153 4985 Haec
3189 4928 3462 4999 habentur
3490 4925 3548 4984 in

1957 5003 2194 5074 secunda
2218 5001 2420 5074 Regula
2463 4999 3090 5074 ctidicis_Floriaceii_sis,
3124 4999 3282 5074 cujus
3331 4997 3546 5074 initium

1959 5083 2079 5130 est:
2105 5072 2237 5128 Cum
2261 5069 2625 5128 re'sideremus.
2662 5069 2730 5126 Et
2755 5073 2811 5126 in
2839 5072 3011 5128 veleri
3035 5072 3158 5127 cod.
3191 5086 3295 5126 ms.
3336 5069 3552 5126 abbatis

1961 5145 2330 5202 Corbeiensis.

2036 5217 2063 5257 ιι
2093 5215 2292 5271 Μίδεω.
2333 5215 2510 5272 Missae
2529 5216 2633 5272 hoc
2659 5214 2778 5271 loco
2801 5221 2929 5272 sunt
2960 5215 3106 5270 horae
3133 5214 3426 5280 canonica,
3452 5228 3550 5270 seu

1963 5303 2159 5366 cursus
2193 5287 2577 5366 divin_iﬁoﬂici_i_,
2617 5286 3169 5366 quemadmodumjn
3193 5302 3366 5366 ._couc.
3407 5286 3551 5366 Agat

1968 5304 2159 5344 cursus
2193 5304 2359 5342 omni
2395 5304 2577 5351 omcu,
2617 5304 3070 5413 qluemaumouum
3115 5304 3169 5341 In
3193 5304 3366 5341 .couc.
3407 5304 3550 5368 ngat

1968 5360 2148 5416 thensi
2178 5375 2299 5414 can.
2330 5359 2440 5414 50:
2475 5379 2492 5410 ‹
2525 5359 2590 5414 Et
2668 5358 2814 5429 ymni
2852 5357 3104 5412 matutini
3139 5357 3224 5412 vel
3255 5367 3550 5428 vesperum

1967 5432 2159 5488 diebus
2185 5430 2438 5486 omnibus
2461 5432 2821 5486 decantentur
2845 5447 2860 5482 :
2883 5437 2940 5483 et
2978 5433 3032 5484 in
3059 5430 3406 5484 conclusione
3434 5441 3553 5480 ma-

1969 5503 2265 5559 tutinarmn
2295 5501 2381 5558 vel
2412 5501 2842 5574 vespertinarum
2865 5499 3155 5556 missarum
3175 5508 3298 5572 pust
3319 5499 3550 5622 hymnos

1969 5573 2217 5622 mnilella
2254 5573 2320 5622 de
2345 5573 2568 5622 nsalmis
2601 5572 2872 5622 dicantur.
2902 5589 2923 5622 ι
2956 5571 3034 5622 Ibi
3063 5570 3208 5622 enim
3241 5572 3350 5622 inte
3375 5569 3550 5622 licun-

1967 5573 2217 5643 capitella
2254 5573 2320 5628 de
2344 5569 2568 5645 psalmis
2601 5572 2872 5627 dicantur.
2902 5589 2923 5624 ι
2955 5571 3034 5627 lbi
3063 5569 3208 5626 enim
3241 5569 3388 5625 intell

1967 5653 2056 5700 tur
2086 5645 2333 5699 matutini
2367 5653 2424 5699 et
2458 5659 2714 5714 vesperzn.

2046 5714 2510 5771 1Proeedendum.
2553 5707 2628 5770 ita
2668 5715 2724 5770 in
2767 5713 2890 5769 cod.
2941 5727 3073 5769 mss.
3117 5711 3277 5768 Vind.
3311 5718 3368 5768 et
3401 5707 3552 5767 Flor.

1973 5787 2090 5862 lege
2139 5798 2322 5844 tamen
2359 5786 2616 5862 secedere,
2661 5795 2721 5862 ut
2767 5787 2821 5842 in
2858 5785 2982 5841 cod.
3023 5783 3346 5862 gorbeiensi
3383 5795 3550 5853 mss;

1974 5854 2169 5934 némpe
2195 5877 2228 5918 a
2259 5859 2535 5920 communi
2559 5859 2828 5926 oratione,
2847 5872 2944 5918 seu
2973 5854 3156 5916 .oﬂicio
3184 5855 3402 5922 divino.

3396 5569 3552 5640 igun-
3643 5611 3655 5623 .
