4066 6342
252 325 392 384 ιιθι

1220 307 1615 372 CONCORDIA
1652 306 2114 366 REGULARUM.
2154 337 2229 352 —
2264 308 2415 366 CAP.
2455 308 2563 367 LII.

3394 313 3535 372 1162

252 441 497 516 fatigatis
519 435 777 496 fratribus
798 446 962 504 supra
985 429 1426 487 consuetud’nem
1453 434 1666 500 Oportet
1687 425 1843 495 quid-
1869 430 1922 489 Α
1946 422 2144 493 cupdia
2178 430 2235 479 et
2263 423 2694 480 mansuetudine.
2732 423 2791 481 Si
2827 439 2958 483 vero
3007 441 3107 498 pro
3142 426 3421 497 ahjectiori
3448 430 3536 497 νει

253 552 418 609 quam
445 532 681 604 adjungi,
708 536 979 586 annuente
1004 537 1059 581 et
1081 525 1425 595 permittente
1447 522 1630 588 Patre.
1654 529 1709 576 et
1735 534 1843 575 non

253 626 493 699 quolibet
520 628 902 694 pnesumeute,
929 619 1034 674 hoc
1063 617 1238 688 ipsum
1270 616 1384 671 ﬁeri
1414 616 1593 672 liceat.

315 736 347 809 ᾗ
379 734 521 791 XXI.
556 762 630 775 —
664 732 740 788 Ex
782 732 1002 789 Rasum
1040 745 1227 786 sum
1266 728 1463 821 lsmont
1503 729 1639 803 (cap.
1672 730 1782 804 II).

323 859 353 890 ι
383 846 671 917 Tempore,
698 861 807 916 quo
834 822 1147 901 refectionis
1170 842 1407 898 debitum
1431 843 1675 905 solvitur.
1696 844 1845 900 clau-

251 954 367 1006 stra
401 944 719 1000 monasterii
748 944 1087 1003 obserentur,
1130 956 1229 997 nec
1258 940 1401 995 ullus
1434 950 1727 996 extraneas
1765 940 1847 993 in-

253 1048 455 1096 teresse
485 1043 777 1106 prmsumat
810 1053 823 1089 :
863 1048 932 1089 ne
960 1033 1200 1103 quietem
1230 1033 1524 1086 fraternam
1551 1031 1581 1071 ι»
1608 1046 1847 1103 praesen-

251 1131 326 1191 tia
359 1128 635 1199 impediat.
670 1125 999 1181 Refectionis
1030 1134 1273 1194 tempore
1298 1124 1425 1177 dato
1462 1122 1616 1193 signo
1644 1122 1847 1193 pariter

252 1233 444 1278 omnes
480 1225 826 1271 concurrant.
873 1215 976 1283 Qui
1019 1223 1200 1269 autem
1240 1214 1307 1269 ad
1349 1228 1592 1269 mensam
1639 1213 1845 1269 tardius

250 1309 496 1372 venerit,
533 1320 555 1347 ε
598 1316 723 1379 agat
760 1308 1166 1378 paenitentiam,
1208 1315 1303 1361 aut
1337 1304 1555 1375 jejunus
1583 1305 1651 1360 ad
1686 1320 1845 1360 suum

252 1416 388 1473 opus
414 1400 442 1441 ει
469 1400 555 1456 vel
589 1399 766 1455 cubile
798 1407 1059 1454 recurrat.
1095 1397 1264 1454 Nemo
1298 1406 1478 1452 autem
1516 1396 1584 1452 ad
1617 1410 1844 1450 vescen-

251 1493 379 1549 dum
414 1494 545 1558 ibit,
594 1501 885 1563 antequam
912 1492 980 1547 ad
1008 1492 1311 1548 vocandum
1345 1506 1535 1547 omnes
1569 1506 1672 1545 vox
1705 1488 1847 1561 signi

200 1586 205 1589 ’
252 1584 411 1644 solita
441 1585 700 1641 sonuerit.

487 1699 517 1773 ς
553 1684 717 1756 XXII.
757 1730 829 1740 —
864 1699 1001 1755 Item
1039 1716 1106 1754 ea:
1138 1699 1318 1755 eodem
1355 1698 1606 1771 capitulo.

1944 516 2122 572 viliori
2152 525 2415 582 movetur,
2439 527 2533 572 aut
2549 517 2676 588 quia
2700 527 2785 574 est
2807 534 3024 585 novum,
3051 520 3359 577 meminerit
3383 536 3537 581 man-

1948 609 2060 665 dati
2079 608 2291 665 Domini
2318 610 2577 666 dicentis:
2604 609 2742 676 Quia
2763 612 2952 683 dignus
2971 622 3069 677 est,
3094 628 3197 666 non
3216 612 3536 685 quicunque,

1945 701 2037 757 sed
2073 702 2345 773 operarius
2375 700 2389 751 ἱ
2432 702 2667 756 mercede
2704 719 2802 756 sua
2838 701 2992 772 (Luc.
3034 702 3111 768 x).
3152 703 3423 760 Diseutiat
3454 720 3541 761 se-

1947 793 2151 866 ipsum,
2192 795 2237 850 si
2266 795 2428 868 digne
2456 804 2712 868 operatus
2739 805 2823 852 est
2855 811 3019 866 opera
3052 796 3174 861 Dei,
3208 806 3269 853 et'
3296 797 3542 871 implevit

1947 885 2130 940 omnia
2155 900 2489 958 quaecunque
2515 896 2785 959 praecepta
2813 897 2935 943 sunt
2967 906 2979 942 :
3012 896 3067 943 et
3099 897 3228 945 tunc
3261 906 3366 946 non
3394 890 3539 947 aliud

1947 975 2221 1045 requiret,
2254 978 2349 1032 sed
2373 979 2439 1034 de
2462 994 2530 1032 eo
2564 978 2701 1048 ipso.
2733 979 2876 1049 quod
2913 977 2962 1034 ei
2994 980 3173 1042 datur,
3203 980 3303 1035 erit
3339 980 3541 1037 sollici-

1947 1076 2064 1128 tus.
2101 1070 2227 1140 quia
2263 1086 2423 1141 supra
2453 1071 2703 1126 meritum
2740 1086 2897 1127 suum
2935 1071 3155 1142 exeipit.
3191 1071 3219 1112 ι
3252 1071 3368 1129 Hoc
3394 1074 3539 1130 enim

1947 1166 2090 1235 quod
2119 1167 2187 1222 de
2212 1181 2336 1223 esea
2363 1166 2584 1229 dictum,
2618 1168 2783 1222 etiam
2813 1167 2881 1222 de
2902 1166 3050 1221 omni
3074 1182 3153 1231 re,
3178 1182 3298 1237 qua:
3312 1166 3381 1223 ad
3408 1182 3540 1224 usus

1947 1260 2191 1330 corporis
2216 1260 2450 1330 pertinet
2467 1302 2482 1321 ,
2507 1261 2696 1315 eadem
2730 1258 2902 1314 forma
2931 1259 3136 1316 servari
3162 1267 3361 1330 petest.

2306 1348 2334 1421 §
2361 1348 2531 1405 XXV.
2561 1380 2632 1390 —
2657 1349 2790 1404 Item
2811 1348 2948 1423 (cap.
2988 1350 3090 1406 116
3118 1348 3184 1423 ι).

2021 1442 2076 1498 Si
2104 1442 2226 1514 quis
2257 1443 2429 1499 iratus
2460 1443 2594 1499 nolit
2623 1444 2901 1515 suscipere
2932 1444 3136 1515 aliquid
3164 1460 3351 1502 eorum
3370 1487 3386 1512 ,
3420 1462 3543 1519 qua

1946 1535 2295 1606 prmbeutur?
2317 1565 2388 1575 —
2410 1534 2568 1606 Resp.
2600 1535 2706 1590 Iste
2732 1535 2855 1591 talis
2876 1535 3069 1605 dignus
3094 1544 3197 1602 est,
3228 1547 3310 1601 ut,
3329 1537 3543 1599 etiamsi

1948 1639 2177 1700 quaerat,
2227 1646 2335 1686 non
2372 1629 2623 1700 accipiat,
2657 1644 2938 1699 usquequo
2972 1630 3162 1721 prpbet
3186 1630 3234 1685 is
3262 1631 3354 1701 qui
3403 1646 3543 1701 pne-

1952 1733 2076 1779 est:
2117 1733 2174 1780 et
2220 1740 2344 1780 cum
2390 1724 2591 1778 viderit
2640 1724 2830 1779 vitium
2875 1725 3042 1780 animi
3089 1736 3359 1794 curatum,
3415 1736 3545 1783 tunc

324 1815 539 1871 Nullum
566 1830 692 1871 esus
724 1813 907 1869 furtivi
940 1814 1328 1869 eontaminatio
1361 1813 1587 1884 polluat,
1621 1823 1716 1867 aut
1750 1812 1853 1867 im-
1878 1802 1926 1863 Β
1954 1819 2123 1874 etiam
2152 1817 2294 1887 quod
2319 1817 2565 1887 corporis
2591 1817 2776 1872 usibus
2800 1816 3173 1873 necessarium
3197 1817 3380 1884 fuerit,
3409 1836 3546 1890 pta:-

251 1910 460 1979 pudens
499 1908 582 1963 vel
620 1909 864 1979 privatus
900 1917 1054 1961 extra
1090 1922 1434 1963 communem
1474 1922 1716 1961 mensam
1756 1923 1851 1978 ap-

250 2000 472 2071 petitus.
516 1998 1109 2056 Excommunicationis
1150 2001 1300 2054 enim
1339 2000 1664 2055 sententiam
1718 2000 1848 2056 sub—

256 2093 388 2159 ibit,
420 2096 511 2166 qui
556 2095 638 2151 vel
668 2095 880 2151 occulte
909 2094 994 2149 vel
1033 2101 1189 2149 extra
1230 2092 1561 2147 ordinariam
1606 2106 1851 2147 mensam

251 2186 455 2257 aliquid
481 2188 867 2260 degustaverit.
898 2189 1043 2241 Ante
1076 2184 1390 2242 refectionis
1428 2195 1639 2257 tempus
1672 2184 1851 2241 nullus

190 2288 195 2293 '
251 2282 540 2337 comedere
565 2283 760 2337 audeat
787 2292 986 2353 praeter
1005 2297 1152 2348 eum,
1176 2282 1272 2354 qui
1297 2291 1528 2355 aegrotat
1553 2301 1565 2335 :
1588 2281 1680 2352 qui
1702 2283 1850 2337 enim

168 2398 175 2407 ι
249 2373 446 2428 edendi
476 2380 689 2444 tempus
717 2374 1108 2441 antecesserit,
1168 2374 1625 2445 subsequentibus
1674 2373 1851 2444 plenis

249 2467 595 2523 abstinentiae
622 2465 940 2536 subiacebit.
965 2468 1183 2523 Sitienti
1210 2467 1443 2537 cuipiam
1468 2466 1554 2522 vel
1578 2465 1850 2523 defectum

234 2558 473 2629 patienti
504 2566 629 2637 apte
660 2559 851 2614 edendi
880 2569 1094 2632 tempus
1122 2558 1514 2615 consulendum
1540 2567 1627 2615 est
1654 2559 1723 2616 ab
1756 2560 1852 2617 ab-

248 2653 395 2719 bate,
428 2652 510 2709 vel
549 2655 838 2725 praeposito
874 2654 1163 2710 ordinante
1204 2673 1219 2710 :
1264 2668 1372 2709 non
1412 2663 1590 2709 tamen
1623 2655 1799 2725 palam
1833 2673 1847 2709 :

249 2760 320 2799 ne
346 2744 483 2799 forte
512 2746 669 2800 sitire
699 2745 782 2801 vel
804 2746 1019 2801 esurire
1047 2745 1294 2802 videntes
1326 2745 1461 2801 alios
1492 2753 1669 2818 cogat.
1706 2745 1848 2801 Heb-

248 2838 601 2896 domadarius
632 2840 780 2896 solus
808 2840 963 2895 cibos
987 2841 1266 2911 degustet,
1296 2853 1474 2909 neque
1506 2839 1562 2895 id
1592 2838 1730 2893 alius
1756 2854 1852 2893 au-

250 2933 377 2987 deat
421 2951 435 2986 :
481 2948 551 2988 ne
594 2933 698 2989 sub
737 2933 1026 2989 occasione
1068 2931 1392 3003 degustandi
1436 2944 1549 2986 suae
1587 2929 1726 3001 gulae
1766 2931 1852 2987 vel

250 3026 457 3099 gutturi
488 3024 809 3082 satisfaciat.

285 3113 536 3196 §XXIIL
571 3154 645 3166 ——
680 3122 758 3178 Ex
794 3119 1014 3179 Rasum
1050 3134 1239 3177 ειηητι
1278 3117 1483 3175 Βιειιιι
1522 3116 1662 3192 (cap.
1700 3116 1813 3191 97).

1951 1908 2122 1965 bebit.

2115 2000 2142 2073 §
2170 2000 2360 2056 XXVI.
2384 2031 2455 2041 ——
2476 2000 2554 2055 Ex
2583 2000 2800 2057 Bacon
2831 2002 3079 2059 (lassum
3104 2000 3241 2075 (cap.
3273 2002 3382 2076 16).

2024 2104 2065 2133 ω
2090 2092 2174 2149 Ad
2196 2094 2295 2149 bas
2317 2108 2448 2165 ergo
2470 2094 2748 2148 orationes
2777 2109 2899 2149 cum
2929 2093 3094 2150 fuerit
3143 2096 3282 2167 signi
3336 2097 3548 2152 sonitus

1954 2186 2196 2253 auditus,
2228 2196 2379 2243 tanta
2409 2185 2689 2243 celeritate
2714 2187 2875 2243 def-et
2902 2189 3202 2245 monachus
3226 2190 3466 2253 exsilire,
3490 2199 3550 2245 ut

1952 2295 2063 2335 non
2121 2280 2297 2335 dicant
2344 2278 2448 2334 alia
2477 2280 2734 2346 artificia,
2782 2279 2876 2335 sed
2908 2280 2952 2335 is
2978 2280 3072 2352 qui
3104 2295 3242 2353 opus
3266 2282 3549 2354 scriptune

1954 2383 2174 2430 exercet
2202 2373 2255 2428 in
2304 2374 2493 2429 eodem
2515 2382 2739 2443 puncto,
2772 2388 2880 2443 quo
2907 2374 2974 2428 ad
3004 2388 3164 2431 aures
3210 2374 3328 2447 ejus
3376 2390 3545 2433 sonus

1953 2464 2224 2536 pulsantis
2262 2464 2566 2531 advenerit,
2601 2474 2628 2501 ιι
2655 2472 2894 2533 emptam
2931 2463 3173 2521 litteram
3214 2482 3321 2523 non
3354 2469 3552 2524 audeat
3598 2498 3607 2505 -

1956 2572 2361 2613 consummare.

2312 2649 2341 2723 §
2368 2650 2660 2706 XXVII.—
2681 2649 2817 2706 Item
2847 2648 2985 2723 (cap.
3018 2651 3086 2708 I7
3118 2651 3189 2722 ο).

2028 2745 2084 2802 Si
2114 2746 2238 2819 quis
2284 2754 2464 2801 autem
2517 2754 2809 2815 antequam
2865 2744 3053 2800 tlnitur
3098 2745 3344 2817 psalmus
3376 2746 3550 2805 inem-

1953 2846 2099 2908 ptns.
2145 2852 2252 2892 non
2305 2836 2626 2901 occurrerit,
2680 2836 2910 2891 ulterius
2956 2836 3010 2891 in
3059 2837 3359 2892 oratorium
3408 2838 3555 2893 inter

1952 2927 2249 2999 psallentes
2303 2926 2501 2981 fratres
2545 2925 2773 2982 introire
2800 2942 2907 2982 non
2953 2929 3172 2984 audeat.
3206 2926 3369 2983 Stans
3418 2926 3555 2985 foris

1955 3020 2023 3074 ad
2042 3019 2271 3089 januatn
2298 3018 2585 3086 sustineat,
2617 3018 2791 3074 donec
2840 3016 3009 3074 finitis
3056 3018 3285 3090 psalmis
3328 3034 3555 3093 congre-

1956 3111 2104 3183 gatio
2161 3111 2440 3167 relaxetur
2475 3128 2490 3165 :
2546 3120 2601 3167 et
2646 3119 2774 3167 tunc
2801 3111 3067 3169 subm'ssa
3114 3112 3169 3168 in
3202 3120 3347 3169 terra
3380 3115 3556 3186 ptent-

321 3215 588 3289 Inferrog.
624 3228 648 3255 ο
676 3213 734 3271 Si
761 3229 983 3271 necesse
1012 3223 1096 3270 est
1117 3227 1309 3268 omnes
1336 3183 1633 3268 convenire
1660 3210 1727 3265 ad
1750 3183 1850 3265 lin-
1877 3183 1921 3248 Ο
1955 3206 2118 3262 tentia
2146 3204 2487 3277 negligentia:
2514 3219 2645 3269 suae,
2668 3204 2762 3260 vel
2790 3206 3067 3262 tarditatis
3087 3221 3272 3263 coram
3293 3207 3555 3265 omnibus

248 3320 366 3361 ram
390 3307 620 3378 prandii,
639 3315 693 3361 et
717 3320 864 3371 eum,
888 3306 981 3375 qui
1011 3311 1278 3369 remanet,
1305 3302 1573 3373 quomodo
1598 3301 1852 3373 transigi-

244 3403 404 3458 mus?
417 3432 487 3442 --
501 3401 658 3472 Resp.
684 3401 740 3456 Si
762 3402 980 3471 quidem
1003 3402 1327 3455 necessitate
1346 3399 1430 3453 vel
1453 3396 1554 3451 loci
1573 3395 1655 3450 vel
1668 3396 1851 3465 operis

248 3493 515 3546 remansit
544 3508 575 3545 a
605 3492 880 3545 communi
909 3492 1120 3553 ordine,
1152 3489 1243 3559 qui
1269 3498 1495 3557 praeest,
1530 3487 1550 3525 ί
1578 3486 1848 3555 probavit,

247 3592 306 3640 et
331 3584 579 3654 ignoscit.
613 3582 670 3638 Si
707 3599 836 3639 vero
866 3599 989 3638 cum
1020 3584 1222 3654 possit,
1254 3598 1361 3637 non
1402 3583 1428 3621 ⁸
1464 3581 1597 3635 satis
1622 3581 1731 3652 egit
1765 3595 1854 3635 tr,-

246 3691 489 3739 cnrrere,
529 3676 765 3732 fateatur
792 3676 1005 3746 culpam
1045 3676 1386 3748 negligentia:
1412 3688 1556 3739 suae,
1587 3682 1643 3728 et
1669 3674 1700 3713 ιι
1735 3674 1853 3728 sine

249 3770 372 3825 cibo
410 3778 621 3825 maneat
664 3784 833 3838 usque
873 3769 941 3824 ad
981 3767 1124 3823 illam
1167 3770 1355 3823 horam
1389 3781 1496 3838 qua
1528 3766 1853 3822 convenitur

249 3860 316 3915 ad
343 3862 521 3916 cibum
554 3862 608 3916 in
642 3870 918 3932 posterum
947 3861 1107 3916 diem.

322 3954 350 4026 §
388 3951 574 4008 XXlV.
611 3982 687 3994 —
722 3952 860 4007 Item
894 3969 960 4007 ex.
992 3952 1224 4022 ejusdem
1265 3949 1462 4021 Regula
1499 3950 1637 4021 (cap.
1662 3948 1777 4018 95).

321 4045 587 4115 Interrog.
637 4046 654 4086 ί
705 4044 862 4113 Quali
902 4044 1096 4101 affectu
1136 4052 1349 4114 oportet
1392 4044 1643 4114 accipere
1681 4042 1884 4099 vesti--

247 4148 494 4196 mentum
538 4139 619 4193 vel
661 4141 1074 4198 calciamentum
1119 4140 1494 4210 qualecunque
1540 4138 1740 4194 fuerit?
1782 4169 1853 4180 ~—

249 4233 410 4305 Resp.
443 4232 499 4289 Si
530 4234 748 4305 quidem
774 4236 937 4290 breve
958 4244 1053 4289 aut
1078 4235 1284 4305 grande
1313 4242 1399 4289 est
1431 4235 1500 4288 ad
1538 4247 1852 4288 mensuram

248 4335 477 4383 staturae
495 4343 626 4395 suae,
648 4328 753 4384 boe
775 4328 1015 4384 indicare
1044 4327 1223 4391 debet,
1252 4327 1348 4383 sed
1373 4342 1497 4383 cum
1522 4328 1673 4384 omni
1697 4342 1852 4383 vere-

323 4469 349 4499 ι
392 4458 643 4530 Tempore
670 4478 795 4533 quo,
836 4470 941 4517 etc.
985 4462 1178 4518 Exstat
1217 4461 1271 4517 in
1316 4460 1521 4533 Regula
1560 4460 1619 4516 S.
1659 4462 1851 4518 lsidori

323 4544 449 4583 cusa
474 4544 600 4583 nan.
633 4532 685 4583 9.

249 4542 449 4585 excusa
474 4544 600 4587 can.
633 4542 685 4587 9.

354 4548 366 4573 ι
503 4572 511 4582 ,
587 4573 600 4585 .
633 4548 685 4587 ξ.

322 4548 706 4676 ζιῗνίέἰὲητίέι.
741 4603 1028 4676 lnRegula
1060 4620 1181 4676 exc.
1216 4603 1431 4676 additur
1454 4621 1575 4676 sua.

323 4681 346 4743 φ
392 4672 527 4743 Agat
554 4672 934 4743 paenitentiam,
960 4686 1066 4732 etc.
1093 4674 1256 4730 Juxta
1289 4674 1531 4730 instituta
1555 4674 1615 4729 S.
1640 4675 1850 4732 Paebo—

247 4742 367 4816 Ipii,
402 4754 513 4816 art.
546 4742 609 4797 I2
649 4762 664 4797 :
704 4762 723 4796 t
771 4746 1035 4815 Similiter
1078 4756 1201 4816 aget
1237 4746 1615 4815 pmnitentiam
1649 4756 1745 4802 aut
1781 4747 1849 4803 ad

248 4812 470 4885 domum
497 4814 715 4885 jejunus
746 4812 1069 4872 revertetur.
1113 4812 1134 4869 ἱ

319 4883 347 4923 ά
404 4882 489 4938 Vel
517 4882 703 4940 cubile.
740 4887 809 4943 Ut
842 4888 914 4941 ibi
942 4886 1104 4943 leuat.

327 4968 351 4995 ο
389 4952 674 5027 Siunecease
694 4968 792 5024 est,
820 4965 923 5011 etc.
962 4952 1204 5012 Habetur
1228 4960 1364 5027 apud
1397 4957 1455 5013 S.
1486 4958 1744 5014 Basiliam
1768 4960 1849 5014 in-

249 5025 518 5099 ter_r._I56
546 5026 760 5097 Regulae
786 5030 960 5092 νων..
991 5039 1043 5084 et
1070 5031 1210 5099 apud
1238 5025 1360 5082 Ruf.
1395 5045 1515 5099 cap.
1542 5029 1630 5099 52.

254 5170 266 5180 ²
328 5097 346 5135 ί
391 5094 648 5151 Probavii
670 5109 718 5151 et
745 5102 986 5170 ignoscit.
1011 5094 1168 5157 Apud
1193 5100 1445 5155 Rutinum
1464 5094 1487 5154 ἐ
1520 5098 1774 5156 Probabit
1798 5111 1849 5157 et

248 5183 501 5239 rgnosce.,
536 5180 702 5223 recte.

325 5241 351 5312 β
394 5238 537 5312 Satis
567 5242 689 5312 egit.
723 5239 878 5311 Apud
907 5241 1164 5298 Ruﬁnum
1197 5262 1209 5297 :
1246 5242 1536 5312 Satisfecit.

323 5309 518 5435 ιίἶδῐξιιε
542 5309 655 5365 cibo
683 5309 911 5367 maneat.
946 5313 1073 5369 Haec
1100 5314 1340 5386 supplevi
1368 5309 1438 5369 ex
1467 5322 1614 5369 textu
1634 5315 1849 5384 Gmco,

385 5398 414 5435 ιι
440 5398 547 5435 ιιιο.

250 5389 306 5437 et
334 5389 547 5435 Rntino.

330 5456 351 5528 ξ
393 5451 815 5528 Qualia/fectu,
845 5464 952 5511 etc.
992 5456 1183 5512 Exstat
1219 5457 1357 5528 apud
1396 5456 1651 5513 Basiliam
1687 5460 1848 5516 inter.

252 5523 357 5580 168
409 5523 843 5605 ΒςευΙςῐίῡγογη
880 5523 1402 5605 e_t_apu:l_l_lutit_ntm
1441 5531 1687 5605 eap._h51.
1728 5530 1853 5605 llaec

251 5604 436 5668 autem
476 5598 829 5668 interrogatio
869 5599 1085 5653 videtur
1122 5600 1211 5657 hic
1249 5601 1411 5653 citata
1449 5598 1523 5655 oJ
1557 5601 1649 5655 illa
1689 5603 1851 5659 verba

254 5662 317 5722 S.
346 5666 622 5723 Benedicti
647 5686 660 5721 :
684 5662 710 5719 ἱ
741 5669 848 5724 Sed
872 5680 928 5725 et
949 5671 995 5725 si
1016 5672 1102 5726 cui
1122 5672 1349 5726 otfertur
1375 5687 1406 5724 a
1434 5673 1636 5742 priore,
1669 5692 1688 5725 ι
1717 5682 1847 5741 etc.,

255 5747 319 5792 ut
342 5752 595 5807 sequens.

334 5808 347 5859 i
397 5807 636 5865 Mercede
660 5826 779 5864 sua.
811 5810 889 5866 Ita
917 5813 1061 5884 apud
1092 5813 1364 5881 Rufinum,
1394 5815 1848 5887 quemadmodum

586 5901 864 5970 Ρλτιοι..
927 5903 1093 5967 CIII.

1954 3300 2024 3354 ab
2081 3299 2280 3354 abbate
2328 3298 2583 3368 impetret
2634 3298 2868 3353 veniam.
2904 3298 3058 3366 Quod
3088 3298 3133 3354 si
3168 3300 3557 3369 contempserit

1955 3391 2307 3455 satisfacere,
2359 3391 2507 3445 nullo
2561 3390 2721 3445 modo
2787 3391 2931 3444 inter
2982 3390 3183 3447 fratres
3236 3391 3555 3448 societatem

1954 3484 2218 3554 psallendi
2273 3483 2511 3539 habebit.
2542 3482 2600 3537 In
2652 3482 2935 3538 nocturnis
2984 3493 3166 3539 autem
3216 3484 3557 3542 orationibus

1953 3588 2126 3643 usque
2157 3572 2223 3626 ad
2255 3573 2551 3628 secundum
2574 3571 2842 3642 psalmum
2868 3571 3032 3628 datur
3062 3573 3309 3629 tardandi
3339 3574 3583 3630 dilation

1954 3665 2209 3721 Attamen
2255 3673 2549 3732 antequam
2598 3663 2749 3718 linito
2776 3663 2966 3719 eodem
3004 3664 3216 3733 psalmo
3266 3663 3466 3721 fratres
3496 3665 3554 3721 in

1954 3757 2231 3813 orationes
2290 3753 2691 3825 procumbant,
2744 3754 3151 3824 congregationi
3201 3770 3260 3810 se
3313 3755 3555 3812 inserere

1956 3856 2119 3918 atque
2162 3846 2474 3902 immiscere
2514 3845 2752 3901 festinet.
2788 3846 2941 3913 Quod
2964 3846 3006 3901 si
3030 3845 3262 3916 amplius
3279 3846 3361 3901 vel
3384 3847 3556 3904 modi-

1954 3949 2087 3997 eum
2112 3940 2492 4004 retardaverit,
2520 3938 2685 3993 ﬁnitis
2711 3938 2911 4008 vigiliis
2941 3954 3069 3994 vero
3092 3938 3399 3995 humilitate
3425 3940 3553 3997 sub-

1956 4034 2156 4090 missus
2189 4033 2403 4092 veniam
2428 4033 2787 4105 negligentiae,
2837 4032 2978 4088 sicut
3019 4031 3269 4103 superius
3292 4032 3548 4100 diximus,

1956 4134 2212 4196 expetere
2240 4141 2347 4181 nou
2370 4124 2603 4180 omittat-

2290 4240 2317 4314 §
2344 4238 2578 4295 XXVIII.
2607 4269 2680 4281 —
2711 4238 2845 4295 Item
2870 4239 3009 4312 (cap.
3037 4239 3103 4297 18
3135 4240 3206 4313 Ρ).

2029 4336 2313 4393 Dominico
2344 4344 2547 4400 autem,
2588 4333 2673 4389 vel
2699 4334 2949 4398 sabbato,
2978 4349 3073 4389 seu
3104 4332 3311 4388 feriatis
3359 4333 3552 4391 diebus

1958 4479 2190 4533 habetur
2219 4479 2271 4532 in
2299 4476 2589 4541 Evangelio
2604 4474 2736 4529 Luc.
2768 4490 2827 4538 x,
2857 4453 3244 4545 pt;90'3_otinoﬁ.
3276 4470 3333 4545 In
3360 4469 3551 4527 Grzeco

1875 4541 1929 4602 Ῑ)
1958 4548 2015 4604 S.
2055 4548 2233 4621 Basilii
2263 4548 2459 4621 legitur
2484 4557 2573 4621 τῆς
2601 4553 2788 4621 τροφῆς
2826 4541 3007 4621 omni}.
3049 4542 3106 4595 II
3139 4549 3252 4606 est,
3278 4542 3400 4621 ci.o
3428 4556 3547 4609 suo,

1955 4622 2098 4690 q-aoJ
2122 4620 2289 4673 miror
2318 4612 2339 4672 Ξ
2366 4618 2438 4672 ξω
2462 4626 2519 4671 ιιι
2545 4612 2915 4671 Ιοεὶιεέἱιτιιιιε
2940 4613 3013 4668 sit
3036 4627 3104 4668 ex
3127 4612 3414 4680 memoria,
3439 4629 3551 4670 non

1952 4706 2017 4746 ex
2050 4691 2258 4755 codice,
2292 4698 2387 4744 aut
2408 4696 2557 4743 certe
2585 4694 2890 4758 corruptus.

2024 4782 2052 4821 ¹ι
2094 4778 2205 4835 Hoc
2236 4781 2374 4834 enim
2410 4779 2549 4851 quod
2578 4779 2643 4832 de
2673 4794 2792 4833 esca
2825 4776 3025 4832 dictum
3060 4786 3156 4851 est.
3192 4776 3272 4833 Ita
3310 4776 3365 4851 in
3396 4784 3550 4851 textu

1950 4852 2262 4927 Gr:eeo,_r‘2
2299 4854 2397 4927 γὰρ
2421 4848 2520 4927 ’ἐπὶ
2556 4859 2648 4912 τῆς
2680 4858 2864 4927 spagit;
2902 4850 3179 4927 tipnpivoa,
3218 4849 3361 4927 εἶαρ]
3404 4848 3548 4927 idem

1949 4934 2127 4979 sonat.
2162 4916 2319 4993 Apud
2360 4916 2610 4993 Ruﬁnum
2655 4940 2668 4975 :
2707 4916 2726 4972 ἆ
2767 4916 2879 4993 ι’ζρο
2911 4916 3057 4993 enim
3095 4916 3247 4993 quod
3276 4919 3342 4993 d_e
3377 4918 3547 4993 vesti-

1952 5005 2138 5050 mento
2167 4987 2366 5049 dictum
2406 5001 2508 5049 est.
2534 5014 2551 5045 ι
2573 4992 2759 5049 Recte.
2790 4991 2923 5046 Nam
2956 4991 3045 5044 hic
3081 4989 3259 5059 agitur
3288 4987 3355 5043 de
3382 4990 3548 5044 vesti-

1952 5076 2157 5131 mento,
2200 5082 2305 5122 non
2343 5067 2407 5120 de
2441 5064 2591 5125 «,ibo';
2639 5074 2693 5120 et
2720 5062 2935 5117 videtur
2968 5061 3073 5115 hoc
3111 5058 3231 5116 Ioco
3268 5073 3398 5117 usus
3427 5074 3549 5117 eor-

1952 5140 2196 5196 rectione
2222 5137 2518 5207 exemplari
2551 5135 2794 5207 Ruﬁnus.

2036 5208 2054 5247 1
2088 5210 2251 5263 Inter.
2288 5203 2412 5273 ιδί,
2440 5216 2495 5263 et
2525 5206 2754 5278 eap.eit.
2785 5203 2910 5258 Ruf.

2030 5311 2070 5339 ω
2101 5298 2183 5353 Ad
2208 5301 2304 5354 has
2331 5316 2473 5369 ergo,
2494 5310 2599 5353 etc.
2632 5297 2759 5352 llaec
2784 5301 2997 5365 sumpta
3025 5301 3153 5350 sunt
3188 5309 3256 5351 ex
3282 5294 3544 5352 Cassiano

1957 5374 2083 5429 libr.
2119 5388 2171 5427 tv
2203 5372 2269 5427 de
2295 5370 2469 5426 lnstit.
2503 5385 2621 5441 cap.
2654 5369 2737 5423 I2.

2031 5478 2060 5507 ιι
2081 5466 2313 5536 Cmpmm
2340 5466 2566 5521 {inerant
2604 5462 2935 5536 quoniaudeat
2970 5477 3354 5536 consummare.
3395 5455 3544 5536 Idem

1960 5540 2149 5597 statuit
2171 5530 2431 5609 Magister
2449 5552 2569 5606 c:~p.
2600 5535 2669 5609 ξι
2721 5535 2943 5609 Regulae
2965 5550 3093 5609 s'ne.
3122 5532 3416 5609 Srriptgres
3450 5530 3541 5585 lit-

1958 5622 2125 5669 teram
2162 5599 2566 5679 nonviutegrcn't.
2610 5605 2866 5679 Exempla
2896 5606 3017 5679 vide
3050 5605 3104 5661 in
3132 5602 3270 5659 Vitis
3297 5599 3539 5657 Patrum.
3584 5624 3589 5629 λ

2032 5690 2057 5718 ο
2086 5682 2203 5738 Lib.
2237 5697 2294 5736 ιιι
2320 5675 2601 5734 ὁθίΙίιιιδιι.
2637 5675 2813 5741 Orat.,
2837 5694 2954 5747 cap.
2987 5677 3040 5732 7.

2033 5766 2060 5805 ι»
2087 5753 2203 5812 Lib.
2250 5768 2309 5810 ιιι
2349 5751 2415 5807 de
2461 5750 2644 5808 diurn.
2671 5746 2847 5817 Orat.,
2888 5745 3007 5821 cap.
3061 5745 3146 5802 l2.

2960 5899 3041 5963 37
