4066 6342
199 384 349 448 “09

1166 378 1562 441 CONCORDIA
1602 376 2064 437 REGULARUM'.
2103 386 2177 425 ἐξ
2210 379 2365 437 CAP.
2403 374 2541 436 LIV.

3340 362 3490 439 tiro

194 508 430 574 ponant.
459 510 489 542 ι
510 492 744 556 Cantare
788 502 971 551 autem
1008 500 1065 550 et
1098 493 1285 565 legere
1320 508 1427 549 non
1477 499 1796 564 praesumat,
1822 495 1878 555 Α
1900 491 2040 546 cium
2070 493 2414 562 vespertinum
2462 485 2633 560 (Psal.
2658 486 2804 562 cn).
2840 485 3075 545 Medium
3120 489 3318 558 noctis,
3360 491 3493 562 quia

198 595 311 651 nisi
340 595 434 666 qui
479 600 659 663 potest
695 589 932 647 ofﬁcium
961 588 1208 661 implere,
1234 596 1296 642 ιιι
1322 584 1660 642 aediﬁcentur
1693 600 1793 640 au-

200 684 439 742 dientes.
467 683 621 752 Quod
659 699 784 740 cum
810 681 1100 757 gravitate,
1127 678 1435 736 humilitate
1464 689 1520 735 et
1557 686 1796 735 tremore

201 779 319 843 ﬁat,
350 787 405 835 et
432 779 518 835 cui
544 777 769 848 jusserit
800 776 992 833 abbas.

203 872 232 946 §
262 871 326 929 ll.
347 901 421 915 —
443 871 519 927 Ex
557 870 778 933 Bscuu
802 884 990 925 SANCTI
1020 867 1217 923 lsiuom
1246 880 1482 921 EPISCOPI
1511 865 1649 937 (cap.
1676 863 1792 935 20).

205 988 234 1019 ,ω
278 964 307 1005 δ
332 964 416 1019 Ad
454 963 735 1019 custodem
764 961 991 1017 sacrarii
1033 960 1270 1031 pertinet
1305 973 1437 1013 cura
1466 966 1521 1014 et
1550 955 1795 1012 custodia

204 1054 417 1125 templi,
459 1054 669 1124 signum
701 1067 916 1123 quoque
940 1051 1099 1107 dandi
1130 1050 1185 1104 in
1222 1048 1549 1117 vespertinis
1577 1057 1799 1102 noctur-

204 1145 404 1214 nisque
428 1141 647 1209 oﬂiciis;
689 1143 807 1198 vela
845 1150 1134 1212 vestesque
1176 1155 1367 1202 sacrm,
1404 1138 1620 1193 codices
1663 1152 1800 1206 quo-

206 1254 339 1308 que,
365 1248 388 1276 ο
411 1237 773 1292 instrumenta
796 1244 1012 1297 cuncta,
1042 1232 1220 1287 oleum
1246 1232 1303 1286 in
1328 1245 1458 1286 usus
1480 1228 1796 1296 sanctuarii,
1880 1249 1890 1260 ι

207 1341 336 1383 cera
360 1336 415 1383 et
441 1327 747 1382 luminaria.

207 1439 237 1512 §
267 1437 354 1493 lll.
376 1468 447 1479 -
467 1436 547 1493 Ex
591 1437 809 1512 Rasum
859 1434 1183 1512 Faucruost
1207 1433 1357 1512 _(cap.
1386 1431 1498 1503 l0).
1532 1430 1674 1497 Quid
1703 1431 1798 1486 dc-

656 1506 806 1561 beant
835 1508 1106 1559 observare
1131 1505 1362 1558 abbates.

285 1596 312 1637 (ι
344 1596 587 1652 Primum
626 1596 790 1651 horas
818 1595 1134 1659 canonicos,
1165 1594 1216 1647 id
1245 1601 1349 1657 est,
1388 1594 1643 1663 primam,
1676 1594 1803 1647 mis-

213 1691 293 1745 sis
318 1688 585 1761 operariis
615 1689 667 1743 in
697 1689 945 1751 vineam;
985 1686 1143 1741 tertia
1172 1692 1420 1739 sanctum
1454 1684 1714 1754 Spiritum
1746 1684 1798 1737 in

214 1782 489 1853 apostolos
538 1780 914 1843 descendisse;
964 1787 1114 1833 sexta
1161 1775 1447 1830 Dominum
1480 1776 1532 1829 in
1582 1791 1797 1829 crucem

1896 596 1961 637 ea
1989 581 2124 637 hora
2162 579 2365 635 clamor
2391 580 2564 651 {actus
2594 588 2699 643 est,
2740 578 2877 634 Ecce
2903 595 3126 651 sponsus
3168 581 3325 646 venit,
3352 580 3493 636 exite

1898 674 2102 729 obviam
2128 674 2178 729 ei
2206 671 2423 746 (Matth.
2447 672 2609 743 xxv);
2642 680 2703 726 ut
2728 686 2792 727 ea
2823 671 2954 727 hora
2982 686 3108 727 cum
3135 671 3202 727 ad
3219 671 3490 741 judicium

1896 767 2129 832 venerit,
2160 780 2268 820 non
2294 780 2393 821 nos
2413 765 2767 827 dormientes,
2795 763 2891 820 sed
2914 762 3203 835 vigilantes
3227 762 3487 819 inveniat.

1903 869 1927 896 ο
1946 856 2311 922 Gallicinium,
2342 855 2618 913 Christum
2645 873 2675 910 a
2707 856 2937 910 mortuis
2964 854 3347 910 resurrexisse.
3380 852 3491 909 Has

1899 950 2062 1005 horas
2093 949 2384 1005 canonicas
2422 949 2490 1005 ab
2534 948 2757 1005 Oriente
2804 963 2978 1019 usque
3026 950 3093 1003 ad
3137 945 3489 1002 Occidentem

1898 1040 2191 1107 catholica,
2236 1041 2290 1095 id
2323 1050 2407 1097 cst
2455 1040 2798 1107 universalis,
2845 1039 3214 1096 indesinenter
3244 1037 3491 1095 celebrat

1899 1130 2141 1186 Ecclesia
2152 1171 2163 1184 .

2104 1222 2130 1293 §
2160 1220 2248 1276 IV.
2276 1252 2346 1263 -—
2366 1222 2446 1277 Ex
2482 1222 2699 1278 Renum
2733 1223 2975 1278 Cassum
3011 1222 3147 1296 (cap.
3176 1224 3288 1294 Η).

1978 1318 1998 1354 ί
2043 1315 2092 1370 is
2132 1324 2311 1370 autem
2359 1316 2884 1372 cuinocturnarum
2931 1318 3240 1371 orationum
3290 1317 3494 1371 sollici-

1903 1406 2032 1460 tudo
2070 1407 2446 1470 committitur,
2475 1423 2580 1461 non
2624 1424 2728 1478 qua
2772 1409 2905 1463 liora
2944 1408 3018 1461 illi
3063 1407 3274 1461 libitum
3308 1407 3489 1469 fuerit,

1903 1498 2101 1554 fratres
2129 1500 2194 1553 ad
2233 1500 2445 1570 vigilias
2473 1501 2734 1556 suscitare
2762 1509 3071 1571 piaesumat,
3103 1511 3161 1555 ut
3194 1502 3492 1555 secundum

1902 1592 2358 1662 opportunitatem
2405 1594 2599 1647 somnii
2642 1602 2697 1648 et
2734 1594 2986 1647 insomnii
3030 1595 3206 1648 :rtatis
3239 1611 3350 1647 sum
3398 1594 3498 1647 im—

1904 1706 1996 1745 ras
2023 1690 2197 1744 noctis
2228 1698 2512 1759 temperet.
2546 1688 2679 1743 Nam
2711 1690 2960 1760 quamvis
3000 1704 3121 1743 cum
3164 1689 3499 1743 consuetudo

1905 1781 2095 1835 diurna
2140 1781 2270 1835 hora
2296 1781 2453 1834 solita
2483 1780 2706 1851 vigilare
2733 1781 3028 1849 compellit,
3059 1790 3240 1836 tamen
3270 1781 3499 1835 sollicite

217 1868 556 1941 ascendisse;
589 1887 731 1927 nona
762 1872 1012 1941 spiritum
1058 1870 1339 1935 emisisse;
1371 1883 1595 1937 vespera
1631 1867 1802 1922 David
1830 1870 1878 1929 Β
1904 1878 1958 1924 et
2002 1870 2316 1939 frequenter
2346 1872 2370 1910 κ
2401 1869 2681 1925 stellarum
2710 1870 3003 1924 constituta
3043 1869 3197 1939 signa
3228 1869 3495 1937 exploret,

216 1965 484 2022 cecinisse
511 1964 698 2021 dicens
723 1982 737 2018 :
771 1963 1009 2018 Elevatio
1036 1979 1289 2019 manuum
1333 1978 1570 2017 mearum
1598 1959 1805 2029 sacriﬁ-

217 2126 485 2184 lectiones
523 2123 854 2188 recitandas,
885 2120 970 2177 vel
1006 2122 1170 2177 etiam
1201 2121 1269 2176 ad
1296 2116 1804 2175 communicandum

218 2207 415 2254 euntes
458 2212 614 2252 suum
668 2195 912 2250 ordinem
960 2201 1196 2248 servent.
1224 2214 1241 2244 ι
1298 2191 1397 2247 Ubi
1436 2192 1584 2246 vides
1629 2189 1803 2242 locum

219 2283 341 2338 cap.
382 2268 451 2322 65
483 2268 542 2321 8.
572 2265 749 2321 Bened
773 2265 847 2338 cti
876 2266 1124 2338 exponi;
1164 2282 1188 2338 ι⁸
1214 2262 1356 2338 Ergo
1384 2262 1681 2338 secundum
1717 2273 1808 2338 ore

221 2329 402 2409 dines,
440 2351 577 2407 quos
614 2329 972 2409 constituerit:
989 2334 1198 2409 (abbas)
1230 2329 1315 2409 vel
1351 2347 1490 2402 quos
1516 2329 1809 2409 habuerint

221 2408 325 2479 ipsi
362 2400 580 2479 fratres,
612 2406 975 2479 accedantgad
999 2400 1212 2479 pacein,
1246 2406 1314 2459 ad
1343 2400 1802 2479 comniunioneln,

221 2469 290 2533 a'd
318 2469 586 2547 psalmum
612 2469 1054 2547 imponendum.»
1091 2475 1157 2529 Et
1185 2489 1306 2547 cap.
1342 2475 1405 2528 l9
1433 2471 1675 2541 ejusdem
1709 2469 1809 2524 Re-

261 2544 362 2601 ulie
403 2548 511 2602 hic
534 2546 697 2600 Pater
737 2548 816 2601 sic
854 2546 1134 2614 loquitur:
1171 2564 1189 2594 ι
1223 2544 1377 2599 Sicut
1420 2558 1449 2597 a
1483 2556 1667 2597 mensa
1710 2553 1808 2614 suo

242 2610 344 2673 oco
383 2618 647 2687 privatur,
695 2616 765 2669 ita
803 2624 863 2687 et
905 2610 958 2670 in
1006 2614 1233 2687 ecclesia
1276 2614 1613 2686 ‘segregetur,
1652 2619 1713 2664 ut
1755 2610 1809 2687 in

221 2680 428 2743 loco-in
459 2702 568 2758 quo
602 2685 895 2741 anteafnit
925 2702 1023 2741 nec
1052 2685 1315 2758 psalmum
1345 2680 1563 2758 cantet,
1593 2697 1693 2758 nec
1726 2680 1811 2758 ul:

222 2758 333 2812 lum
366 2751 610 2812 ordinem
641 2765 843 2821 teneat,
887 2751 1184 2826 usque—dum
1216 2751 1809 2826 satisfactionedmmili

225 2845 347 2884 cum
375 2829 557 2884 cordis
586 2827 912 2883 contritione
960 2822 1028 2880 ab
1072 2826 1301 2889 abbate,
1327 2826 1409 2880 vel
1439 2840 1468 2878 a
1500 2822 1809 2878 senioribus

224 2906 293 2953 ve‘
335 2901 760 2973 iaui_mereatur.
787 2920 805 2950 ο
849 2896 908 2952 8.
939 2896 1263 2952 Benedictus
1294 2911 1413 2966 cap.
1537 2894 1616 2973 s_ic_
1637 2892 1813 2973 loqui:

224 2976 351 3024 tur:
391 2988 411 3021 ι
439 2968 639 3023 Privati
688 2976 869 3022 autem
913 2983 943 3020 a
986 2983 1185 3022 mensa:
1230 2967 1506 3021 consortio
1554 2966 1657 3019 ista
1707 2966 1812 3016 erit

227 3040 388 3105 ratio,
418 3048 477 3094 ut
521 3040 574 3094 in
602 3038 844 3093 oratorio
895 3037 1159 3106 psalmum
1192 3053 1297 3093 non
1331 3038 1591 3107 imponat,
1639 3048 1816 3107 neque

225 3103 514 3165 lectionem
566 3110 786 3172 recitet,
838 3103 1011 3177 usque
1059 3108 1127 3163 ad
1174 3103 1625 3163 satisfactionem.
1684 3125 1701 3156 ι
1755 3103 1812 3177 ld_

225 3181 392 3236 etiam
436 3190 623 3235 uotum
659 3188 744 3235 est
787 3194 854 3234 ex
890 3174 1202 3235 auctoribus
1251 3177 1388 3234 infra
1440 3179 1541 3233 hoc
1584 3191 1705 3247 cap.
1746 3174 1814 3247 ad

230 3250 289 3322 8.
323 3250 668 3306 Aurelianum
698 3250 951 3316 citaudis,
995 3249 1083 3304 ubi
1111 3262 1301 3322 agetur
1334 3252 1400 3322 de
1439 3245 1814 3322 ordine'psal—

226 3321 391 3392 leudi,
418 3322 507 3392 qui
530 3322 716 3377 dicunt
732 3338 939 3385 canere,
962 3329 1055 3375 aut
1075 3319 1312 3392 cantare,
1334 3321 1506 3375 dicere
1526 3319 1809 3392 psalmum,

226 3393 318 3447 ubi
350 3391 409 3462 8.
439 3391 759 3462 Benedictus
789 3392 928 3447 dixit
956 3394 1237 3462 imponere.
1283 3391 1428 3462 llem
1455 3391 1813 3462 contirmatur

228 3477 295 3519 ex
329 3460 544 3544 _Regula
672 3460 1088 3544 .P.A.Benedicii,
1120 3461 1351 3544 νειμ-44
1376 3480 1443 3544 at
1474 3461 1550 3515 ιι..
1582 3464 1813 3544 sanant

227 3531 519 3602 psalmum,
546 3540 640 3584 aut
671 3531 980 3602 lectionem,
1004 3539 1096 3584 aut
1125 3531 1271 3602 aliud
1314 3533 1443 3600 quid
1476 3546 1581 3585 non
1609 3542 1813 3598 praesu-

132 3646 141 3655 .
228 3600 346 3655 inat
388 3600 442 3655 in
483 3609 725 3655 oratorio
772 3601 1069 3669 imponere.
1096 3620 1115 3651 ι
1152 3600 1254 3656 Ubi
1292 3610 1349 3657 τό
1384 3602 1671 3663 imponere,
1701 3612 1810 3669 non

228 3669 495 3743 significat
538 3670 794 3743 incipere.
846 3666 977 3724 Nam
1028 3670 1188 3725 lectio
1222 3685 1327 3725 non
1368 3671 1625 3743 incipitur
1660 3685 1689 3722 a
1735 3666 1813 3722 le-

229 3740 401 3805 ctore,
439 3751 498 3796 ut
539 3740 900 3811 eamrchorus
939 3750 1315 3811 persequatur.
1361 3740 1637 3811 [inponere
1680 3753 1813 3810 ergo

230 3814 335 3868 hoc
371 3812 489 3867 loco
514 3821 601 3868 est
632 3810 826 3876 dicere,
861 3810 1219 3882 pronuntiare,
1248 3811 1362 3882 sive
1390 3810 1453 3867 id
1489 3810 1584 3865 ﬁat
1614 3817 1779 3882 cantu
1794 3849 1810 3875 ,

231 3884 344 3938 sive
399 3882 737 3938 recitatione.
784 3879 1049 3937 ld'etiam
1100 3881 1447 3938 manifestum
1496 3890 1582 3936 est
1625 3896 1692 3936 ex
1748 3879 1807 3933 8.

231 3952 490 4024 Gregorio
532 3952 835 4024 Turonensi
870 3953 926 4007 in
961 3953 1094 4007 Vitis
1125 3952 1380 4024 Patrum,
1409 3968 1527 4023 cap.
1555 3952 1622 4024 4,
1654 3953 1720 4004 de
1749 3949 1807 4006 8.

232 4022 521 4092 Quintiano
545 4041 615 4095 ιι
646 4022 1046 4095 Suggesserunt
1088 4023 1165 4088 ei,
1201 4031 1263 4095 ut
1305 4026 1419 4095 ipse
1458 4022 1812 4095 antiphonam

232 4096 544 4164 dignaretur
568 4093 867 4165 imponere,
893 4095 1172 4149 dicentes:
1205 4094 1285 4157 Si,
1319 4093 1474 4150 [cale
1506 4093 1686 4155 Pater,
1719 4094 1813 4165 de-

230 4162 354 4220 vote
383 4162 731 4236 antiphonam
769 4166 1106 4236 imposueris,
1138 4166 1460 4236 contiiimus
1490 4166 1556 4236 de
1601 4162 1811 4236 sancti-

234 4243 347 4306 tate
386 4244 478 4290 tua
499 4233 654 4306 'quod
688 4233 935 4306 protinus
966 4236 1119 4290 nobis
1166 4235 1425 4291 Dominus
1468 4235 1705 4305 pluviam
1736 4233 1811 4287 di-

234 4305 484 4375 gnabitur
513 4305 713 4377 pietate
745 4307 927 4361 divina
955 4306 1194 4376 elargiri.
1218 4328 1236 4359 ι
1278 4306 1379 4362 Ubi
1423 4322 1527 4361 non
1559 4315 1642 4377 est
1667 4320 1813 4377 quie-

233 4379 352 4464 stio.
379 4377 445 4431 de
480 4376 783 4464 inceptione
809 4378 1140 4464 antiphonte,
1179 4377 1384 4464 sednde
1421 4376 1805 4464 modulatione.

234 4447 386 4519 Unde
430 4446 770 4519 subjungitur
798 4466 815 4519 7:
854 4466 872 4498 ι
902 4446 1145 4519 Cumque
1186 4448 1418 4519 psallere
1462 4446 1811 4519 devodssane

231 4517 502 4587 cmpisset,
531 4515 835 4589 penetravit
857 4515 1084 4575 excelsae
1110 4515 1362 4589 potentize
1392 4534 1553 4573 aures
1586 4515 1810 4589 humilis

231 4589 404 4660 oratio
448 4587 799 4643 confessoris.
819 4610 838 4642 ι
871 4589 938 4643 Ει
967 4604 1032 4644 ex
1066 4587 1290 4659 epistola
1318 4589 1452 4660 Gogi
1491 4589 1558 4644 ad
1584 4587 1806 4660 Petrum

230 4659 558 4730 episcopum,
585 4661 679 4714 ubi
723 4659 984 4730 impositio
1031 4657 1262 4715 sumitur
1299 4657 1625 4730 pro’cautu:
1664 4677 1684 4709 ι
1714 4657 1813 4730 Sd-

231 4728 343 4784 luto
390 4728 743 4801 Sinderocum
788 4728 1117 4801 psalmorum
1162 4728 1407 4786 carinina
1452 4729 1814 4801 impositionis

230 4800 419 4855 ordine
441 4799 825 4871 modulantem.
855 4818 875 4851 ι
910 4800 1057 4855 Dixit
1078 4801 1425 4871 impositionis
1456 4799 1660 4871 ordine,
1685 4800 1813 4869 quia

232 4882 480 4925 cantores
524 4869 719 4940 singuli
766 4885 863 4940 per
887 4869 1422 4939 ordinem'singulos
1456 4870 1693 4939 psalmos
1727 4886 1814 4926 ca-

233 4941 452 5010 nebant,
481 4948 538 4995 ut
564 4940 702 4995 infra
730 4941 834 4995 hoc
854 4940 1030 5010 capite
1054 4940 1342 4994 videbitur.

302 5023 328 5052 ι
370 5009 597 5067 Cantare
631 5019 836 5076 autem,
883 5009 988 5064 etc.
1034 5010 1180 5065 Idem
1232 5009 1493 5066 statuitur
1540 5025 1658 5080 cap.
1692 5010 1803 5066 εει

242 5101 259 5134 ι
284 5081 507 5138 Fratres
551 5090 738 5152 autem
772 5096 877 5152 non
906 5094 1007 5152 per
1043 5080 1287 5136 ordinem
1319 5081 1538 5152 legant,
1566 5088 1658 5135 aut
1686 5095 1810 5135 cau-

236 5162 371 5220 tent,
407 5153 503 5208 sed
530 5152 621 5222 qui
664 5151 932 5222 aedificent
974 5152 1274 5207 audientes.
1301 5172 1318 5203 ι
1356 5151 1456 5207 Ubi
1490 5151 1578 5205 illa
1618 5153 1805 5222 verba,

237 5241 338 5280 non
363 5240 455 5294 per
473 5221 736 5294 ordinent,
766 5221 987 5294 minime
1014 5222 1371 5294 adversantur
1396 5222 1479 5277 his
1507 5237 1634 5294 qute
1671 5221 1810 5277 dixit

236 5295 347 5365 hoc
363 5290 541 5365 capite
566 5290 624 5365 8.
654 5290 976 5365 Benedictus
1003 5307 1123 5365 cum
1150 5291 1299 5361 jubet
1326 5300 1386 5347 ut
1408 5290 1539 5363 post
1555 5293 1804 5365 abbatem

236 5362 551 5421 ordine’suo
579 5362 774 5419 fratres
801 5362 1038 5433 psalmos
1066 5364 1345 5435 imponant
1371 5362 1441 5435 et,
1458 5363 1804 5432 antiphonas,

237 5450 361 5491 nam
394 5434 498 5490 hoc
530 5444 853 5504 praeceptum
876 5449 993 5505 non
1026 5433 1249 5505 praecise
1276 5433 1597 5505 intelligitur
1629 5434 1695 5489 de
1721 5448 1808 5505 or-

237 5507 360 5561 dine
402 5506 680 5571 continuo,
724 5505 820 5561 sed
854 5504 921 5559 de
959 5504 1287 5576 interrupto,
1317 5504 1362 5559 si
1398 5504 1651 5559 nimirum
1685 5504 1808 5576 qui-

238 5576 359 5632 dam
391 5577 731 5647 reperiantur
756 5576 936 5631 cantui
978 5575 1199 5647 minime
1248 5576 1458 5640 idonei;
1485 5582 1619 5647 tunc
1664 5575 1827 5647 enim

240 5645 527 5717 sequentes
555 5662 653 5701 suo
686 5647 877 5701 ordine
911 5655 1133 5702 cantare
1161 5645 1380 5711 debent,
1425 5646 1647 5700 minime
1672 5646 1813 5715 aptis

238 5718 305 5771 ad
333 5717 634 5772 canendum
662 5718 1057 5786 praetermissis.

262 5810 271 5859 ξ
310 5786 338 5827 ι»
375 5787 456 5859 Ad
476 5787 749 5859 custodem
784 5790 1025 5853 sacrarii,
1055 5796 1160 5844 etc.
1193 5786 1319 5844 Haec
1344 5788 1585 5859 reperire
1628 5798 1711 5845 est
1756 5791 1811 5845 in

245 5857 450 5931 Regula
470 5855 530 5915 S.
553 5857 743 5915 lsidori
762 5873 978 5930 excusa,
1009 5875 1128 5931 cap.
1152 5859 1242 5917 20.
1264 5855 1462 5917 Custos
1484 5862 1708 5919 sacrarii
1731 5870 1815 5919 est

1836 4628 1889 4688 D

1905 1973 1961 2018 et
2010 1963 2090 2018 sic
2138 1971 2307 2018 totam
2340 1963 2817 2034 congregationem
2854 1962 2921 2016 ad
2955 1960 3192 2017 ollicium
3232 1959 3500 2016 orationis

1906 2121 1997 2190 qui
2020 2119 2180 2190 vulgo
2202 2119 2454 2175 sacrista.
2477 2118 2805 2183 Lanl‘ranco,
2823 2134 2940 2189 cap.
2959 2119 2993 2174 6
3015 2118 3497 2190 Constitutionum,

1906 2188 2242 2254 iecretarius,
2282 2190 2425 2244 unde
2464 2205 2564 2244 vox
2608 2190 2816 2245 Gallica
2845 2188 3122 2243 secretuin.
3166 2188 3372 2244 Cm'eis
3402 2210 3503 2245 25t-

1907 2262 2229 2334 μηλιάρχης,
2263 2261 2638 2334 thesaurarius
2678 2277 2928 2334 vasorum
2978 2276 3258 2334 sacrorum
3291 2269 3497 2334 custos,

1908 2330 1964 2387 et
2014 2330 2449 2406 κεἰολὴὶιαρχςῖον.
2498 2331 2769 2406 sacristia,
2814 2330 2963 2385 locus
3012 2332 3064 2384 in
3104 2346 3211 2400 quo
3258 2331 3499 2401 pretiosa

1909 2416 2137 2471 qumque
2180 2402 2359 2471 templi
2403 2402 2791 2466 reconduntur,
2821 2410 2878 2456 ut
2922 2416 3047 2471 vasa
3096 2416 3275 2465 sacra,
3320 2410 3504 2456 vestes

1908 2470 2097 2533 sacrm,
2124 2482 2178 2526 et
2202 2470 2345 2526 simil
2370 2487 2423 2535 a,
2446 2472 2586 2540 apud
2613 2471 2877 2526 Joannem
2905 2470 3204 2536 Moschum,
3229 2487 3349 2540 cap.
3373 2471 3499 2537 195,

1911 2540 1969 2596 8.
1998 2540 2322 2611 Gregorium
2364 2542 2455 2596 lib.
2505 2558 2572 2605 ιι,
2604 2543 2763 2612 epist.
2800 2542 2869 2596 49
2908 2559 2921 2612 ξ
2957 2560 2976 2590 ι
3011 2542 3115 2596 Res
3154 2549 3337 2596 autem
3381 2557 3504 2612 qua:

1910 2614 2051 2682 apud
2087 2629 2209 2667 eum
2241 2614 2472 2666 iuventte
2496 2611 2649 2677 sunt,
2676 2613 2729 2666 in
2759 2611 3121 2668 cimiliarchio
3148 2612 3356 2667 servari
3389 2611 3507 2668 mo-

1911 2684 1994 2739 dis
2019 2684 2273 2737 omuihus
2298 2683 2560 2738 studebis.
2594 2703 2611 2735 ι
2720 2702 2726 2707 ·
2751 2703 2758 2709 ·
3480 2740 3483 2743 ,

1985 2764 2007 2792 ο
2035 2753 2739 2824 lnstrumentaque_cuncta.
2766 2752 2966 2807 Eadem
2990 2753 3339 2808 custodienda
3365 2768 3395 2807 a
3418 2768 3505 2808 se-

1911 2824 2146 2879 cretario
2202 2822 2436 2878 instituit
2503 2822 2840 2877 Laul'rancus
2888 2838 3007 2892 cap.
3058 2825 3241 2878 citato.
3289 2824 3501 2879 lustru-

1912 2903 2094 2950 menta
2121 2904 2246 2948 sunt
2275 2895 2480 2948 chartze
2510 2893 2904 2955 l‘iinrlationum,
2939 2902 3337 2960 contractuum,
3368 2903 3501 2957 etc.,

1912 2972 1973 3018 ut
2009 2965 2190 3020 videre
2238 2974 2322 3019 est
2357 2964 2493 3018 lib.i
2532 2964 2731 3035 Lrguni
2765 2963 3268 3033 Neapolitanarum,
3312 2966 3395 3035 tit.
3433 2964 3501 3020 75

1912 3042 1965 3088 et
1994 3035 2479 3107 78.77Tcrtnllianus
2508 3034 2790 3107 pro’libris
2825 3036 3105 3105 usurpavit
3143 3035 3235 3090 lib.
3271 3036 3336 3090 de
3366 3034 3503 3107 Spe-

1916 3106 2177 3177 ctaculis:
2215 3125 2233 3158 ι
2266 3105 2376 3163 Nec
2420 3103 2636 3161 aliunde
2671 3103 3099 3177 investigandum
3129 3115 3214 3162 est
3248 3103 3507 3176 quamde

1914 3176 2292 3233 instrumentis
2321 3177 2672 3234 ethnicalium
2698 3176 3023 3232 litterarum.
3051 3199 3068 3229 ι

1840 3259 1884 3323 C
1984 3247 2012 3323 fl
2043 3245 2287 3323 Primum
2313 3250 2471 3323 h_oras
2501 3250 2805 3323 canonicas,
2833 3258 2938 3323 et_c.
2968 3247 3082 3302 Non
3115 3256 3290 3323 esstat
3316 3249 3377 3323 i_n_
3400 3248 3506 3304 Re-

1915 3318 2038 3391 gula
2078 3335 2181 3391 ins.
2228 3318 2286 3374 8.
2333 3314 2629 3391 Ιζιιιιριιιοὲί
2664 3320 2833 3389 episc.
2876 3320 3093 3391 Bracar.
3143 3317 3249 3391 Sed
3288 3319 3508 3391 videtur

1914 3388 2035 3445 esse
2079 3389 2306 3445 alterius
2348 3389 2659 3452 Fructuosi,
2690 3388 2938 3458 quamvis
2982 3388 3290 3456 quindecim
3335 3389 3504 3443 horas

1916 3460 2207 3515 canonicas
2260 3460 2590 3524 instituerit,
2629 3468 2690 3513 ut
2726 3474 2888 3528 supra
2936 3459 3189 3522 diximus,
3240 3459 3329 3514 hic
3370 3474 3503 3515 vero

1916 3537 2126 3584 tantum
2150 3538 2355 3599 septem
2383 3527 2865 3585 recenseantur.’Si
2890 3529 3212 3584 haberemus
3233 3528 3522 3599 integrum.

1914 3599 2021 3670 hoc
2041 3609 2221 3670 caput,
2251 3601 2317 3656 de
2339 3602 2441 3655 hac
2469 3616 2526 3655 re
2550 3600 2751 3669 aliquid
2774 3600 2907 3655 certi
2935 3607 3173 3655 statuere
3195 3614 3499 3670 possemus.

1915 3669 2031 3725 Dici
2073 3669 2251 3726 tamen
2289 3680 2465 3742 potest
2501 3687 2623 3726 eum
2671 3671 2774 3726 hoc
2802 3672 2977 3740 capite
3008 3670 3155 3740 loqui
3194 3669 3262 3726 de
3301 3684 3368 3724 eo
3407 3672 3508 3742 ho-

1916 3755 2099 3813 raram
2128 3740 2353 3797 numero
2386 3743 2477 3813 qui
2507 3742 2872 3813 communier
2894 3757 2992 3813 suo
3034 3748 3277 3813 tempore
3302 3742 3372 3796 ab
3401 3740 3505 3797 Ec-

1915 3811 2080 3866 clesia
2106 3821 2355 3881 receptus
2375 3811 2508 3876 erat,
2540 3830 2643 3868 non
2670 3828 2800 3868 vero
2822 3812 2889 3868 de
2913 3812 3034 3867 aliis
3056 3812 3205 3868 horis
3226 3826 3363 3882 quas
3386 3821 3503 3869 tum

1916 3882 2052 3953 ipse,
2081 3892 2192 3936 tum
2220 3884 2462 3939 nonnulli
2487 3883 2574 3939 alii
2607 3885 2945 3940 addiderant.

1991 3953 2405 4026 [Gault'ciut'unu
2432 3954 2794 4026 Gallicininm,
2817 3955 2971 4026 juxta
2994 3954 3373 4026 Censorinum,
3401 3952 3498 4009 lib.

1915 4023 1981 4078 de
2008 4024 2181 4096 Natali
2209 4026 2327 4089 Die,
2362 4043 2480 4096 cap.
2505 4025 2595 4089 24,
2622 4036 2676 4081 et
2708 4023 3041 4081 Mac'robiuin
3070 4025 3164 4080 lib.
3194 4042 3210 4080 ι
3242 4025 3496 4096 Saturn.,

1914 4109 2033 4165 cap.
2066 4095 2119 4159 ὅ,
2150 4106 2233 4151 est
2272 4095 2482 4166 tempus
2514 4097 2642 4151 illud
2678 4098 2855 4153 noctis
2902 4096 3044 4167 quod
3084 4097 3331 4167 sequitur
3366 4095 3502 4152 illud

1914 4167 2054 4250 quod
2094 4167 2376 4250 dicitnrde
2403 4169 2575 4223 media
2618 4179 2785 4250 nocte,
2824 4169 2928 4225 hoc
2957 4176 3060 4250 est,
3086 4168 3201 4250 jam
3232 4176 3388 4250 nocte
3417 4168 3499 4250 in-

1914 4238 2148 4309 clinante
2173 4238 2239 4291 ad
2262 4240 2426 4302 diem,
2461 4240 2715 4309 praecedit
2742 4254 2872 4293 vero
2899 4237 3277 4300 conticinium,
3305 4237 3356 4291 id
3388 4245 3493 4309 est,

1914 4322 2036 4381 cum
2068 4308 2199 4381 galli
2232 4317 2411 4363 tacent
2435 4308 2555 4364 :ita
2580 4320 2637 4363 ut
2687 4309 3015 4381 gallicinium
3042 4311 3116 4363 sit
3156 4322 3299 4362 nona
3325 4308 3500 4362 noctis

1914 4376 2047 4432 hora
2073 4376 2139 4431 ei:
2154 4379 2308 4433 citer.

1992 4447 2011 4486 ί
2051 4447 2108 4501 Is
2139 4459 2310 4501 autem
2341 4452 2426 4503 cui
2471 4459 2845 4504 nocturnarum
2872 4449 3169 4503 orationum
3198 4445 3500 4501 sollicitudo

1914 4519 2273 4572 committitur.
2307 4519 2429 4574 Haec
2470 4529 2680 4574 sumpta
2711 4530 2838 4573 sunt
2858 4536 2922 4573 ex
2953 4519 3046 4572 lib.
3080 4535 3117 4573 ιι
3158 4516 3401 4571 Cassiani
3432 4518 3501 4572 de

1917 4601 2168 4644 nocturn.
2193 4587 2372 4652 Orat.,
2400 4606 2451 4645 c.
2476 4591 2562 4643 l7.
2592 4586 2762 4646 Porro
2791 4590 2837 4643 is
2865 4589 2950 4644 cui
2986 4605 3117 4643 cura
3154 4586 3497 4658 signiﬁcandi

1914 4660 2095 4728 operis
2123 4658 2216 4714 Dei
2239 4660 2620 4725 committitur,
2652 4677 2683 4715 a
2713 4659 2971 4715 Cassiano
2999 4658 3092 4713 lib.
3122 4675 3180 4713 ιιι
3213 4657 3279 4712 de
3310 4657 3495 4713 diurn.

1914 4727 2090 4795 Orat.,
2121 4745 2240 4801 cap.
2270 4729 2327 4797 2,
2370 4730 2671 4801 appellatur
2689 4731 3020 4800 compulsor;
3051 4745 3085 4801 a
3104 4729 3168 4801 8.
3194 4727 3500 4801 Fructuose

1912 4799 3043 4882 geseoretae$689158.siccam?
3071 4799 3345 4882 Ψείειτρρ
3372 4814 3493 4882 me

1913 4867 1983 4925 50
2007 4867 2224 4954 Regula:
2242 4867 2303 4954 et
2320 4871 2467 4954 alibi,
2494 4867 2769 4954 dig-ignitus
2787 4880 2847 4954 et
2870 4867 3187 4954 rigiligallui
3200 4887 3220 4935 ;
3241 4884 3271 4922 a
3292 4867 3498 4954 Ctzchts

1919 4938 2262 5015 κανονᾴξοχης,
2290 4942 2342 4997 id
2368 4952 2472 5015 e_s_t,
2499 4938 2803 5013 qniprteest
2835 4938 3031 5015 canuiii
3050 4956 3143 5015 seu
3173 4939 3323 5015 operi
3355 4938 3490 5007 Dei;

1908 5014 2048 5083 apud
2078 5013 2336 5068 Joannem
2384 5013 2692 5084 Moschum,
2726 5030 2848 5084 cap.
2883 5013 2941 5066 ll
2972 5030 2985 5066 :
3020 5014 3108 5065 1ιαί
3154 5013 3493 5084 κριιύοσαντρς

1907 5082 1998 5140 «eo
2032 5086 2349 5158 κανονᾲρχου
2379 5086 2450 5158 ἐφ’
2546 5088 2742 5158 πᾲντας
2782 5082 3023 5158 adduci}:
3055 5082 3401 5158 ouyazeivat,
3436 5082 3489 5136 id

1908 5162 2021 5217 est,
2060 5176 2078 5205 ι
2109 5150 2354 5224 pulsante
2390 5150 2729 5226 compulsori;
2772 5154 2847 5226 ad
2883 5150 3071 5226 omnes
3110 5150 3307 5226 fratres
3354 5165 3492 5226 con-

1908 5222 2230 5296 gregandos,
2264 5244 2283 5297 ι
2313 5232 2381 5297 _et
2420 5222 2536 5297 cap'.
2567 5225 2654 5279 50.
2696 5223 2849 5293 Apud
2979 5222 3346 5297 Dorotheum,
3394 5222 3495 5276 do-

1914 5292 2093 5370 ctg'na
2139 5297 2199 5350 Μ
2231 5294 2397 5370 ε-ἰδορ
2445 5292 2833 5370 δ’κανονάρχης
2873 5292 3108 5358 ἕξύπνισέ
3151 5308 3243 5361 ne;
3283 5292 3335 5345 id
3375 5298 3494 5370 est,

1921 5384 1939 5417 ι
1971 5366 2110 5422 Ecce
2156 5365 2410 5421 excitavit
2450 5382 2533 5421 me
2568 5363 2895 5435 conipnlsor,
2920 5383 2938 5415 ι
2978 5373 3031 5435 e_t
3072 5377 3253 5432 supra,
3303 5363 3515 5435 eadem,

1916 5437 2181 5497 doctrina,
2199 5436 2357 5508 idem
2384 5432 2705 5492 vocabulum
2748 5435 2958 5508 repetit.
2988 5432 3180 5508 Quare
3212 5432 3495 5508 malc.ex-

1915 5508 2138 5577 ponitur
2167 5507 2234 5562 ab
2262 5507 2553 5576 interprete
2581 5504 3308 5577 ceremoniarummugister.
3369 5504 3380 5508 ⁷
3500 5568 3506 5572 ι

1993 5579 2018 5616 ⁸
2047 5575 2331 5633 Steliarum
2374 5572 2655 5633 constituta
2698 5577 2869 5645 signa.
2891 5583 2996 5630 etc.
3027 5572 3081 5627 Id
3104 5572 3261 5641 juxta
3287 5586 3496 5628 morem

1917 5655 2189 5712 veterum,
2235 5649 2325 5717 qui
2373 5664 2494 5702 cum
2525 5662 2630 5700 non
2673 5646 2936 5717 haberent
2981 5645 3279 5717 horologia,
3312 5651 3492 5709 nocte,

1919 5730 2068 5774 certa
2098 5714 2326 5789 quadam
2377 5718 2623 5789 sc'entia,
2662 5716 2944 5789 observato
2988 5714 3262 5789 stellarum
3302 5728 3488 5789 cursu,

1918 5791 2082 5845 horas
2115 5783 2547 5856 distinguebant.
2592 5786 2745 5856 Quod
2790 5786 3023 5841 faciebat
3064 5783 3282 5849 quidam
3312 5784 3491 5853 Drogo

1920 5861 2214 5917 monachus
2249 5856 2609 5916 Fleriaceusis
2641 5867 2697 5918 et
2723 5866 2913 5926 postea
2938 5856 3188 5922 eremita,
3218 5864 3279 5912 ut
3304 5862 3495 5912 uariat
