4066 6342
548 359 688 419 M75

1555 359 1615 416 8.
1655 358 2020 418 BENEDICTI
2054 358 2348 419 ABBATIS
2386 360 2796 420 ANIANENSIS

3696 364 3848 426 1176

547 477 1271 558 institutionesjejuniorum
1310 477 1559 558 dicuntur
1588 478 2052 558 superpositiones,
2085 478 2119 533 lt

2244 481 2419 542 πάσας
2450 482 2781 558 ἧτςερτιθέασι
2810 477 3357 558 ὅππῃ-διατύρῖὴτ-ις.
3403 481 3530 558 uidi
3557 483 3681 549 δὺο.
3704 487 3762 541 οἱ
3789 484 3850 542 δι

546 561 653 617 est,
681 546 1199 623 superadjectiones.
1234 547 1301 602 Et
1331 549 1402 603 ita
1432 546 1751 623 accipienda
1774 558 1901 603 sunt
1929 549 2018 603 illa
2045 563 2135 603 ro-

547 619 1087 695 cabulafgbws'pecmr.
1132 619 1185 674 id
1238 627 1342 695 est,
1391 619 1776 695 superpositio,
1814 628 1868 695 et
1914 622 2133 695 ῥπιρτί-

546 693 689 765 Gripi,
743 693 797 748 id
821 689 929 765 est,
954 707 995 744 s.
1020 705 1281 765 perpono,
1313 690 1366 765 in
1406 691 1568 765 epist.
1624 689 1864 765 Dionysii
1897 689 2134 765 A‘lesan-

548 760 711 828 drini,
743 778 868 833 can.
914 762 960 826 Ι,
990 760 1114 833 quia
1143 762 1213 815 ibi
1262 761 1443 833 agitur
1489 762 1555 816 de
1607 760 2051 833 u-nltipliratione
2079 769 2155 817 et.

547 832 1037 905 superadjectione
1062 832 1270 905 dierum
1306 832 1443 905 quos
1486 833 1925 905 transmittebant
1969 832 2130 888 Chri-

546 900 709 961 stiani
739 900 857 961 sine
880 905 1002 960 cibo
1026 903 1080 958 in
1104 902 1440 960 hebdomade
1467 913 1676 959 sancta.
1707 900 1836 958 Ἀλλ’
1859 906 2019 975 οἱμὲν
2048 907 2132 959 καὶ

3374 556 3598 623 quidem
3642 570 3848 613 omnes

2243 623 2360 677 dies
2388 623 2505 677 sine
2559 623 2682 677 cibo
2710 630 3102 691 superponunt,
3131 623 3220 677 alii
3253 624 3381 689 duo,
3431 625 3521 679 alii
3570 635 3718 691 nes,
3746 626 3847 682 alii

2241 702 2494 763 quatuor.
2537 712 2555 744 ι
2596 693 2661 746 Et
2689 694 2851 763 paulo
2908 703 3074 763 post:
3138 700 3227 750 sui
3273 705 3380 758 τοῖς
3414 701 3505 763 μὲν
3541 701 3683 753 πάνυ
3726 696 3847 754 διι-

2240 758 2338 819 τὲον
2371 766 2533 822 θεῖσιν
2561 767 2612 819 ἐν
2638 758 2756 825 τάίς
2778 765 2876 819 tim
2908 758 3134 829 ἴδὲσεσιν,
3165 766 3227 820 id
3254 776 3359 832 est,
3410 758 3427 816 ἆ
3463 766 3531 821 Et
3554 768 3845 824 nonnullis

2241 835 2458 890 quidem
2533 832 2766 890 multum
2823 783 3200 890 laborantibus
3254 836 3311 890 in
3376 840 3835 890 sunernositioni-

2237 835 2458 961 ﬂuidam
2533 835 2766 890 multum
2823 835 3200 892 laborantibus
3254 836 3311 892 in
3376 840 3835 909 superpositioni—

2278 921 2361 961 us.
2401 926 2421 960 ι

2278 921 2361 962 US.
2401 926 2421 960 D

2242 561 2399 625 τρεῖς.
2420 556 2473 625 to?
2502 551 2564 607 δὲ’
2596 557 2881 625 rideam:
2901 568 2915 582 '
2946 551 2998 604 id
3037 561 3139 613 est,
3166 572 3195 625 _r
3230 554 3336 625 Alii

547 1051 3841 1083 Μ

1879 1138 2218 1245 CAPUT
2295 1165 2452 1246 Lv.

1597 1326 1684 1385 DE
1720 1323 1951 1383 OPERE
1990 1322 2293 1382 MANUUM
2332 1318 2778 1394 QUOTIDIANO.

776 1514 804 1591 ᾗ
832 1517 874 1572 l.
900 1546 976 1558 -—
996 1514 1077 1572 Ex
1107 1512 1326 1571 Recuut
1352 1525 1539 1568 SANC'I'I
1570 1508 1889 1565 Brutum-rt.

619 1622 647 1652 ι
667 1606 930 1667 Otiositas
958 1606 1181 1664 inimica
1204 1614 1293 1662 est
1316 1604 1533 1661 animae.
1559 1603 1625 1658 Et
1650 1602 1772 1657 ideo
1792 1601 1959 1657 certis
1991 1606 2130 1660 temi

617 1754 643 1783 ι
675 1739 931 1797 Otiositas
958 1741 1175 1795 inimica
1220 1750 1297 1794 est
1348 1754 1560 1794 animm.
1610 1735 1870 1791 Eamdem
1909 1742 2128 1791 senten-

2233 1506 2460 1580 poribus
2508 1506 2539 1546 ιι
2588 1505 2845 1577 occupari
2892 1503 3109 1589 debent:
3137 1507 3335 1564 fratres
3380 1507 3437 1564 in
3473 1507 3668 1565 labore
3712 1526 3838 1567 ma:

2233 1616 2424 1666 unum,
2458 1610 2481 1640 ο
2513 1600 2679 1657 certis
2705 1600 2902 1654 iterum
2920 1598 3072 1655 boris
3100 1600 3155 1655 in
3188 1599 3421 1657 lectione
3443 1600 3658 1657 divina.
3682 1601 3839 1659 Ideo-

2230 1751 2421 1807 posse;
2462 1756 2480 1787 )
2517 1744 2572 1791 et
2592 1735 2752 1802 paulo
2778 1743 2903 1807 post
2933 1752 2948 1790 :
2985 1753 3004 1786 ς
3042 1734 3227 1790 Αιέωιθ
3271 1751 3488 1806 quoque
3515 1735 3633 1806 jam
3671 1737 3839 1793 trice-

539 1812 672 1867 tiam
700 1813 951 1881 producit
978 1809 1363 1881 Theodulphus
1383 1808 1669 1881 episcopus
1692 1806 2124 1881 Aurelianensis,
2155 1818 2204 1878 Β
2231 1808 2385 1881 naria
2421 1807 2744 1881 presbyterii
2789 1808 3000 1881 honore
3027 1807 3282 1881 praeditus
3322 1822 3679 1881 nequaquam
3710 1823 3777 1862 se
3803 1823 3837 1881 a_

538 1895 663 1954 cap.
692 1876 749 1946 3,
780 1880 1111 1954 Capitularis
1144 1899 1158 1935 :
1195 1876 1351 1936 {Sed
1379 1876 1453 1945 et,
1494 1879 1539 1935 si
1569 1876 1785 1954 quando
1824 1893 1853 1932 a
1894 1876 2129 1954 lectione

536 1948 805 2018 cessatur,
835 1948 987 2010 debet
1026 1968 1286 2009 manuum
1314 1966 1476 2021 opera
1521 1948 1815 2021 subsequi;
1833 1950 1961 2018 quia
1998 1949 2132 2021 otio-

535 2024 673 2081 sitas
704 2023 920 2079 inimica
963 2033 1047 2079 est
1084 2026 1302 2079 animm.
1342 2019 1363 2076 ἰ
1398 2022 1466 2076 Ει
1510 2021 1767 2077 Rabanus
1804 2019 1927 2074 libr.
1975 2034 2037 2073 Ill
2064 2019 2132 2074 de

535 2093 724 2166 Agone
765 2093 1099 2166 Christiano,
1131 2111 1249 2163 cap.
1292 2095 1360 2149 de
1405 2092 1603 2166 Acedia
1651 2110 1664 2146 :
1718 2110 1735 2142 ι
1787 2090 1944 2166 Unde
1998 2089 2130 2166 scri-

536 2160 690 2235 pt'um
721 2176 829 2225 est.
857 2164 1117 2222 Otiositas
1150 2165 1166 2222 i
1202 2160 1369 2220 'imica
1399 2172 1483 2219 est
1503 2164 1718 2218 animre.
1767 2182 1785 2215 ι
1821 2161 1976 2235 γεω
2007 2160 2129 2230 qui-

538 2233 661 2291 dem
693 2237 984 2303 sententia,
1014 2253 1139 2293 nam
1188 2237 1359 2292 otium
1411 2234 1663 2289 onmilms
1707 2233 1865 2288 bonis
1890 2233 2131 2286 animam

535 2306 731 2377 spoliat
762 2326 794 2377 7:
851 2307 956 2373 Qui
985 2319 1218 2363 sectatur
1264 2308 1426 2377 otium
1456 2304 1756 2377 implebitur
1798 2312 2125 2375 paupertate,

533 2375 711 2449 inquit
750 2376 981 2449 Sapiens
1035 2380 1192 2435 Prov.
1229 2394 1348 2448 cap.
1378 2376 1470 2449 28.
1502 2376 1538 2430 l.
1564 2375 1911 2449 cultus_a_ger
1942 2388 2130 2449 vepres

533 2457 590 2503 et
612 2444 848 2504 tribulos
876 2450 1045 2518 parit,‘
1074 2448 1257 2503 anima
1295 2444 1449 2502 nullo
1468 2445 1718 2518 exculta
1752 2444 1936 2518 labore
1974 2444 2124 2505 vitia.

532 2526 771 2588 mentem
798 2515 1029 2573 otiosam
1070 2519 1227 2573 make
1259 2516 1620 2588 cogi'ationes
1674 2515 2128 2588 circumcingunt,

533 2587 835 2642 dilacerant
856 2597 1020 2657 atque
1041 2584 1420 2650 divexantfet,
1441 2595 1515 2657 uti
1530 2601 1637 2639 uno
1660 2586 1889 2657 verbum
1914 2584 2123 2648 dicam,

530 2671 688 2728 mens
722 2658 897 2712 otiosa
922 2655 1031 2712 tota
1059 2658 1257 2712 diaboli
1286 2665 1388 2712 est.
1420 2675 1439 2707 ι
1481 2655 1765 2728 Egercitus
1791 2655 1974 2728 labore
2002 2671 2129 2728 pro-

528 2725 665 2790 ﬁcit,
704 2729 816 2783 otio
844 2729 1209 2794 consenescit,
1241 2749 1259 2779 ι
1297 2728 1473 2798 inquit
1505 2724 1780 2797 Vegetius,
1813 2726 1893 2781 sic
1926 2734 1982 2779 et
2008 2724 2128 2781 mo-

532 2799 856 2855 na5terium.

606 2870 633 2910 δ
661 2867 926 2939 Occupari
945 2870 1132 2925 debent
1156 2870 1347 2939 fratres
1368 2869 1423 2923 in
1446 2868 1626 2923 labore
1644 2884 1916 2923 manuum.
1943 2866 2128 2924 Eccle—

530 2938 621 3011 sia
641 2938 950 3011 exemplum
983 2942 1350 3011 apostolorum
1401 2949 1587 2995 secuta
1644 2939 1778 3011 (qui,
1816 2947 1872 2993 et
1900 2939 1945 2994 si
1992 2954 2129 3008 quo.

529 3010 663 3067 tidie
706 3009 1077 3067 conciouando
1126 3020 1301 3067 terras
1340 3021 1396 3066 et
1446 3012 1617 3065 maria
1654 3009 1887 3070 chirent.
1943 3017 2124 3064 tanien

532 3095 699 3151 opere
723 3096 981 3137 manuum
1011 3082 1212 3137 victum
1236 3082 1337 3137 sibi
1364 3082 1702 3150 quaerebant)
1732 3079 1976 3135 laborem
2002 3097 2123 3135 ma-

526 3166 694 3224 nuum
722 3167 921 3224 magno
956 3166 1185 3224 numero
1213 3167 1429 3224 semper
1463 3152 1673 3224 habuit,
1708 3161 1763 3204 et
1785 3165 1903 3215 eos.
1940 3151 2128 3224 quiil-

527 3220 639 3276 lum
670 3220 923 3294 tanquam
957 3223 1176 3279 homine
1212 3220 1523 3279 Christiano
1553 3221 1833 3294 indignum
1870 3220 2123 3294 repudia-

529 3301 679 3361 rent,
723 3291 793 3348 ιη’
835 3293 1123 3351 haereticos
1172 3310 1274 3351 con
1297 3294 1577 3357 lemnavit,
1639 3291 1831 3361 quales
1883 3292 2121 3347 maxime

527 3359 749 3420 fuerunt
778 3363 1108 3435 blassaliani,
1141 3366 1232 3435 qui
1277 3380 1336 3420 se
1366 3363 1645 3435 Enchitas.
1666 3359 1734 3418 id
1774 3371 1880 3435 est,
1935 3376 2122 3435 preca-

526 3442 675 3491 tores
699 3434 1066 3506 appellabant,
1099 3433 1242 3506 quod
1269 3437 1369 3491 soli
1391 3434 1646 3497 orationi,
1680 3433 1905 3502 exploso
1935 3433 2121 3506 labore

526 3504 811 3568 m-muum,
847 3504 1151 3561 vacandum
1182 3521 1303 3561 esse.
1333 3506 1643 3569 crederent,
1671 3519 1903 3573 quorum
1948 3504 2120 3560 luere-

527 3574 632 3631 sim
664 3575 861 3647 refutat
894 3576 954 3633 S.
997 3577 1332 3647 Epiphanius
1361 3577 1484 3631 libr.
1534 3593 1593 3647 ιιι
1642 3584 1829 3647 contra
1860 3576 2114 3647 hrereses,

524 3654 661 3717 tom.
711 3645 777 3712 ll,
830 3649 962 3703 haer.
993 3644 1063 3717 80
1089 3644 1114 3711 ;’
1132 3648 1352 3701 damnat
1399 3646 1637 3717 synodus
1674 3644 1932 3717 _Si;letana
1977 3644 2118 3717 apud

524 3715 780 3773 Phbtium
825 3720 879 3773 in
923 3716 1280 3781 Bibliotheca,
1336 3715 1482 3770 num.
1535 3715 1625 3769 52.
1656 3715 1864 3783 Quibus
1911 3716 2122 3772 accedit

528 3789 826 3858 auctoritas
850 3787 910 3843 8.
940 3787 1249 3858 Augustini.
1288 3785 1424 3842 Cum
1464 3785 1609 3841 enim
1639 3786 1971 3858 Carthagine
2005 3800 2119 3841 cce-

525 3857 736 3927 pisseut
774 3872 897 3914 esse
925 3857 1276 3919 monasteria,
1317 3867 1437 3912 orta
1475 3858 1619 3927 inter
1661 3857 1960 3911 monachos
1986 3873 2119 3911 con-

526 3926 788 3993 tentione,
814 3944 883 3983 an
905 3943 936 3984 e
961 3942 1021 3983 re
1049 3927 1346 3982 monastica
1369 3926 1540 3998 magis
1568 3936 1737 3998 esset,
1756 3935 1848 3980 aut
1875 3928 2117 3981 animum

528 3998 792 4067 duntaxat
838 3999 906 4053 ad
956 3997 1260 4053 orationem
1293 4008 1349 4052 et
1396 3996 1906 4067 contemplationem
1937 3998 2118 4067 appel-

524 4066 659 4131 lere,
712 4077 767 4123 et
798 4070 1011 4140 piorum
1056 4068 1490 4140 Christianorum
1530 4066 1894 4140 oblationibus
1930 4068 2113 4140 vitam

527 4136 858 4212 sustentare,
875 4139 1030 4212 juxta
1054 4139 1479 4212 illuthvangelii
1504 4157 1517 4193 :
1550 4136 1727 4212 Nolite
1767 4136 1981 4212 solliciti
2005 4154 2117 4192 esse

525 4207 654 4277 quid
677 4207 1002 4265 manducetis
1039 4221 1129 4264 aut
1175 4207 1394 4275 bibatis}
1442 4219 1536 4265 aut
1570 4208 1727 4276 juxta
1750 4207 2111 4276 Apostolum:

529 4276 636 4344 Qui
661 4295 764 4334 non
786 4281 1009 4343 laborat,
1040 4298 1142 4335 non
1186 4283 1484 4339 manducet,
1520 4280 1705 4333 labore
1735 4293 2001 4333 manuum
2029 4281 2113 4333 vi-

526 4356 673 4431 ctum
722 4349 826 4431 sibi
855 4367 1176 4431 comparare
1201 4368 1216 4407 :
1242 4349 2113 4431 aurelius_Car_tbagineusis.an-

527 4418 682 4475 tistes
732 4430 901 4477 t0tam
934 4418 1082 4477 litem
1130 4422 1187 4477 S.
1240 4421 1524 4490 Augustini
1576 4418 1803 4475 arbitrio
1841 4420 2112 4490 permisit,

527 4491 617 4560 qui
670 4490 1053 4563 obtemperans
1084 4492 1282 4547 librum
1313 4490 1461 4547 illum
1508 4490 2114 4563 priestantissimumdc

2235 1876 2433 1934 labore
2475 1876 2679 1948 operis.
2728 1879 2872 1946 quod
2919 1876 3071 1947 prius
3114 1879 3302 1948 gessit,
3352 1876 3691 1940 abstinebat.
3740 1878 3842 1934 sed

2235 1964 2452 2021 semper
2473 1947 2724 2021 manibus
2753 1949 2991 2018 propriis
3011 1947 3349 2021 operabatur
3371 1964 3492 2002 cum
3525 1948 3775 2021 famulis.
3814 1966 3835 2021 ε

2234 2017 2422 2091 Neque
2476 2019 2534 2076 8.
2594 2017 2831 2075 Severus
2850 2017 2869 2091 ξ
2886 2018 3189 2091 presbyter,
3245 2019 3337 2091 qui
3400 2020 3711 2076 accersitus
3767 2018 3842 2074 ad

2233 2090 2419 2163 aegroti
2448 2090 2815 2147 visitationem
2846 2090 2899 2143 in
2940 2090 3184 2214 antanda
3214 2090 3369 2171 vine.»
3404 2100 3714 2171 occupatus
3743 2105 3837 2145 re-

2233 2172 2421 2214 pertus
2439 2170 2544 2214 est.
2571 2170 2631 2214 ut
2656 2160 2826 2214 refert
2855 2160 2912 2214 S.
2993 2175 3236 2214 recorms
3265 2176 3318 2214 m
3339 2160 3433 2214 lib.
3459 2176 3476 2213 ι
3506 2161 3680 2214 Dial..
3711 2176 3837 2214 can.

2232 2160 2421 2233 pertus
2439 2170 2544 2227 est,
2571 2170 2631 2215 ut
2650 2160 2912 2233 refert_S.
2940 2160 3236 2233 Gregorius
3265 2161 3318 2233 in
3339 2160 3433 2233 lib.
3459 2176 3476 2213 ι
3506 2161 3680 2221 Dial..
3711 2176 3837 2230 cap.

2236 2229 2324 2303 12.
2376 2231 2559 2303 Neque
2587 2232 2752 2287 etiam
2812 2229 3147 2303 Theodosius
3183 2229 3377 2303 Jtuni'or
3406 2231 3713 2300 imperator
3756 2229 3841 2299 (ut

2233 2301 2301 2358 de
2339 2301 2557 2358 clericis
2594 2312 2649 2356 et
2680 2302 2962 2356 monachis
2993 2301 3226 2371 taceam)
3266 2318 3296 2355 a
3337 2302 3525 2356 labore
3564 2318 3837 2356 manuum

2234 2373 2567 2443 abhorrebat
2593 2391 2605 2427 :
2639 2389 2763 2426 nam
2806 2371 3105 2427 scribendis
3135 2371 3290 2428 libris
3318 2373 3419 2427 sibi
3462 2374 3673 2427 victum
3702 2388 3835 2443 quo-

2235 2442 2495 2498 tidianum
2527 2443 2879 2514 comparabat
2915 2452 2975 2497 ut
3009 2443 3222 2497 cuidam
3257 2444 3547 2508 monacho,
3580 2445 3672 2498 cui
3706 2442 3835 2498 divi.

2232 2514 2383 2569 nitus
2412 2513 2708 2569 revelatum
2755 2513 2931 2567 fuerat
2959 2529 3081 2568 cum
3112 2527 3219 2566 non
3246 2514 3405 2568 aliam
3436 2514 3753 2569 mercedem
3776 2516 3832 2569 in

2233 2584 2388 2639 caelis
2428 2601 2589 2656 quam
2637 2584 2983 2709 igéperatoris
3018 2583 3354 2648 habiturum,
3405 2584 3564 2639 fateri
3602 2594 3834 2640 coactus

2233 2664 2333 2709 est.
2363 2655 2651 2709 atieiuadm
2728 2672 2815 2709 um
2843 2654 3011 2709 refert
3031 2653 3229 2709 Clvcas
3254 2663 3408 2709 parte
3440 2672 3492 2709 iv
3514 2655 3660 2709 Hist.

2229 2664 2333 2717 est,
2363 2653 2815 2725 quemadmodum
2843 2654 3011 2709 refert
3031 2653 3229 2725 Clycas
3254 2663 3408 2725 parte
3440 2672 3492 2709 tv
3514 2655 3660 2710 Hist.

2305 2736 2329 2764 ο
2360 2724 2527 2781 Certis
2548 2726 2738 2780 iterum
2760 2726 2904 2779 horis
2930 2726 2985 2779 in
3008 2724 3183 2779 divina
3205 2724 3445 2780 lectione.
3474 2725 3707 2791 Iterum,
3730 2726 3830 2780 hoc

2230 2795 2351 2851 loco
2378 2807 2463 2870 est
2496 2797 2745 2851 vicissim.
2784 2796 2885 2870 llic
2933 2795 3160 2861 pulchro
3197 2796 3394 2870 ordine
3417 2797 3830 2870 distinguuntur

2231 2868 2623 2924 monachorum
2656 2867 2938 2929 exercitia,
2971 2881 3079 2936 quo
3115 2864 3332 2921 taedium
3369 2864 3617 2922 fillatur:
3639 2868 3827 2934 Quan—

2230 2945 2344 2992 tttm
2377 2948 2557 2992 autem
2592 2938 3007 3006 obstring==ntur
3037 2937 3290 2992 monachi
3333 2938 3556 2993 lectioni
3594 2939 3826 3002 divinae,

2230 3010 2364 3064 satis
2390 3009 2628 3080 declarat
2653 3008 2709 3063 S.
2741 3007 3038 3080 Gregorius
3055 3024 3201 3080 papa
3228 3024 3353 3080 cum
3377 3009 3473 3063 lih.
3500 3025 3563 3080 n_
3582 3008 3825 3080 Regesti,

2231 3094 2350 3148 cap.
2377 3078 2467 3142 ἃ,
2497 3080 2585 3149 bis
2608 3078 2960 3134 vehementer
2979 3078 3228 3149 objurgat
3253 3078 3504 3135 abbatem
3533 3078 3828 3143 Joannem,

2229 3164 2296 3203 eo
2320 3164 2461 3218 quoa
2484 3148 2602 3214 ejus
2634 3149 2885 3204 monachi
2918 3148 3045 3202 huic
3066 3148 3161 3218 pio
3179 3150 3445 3205 exercitio
3474 3150 3701 3205 minime
3732 3165 3828 3204 va-

2152 3210 2198 3272 C
2229 3210 2436 3275 carent.
2479 3210 2594 3274 «'ln
2646 3220 2774 3288 ipsis
2825 3228 3005 3274 autem
3055 3210 3317 3275 fratribus
3359 3220 3674 3275 monasterii
3723 3220 3825 3285 tui.

2226 3305 2364 3359 quos
2400 3290 2577 3353 video,
2630 3305 2735 3344 non
2779 3288 3127 3345 inwniO‘eos
3171 3291 3239 3345 ad
3289 3291 3565 3346 lectionem
3596 3305 3827 3356 vacare.

2226 3362 2373 3441 unde
2409 3361 2761 3441 considerare
2806 3373 3030 3441 necesse
3077 3369 3183 3441 est,
3232 3373 3484 3441 quantum
3518 3368 3827 3441 peccatur}:

2223 3440 2330 3496 est,
2379 3441 2440 3486 ut
2489 3445 2555 3486 ex
2606 3431 2783 3486 aliena
2822 3430 3096 3486 oblatione.
3145 3428 3290 3487 Deus
3325 3428 3625 3487 alimoniam
3652 3428 3829 3487 vobis

2225 3503 2627 3584 transmiserit,
2655 3511 2712 3584 et
2755 3517 2853 3556 vos
2882 3501 3265 3584 mani-lata‘Dei
3310 3503 3515 3584 dicere
3567 3501 3829 3584 negligat:

2225 3573 2349 3629 tis.»
2386 3571 2518 3628 Jnre
2538 3575 2756 3642 quidem
2792 3592 2804 3627 :
2833 3588 2958 3628 nam
2990 3573 3111 3628 sine
3140 3573 3376 3629 lectione
3404 3573 3606 3628 divina.
3643 3571 3828 3641 inquit

2225 3642 2283 3699 8.
2316 3643 2649 3699 Athanasius
2670 3645 2722 3699 in
2755 3644 3137 3699 exhortatione
3167 3646 3234 3698 ad
3281 3644 3603 3708 monachos,
3660 3659 3825 3699 nemo

2223 3716 2292 3768 ait
2329 3715 2496 3770 Deum
2524 3729 2645 3769 esse
2669 3714 2870 3768 valebit
2898 3714 3159 3769 intentus.
3190 3715 3337 3769 Illius
3366 3713 3637 3769 beneficio
3666 3729 3827 3769 mens

2223 3800 2255 3838 a
2284 3784 2496 3855 Spiritu
2542 3796 2731 3841 sancto
2777 3785 3102 3840 illustratur.
3152 3785 3288 3840 Nam
3318 3786 3545 3856 spiritus
3599 3792 3827 3839 sanctus

2223 3870 2346 3909 cum
2378 3856 2590 3926 legente
2636 3855 2982 3925 colloquitur,
3014 3871 3246 3925 eumque
3270 3855 3559 3910 scientiam
3605 3862 3830 3910 sancto-

2221 3942 2341 3997 rum
2388 3925 2565 3981 decet.
2621 3926 2677 3981 In
2704 3927 2950 3981 oratione
2994 3928 3209 3997 quidem
3237 3928 3398 3981 homo
3438 3942 3564 3983 cum
3603 3925 3737 3987 Deo.
3768 3927 3828 3981 in

2220 3996 2457 4052 lectione
2490 3998 2671 4052 divina
2706 3998 2848 4067 Deus
2889 3996 3025 4051 cum
3044 3998 3261 4053 homine
3310 3997 3552 4067 loquitur
3587 4016 3602 4051 :
3636 4016 3653 4047 ι
3684 3999 3825 4052 Cum

2220 4082 2467 4139 oramus,
2502 4068 2677 4138 inquit
2708 4066 3040 4138 Smaragdus
3076 4084 3198 4139 cap.
3231 4069 3265 4120 5
3299 4066 3655 4128 Diariematis.
3694 4083 3823 4122 cum

2220 4136 2334 4211 Deo
2358 4136 2683 4211 loquimur;
2730 4154 2853 4211 cum
2899 4136 3027 4193 vero
3072 4136 3322 4211 legimus,
3359 4139 3504 4211 Deus
3530 4140 3823 4211 nobiscum

2220 4208 2483 4279 loquitur.
2538 4229 2556 4260 ι
2601 4208 2862 4264 Oratione
2899 4208 3143 4278 quidem'
3174 4208 3431 4279 petimus,
3471 4210 3712 4264 lectione
3741 4209 3821 4263 di-

2219 4278 2343 4334 vina
2376 4281 2502 4348 quid
2525 4281 2817 4350 petendum
2842 4281 2931 4342 sit.
2956 4278 3266 4335 edocemnr.
3294 4280 3447 4336 Unde
3474 4279 3533 4335 8.
3564 4278 3820 4334 Leander

2219 4349 2313 4405 lib.
2345 4351 2411 4406 de
2431 4350 2774 4406 institutione
2810 4351 3107 4422 Virginum,
3130 4366 3251 4421 cap.
3283 4351 3347 4405 6:
3373 4371 3392 4401 ι
3423 4352 3614 4406 Lectio
3636 4360 3692 4406 te
3721 4352 3819 4422 do-

2218 4430 2341 4476 ceat
2394 4421 2523 4484 quid
2558 4422 2767 4477 orando
2797 4421 2966 4489 petas.
3023 4432 3307 4491 postquam
3355 4438 3486 4477 vero
3539 4421 3814 4483 oraveris.

2218 4490 2665 4564 iterumlegendo
2694 4492 2905 4564 inquire
2931 4490 3062 4564 quid
3105 4493 3369 4564 postules.
3387 4513 3420 4564 -ι
3454 4490 3549 4546 llla
3577 4492 3817 4564 denique

527 4575 693 4631 opere
719 4561 1112 4618 monachorum
1143 4564 1493 4643 contposuit_:
1514 4561 1688 4643 atque
1718 4563 1814 4624 ita,
1844 4563 1935 4631 qui
1969 4561 2114 4643 labo-
2140 4584 2193 4643 Ῑ)
2220 4563 2288 4643 ad
2312 4561 2719 4643 meditationem
2766 4562 2975 4643 confert
3013 4561 3322 4643 plurimum:
3354 4562 3505 4617 Mens
3533 4563 3686 4643 enim
3718 4576 3816 4643 per

525 4646 642 4685 rem
665 4645 919 4688 manuum
949 4650 980 4688 a
1005 4635 1392 4705 monachorum
1422 4634 1705 4705 disciplina
1728 4634 2112 4688 removendum

524 4714 646 4755 esse
680 4705 1101 4774 contendebant,
1139 4703 1234 4759 lite
1268 4703 1601 4770 ceciderunt,
1638 4715 1698 4758 ut
1728 4704 1844 4774 ipse
1882 4711 2113 4758 testatur

528 4785 649 4842 cap.
686 4787 722 4843 Δι
760 4772 1004 4843 ejusdem
1059 4774 1181 4829 libri
1246 4784 1303 4829 et
1355 4776 1477 4831 libr.
1520 4790 1557 4830 ιι
1621 4772 2109 4843 Retractationum,

526 4840 645 4913 cap.
677 4840 766 4896 2t.
789 4840 909 4916 'Sed
929 4858 1037 4916 non
1066 4854 1168 4905 est.
1193 4846 1336 4916 quod
1359 4847 1426 4902 de
1454 4848 1555 4916 hac
1581 4859 1642 4916 re
1662 4842 2115 4916 p_l_uribus_dispu-

525 4911 668 4977 tem;
708 4929 830 4987 cum
860 4915 993 4970 nihil
1018 4911 1299 4987 notius—sit
1325 4916 1468 4987 apud
1500 4911 1876 4987 $._Basilium,_
1898 4911 2114 4968 Cassia-

526 4996 679 5055 num,
720 4984 1143 5055 Theodoretum,
1184 4981 1448 5042 Severum
1490 4983 1805 5055 Sulpitium,
1848 4981 2114 5041 Joannem

527 5050 828 5125 Moschum,
864 5050 1182 5123 Palladium,
1239 5057 1517 5119 Ruﬁnum,
1557 5050 1613 5109 et
1645 5064 1891 5114 cateias.
1919 5055 2011 5125 qui
2047 5057 2115 5112 de

527 5122 900 5198 Re_aseetica,
925 5126 1168 5198 _Begnlis
1197 5126 1586 5198 monachorum
1634 5133 1692 5198 et
1726 5124 1864 5198 Yitis
1892 5122 2115 5198 Patrum

527 5193 882 5262 scripserunt.
924 5193 1123 5252 Verimi
1154 5212 1262 5251 non
1291 5197 1450 5250 modo
1488 5196 1788 5260 monachis,
1822 5199 1917 5253 sed
1946 5197 2112 5252 etiam

527 5263 742 5322 clericis
788 5265 940 5337 labor
969 5282 1223 5322 manuum
1276 5267 1404 5322 olim
1444 5264 1715 5334 iujuuctus
1745 5276 1847 5326 est.
1881 5278 1939 5323 ut
1993 5267 2107 5337 pla-

526 5350 655 5389 num
677 5344 764 5391 est
790 5351 856 5392 ex
878 5336 1123 5393 Concilio
1143 5337 1456 5409 Carthagin.
1493 5352 1566 5409 iv,
1600 5354 1720 5392 can.
1752 5338 1813 5393 51
1840 5357 1853 5392 :
1877 5357 1896 5389 ι
1934 5336 2108 5393 Cleri-

526 5419 623 5460 cus
653 5408 1053 5479 quantumlibet
1072 5408 1165 5463 Dei
1187 5408 1471 5479 vcrboeru
1514 5408 1620 5462 itus
1647 5408 1883 5479 artiﬁcio
1905 5410 2108 5479 victum

526 5477 755 5550 quaerat.
817 5498 861 5550 ι-
888 5478 1040 5533 Illum
1073 5492 1179 5533 non
1234 5478 1539 5550 refugiebat
1570 5479 1695 5550 olim
1750 5477 1807 5533 S.
1870 5477 2108 5550 Nicetius

525 5549 810 5620 episcopus
840 5547 1234 5620 I_._ug'luinensis.
1261 5550 1328 5605 de
1358 5547 1466 5620 quo
1518 5549 1575 5604 S.
1606 5548 1901 5620 Gregorius
1932 5549 2105 5603 Turo-

527 5617 720 5692 nensis
746 5619 797 5673 in
847 5617 986 5675 Vitis
1019 5619 1262 5692 Patrum,
1295 5617 1415 5692 cap.
1459 5620 1536 5692 8H:
1576 5640 1593 5667 ο
1632 5617 1749 5692 iam
1790 5619 2020 5692 clericus
2050 5620 2106 5674 in

528 5685 689 5740 domo
735 5696 960 5757 paterna
992 5691 1231 5747 residens
1258 5685 1383 5747 cum
1430 5691 1654 5757 reliquis
1694 5688 1906 5743 famulis
1945 5705 2106 5745 manu

528 5757 746 5825 propria
778 5758 1105 5833 laborabat:
1127 5762 1446 5833 intelligens
1484 5759 1878 5833 commotiones
1908 5776 2102 5833 corpof

530 5838 658 5881 reas
682 5840 792 5881 non
825 5827 1006 5897 aliter,
1032 5830 1141 5887 nisi
1160 5827 1439 5888 laboribus
1463 5839 1519 5886 et
1538 5831 1797 5888 aerumnis
1818 5827 2105 5902 comprimi

2219 4632 2485 4702 ejusmodi
2518 4633 2809 4704 lectionem
2857 4633 2960 4700 piis
2986 4633 3409 4704 cogitationibus
3464 4632 3634 4688 veluti
3670 4634 3814 4703 sagi-

2220 4712 2348 4757 nata
2383 4704 2587 4761 statim,
2622 4704 2673 4759 in
2707 4703 2820 4772 ipsa
2864 4703 3109 4758 oratione
3155 4704 3360 4761 invenit
3411 4704 3540 4773 quid
3584 4704 3807 4772 cogitet,

2219 4774 2349 4842 quid
2387 4774 2565 4846 sapiat
2598 4782 2650 4829 et
2676 4781 2891 4846 gustet:
2929 4789 3028 4828 nec
3064 4775 3229 4829 variis
3257 4772 3684 4846 cogitationibus
3712 4772 3809 4827 cir-

2219 4844 2431 4914 cumagi
2442 4853 2546 4909 tur,
2564 4843 2698 4915 quia
2716 4844 2824 4898 cito
2844 4846 3042 4914 reperit
3062 4845 3115 4899 in
3144 4861 3251 4915 quo
3272 4843 3555 4915 consistat.
3576 4843 3705 4900 Hrec
3721 4859 3808 4898 au-

2219 4922 2327 4969 tem
2356 4916 2515 4970 lcetio
2529 4914 2734 4980 divina,
2752 4916 2805 4969 in
2820 4929 2926 4986 qua
2952 4914 3246 4986 monachos
3271 4914 3327 4970 S.
3348 4915 3675 4970 Benedictus
3692 4930 3807 4969 ver-

2220 4985 2329 5040 sari
2353 4986 2523 5056 cupit,
2542 4996 2627 5040 est
2657 4984 3126 5057 sacra_utriusquc
3147 4984 3481 5041 Testamenti
3508 4986 3802 5057 scriptura,

2219 5071 2321 5112 nec
2342 5053 2449 5112 non
2476 5065 2788 5113 sanctorum
2806 5053 3028 5110 Patrum
3041 5053 3479 5111 'orthodoxorum
3498 5053 3728 5126 scripta,
3746 5062 3805 5110 ut

2217 5126 2430 5198 liquido,
2448 5136 2661 5182 constat
2687 5142 2751 5182 ex
2776 5126 2952 5198 capite
2978 5127 3171 5182 ultimo
3200 5126 3417 5198 Regula:
3442 5144 3455 5180 :
3489 5144 3509 5176 ι
3530 5125 3803 5181 Cancrum

2218 5144 2253 5181 ιι
2296 5144 2422 5183 υισο
2448 5144 2661 5182 constat
2687 5144 2751 5182 ex
2776 5144 2952 5196 capite
2978 5144 3171 5182 nmmo
3200 5144 3417 5198 neguue
3442 5144 3455 5180 :
3489 5144 3509 5176 ι
3530 5144 3803 5181 buerunt

2218 5144 2289 5252 ίιὲ
2311 5195 2696 5267 perfectionem
2723 5197 2812 5265 qui
2836 5198 3031 5261 tendit,
3056 5206 3181 5253 sunt
3206 5198 3469 5252 doctrinae
3488 5205 3804 5267 sanctorum

2218 5266 2464 5333 Patrum,
2512 5283 2741 5338 quarum
2790 5269 3098 5322 observatio
3136 5268 3382 5338 perducit
3428 5268 3709 5323 hominem
3737 5266 3804 5338 ad

2218 5336 2591 5394 celsitudinem
2618 5336 2984 5409 perfectionis.
3011 5336 3149 5407 Quae
3165 5339 3310 5393 enim
3338 5339 3533 5409 pagina
3565 5347 3663 5391 aut
3681 5337 3804 5407 quis

2218 5424 2400 5465 sermo
2415 5411 2608 5465 divina:
2630 5410 3207 5473 auctoritatis,Veteris
3228 5426 3293 5465 ac
3312 5409 3443 5463 Novi
3461 5409 3803 5463 Testamenti

2219 5496 2325 5534 non
2366 5490 2451 5536 est
2492 5482 2794 5542 rectissima
2826 5496 3015 5534 norma
3059 5480 3182 5535 vitm
3216 5479 3512 5536 humanae?
3546 5486 3643 5532 aut
3679 5477 3803 5547 quis

2217 5550 2355 5605 liber
2390 5562 2701 5607 sanctorum
2751 5550 3152 5605 Catholicoruin
3184 5551 3405 5608 Patrum
3435 5551 3538 5604 hoc
3568 5564 3677 5602 non
3714 5562 3802 5602 re-

2217 5630 2391 5683 sonat,
2452 5635 2510 5676 ιιι
2554 5628 2701 5676 recto
2746 5634 2908 5678 cursu
2952 5621 3330 5690 perveniamus
3372 5622 3439 5675 ad
3480 5620 3802 5690 Creatorem

2217 5694 2500 5747 nostrum?
2538 5713 2555 5744 ι
2596 5692 2653 5746 Si
2691 5693 2854 5762 igitur
2883 5688 3051 5746 sacra:
3083 5692 3381 5760 Scriptura:
3405 5700 3461 5762 et
3493 5688 3803 5762 Catholica-

2216 5779 2336 5817 rum
2366 5763 2584 5818 Patrum
2616 5758 2875 5817 docirime
2905 5764 3166 5818 beneficio
3202 5758 3350 5816 recta
3392 5761 3460 5815 ad
3505 5758 3802 5831 perfectio-

2213 5848 2339 5889 nem
2365 5844 2420 5889 et
2451 5836 2520 5889 ad
2563 5835 2732 5889 Deum
2776 5834 3032 5900 tenditur,
3059 5833 3361 5891 monachus
3400 5830 3595 5903 praeui
3641 5830 3798 5889 abest
