4066 6342
569 329 706 391 1183

1606 329 1661 385 8.
1701 323 2066 384 BENEDICTI
2101 323 2391 382 ABBATIS
2424 319 2838 382 ANIANENSIS

3729 323 3893 386 1181

571 457 618 509 in
649 453 736 508 die
771 449 861 507 illa
882 458 1073 506 sancta
1119 447 1508 519 comperiatnr,
1549 446 1652 499 nisi
1690 453 1900 499 tantum
1928 441 2147 514 hymnis
2173 449 2226 506 Α
2250 457 2346 498 suo
2397 443 2539 498 lecto
2587 442 2864 497 dormire:
2922 441 3026 496 nisi
3069 441 3210 498 forte
3250 441 3477 511 jubente
3507 445 3721 502 Priore
3758 456 3785 484 τ
3817 449 3892 503 ad

569 556 618 601 et
645 546 877 602 canticis
905 543 1274 615 spiritualibus
1297 554 1322 581 ιι
1353 542 1468 595 dies
1499 539 1582 594 illa
1611 548 1940 594 trauseatur.

733 635 761 707 §
791 633 900 688 VII.
929 665 1001 674 —
1037 635 1116 688 Ex
1154 633 1372 688 Rasum
1412 630 1672 685 chaoun
1705 632 1843 700 (cap.
1872 627 1983 696 58).

638 726 666 764 ιι
693 725 750 779 Si
787 725 1000 796 signum
1025 726 1209 779 datum
1243 724 1405 779 fuerit
1435 732 1492 778 ut
1521 722 1866 792 egrediantur
1899 721 1965 774 ad
2000 735 2154 789 opus,

575 829 594 856 ο
624 816 964 886 Prmpositus-
997 816 1190 870 domus
1240 819 1524 870 antece-let
1571 828 1703 877 eos;
1765 821 1820 866 et
1875 811 2052 865 nullus
2105 812 2158 864 in

571 909 899 962 monasterio
929 909 1261 972 remanebit,
1305 909 1405 963 nisi
1448 908 1492 961 is
1527 908 1612 962 cui
1641 905 1665 944 ἀ
1694 907 1855 962 Pater
1883 919 2157 976 praecepe-

571 999 683 1064 rit;
743 1009 799 1054 et
847 1001 903 1055 hi
951 1002 1043 1072 qui
1095 1009 1326 1073 pergunt
1373 1013 1396 1040 ο
1441 1017 1547 1056 non
1596 998 2007 1071 interrogabant
2052 1013 2162 1068 quo

573 1091 793 1146 vadant.

983 1187 1010 1258 §
1043 1186 1176 1241 VIII.
1204 1219 1275 1229 -—
1311 1187 1445 1242 Item
1477 1187 1614 1258 (cap.
1646 1186 1756 1258 59).

647 1275 668 1315 ί
691 1274 933 1348 Cumque
972 1280 1239 1334 universa:
1275 1280 1468 1334 donius
1505 1279 1558 1333 in
1599 1295 1763 1333 unum
1796 1278 1996 1334 fuerint
2033 1295 2163 1334 con-

573 1379 849 1440 gregataa,
899 1373 1095 1441 prioris
1129 1374 1323 1428 domus
1368 1373 1694 1442 Praepositus
1741 1373 2060 1437 antecedet;
2107 1381 2163 1428 et

571 1473 797 1533 pergent
818 1464 972 1535 juxta
1003 1467 1246 1521 ordinem
1281 1467 1563 1520 domorum
1593 1476 1647 1520 et
1672 1467 1947 1522 hominum
1979 1468 2163 1538 singu-

573 1552 782 1620 lorum,
823 1571 923 1611 nec
954 1556 1240 1627 loquentur
1269 1566 1488 1619 mutuo;
1537 1558 1629 1611 sed
1671 1560 2056 1628 unusquisquis
2096 1561 2162 1614 de

575 1645 874 1716 Scripturis
903 1649 1273 1703 meditabitur.
1327 1649 1384 1703 Si
1427 1648 1566 1704 forte
1614 1651 1694 1705 eis
1738 1651 1932 1721 aliquis
1975 1669 2166 1708 occur-

576 1736 732 1801 rerit,
767 1747 823 1792 et
847 1738 1077 1792 voluerit
1107 1754 1228 1792 cum
1260 1737 1442 1808 aliquo
1471 1754 1659 1793 eorum
1690 1740 1833 1811 loqui
1859 1782 1874 1807 ,
1921 1742 2167 1812 lijanitor

2259 533 2438 589 nubila
2471 549 2569 604 pro
2597 534 2840 590 custodia
2869 543 2890 572 τ
2915 549 3055 589 area!
3095 544 3249 590 extra
3293 535 3494 593 lectum
3528 555 3710 594 suum
3747 540 3892 596 dor-

2257 626 2408 680 miat.
2464 625 2521 679 In
2567 640 2758 696 campo
2801 641 2930 680 vero
2975 626 3194 696 quando
3235 630 3428 684 messis
3457 630 3787 702 colligitur.
3843 633 3893 687 si

2259 718 2484 772 meridie
2507 717 2743 772 dormire
2774 719 3008 784 licuerit,
3035 736 3140 774 non
3167 721 3345 787 divisi,
3369 723 3464 778 sed
3495 724 3551 778 in
3579 741 3705 777 uno
3731 725 3886 789 loco.

2259 821 2352 864 aut
2381 811 2588 867 duobus
2617 811 2750 867 locis
2779 813 3092 868 dormieut:
3136 816 3264 884 quia
3315 833 3422 871 non
3473 826 3566 872 est
3617 818 3888 890 incogni-

2263 914 2406 969 tum,
2451 915 2711 976 quantum
2753 907 2878 960 mali
2922 923 2989 962 ex
3031 909 3316 964 occasione
3350 911 3606 965 diabolus
3650 911 3883 966 fecerit.

2262 997 2523 1066 Tempora
2553 1013 2682 1053 vero
2714 1000 2766 1054 in
2798 1000 3024 1069 quibus,
3059 1002 3102 1056 si
3132 1004 3438 1068 vacaverit,
3473 1005 3727 1059 meridie
3754 1005 3886 1059 dor-

2262 1092 2536 1146 miendum
2571 1093 2726 1148 nobis
2753 1102 2869 1158 est,
2900 1110 2928 1148 a
2962 1095 3048 1149 die
3075 1095 3263 1150 Iduum
3297 1097 3571 1152 Maiarum
3602 1113 3798 1168 usque
3829 1099 3881 1152 in

2263 1183 2404 1239 diem
2430 1185 2615 1240 Iduum
2645 1185 3042 1255 Septembrium
3070 1189 3443 1245 observemus.

2645 1276 2672 1348 §
2702 1277 2840 1332 XIV.
2867 1308 2938 1318 —
2978 1278 3112 1333 Item
3145 1280 3282 1352 (cap.
3311 1282 3380 1336 35
3411 1282 3475 1354 ⁸).

2333 1368 2657 1441 Magnopere
2701 1377 2879 1424 autem
2916 1370 2985 1424 ab
3010 1372 3262 1428 omnibus
3291 1377 3601 1432 cavendum
3632 1388 3764 1443 est,
3817 1396 3883 1434 ne

2265 1469 2358 1515 aut
2401 1460 2452 1514 in
2495 1461 2745 1529 pistrino,
2789 1469 2884 1515 aut
2927 1463 2979 1516 iu
3014 1479 3334 1535 quacunque
3371 1484 3640 1524 manuum
3680 1487 3884 1539 opera-

2265 1554 2412 1606 tione
2442 1552 2636 1624 aliquis
2666 1552 2893 1608 fratrum
2922 1556 3095 1626 pigre,
3135 1566 3190 1612 et
3219 1575 3325 1614 non
3352 1561 3494 1615 inter
3525 1564 3756 1633 primos
3784 1581 3878 1619 oc-

2265 1652 2474 1699 currat.

2677 1735 2702 1808 §
2731 1735 2846 1792 XV.
2877 1768 2950 1778 —
2987 1736 3120 1793 Item
3151 1740 3290 1813 (cap.
3319 1743 3433 1816 35).

575 1831 913 1890 monasterii.
937 1831 1028 1899 qui
1056 1831 1182 1885 huic
1211 1831 1359 1899 operi
1386 1828 1548 1884 fuerit
1573 1831 1868 1902 delegatus,
1891 1842 2163 1894 occurret.
2194 1813 2241 1872 Β
2340 1839 2366 1867 ιι
2396 1827 2528 1882 Nam
2572 1828 2879 1884 adhortatio
2921 1830 3202 1887 laborandi
3251 1849 3372 1904 quae
3395 1813 3401 1816 ⁷
3421 1837 3709 1893 hactenus
3756 1857 3880 1894 cum

577 1927 632 1972 et
663 1920 1005 1989 respondebit
1033 1921 1106 1982 ei,
1136 1937 1308 1992 eoque
1340 1929 1558 1976 utentur
1587 1925 1794 1977 nuntio.
1824 1924 1848 1961 δ
1878 1922 1935 1977 8ι
1965 1922 2168 1990 janitor

575 2021 762 2061 coram
792 2024 896 2064 non
929 2010 1108 2075 fuerit,
1144 2013 1157 2050 ί
1187 2011 1512 2080 Ρηεροεὶιιιε
1541 2013 1750 2076 domus,
1777 2013 1859 2067 vel
1897 2015 2056 2080 alius,
2079 2017 2166 2072 cui

577 2098 679 2154 hoc
704 2098 864 2156 fuerit
893 2101 1217 2171 injunctum,
1246 2103 1662 2160 occurrentibus
1692 2107 2058 2174 respondebit.

1004 2199 1030 2270 §
1067 2199 1156 2253 IX.
1187 2230 1258 2240 —
1293 2199 1426 2253 Item
1461 2198 1598 2270 (cap.
1629 2197 1741 2270 60).

652 2289 1001 2362 iOperantes
1046 2293 1182 2348 nihil
1234 2293 1525 2362 loquantur
1575 2290 1874 2358 saeculare;
1933 2293 2024 2348 sed
2073 2302 2166 2348 aut

578 2383 604 2422 ιι
647 2385 1056 2441 meditabuntur
1106 2403 1169 2442 ea
1224 2401 1342 2458 quae
1393 2395 1580 2442 sancta
1630 2396 1795 2453 sunt,
1865 2395 1958 2441 aut
2018 2396 2165 2442 certe

578 2474 831 2532 silebunt.

985 2569 1012 2642 §
1044 2570 1112 2624 Χ.
1141 2600 1212 2610 -
1250 2568 1381 2622 Item
1417 2571 1556 2639 (cap.
1588 2570 1658 2624 62
1687 2568 1751 2638 1).

651 2658 895 2728 Operaus
921 2676 1027 2716 non
1056 2661 1263 2714 sedebit
1289 2661 1405 2714 sine
1435 2659 1654 2728 majoris
1682 2662 1926 2731 imperio.

1008 2753 1035 2825 δ
1069 2751 1156 2806 XI.
1187 2783 1256 2792 ——
1294 2751 1427 2806 Item
1459 2753 1598 2823 (cap.
1627 2753 1738 2812 6‘2).

649 2853 689 2882 ω
713 2842 824 2900 Nec
852 2844 969 2916 plus
993 2846 1174 2915 operis
1204 2845 1400 2900 fratres
1428 2845 1823 2915 compellantur
1853 2848 2166 2912 facere,'sed

577 2939 888 2995 moderatus
931 2939 1084 2995 labor
1125 2955 1314 2994 omnes
1360 2939 1426 2993 ad
1473 2954 1608 3008 opus
1647 2948 1922 3009 provocet.
1976 2939 2166 3011 Sitque

578 3028 722 3083 inter
747 3045 840 3084 eos
879 3045 980 3098 pax
1029 3039 1083 3084 et
1127 3031 1412 3086 (‘OllClll'tIla
1439 3071 1454 3097 ,
1503 3039 1558 3085 et
1602 3031 1832 3088 libenter
1869 3032 2166 3102 majoribus

578 3120 934 3191 subjiciantur
963 3123 1212 3178 sedentes
1231 3164 1246 3188 ,
1287 3132 1342 3178 et
1371 3124 1708 3180 ambulantes
1727 3167 1742 3191 ,
1781 3141 1846 3181 ac
1876 3135 2082 3182 stantes
2111 3127 2163 3182 in

2271 1927 2424 1974 tanto
2462 1927 2892 1990 temperamento
2942 1937 2972 1975 a
3011 1924 3168 1978 nobis
3201 1925 3455 1980 charitati
3491 1939 3706 1985 vestrae
3749 1933 3883 1986 insi-

2268 2021 2431 2066 nuata
2460 2023 2574 2077 est,
2606 2023 2630 2049 ν
2653 2014 2720 2068 ab
2752 2014 2840 2068 illa
2885 2017 3180 2084 apostolica
3218 2018 3356 2072 beati
3402 2019 3558 2075 Pauli
3607 2023 3880 2079 instantia

2268 2111 2479 2158 tantum
2503 2105 2678 2172 tepida
2702 2113 2786 2159 est
2806 2112 2861 2158 et
2881 2106 3128 2170 remissa,
3155 2121 3416 2176 quantum
3441 2120 3521 2164 est
3552 2111 3879 2167 differentia

2267 2210 2655 2266 personarum;
2693 2211 2817 2251 cum
2848 2195 2936 2251 ille
2968 2211 3065 2251 nos
3093 2195 3285 2264 jubeat
3311 2199 3587 2255 hactenus
3617 2204 3881 2258 manibus

2266 2287 2549 2353 laborare,
2594 2297 2653 2342 ut
2682 2289 2982 2343 habeamus
3013 2290 3155 2344 unde
3186 2291 3428 2346 tribuere
3458 2295 3751 2362 possimus
3784 2310 3879 2348 ne-

2267 2382 2579 2436 cessitatem
2617 2381 2945 2451 patientibus
2975 2381 3135 2451 (Eph.
3165 2385 3276 2451 tv):
3321 2399 3420 2438 nos
3460 2385 3743 2442 diximus.
3789 2397 3877 2452 ut,

2266 2474 2351 2528 vel
2377 2474 2518 2542 quod
2546 2473 2700 2528 nobis
2725 2473 2974 2538 sufliciat,
3000 2473 3324 2530 laboremus.
3357 2475 3449 2531 Ille
3471 2477 3606 2531 dicit
3627 2479 3880 2548 seipsum

2267 2567 2321 2620 in
2353 2565 2494 2620 fame
2522 2574 2577 2620 et
2608 2565 2731 2629 siti,
2775 2567 2828 2619 in
2861 2563 3061 2636 frigore
3091 2574 3146 2621 et
3171 2567 3444 2629 nuditate.
3480 2578 3644 2622 nocte
3672 2579 3738 2623 et
3768 2572 3877 2634 die,

2270 2657 2383 2727 suis
2411 2656 2662 2711 manibus
2690 2655 2985 2722 laborasse,
3017 2666 3074 2711 ut
3103 2658 3227 2722 sibi,
3257 2668 3310 2714 et
3335 2660 3427 2729 qui
3459 2676 3588 2715 cum
3613 2677 3682 2716 eo
3715 2673 3881 2718 erant

2269 2749 2581 2805 necessaria
2621 2765 2728 2802 non
2765 2749 3016 2804 deessent
3041 2748 3126 2815 (II
3155 2748 3279 2804 Cor.
3309 2767 3398 2814 xi;
3434 2752 3551 2806 Act.
3583 2753 3705 2822 xx).
3768 2753 3878 2810 Nos

2268 2857 2299 2897 e
2327 2851 2514 2896 contra
2553 2841 2786 2911 duplicia
2829 2842 3088 2897 habentes
3132 2843 3184 2897 in
3229 2845 3434 2898 nostris
3472 2845 3662 2900 usibus
3693 2847 3879 2901 vesti-

2269 2942 2473 2996 menta,
2504 2914 2563 2986 et
2586 2931 2968 2996 calciamenta,
2997 2941 3052 2986 et
3079 2934 3380 3002 quoti'iiam
3407 2935 3585 2991 victus
3613 2938 3678 2991 de
3707 2939 3880 2993 donis

2270 3023 2364 3078 Dei
2395 3024 2461 3077 ad
2492 3024 2830 3079 saturitatem
2861 3024 3232 3092 plenissimum
3269 3037 3587 3097 apparatum
3607 3071 3622 3090 ,
3670 3031 3880 3085 horta-

2271 3130 2391 3169 mur
2417 3123 2477 3168 ut
2503 3115 2671 3169 otium
2702 3129 2807 3168 non
2835 3114 3028 3169 ametis
3048 3155 3062 3174 .
3103 3117 3196 3170 sed
3227 3132 3324 3186 per
3352 3119 3627 3174 sincerum
3663 3122 3882 3176 unanio

577 3213 766 3268 ordine
814 3227 950 3276 suo,
1006 3223 1062 3268 et
1114 3214 1346 3269 invicem
1398 3215 1463 3269 de
1513 3215 1820 3270 humilitate
1867 3226 2160 3273 certantes.

2272 3207 2478 3260 mitatis
2513 3221 2841 3262 consensum
2882 3207 3286 3277 unusquisque,
3339 3220 3395 3264 ut
3432 3211 3733 3282 praevalet,
3795 3213 3885 3268 sic

577 3315 606 3344 ι
630 3304 685 3360 Si
715 3306 841 3376 quid
873 3315 1156 3376 peccatum
1186 3306 1385 3365 fuerit.
1413 3306 1606 3361 Patres
1637 3309 1954 3363 monasterii
1983 3324 2167 3366 emen-

577 3399 704 3455 dare
730 3408 1012 3469 poterunt,
1043 3409 1100 3456 et
1125 3402 1454 3456 constituere
1477 3401 1606 3480 quid
1634 3401 1787 3470 sequi
1817 3410 1840 3437 ο
1863 3403 2113 3458 debeant.

627 3489 653 3563 §
685 3489 798 3545 XII.
828 3523 899 3533 —
937 3493 1016 3547 Ex
1055 3492 1274 3548 Rscuu
1312 3508 1500 3548 SANCTI
1543 3492 1742 3547 Busa."
1775 3491 1913 3564 (cap.
1943 3493 2012 3546 54
2041 3493 2108 3563 ρ).

647 3580 913 3653 Interrog.
963 3583 1117 3640 Unde
1147 3601 1276 3655 ergo
1304 3593 1530 3656 vagatur
1557 3601 1710 3640 mens
1738 3594 1951 3648 nostra,
1986 3597 2041 3641 et
2072 3602 2165 3642 co—

575 3675 863 3742 gitationes
910 3677 1138 3732 diversa:
1187 3679 1483 3733 ascendunt
1530 3678 1582 3732 in
1632 3679 1794 3734 corda
1837 3689 2024 3734 nostra
2053 3720 2068 3745 ,
2110 3689 2166 3735 et

573 3769 844 3836 quomodo
872 3769 976 3824 hoc
1003 3785 1290 3840 possumus
1316 3769 1624 3832 emendare,
1651 3780 1757 3824 etc.

722 3860 748 3932 ξ
787 3860 920 3916 XIII.
953 3893 1023 3902 —
1063 3862 1137 3915 Ex
1181 3863 1394 3918 Renum
1435 3861 1705 3916 Srsrnxm
1740 3863 1876 3932 (cap.
1910 3863 2019 3936 ll).
2050 3877 2055 3880 ·

645 3959 672 3999 «ι
697 3948 932 4006 ᾹΞδωῑίδ
961 3961 1200 4022 tempore
1237 3953 1368 4006 nulli
1403 3952 1564 4007 liceat
1592 3953 1846 4018 meridie,
1880 3964 2077 4024 praeter
2105 3956 2162 4012 in

646 4117 670 4144 α
692 4104 823 4177 _Dies
851 4106 943 4160 illa
972 4116 1289 4160 transeatur.
1311 4109 1366 4161 In
1396 4107 1516 4160 cod.
1543 4106 1704 4162 Cori).
1737 4115 1793 4161 et
1834 4109 1974 4177 apud
2009 4108 2165 4166 Sma-

575 4175 820 4246 ragdum,
844 4177 953 4229 dies
979 4187 1264 4230 memorata
1289 4179 1633 4246 transigatur.

650 4251 672 4284 δ
710 4245 768 4300 Si
797 4248 1023 4323 signum
1046 4247 1225 4323 datum
1254 4248 1432 4323 fuerit,
1462 4245 1590 4302 ietc.
1639 4248 1828 4305 Exstat
1871 4252 1923 4306 in
1957 4252 2162 4323 Regula

575 4331 774 4372 excusa
809 4316 865 4371 8.
900 4316 1198 4382 Pachomii,
1227 4330 1332 4371 art.
1362 4319 1451 4372 55.

645 4399 665 4459 ἐ
705 4386 1028 4459 Prwpositus
1053 4389 1258 4442 domus.
1317 4389 1371 4443 In
1405 4390 1601 4459 Regula
1635 4407 1834 4447 excusa
1871 4393 2024 4448 deest
2066 4409 2163 4449 vo-

573 4457 841 4532 caltulam:
873 4459 1080 4513 domus.
1130 4460 1236 4515 Sed
1287 4470 1430 4514 recte
1474 4457 1730 4530 positum,
1766 4475 1820 4517 et
1877 4463 2161 4532 legendum

574 4525 779 4603 Priori:
809 4531 1013 4603 domus,
1049 4539 1107 4583 nt
1133 4546 1200 4603 ex
1233 4525 1734 4600 sequenti—articulo
1761 4542 1928 4603 patet.

643 4599 670 4638 ά
701 4597 879 4653 Pater.
915 4601 969 4654 Id
991 4609 1075 4655 est
1095 4601 1281 4655 alibas.

649 4668 828 4754 ονΝρη
855 4671 1246 4754 interrogabant
1275 4690 1378 4754 quo
1406 4674 1620 4754 cadant.
1660 4675 1824 4754 Recta
1867 4674 2154 4754 institutio,

575 4747 633 4814 ut
661 4739 904 4808 discipuli
937 4739 1380 4812 suis-praepositis
1407 4745 1624 4814 dempta
1666 4747 1815 4798 omni
1843 4739 2158 4800 curiositate

572 4809 963 4878 obtemperent.

648 4878 667 4916 ί
701 4879 938 4954 Cumque
959 4882 1211 4937 universa:
1233 4885 1437 4940 domus.
1458 4886 1580 4940 Haec
1605 4885 1767 4938 verba
1793 4894 1848 4938 et
1873 4885 2156 4954 sequentia

571 4963 741 5018 usque
782 4953 846 5026 aii
888 4952 1126 5026 i_ll:i,inon
1156 4955 1596 5026 loquentur,_non
1628 4964 1847 5010 exstant
1870 4956 1920 5009 in
1955 4952 2156 5026 Regula

572 5035 770 5076 excusa
802 5020 860 5076 S.
889 5021 1190 5088 Pachomii,
1220 5020 1322 5078 art.
1354 5025 1445 5090 55,
1471 5024 1596 5078 licet
1641 5027 1888 5094 quaedam
1919 5020 2158 5082 sint'im-

573 5101 800 5145 mutata.

649 5161 675 5200 ⁸
702 5159 930 5238 Ianitor.
961 5164 1031 5238 In,
1054 5164 1258 5234 Regula
1297 5164 1352 5220 S.
1381 5165 1658 5222 Pachomii
1697 5182 1892 5224 excusa
1935 5167 2154 5238 legitur,

571 5236 907 5301 propositus;
932 5237 1086 5290 male.
1679 5257 1682 5260 ’

643 5303 673 5378 ἒξ
699 5302 975 5378 Sijanitor
996 5323 1173 5359 coram
1199 5323 1299 5378 non
1337 5307 1516 5376 fuerit.
1543 5307 1664 5363 Haec
1690 5325 1861 5378 usque
1888 5309 1956 5376 ad
1993 5311 2154 5366 linem

572 5374 782 5448 articuli
816 5386 1159 5448 nonexstant
1191 5378 1242 5430 in
1271 5374 1472 5448 Regula
1501 5395 1720 5433 excusa.

649 5448 664 5485 λ
700 5444 1022 5521 Ριξφροεὶιαις
1049 5448 1253 5521 domus.
1284 5444 1375 5504 De—
1404 5467 1508 5520 qua
1539 5461 1622 5506 est
1649 5451 1737 5505 ille
1777 5467 1935 5521 quem
1971 5459 2152 5504 extra-

571 5531 704 5586 neus
721 5516 930 5586 alloqui
962 5520 1127 5586 cupit.

643 5585 655 5634 1
703 5583 989 5659 OpeIantes
1013 5583 1143 5641 iii/ti!
1179 5589 1481 5659 loquantur,
1505 5600 1607 5645 etc.
1635 5591 1679 5644 II
1699 5607 1759 5644 re
1785 5593 1960 5644 ri-lere
1981 5601 2062 5645 est
2092 5590 2146 5645 in

571 5653 770 5722 Regula
800 5656 856 5710 S.
895 5657 1166 5713 Pachomii
1189 5653 1408 5722 excusa,
1438 5680 1502 5716 eo
1527 5666 1626 5714 irin
1662 5679 1779 5715 can.
1807 5662 1894 5714 35.

654 5725 1106 5804 Hledit‘abuntur.
1137 5731 1189 5782 Il
1225 5742 1326 5804 est,
1359 5734 1664 5804 loquentur.
1710 5732 1784 5784 Ita
1824 5747 2014 5788 sensus
2049 5748 2146 5804 p0-

565 5798 755 5855 stulat,
777 5799 904 5858 quia
932 5799 1174 5864 sequitur
1196 5818 1210 5854 :
1235 5801 1338 5854 Aut
1368 5798 1504 5856 certe
1541 5801 1786 5856 silebant.

2270 3297 2496 3353 laboret.
2546 3298 2640 3353 Ille
2676 3300 2968 3370 praecepit:
3004 3298 3107 3364 Qui
3146 3317 3248 3354 non
3285 3299 3506 3364 laborat,
3551 3318 3658 3354 non
3698 3320 3888 3358 nian-

2268 3392 2420 3445 ducet
2450 3390 2538 3462 (Il
2571 3391 2750 3446 Thess.
2782 3392 2885 3461 ιιι).
2926 3392 2993 3447 Ει
3023 3407 3121 3447 nos
3157 3393 3491 3464 fragilitatem
3522 3403 3788 3450 nostram
3821 3397 3882 3452 in

2267 3484 2423 3538 vobis
2453 3493 2745 3553 pensantes
2770 3484 2899 3538 nulli
2925 3493 3187 3547 vestrum,
3218 3485 3308 3553 qui
3341 3485 3599 3539 hactenus
3631 3486 3880 3544 subdola

2267 3585 2320 3630 et
2364 3576 2570 3632 lubrica
2599 3576 2876 3632 voluntate
2909 3577 3158 3632 laborare
3186 3576 3418 3633 feliciter
3445 3578 3767 3644 distulistis,
3806 3581 3876 3637 de

2269 3668 2596 3723 neceSsariis
2635 3669 2798 3722 rebus
2835 3684 2864 3720 a
2900 3667 3140 3723 fidelium
3181 3667 3406 3724 fratrum
3434 3683 3458 3710 ι
3481 3669 3677 3724 ordine
3707 3671 3876 3740 quid-

2267 3754 2429 3829 quam
2458 3761 2848 3822 suhtraximus,
2874 3761 3147 3831 patienter
3168 3763 3430 3818 hactenus
3462 3764 3787 3829 tolerantes,
3814 3775 3874 3821 ut

2269 3864 2374 3904 non
2407 3851 2754 3907 vinceremur
2782 3867 2813 3907 a
2841 3855 3003 3918 malo,
3043 3854 3139 3911 sed
3178 3864 3238 3909 ut
3265 3855 3612 3912 vinceremus
3658 3859 3868 3914 malum

2268 3939 2322 3994 in
2353 3939 2512 3995 bono.

2344 4092 2359 4132 1
2389 4094 2586 4149 Eodem
2614 4095 2863 4151 arliculo.

2337 4178 2374 4204 m
2406 4167 2514 4219 Nec
2568 4167 2685 4244 pius
2740 4169 2908 4238 operis
2979 4168 3169 4244 fratres
3229 4169 3612 4244 compellantur
3663 4177 3860 4244 facere.

2267 4236 2432 4308 Supp.
2457 4254 2612 4313 quam
2640 4236 3138 4313 vircs'eorum'fcrrc
3163 4236 3384 4309 possint.
3415 4241 3528 4296 Hoc
3561 4236 3860 4313 capitulum

2265 4309 2516 4382 exsta_t_lu
2544 4309 2723 4382 regula
2750 4325 2970 4382 excusa,
2993 4311 3186 4380 partim
3209 4322 3314 4365 art.
3337 4313 3455 4372 l00,
3480 4309 3702 4382 partim.
3735 4317 3856 4369 101.

2338 4389 2364 4414 ιι
2392 4376 2448 4451 Si
2487 4376 2628 4451 quid?
2648 4390 2915 4448 peccatum
2943 4376 3120 4448 fuerit.
3167 4382 3264 4438 IIic
3295 4376 3494 4451 incipit'
3532 4397 3639 4439 art.
3677 4388 3771 4440 101
3808 4388 3858 4442 in

2267 4448 2551 4528 Regula_S.
2579 4449 2853 4528 Pachomii
2879 4467 3078 4505 excusa
3105 4468 3119 4506 :
3143 4453 3232 4508 ubi
3259 4448 3454 4524 legitur
3481 4470 3496 4507 :
3520 4455 3583 4510 Si
3604 4460 3724 4525 quis
3745 4475 3854 4528 peo-

2265 4531 2438 4574 catum
2466 4520 2666 4590 fecerit.

2184 4563 2238 4623 Β
2260 4563 2719 4673 ἰη
2743 4594 2932 4673 eadem
2957 4593 3160 4664 Regula
3181 4609 3379 4650 excusa
3401 4594 3622 4666 legitur,
3646 4599 3838 4673 debeat

2253 4661 2404 4732 juxta
2418 4666 2765 4732 superiorem
2795 4661 3103 4718 lectionem.

2333 4744 2358 4781 ρ
2386 4731 2518 4806 Vide
2553 4748 2715 4806 supra
2739 4750 2856 4803 cap.
2881 4734 2973 4800 25,
3002 4734 3029 4806 §
3053 4735 3105 4789 4.

2329 4813 2356 4852 q
2384 4801 2631 4876 1’Estatis
2666 4801 2912 4876 tempore,
2957 4801 3064 4861 etc.
3093 4807 3217 4863 Haec
3246 4807 3515 4866 habentur
3545 4811 3601 4864 in
3645 4811 3698 4867 Β

2260 4889 2362 4929 ms.
2384 4872 2534 4948 Pauli
2567 4872 2938 4948 etStephani,
2957 4893 3078 4948 eap.
3104 4878 3193 4932 ‘20.
3732 4872 3760 4884 ν
3847 4913 3864 4923 -

2338 4956 2359 4982 τ
2389 4945 2469 4998 Ad
2500 4946 2700 5000 nubila.
2732 4945 2786 5000 Id
2807 4956 2913 5012 est,
2945 4945 3046 5002 sub
3073 4950 3183 5010 dio.
3207 4949 3308 5005 sub
3335 4965 3455 5006 axe.

2337 5029 2357 5055 ι
2387 5020 2554 5094 Area'.
2575 5018 2717 5094 Area
2739 5027 2823 5073 est
2844 5017 2996 5094 locus
3008 5020 3270 5094 agricolae
3292 5033 3408 5094 arte
3431 5022 3607 5079 factus
3629 5025 3699 5077 ad
3723 5040 3851 5094 pro-

2264 5089 2542 5165 terendum
2570 5089 2833 5165 triticum.
2859 5089 2992 5144 Vide
3007 5089 3286 5165 Yirgiliutu
3315 5092 3406 5165 lib.
3425 5095 3604 5164 primo
3622 5089 3848 5165 Georg;

2225 5218 2238 5230 ,
2262 5156 2610 5230 Columellam
2641 5159 2732 5214 lib.
2772 5175 2835 5225 ιι,
2873 5174 2992 5230 cap.
3019 5156 3192 5226 Ξοξεῑ
3229 5161 3287 5217 8.
3319 5156 3582 5219 Isidor-um
3617 5165 3715 5219 lib.
3757 5156 3848 5230 fr,

2263 5244 2379 5298 cap.
2409 5229 2493 5293 15,
2521 5229 2670 5301 Orig.
2942 5229 2954 5230 ί

2336 5301 2351 5335 ι
2380 5300 2512 5372 Cap.
2544 5301 2614 5356 35
2641 5302 2882 5372 ejusdem
2910 5301 3128 5370 Regulae
3150 5302 3272 5358 cod.
3302 5303 3450 5360 Flor.

2326 5382 2354 5410 ιι
2386 5371 2540 5448 [fani
2571 5373 2871 5448 udltortatio
2895 5373 3197 5448 laboran_d_i,
3240 5383 3344 5430 etc.
3376 5377 3563 5448 Exstat
3610 5377 3661 5431 in
3707 5379 3842 5448 Reg.

2254 5457 2358 5497 ms.
2565 5451 2620 5496 et
2648 5442 2907 5518 Stephani
2947 5443 3067 5518 cod.
3090 5444 3273 5518 _F_lor.,
3292 5463 3410 5518 cap.
3437 5447 3526 5502 5-1.

2328 5523 2350 5549 ν
2382 5513 2455 5565 Ab
2483 5513 2573 5565 illa
2619 5516 2907 5583 apostolica
2963 5515 3098 5568 beati
3130 5513 3287 5570 Pauli
3319 5513 3589 5574 instantia.
3640 5519 3695 5574 Id
3735 5527 3841 5583 est.

2252 5599 2362 5655 pra:
2395 5585 2476 5636 illa
2506 5584 2649 5638 Pauli
2697 5586 2977 5648 instantia,
3001 5600 3096 5642 seu
3126 5588 3430 5643 vehementi
3460 5591 3844 5646 adhortatione

2252 5672 2357 5726 qua
2382 5671 2476 5708 nos
2499 5655 2750 5727 hortatur
2771 5666 2824 5710 et
2856 5667 3009 5727 urget
3036 5659 3101 5711 ad
3127 5657 3364 5713 laborem
3394 5677 3668 5715 manuum.

2326 5741 2349 5766 ι
2377 5727 2451 5779 Ab
2476 5727 2675 5800 ordine.
2701 5723 2845 5782 Ordo
2876 5723 2977 5782 hoc
3005 5730 3124 5782 loco
3153 5738 3239 5784 est
3277 5733 3424 5800 quod
3447 5733 3723 5790 orilinarie
3745 5732 3845 5789 da-

2251 5806 2342 5853 tur
2365 5813 2461 5853 seu
2483 5797 2550 5851 ad
2571 5797 2794 5864 victum,
2818 5812 2912 5854 seu
2935 5801 3001 5854 ad
3039 5797 3316 5862 vestitum;
