4066 6342
179 404 338 464 H85

204 514 211 521 “
459 519 487 593 §
522 515 661 574 XVI.
687 497 931 570 —'Item
965 509 1196 584 ejusdem
1234 514 1370 582 (cap.
1402 505 1514 578 38).

262 629 293 658 α
322 614 443 669 Hoc
470 612 702 668 scientes
728 609 944 670 fratres.
970 607 1000 649 ιδ
1023 609 1148 678 quia
1173 606 1382 660 otiosus
1407 614 1637 672 corpore
1662 612 1780 654 mo-

183 709 407 767 nachus
446 713 628 759 mente
679 718 711 758 a
760 701 993 758 sordidis
1038 696 1455 771 cogitationibus
1503 705 1780 762 nunquam

182 797 396 864 poterit
428 809 550 851 esse
578 794 803 859 otiosus,
834 804 856 832 ο
883 793 1093 847 dicente
1122 789 1448 845 Salomone:
1483 785 1549 840 In
1577 781 1782 838 deside-

184 888 289 941 riis
319 896 395 941 est
428 886 595 940 omnis
627 884 856 946 otiosus;
902 891 959 939 et
996 882 1193 937 iterum
1220 898 1235 935 :
1262 878 1287 920 δ
1313 877 1486 934 Multa
1512 875 1654 931 mala
1684 890 1780 930 ea:-

184 978 395 1048 cogitat
435 976 961 1045 otiositas:abjecto
1004 988 1135 1045 ergo
1180 988 1212 1028 a
1257 986 1317 1028 se
1363 969 1455 1040 qui
1501 971 1781 1038 hucusque

185 1068 324 1124 talis
348 1067 452 1121 fuit
469 1066 573 1122 hoc
593 1067 746 1130 vitio,
769 1074 1049 1152 proruptus
1069 1065 1135 1120 ad
1157 1078 1319 1119 omne
1346 1077 1482 1133 opus
1505 1067 1778 1125 occurrat,

185 1158 326 1229 quia
363 1160 623 1228 scriptum
663 1166 750 1213 est
790 1177 803 1213 :
855 1157 979 1213 Non
1026 1156 1199 1212 oderis
1237 1173 1394 1228 opera
1431 1152 1694 1208 laboriosa
1732 1158 1780 1204 et

189 1251 597 1305 rusticationem
646 1251 710 1306 ab
755 1250 1029 1306 Altissimo
1073 1259 1302 1305 creatam
1338 1244 1673 1319 (Eccli.vu).
1708 1242 1780 1300 Ut

188 1342 433 1399 donante
461 1342 691 1399 Domino
716 1343 782 1398 de
810 1342 1045 1414 propriis
1071 1341 1347 1396 laboribus
1376 1349 1432 1395 et
1460 1340 1622 1394 rebus
1646 1352 1781 1407 quo-

187 1433 421 1489 tidianis
444 1443 498 1488 et
519 1435 841 1489 necessariis
868 1432 1238 1495 abundemus;
1272 1441 1330 1487 et
1355 1431 1442 1485 his
1464 1444 1601 1500 quos
1625 1443 1781 1482 amor

188 1522 459 1593 spiritalis
486 1522 552 1577 ad
580 1522 882 1580 visitandos
909 1539 1008 1580 nos
1038 1523 1260 1588 invitat,
1288 1522 1559 1592 possimus
1585 1534 1782 1575 conve-

186 1615 366 1670 nienti
397 1615 769 1671 mediocritate
795 1631 1103 1681 occurrere,
1132 1626 1226 1670 aut
1253 1630 1391 1685 quos
1417 1614 1598 1685 gravis
1624 1621 1781 1684 urget

189 1707 494 1763 necessitas
520 1708 702 1764 debito
730 1707 1033 1765 ministerio
1058 1709 1335 1764 valeamus
1364 1709 1431 1765 de
1455 1707 1676 1779 proprio
1702 1706 1780 1761 la-

188 1798 329 1856 bore
355 1802 563 1857 servire
587 1820 601 1857 :
632 1805 757 1872 quia
782 1803 1065 1858 Dominum
1087 1803 1506 1872 Redemptorem
1531 1808 1777 1856 nostrum

1152 388 1549 453 CONCORDIA
1583 357 2042 455 nascuntur.
2077 412 2151 426 —
2188 382 2353 457 car.
2378 379 2484 436 ιγ.

1803 502 1852 565 Α
1881 500 1995 554 rius
2025 496 2139 553 fuit.
2178 495 2456 566 Siquidem
2494 501 2545 547 et
2574 491 2770 547 Petrus
2800 490 3053 564 princeps
3094 492 3461 562 apostolorum

3320 372 3457 431 1186

1882 590 2169 662 piscatoris
2197 587 2363 659 gessit
2396 584 2635 641 ofﬁcium
2662 625 2677 649 ,
2708 593 2763 639 et
2797 598 2985 640 omnes
3009 583 3240 654 apostoli
3271 599 3463 656 corpo-

1884 683 2001 738 rale
2026 697 2163 752 opus
2192 679 2481 742 faciebant,
2530 676 2673 733 unde
2716 679 2881 731 vitam
2912 678 3154 746 corporis
3186 687 3461 733 sustenta-

1882 778 2032 834 bant.
2066 772 2123 829 Si
2156 774 2319 843 igitur
2341 779 2501 826 tantse
2528 770 2868 825 auctoritatis
2911 768 3159 823 homines
3187 768 3463 825 laLoribus

1880 875 1937 922 et
1960 864 2240 935 operibus,
2270 862 2437 917 etiam
2482 861 2772 917 rusticanis
2823 859 3205 923 inservieruut,
3256 870 3462 931 quanto

1881 957 2058 1027 magis
2087 953 2360 1019 monachi,
2391 952 2587 1023 quibus
2620 958 2836 1023 oportet
2860 965 2970 1005 non
2996 949 3168 1005 solum
3198 950 3324 1005 vitae
3353 962 3466 1005 sum

1880 1047 2190 1105 necessaria
2244 1045 2479 1117 propriis
2523 1045 2775 1099 manibus
2818 1044 3076 1100 exhibere
3107 1084 3123 1104 .
3162 1044 3257 1099 sed
3300 1044 3466 1100 etiam

1881 1137 2233 1211 indigentiam
2263 1136 2495 1192 aliorum
2524 1135 2800 1191 laboribus
2829 1134 2943 1190 suis
2965 1134 3210 1190 reﬁcere.
3254 1133 3357 1203 Qui
3387 1134 3469 1189 vi-

1881 1232 2032 1287 ribus
2057 1230 2303 1302 corporis
2330 1239 2386 1285 et
2412 1229 2721 1300 integritate
2745 1227 2936 1284 salutis
2960 1229 3301 1294 consistunt,
3340 1228 3386 1283 si
3412 1228 3469 1284 in

1878 1318 2045 1395 opere
2076 1320 2265 1377 ostiosi
2298 1328 2428 1375 sunt
2456 1360 2472 1385 ,
2504 1319 2795 1390 dupliciter
2842 1334 3073 1390 peccare
3123 1327 3464 1375 noscuntur:

1880 1414 2005 1484 quia
2037 1429 2145 1469 non
2174 1412 2350 1470 solum
2380 1428 2488 1467 non
2539 1412 2812 1477 laborant,
2861 1412 2958 1467 sed
3004 1413 3170 1467 etiam
3225 1412 3360 1467 alios
3391 1412 3472 1466 vi-

1883 1507 2037 1571 tiant,
2072 1515 2128 1562 et
2175 1506 2242 1561 ad
2288 1505 2649 1560 imitationem
2697 1518 2848 1560 suam
2880 1504 3131 1559 invitant.
3174 1503 3470 1576 Propterea

1878 1597 2023 1651 enim
2051 1594 2320 1667 quisquei
2366 1596 2434 1664 ad
2470 1595 2642 1652 Deum
2683 1596 3039 1660 convertitur,
3070 1605 3130 1652 ut
3174 1598 3226 1653 ei
3282 1599 3470 1653 deser—

1879 1685 2034 1741 viens
2059 1686 2261 1741 laboris
2284 1686 2481 1747 habeat
2499 1703 2710 1752 curam,
2739 1702 2845 1742 non
2874 1695 2934 1741 ut
2955 1688 3069 1742 otio
3089 1689 3304 1745 deditus
3326 1689 3473 1745 iner-

1881 1778 1955 1833 tia
1968 1779 2298 1850 pigritiaque
2314 1788 2587 1849 pascatur.
2603 1778 2707 1847 Qui
2727 1779 2806 1834 sic
2818 1779 3005 1835 volunt
3019 1795 3212 1837 vacare
3226 1780 3467 1848 lectioni,

192 1892 399 1949 beatius
437 1911 546 1949 esse
583 1894 712 1949 dare
743 1909 903 1965 quam
931 1895 1165 1965 accipere
1194 1893 1332 1965 (Act.
1364 1892 1418 1965 χ)
1450 1900 1664 1947 certum
1693 1898 1779 1947 est
1807 1872 1852 1933 Β
1880 1881 1938 1925 ut
1964 1887 2072 1965 νηοη
2096 1882 2408 1965 οΡιξΐθηῑαικ
2447 1872 2559 1965 ipsi
2577 1872 2794 1965 lectioni
2829 1881 3181 1965 contumaces
3205 1876 3470 1942 existunt,

197 1996 223 2025 ο
246 1988 590 2057 pra-cepisse.

266 2080 296 2153 §
328 2079 493 2136 XVII.
523 2111 596 2124 -—
633 2083 709 2139 Ex
749 2083 969 2141 Recens
1004 2098 1191 2139 SANCTI
1228 2082 1427 2139 lsmont
1459 2080 1600 2153 (cap.
1629 2079 1706 2153 7).

273 2172 295 2213 ί
325 2173 620 2231 Monachus
665 2184 882 2246 ‘semper
915 2183 1170 2247 operetur
1214 2174 1465 2228 manibus
1508 2172 1657 2236 suis;
1707 2170 1782 2225 ita

190 2276 258 2323 ut
296 2269 404 2340 qui'
428 2270 627 2325 uslibet
656 2270 821 2326 variis
853 2268 1107 2339 opiﬁcum
1149 2267 1360 2322 artibus
1400 2264 1785 2332 laboribusque

194 2358 444 2414 studium
494 2376 650 2417 suum
684 2361 994 2431 impendat,
1041 2373 1272 2427 sequens
1298 2356 1607 2426 loquentem
1634 2353 1781 2423 Apo-

195 2449 400 2505 stolum
420 2490 437 2516 ,
477 2452 570 2518 qui
611 2451 781 2505 dicit:
816 2449 999 2520 Neque
1027 2461 1217 2519 partem
1243 2446 1409 2517 gratis
1438 2444 1783 2499 manducavi-

197 2556 316 2595 mus
340 2553 359 2591 :
390 2540 481 2595 sed
506 2543 562 2594 in
590 2539 787 2600 labore.
831 2549 880 2595 et
922 2540 1229 2610 fatigatione
1257 2547 1408 2593 nocte
1440 2546 1490 2591 et
1520 2536 1605 2590 die
1637 2534 1783 2589 labo-

199 2640 375 2684 rantes
405 2628 491 2700 (11
523 2628 704 2686 Thess.
734 2630 843 2702 ut).
894 2631 963 2686 Et
989 2631 1187 2687 iterum
1214 2647 1227 2684 :
1262 2627 1368 2696 Qui
1395 2644 1500 2683 non
1525 2626 1634 2683 vult
1658 2644 1781 2700 ope-

200 2720 335 2786 rari,
360 2737 463 2776 non
490 2723 770 2778 manducet
792 2720 1005 2794 (Ibid.).
1039 2720 1146 2777 Per
1168 2721 1341 2778 otium
1366 2719 1513 2775 enim
1542 2718 1783 2776 libidinis

201 2825 256 2869 et
288 2814 573 2871 noxiarum
599 2815 994 2887 cogitationum
1023 2814 1357 2871 nutrimenta
1385 2820 1779 2879 concrescunt;

200 2922 299 2977 per
327 2906 530 2962 laboris
555 2922 689 2962 vero
725 2906 1045 2964 exercitium
1079 2906 1211 2963 vitia
1253 2904 1612 2961 nihilominus
1668 2903 1783 2959 ela-

202 2998 420 3055 buntur.
460 2997 813 3069 Nequaquam
838 2998 998 3053 debet
1021 2997 1301 3069 dedignari
1342 2995 1643 3053 monachus
1664 3009 1786 3051 ver-

205 3090 312 3146 sari
352 3091 412 3145 in
453 3105 617 3161 opere
664 3089 845 3160 aliquo
885 3089 1201 3146 monasterii
1242 3088 1428 3144 usibus
1455 3087 1782 3144 necessario.

208 3183 235 3222 3
259 3180 390 3236 Nam
418 3190 475 3237 et
496 3183 820 3252 patriarchae
857 3197 1047 3253 greges
1090 3191 1358 3253 paverunt
1382 3198 1397 3246 ;
1426 3181 1453 3222 ιι
1479 3179 1782 3252 philosophi

1880 1964 2007 2033 quia
2040 1979 2148 2018 non
2180 1952 2384 2017 faciunt
2418 1963 2562 2032 quod
2593 1962 2665 2016 ili
2693 1963 2897 2034 legunt.
2930 1963 3007 2018 lbi
3033 1966 3177 2019 enim
3205 1967 3472 2036 scriptum

1881 2066 1965 2113 est
1989 2074 2003 2110 :
2030 2053 2322 2127 Operantes
2350 2070 2505 2108 suum
2527 2071 2718 2125 panem
2742 2055 3079 2110 manducent.
3117 2056 3185 2112 Et
3230 2057 3466 2112 iterum:

1880 2147 1993 2219 Ipsi
2015 2148 2153 2202 enim
2169 2147 2335 2212 scitis,
2357 2147 2616 2219 quomodo
2666 2156 2900 2217 oporteat
2934 2148 3135 2202 imitari
3170 2164 3263 2203 nos
3300 2162 3319 2200 :
3348 2150 3473 2220 quia

1883 2256 1987 2294 non
2034 2239 2251 2309 inquieti
2308 2238 2510 2309 fuimus
2555 2237 2697 2308 apud
2748 2255 2834 2292 vos
2863 2278 2879 2304 ,
2930 2255 3092 2309 neque
3134 2256 3323 2310 panem
3352 2258 3475 2312 gra-

1882 2331 1950 2386 tis
1979 2331 2044 2385 ab
2080 2331 2257 2397 aliqua
2296 2332 2730 2386 manducavimus
2753 2371 2769 2396 ,
2850 2330 2940 2386 sed
2985 2332 3041 2385 in
3076 2330 3255 2387 labore
3297 2342 3346 2388 et
3384 2334 3473 2404 fa-

1881 2423 2132 2493 tigatione
2175 2423 2259 2478 die
2305 2433 2354 2478 et
2391 2433 2540 2479 nocte
2574 2432 2846 2493 operantes
2874 2464 2889 2487 ,
2947 2440 3011 2477 ne
3049 2441 3203 2497 quem
3248 2435 3472 2482 vestrum

1881 2529 2220 2585 grauaremus
2252 2511 2337 2584 (11
2369 2510 2548 2566 Thess.
2579 2510 2682 2582 ut).
2712 2511 2814 2579 Qui
2835 2527 2933 2582 per
2955 2511 3324 2568 inﬁrmitatem
3352 2529 3477 2571 cor-

1882 2605 2031 2677 poris
2061 2606 2275 2675 operari
2307 2622 2414 2662 non
2448 2614 2693 2677 possunt,
2728 2606 3018 2664 humanius
3046 2608 3475 2683 clementiusque

1884 2698 2150 2754 tractandi
2180 2707 2344 2765 sunt;
2380 2699 2407 2739 ιι
2437 2714 2539 2755 nec
2565 2706 2756 2755 contra
2791 2712 2887 2756 eos
2914 2701 3365 2757 murmurandum
3393 2710 3478 2759 est

1886 2791 1953 2845 ab
1982 2790 2063 2847 eis
2089 2791 2180 2861 qui
2210 2790 2358 2847 vires
2384 2790 2663 2845 laborandi
2690 2790 2912 2857 habent,
2949 2790 3044 2848 sed
3070 2793 3244 2865 magis
3272 2808 3472 2850 consu-

1886 2880 2106 2938 lendum
2129 2890 2215 2937 est
2237 2881 2318 2936 eis
2343 2896 2481 2951 quos
2500 2882 2688 2937 'sciunt
2710 2897 2938 2954 corpore
2963 2883 3227 2940 inﬁrmos.
3251 2885 3355 2956 Ipsi
3380 2902 3477 2941 au-

1887 2980 1997 3029 tem
2032 2973 2123 3044 qui
2163 2988 2269 3028 non
2308 2980 2568 3044 possunt,
2613 2988 2705 3028 em
2749 2973 2841 3043 qui
2885 2973 3137 3030 laborant
3165 2985 3222 3030 et
3249 2983 3480 3048 possunt

1887 3069 2143 3126 meliores
2178 3069 2280 3124 sibi
2323 3068 2700 3138 felicioresque
2737 3067 3030 3125 fateantur.
3062 3069 3165 3138 Qui
3196 3086 3326 3127 vero
3365 3072 3482 3128 latt-

1888 3163 2082 3234 gnidus
2104 3171 2207 3224 est,
2225 3171 2282 3217 et
2304 3161 2547 3217 laborem
2569 3177 2794 3231 operum
2824 3163 3186 3234 corporalium
3211 3165 3482 3222 sustinere

204 3273 432 3344 gentiles
457 3248 671 3330 sutores
700 3283 755 3330 et
782 3248 1022 3330 sar-tores
1048 3248 1296 3340 fuerunt;
1341 3248 1539 3343 Ioseph
1557 3248 1736 3342 justus
1765 3314 1782 3340 ,

1890 3268 1995 3307 non
2035 3260 2227 3322 potest,
2266 3251 2656 3308 consulendum
2688 3261 2771 3308 est
2803 3252 2896 3310 illi.
2938 3262 2995 3308 et
3038 3253 3159 3323 ejus
3185 3254 3477 3312 inﬁrmitas

204 3367 290 3422 cui
320 3367 482 3438 Virgo
516 3369 681 3425 Maria
727 3368 1054 3438 desponsata
1100 3368 1329 3433 exstitit,
1368 3369 1385 3409 ί
1421 3368 1575 3422 faber
1619 3367 1788 3420 ferra-

277 3533 303 3562 ι
337 3518 451 3573 Hoc
475 3523 693 3575 scientes
715 3523 927 3591 fratres,
949 3533 1055 3578 etc.
1078 3522 1206 3576 Ηωο
1227 3521 1498 3577 habentur
1520 3522 1573 3575 in
1594 3522 1785 3578 eadem

205 3588 473 3661 Reg._ms.
498 3592 618 3645 cod.
647 3588 813 3654 βιὸν..
845 3608 962 3660 cap.
992 3592 1081 3647 55.

228 3698 235 3703 ι
277 3659 311 3700 ιῖ
338 3659 474 3735 Quia
496 3661 721 3735 otiosus
731 3659 946 3735 corpore
972 3663 1278 3735 monac/ms.
1298 3670 1401 3735 etc.
1431 3663 1492 3716 ι).
1522 3660 1789 3735 Ilierony-

206 3745 326 3785 mus
350 3731 411 3801 in
424 3731 584 3801 epist.
602 3734 667 3785 ad
690 3731 736 3785 Β
759 3731 969 3786 ιεείειιηι
987 3734 1052 3786 de
1071 3735 1278 3786 vivendi
1310 3734 1479 3787 forma
1502 3751 1514 3785 :
1535 3751 1552 3781 ι
1580 3731 1790 3787 Texan-

207 3808 294 3856 tur
321 3811 375 3854 et
404 3800 508 3854 lina
532 3802 807 3870 capientis
836 3802 1102 3872 piscibus:
1135 3805 1443 3857 sorbentur
1486 3802 1626 3863 libri,
1654 3812 1712 3857 ut
1736 3810 1791 3857 et

207 3886 404 3945 manus
424 3882 681 3945 operetur
702 3873 765 3926 ci!
792 3889 900 3945 unt.
926 3883 979 3945 et
1001 3874 1214 3945 anitn_us
1237 3873 1464 3945 lectione
1493 3883 1786 3927 saturetur.

209 3939 275 4013 In
297 3939 568 4013 desideriis
589 3951 664 3995 est
685 3943 852 3996 omnis
878 3942 1092 3996 otiosas.
1113 3942 1491 4013 {Egypliorum
1521 3953 1790 3998 tuorutste-

209 4011 286 4065 ria
310 4011 453 4065 hunc.
494 4028 698 4067 morem
730 4021 931 4075 tenent,
958 4022 1017 4067 ut
1054 4011 1257 4067 nullum
1286 4016 1336 4067 a3
1358 4028 1493 4081 sque
1516 4015 1696 4082 operis
1718 4014 1791 4067 la-

208 4082 337 4135 bore
369 4083 687 4153 suscipiant,
721 4099 824 4138 non
855 4092 962 4137 tam
1013 4092 1230 4153 propter
1270 4084 1448 4139 victus
1497 4087 1791 4139 necessita-

211 4159 337 4226 tem,
366 4168 523 4226 quam
556 4156 992 4226 propteraninue
1019 4155 1245 4208 salutent
1266 4172 1293 4226 7:
1320 4171 1385 4207 ne.
1407 4164 1636 4226 vagetur
1666 4171 1790 4224 per-

210 4221 429 4292 niciosis
471 4221 887 4292 cogitationibus
936 4240 1109 4287 mens,
1157 4233 1213 4278 et
1261 4225 1432 4279 instar
1472 4221 1790 4281 torn.cantis

212 4280 714 4363 Hierusaletti'omui
740 4297 1040 4348 transeunti
1068 4280 1329 4349 divaricet
1353 4296 1515 4363 pedes
1550 4311 1694 4350 suos.
1726 4316 1746 4347 ι

283 4373 303 4400 τ
333 4362 545 4418 Dicente
572 4363 880 4420 Salomone;
898 4364 965 4419 lu
991 4366 1264 4420 desideriis
1283 4362 1363 4420 est
1379 4367 1545 4420 omnis
1567 4366 1786 4421 otiosus.

212 4431 353 4489 Loco
376 4433 541 4507 citato
564 4435 705 4507 hanc
741 4438 1061 4490 sententiam
1112 4434 1314 4506 profert
1348 4435 1404 4490 S.
1433 4436 1789 4507 hieronymus

215 4506 449 4577 auctoris
464 4505 679 4577 naming
693 4520 1005 4576 suppresso,
1024 4505 1187 4576 quam
1203 4522 1377 4577 tn-que
1393 4507 1447 4560 in
1477 4505 1782 4577 Salomone,

212 4588 387 4643 neque
413 4574 466 4630 in
506 4583 613 4629 tota
645 4573 922 4645 Scriptura
955 4573 1260 4700 "feraris:
1290 4573 1381 4631 est
1409 4586 1586 4631 tamen
1625 4575 1782 4631 Prov.

215 4659 324 4700 ut.
354 4644 448 4700 ΞΒ.
468 4645 594 4700 quid
619 4645 794 4700 simile
822 4665 835 4699 :
864 4646 982 4700 Deci
1025 4649 1134 4700 eria
1164 4647 1404 4700 occidunt
1431 4648 1658 4700 piarum.
1679 4657 1782 4700 etc.

215 4659 324 4708 ut,
354 4644 448 4708 25,
468 4645 594 4714 quid
619 4644 794 4701 simile
822 4665 835 4699 :
864 4644 1134 4701 Desideria
1164 4647 1404 4701 occidunt
1430 4648 1658 4717 pigrum.
1679 4657 1785 4702 etc.

280 4714 306 4753 ἀ
346 4714 517 4769 Multa
560 4714 702 4768 mala
755 4718 1015 4785 excogitat
1056 4716 1313 4771 otiositas.
1356 4718 1689 4771 Ecclesiasti.
1737 4734 1785 4772 c.

213 4801 340 4848 xxx,
368 4785 454 4839 ubi
485 4787 537 4840 in
565 4787 836 4840 canimuni
861 4788 1112 4841 versione
1153 4787 1230 4839 sic
1259 4788 1488 4841 habetur
1519 4806 1532 4839 :
1564 4787 1794 4841 Mu'tam

215 4857 348 4927 enim
371 4855 629 4911 malitiam
676 4856 855 4910 docuit
881 4858 1139 4911 otiositas.
1170 4855 1268 4910 Cui
1296 4860 1586 4927 respondet
1614 4868 1794 4914 textus

215 4925 451 4982 Graccus.

287 5009 309 5067 ς
336 4996 671 5066 Ρηιοτερὶδεε.
700 4997 756 5051 ld
790 5008 893 5063 est,
917 4998 1321 5067 praemonuisse.

287 5066 307 5106 τ
343 5067 634 5139 Monachus
664 5084 866 5139 semper
890 5066 1150 5136 operetur,
1169 5081 1275 5125 etc.
1299 5070 1489 5125 Exstat
1515 5070 1569 5124 in
1583 5068 1789 5138 Regula

218 5153 409 5209 excusa
441 5138 496 5191 Β.
527 5136 740 5199 lsidori.
774 5136 893 5209 cap.
926 5139 979 5192 5.
1166 5198 1173 5203 _

252 5211 312 5277 g3
347 5208 488 5282 Nam
530 5219 579 5282 et
619 5210 956 5282 patriarchae,
992 5219 1095 5266 etc.
1131 5211 1280 5266 llanc
1316 5219 1485 5266 totam
1512 5212 1791 5282 periodum

218 5280 476 5353 usquead
514 5279 599 5334 illa
622 5279 826 5353 verba:
863 5280 965 5346 Qui
1008 5283 1201 5336 ririlms
1232 5287 1487 5353 corporis,
1516 5279 1620 5336 etc.
1663 5281 1794 5337 Pro-

221 5350 319 5407 fert
372 5349 576 5421 llaytno
625 5349 1080 5407 Hatberstatensis
1127 5354 1221 5407 lio.
1268 5349 1421 5409 n'de
1483 5353 1789 5418 Varietate,

220 5436 333 5477 can.
363 5420 417 5474 2.

281 5438 657 5565 ﬁgigentiles
683 5493 993 5565 philosophi.
1024 5493 1209 5562 Qualis
1233 5494 1331 5549 fuit
1360 5490 1582 5565 Hippias
1612 5494 1794 5565 sophi—

222 5572 317 5628 sta,
347 5562 440 5633 qui
468 5563 643 5637 Pisatn
677 5562 897 5621 veniens
925 5576 1199 5621 certamen
1227 5562 1562 5637 Olympicum
1584 5562 1795 5636 speeta-

224 5642 389 5706 turus.
416 5634 597 5689 omnia
623 5650 718 5693 sua
740 5638 1060 5692 vestimenta
1080 5638 1274 5706 quibus
1294 5634 1409 5691 tum
1438 5634 1654 5690 indutus
1674 5644 1796 5690 erat

224 5705 318 5780 sibi
348 5714 653 5780 consuerat,
678 5715 737 5780 ut_
760 5708 949 5780 scribit
974 5705 1230 5780 Apuleius
1253 5708 1346 5763 lib.
1370 5723 1410 5763 ιι
1431 5708 1790 5780 Ἐξιοτίιίρῖιιω.

227 5773 408 5849 Simon
427 5773 773 5849 Atheniensis
795 5773 1143 5849 philosophus
1163 5780 1426 5849 curiarius
1446 5777 1547 5835 fuit
1568 5794 1582 5842 ;
1616 5776 1799 5833 Mene-

229 5844 411 5903 demus
452 5844 1165 5911 Ereu‘iensis'tabernacula
1208 5848 1479 5917 faciebat,
1526 5857 1587 5904 ut
1642 5851 1799 5905 docet

1814 4615 1867 4675 D

1891 3340 2239 3409 temperanda
2260 3348 2363 3396 est.
2394 3339 2497 3406 Qui
2517 3354 2647 3395 vero
2671 3340 2790 3396 sani
2817 3349 2963 3407 sunt,
2983 3350 3040 3396 et
3060 3341 3274 3409 fallunt,
3291 3344 3480 3414 procul

1891 3516 2154 3641 gingenes
2192 3514 2442 3571 Laertius
2469 3513 2563 3569 lib.
2608 3529 2682 3579 ll,
2726 3522 2781 3569 et
2822 3515 3123 3586 Hesychius
3169 3519 3393 3580 lllustris
3420 3524 3478 3581 in

1944 3596 2222 3641 eneento.

1944 3596 2222 3641 €ll9—"Clll0.

1970 3659 1984 3698 i
2024 3654 2201 3709 Faber
2241 3655 2516 3723 ferrarius.
2561 3655 2999 3713 Controvertitur
3045 3660 3188 3715 inter
3232 3664 3482 3725 doctores

1891 3730 1958 3800 de
2000 3737 2117 3800 arte
2142 3726 2215 3800 _S.
2243 3725 2461 3800 Iosephi
2499 3727 2669 3800 beatae
2704 3726 2936 3800 Virginis
2966 3732 3172 3798 sponsi,
3210 3734 3331 3789 aliis
3354 3750 3481 3794 eum

1892 3798 1998 3853 fuis
2028 3813 2059 3851 e
2079 3796 2295 3871 fabium
2338 3796 2643 3871 ferrarium,
2678 3796 3040 3871 aliisvfabruin
3071 3801 3359 3871 lignarium
3388 3823 3483 3863 as-

1892 3868 2213 3941 serintibus.
2250 3867 2455 3941 llaynto
2484 3866 2579 3941 Hal
2620 3870 2933 3941 erslatensis
2962 3886 3081 3941 cap.
3113 3866 3280 3929 citato
3305 3875 3361 3931 S.
3388 3877 3483 3933 lsi-

1891 3940 2007 3993 dori
2050 3938 2378 4019 sententiain
2418 3938 2706 4019 ειψιίςιιιχζ
2743 3939 2983 4019 ejusdem
3013 3938 3195 4008 t’erha,
3228 3956 3287 4019 ut
3319 3965 3483 4019 supra

1892 4010 2217 4090 "May-imus,
2246 4008 2548 4090 prpft‘r-ens.
2579 4008 2635 4063 ln
2665 4009 2954 4090 Evangelia
2983 4018 3254 4090 communi
3297 4029 3351 4090 et
3384 4008 3483 4090 ge-

1892 4080 2061 4163 nerali
2106 4078 2292 4163 vocabt
2319 4079 2615 4163 lo_dicitur_
2636 4078 2845 4163 τίκτε.»ιῇ
2878 4082 2929 4136 id
2958 4093 3062 4148 est,
3094 4085 3265 4163 ﬁber.
3310 4078 3483 4163 Hesy-

1893 4153 2082 4229 cltitts:
2124 4154 2309 4229 ιςὲκτῳν
2330 4156 2435 4229 itif
2469 4155 2733 4229 τεχνίτης.
2777 4154 2827 4207 id
2861 4162 2974 4229 est,
3022 4157 3199 4212 omnis
3244 4153 3478 4229 artil‘ei;

1892 4223 2026 4286 sive,
2049 4231 2107 4275 ut
2131 4221 2368 4298 loquitur
2392 4220 2608 4298 Sui_.._.a’s,
2629 4227 2817 4278 τέκτων
2838 4227 2997 4298 atque;
3017 4231 3281 4298 τεχνίτης.
3302 4232 3353 4286 id
3375 4220 3477 4297 est,

1892 4293 2193 4346 communis
2219 4292 2435 4362 artifex.
2477 4292 2678 4347 Tamen
2708 4296 2923 4362 proprie
2964 4292 3219 4351 trtiifitur
3254 4292 3355 4354 hoc
3385 4292 3483 4356 no;

1894 4380 2014 4437 men
2041 4362 2194 4437 fabro
2226 4361 2472 4437 l‘ignario,
2504 4371 2565 4416 ut
2590 4361 2747 4416 nocet
2780 4361 3156 4437 Moschopulus
3194 4384 3316 4437 cap.
3352 4371 3375 4424 1
3411 4372 3481 4428 de

1893 4433 2148 4513 Schts-diss
2175 4434 2380 4513 Tim-ari
2398 4439 2786 4513 uécrtzpérnc.
2806 4432 2871 4488 Ἰὂ
2891 4455 2960 4513 ως
2980 4432 3033 4489 δί
3058 4432 3287 4513 signa?
3314 4440 3483 4513 λέγον-

1889 4526 1977 4559 ται
1997 4504 2044 4557 οἱ
2064 4502 2341 4581 ξῷονρψί.
2364 4502 2418 4581 id
2445 4509 2552 4581 est,
2575 4507 2785 4581 signa,
2810 4505 3229 4581 omnis-artifex.
3254 4502 3482 4581 Prrprie

1894 4589 2024 4628 vero
2065 4572 2290 4632 τέκτοίνές
2339 4572 2593 4627 cicontur
2630 4572 2769 4642 fabri
2806 4572 3041 4642 lignarii.
3091 4574 3238 4631 ldem
3285 4572 3380 4635 do?
3388 4590 3484 4636 ent

1892 4644 2097 4721 Classe};
2122 4653 2333 4699 veteres
2357 4658 2371 4696 :
2412 4641 2793 4721 riu-rm,_fabcr
2822 4645 3100 4721 tignarius,
3131 4645 3281 4721 faber
3309 4650 3481 4721 ligna-

1894 4719 2024 4769 rius.
2057 4715 2129 4768 Ex
2158 4730 2267 4784 quo
2296 4729 2401 4767 non
2429 4714 2699 4768 immerito
2725 4715 2998 4768 communi
3019 4714 3285 4774 sententia
3309 4714 3484 4779 fertur

1898 4786 1955 4862 _S.
1984 4785 2028 4839 Jt
2052 4787 2278 4862 sepltum
2311 4785 2476 4862 fuisse
2512 4784 3059 4862 fabrttm_lig_nari_um_.
3101 4788 3185 4842 cui
3218 4793 3479 4862 astipula-

1896 4857 2043 4931 latnr
2070 4854 2128 4912 S.
2167 4856 2413 4931 Leander
2438 4871 2560 4931 cap.
2603 4856 2671 4931 14
2711 4855 2777 4909 «τε
2820 4854 3162 4931 Institutione
3208 4854 3479 4931 virginum

1897 4928 2083 5001 liac‘in
2110 4943 2168 4982 re
2198 4927 2353 5001 fratri
2382 4925 2590 4981 Isidoro
2611 4928 2959 5001 adversatus:
2992 4946 3009 4977 ι
3047 4928 3152 4982 Sed
3181 4938 3235 4983 et
3258 4925 3476 5001 JEisrph,

1896 5001 1981 5053 cui
2004 4997 2029 5051 f
2046 5011 2179 5053 :erat
2206 4998 2550 5067 desponsata,
2584 5013 2705 5051 cum
2736 5007 2879 5067 esset
2900 4996 3112 5064 justus,
3151 5010 3270 5053 erat
3299 4996 3479 5059 tanien

1898 5079 1953 5122 et
1979 5066 2585 5141 pauper-uitautvitam
2625 5066 2973 5141 etgvestitfomr
3005 5068 3236 5123 artificio
3273 5087 3485 5141 (ιυωινε.

1900 5149 2004 5203 ret,
2034 5149 2180 5195 certe
2209 5138 2361 5192 faber
2386 5139 2643 5209 ligoarius
2682 5138 2847 5193 fuisse
2876 5138 3089 5201 legitur.

1974 5209 1989 5260 ἱ
2030 5212 2109 5263 Ad
2144 5211 2309 5264 Deum
2340 5210 2676 5263 concertitur.
2708 5209 2830 5263 ltec
2861 5210 3045 5273 verba,
3082 5210 3152 5263 ad
3179 5210 3365 5278 Deum,
3400 5229 3484 5270 re.

1900 5281 2173 5346 dtunant,
2220 5295 2318 5335 nec
2348 5288 2474 5333 sutt
2503 5281 2555 5334 in
2586 5279 3043 5352 Regulagexcusa.
3088 5280 3221 5336 Nm
3261 5286 3352 5352 qui
3391 5302 3483 5341 ve.

1899 5352 2122 5408 niebant
2155 5354 2222 5407 ad
2248 5353 2649 5415 tnonachatutn,
2674 5350 2991 5405 dicebantur
3019 5350 3336 5422 simpliciusr
3358 5373 3482 5411 eon-

1898 5439 1983 5477 vet
1999 5426 2058 5479 ti.

1974 5496 1997 5534 κ
2035 5495 2146 5550 Nec
2172 5505 2354 5550 contra
2384 5492 2820 5550 murmurantium
2840 5502 2936 5547 est.
2972 5493 3102 5548 Vile
3129 5494 3187 5549 S.
3220 5495 3477 5551 Basilinm

1901 5580 2022 5637 cap.
2052 5567 2123 5622 52
2153 5568 2569 5622 Monas‘icaruut
2607 5564 3041 5638 lust.t_utionunt._
3060 5567 3163 5619 bed
3194 5565 3246 5620 in
3277 5566 3483 5638 Regula

1896 5633 2095 5693 excusa
2125 5640 2239 5694 haec
2268 5638 2428 5693 verba
2458 5650 2629 5705 usque
2663 5638 2729 5688 ad
2756 5634 2858 5688 ista
2885 5652 2897 5687 :
2939 5633 3042 5701 Qui
3083 5651 3197 5690 vero
3218 5637 3335 5690 sani
3359 5633 3482 5692 Eunt

1896 5717 1945 5762 et
1971 5710 2187 5779 fallunt,
2218 5724 2327 5766 non
2355 5715 2599 5772 exstant,
2631 5706 2726 5761 sed
2750 5719 2819 5761 ex
2850 5707 2954 5763 hoc
2978 5706 3166 5763 codice
3186 5707 3478 5780 supplenda

1896 5788 2040 5836 sunt.
