4066 6342
577 289 718 349 H87

1569 275 1631 335 S.
1667 270 2031 332 BENEDICTI
2073 266 2362 335 ABBATIS
2398 260 2810 329 ANIANENSIS

3740 262 3899 338 his

577 404 740 465 dubio
767 398 979 460 dolendi
1002 404 1169 470 atque
1189 394 1407 466 lugendi
1434 399 1597 449 sunt:
1623 390 1749 461 quia
1776 406 1877 445 non
1902 403 2148 459 corpore,
2180 390 2229 450 Α
2253 383 2506 440 borantes
2552 386 2695 440 Patri
2741 386 2859 442 sine
2899 393 3326 445 murmuratione
3360 391 3897 460 obtemperabant.

577 500 671 558 sed
701 494 862 571 (quod
891 492 1050 566 pejus
1073 492 1176 563 est)
1206 501 1383 545 mente
1409 486 1596 557 aegroti
1626 492 1771 549 sunt,
1801 485 2016 553 quique,
2051 482 2154 536 etsi

574 576 826 648 humanis
851 586 1022 641 oculis
1050 581 1295 638 convinci
1325 596 1427 634 non
1469 586 1729 649 possunt,
1778 577 1941 631 Deum
1976 584 2157 628 tamen

577 698 687 737 non
716 672 923 734 fallunt.
973 674 1130 730 Tales
1177 674 1338 743 igitur
1370 671 1576 726 ferendi
1624 677 1775 733 sunt,
1818 669 1859 723 si
1894 667 2156 738 aegritudo

578 770 748 835 latet;
789 775 883 821 aut
918 762 1306 835 distringendi,
1352 760 1399 816 si
1443 759 1647 813 sanitas
1695 765 1859 828 patet.
1912 754 2158 810 Monachi

579 869 887 934 operantes,
915 872 941 900 α
967 855 1217 912 meditari
1251 860 1341 907 aut
1370 850 1599 923 psallere
1627 849 1843 914 delzent,
1876 854 1935 902 ut
1960 848 2158 903 carmi-

579 957 665 1011 nis
690 952 947 1023 verbique
971 948 1065 1003 Dei
1102 945 1462 1003 delectatione
1495 942 1839 998 consolentur
1874 940 2046 1010 ipsum
2075 938 2153 991 la-

579 1041 785 1099 borem.
818 1042 845 1082 1³
880 1040 937 1096 Si
979 1039 1123 1095 enim
1167 1035 1453 1092 seeculares
1482 1034 1703 1102 opiﬁces
1741 1032 1882 1085 inter
1911 1030 2055 1100 ipsos
2083 1029 2161 1082 la-

580 1132 741 1189 bores
788 1147 1008 1187 suorum
1050 1143 1276 1199 operum
1319 1124 1581 1179 amatoria
1616 1122 1897 1190 turpiaque
1940 1128 2161 1175 cantare

578 1240 684 1281 non
715 1224 1001 1288 desinunt,
1048 1230 1210 1291 atque
1252 1219 1328 1273 ita
1355 1218 1544 1271 horam
1574 1230 1723 1268 suam
1754 1213 1808 1265 in
1839 1209 2083 1266 cantibus
2108 1216 2163 1263 et

577 1314 776 1369 fabulis
799 1312 1097 1385 implicant,
1113 1318 1173 1364 ut
1193 1309 1260 1363 ab
1280 1322 1443 1376 opere
1467 1319 1659 1359 manus
1682 1317 1786 1356 non
1810 1301 2164 1355 substrahant

579 1413 782 1476 quanto
808 1405 976 1474 magis
1004 1416 1193 1457 servus
1221 1398 1419 1454 Christi
1450 1397 1530 1450 sic
1560 1395 1808 1448 manibus
1836 1393 2047 1461 operari
2071 1392 2162 1445 dc-

577 1497 689 1561 bet,
718 1504 775 1552 ut
813 1506 1024 1567 Semper
1048 1493 1261 1547 laudem
1286 1491 1380 1544 Dei
1424 1490 1476 1543 in
1506 1504 1599 1542 ore
1630 1488 1858 1549 habeat,
1895 1494 1949 1540 et
1978 1485 2163 1555 lingaa

578 1585 694 1656 ejus
730 1582 950 1657 psalmis
995 1592 1156 1653 atque
1186 1581 1404 1652 hymnis
1450 1579 1730 1633 inserviat.
1781 1577 2162 1631 Laborandum

578 1688 661 1737 eSt
684 1688 813 1749 ergo
835 1690 1083 1748 corpore,
1107 1674 1271 1729 animi
1298 1673 1410 1727 lixa
1432 1672 1486 1727 in
1511 1672 1678 1725 Deum
1704 1671 2033 1733 intentione;
2059 1669 2162 1723 sic-

2258 476 2500 531 Monachi
2528 478 2831 546 praepositis
2860 479 2971 532 suis
3000 479 3115 533 sine
3147 479 3251 533 ulla
3280 484 3756 538 murmuratione
3786 487 3896 541 ob—

2258 576 2558 637 temperare
2582 569 2799 632 debent,
2827 585 2892 624 ne
2915 569 3053 625 forte
3075 586 3135 626 ea
3165 574 3433 628 sententia
3462 587 3750 645 pereant,
3781 594 3896 647 qua

2255 659 2533 730 perierunt
2560 660 2613 713 hi
2640 661 2731 729 qui
2762 661 2813 714 in
2844 662 3060 716 deserto
3084 675 3589 720 murmuraverunt.
3621 666 3697 723 Si
3733 670 3888 725 enim

2258 754 2363 807 illis
2391 754 2628 823 parvulis
2666 755 2842 809 adhuc
2886 754 2939 808 in
2982 754 3097 825 lege
3136 764 3191 811 et
3231 759 3457 814 rudibus
3501 775 3885 831 nequaquam

2259 842 2520 897 indultum
2551 851 2633 897 cst
2653 884 2667 910 ,
2717 852 2919 913 quanto
2947 846 3120 915 magis
3157 846 3241 900 his
3269 848 3359 917 qui
3389 848 3779 917 perfectionis
3806 850 3885 907 le-

2260 946 2379 1005 gem
2405 940 2763 1005 perceperant
2792 949 2896 995 non
2924 944 3134 1007 parcet,
3166 938 3211 992 si
3240 940 3365 994 talia
3396 943 3718 1010 gesserint.

2282 1044 2514 1119 §XVlll.
2550 1078 2620 1087 —
2651 1046 2731 1102 Ex
2776 1044 2993 1189 Ιὶεςυὶὲλ
3035 1065 3224 1191 sagi“
3268 1051 3584 1111 Faucrcosx
3619 1072 3875 1118 εριεωη

2851 1136 2857 1142 ·
2979 1136 3063 1190 (ιρ.
3158 1161 3171 1174 .

2851 1136 2857 1142 ·
2925 1136 3063 1190 (cap.
3093 1136 3171 1190 ο).

2329 1207 2357 1247 ἀ
2391 1206 2447 1262 In
2477 1209 2750 1277 operando
2780 1210 2895 1265 haec
2927 1213 3065 1265 ratio
3102 1223 3473 1269 conservetur.
3506 1227 3534 1255 ε
3564 1216 3770 1272 Ver-no
3793 1219 3875 1281 rei

2261 1306 2467 1363 aestate,
2496 1300 2635 1353 dicta
2660 1298 2839 1352 Prima
2866 1311 3311 1358 commoneantur
3336 1306 3529 1361 decani
3568 1324 3602 1360 ιι
3642 1325 3870 1379 prapo-

2263 1387 2367 1442 sito
2396 1403 2492 1442 suo
2521 1390 2682 1458 quale
2708 1405 2844 1459 opus
2880 1390 3111 1447 debeant
3146 1408 3435 1451 exercere:
3469 1407 3643 1469 atque
3673 1402 3759 1454 illi
3796 1420 3873 1458 re-

2263 1478 2438 1548 liquos
2466 1479 2679 1535 fratres.
2717 1479 2850 1535 Tum
2880 1482 3097 1537 demum
3125 1484 3250 1540 dato
3280 1487 3455 1556 signo,
3489 1493 3746 1562 sumptis
3770 1492 3875 1549 fer-

2265 1570 2525 1624 ramentis
2559 1581 2956 1642 congregentur
2985 1573 3039 1627 in
3079 1590 3243 1630 unum
3263 1618 3277 1641 ,
3307 1577 3567 1650 factaque
3608 1586 3873 1642 oratione

2264 1670 2491 1732 pergent
2521 1661 2541 1699 ι
2570 1663 2863 1718 recitantes
2907 1664 2971 1718 ad
3018 1679 3154 1736 opus
3183 1683 3354 1738 usque
3393 1673 3462 1724 ad
3510 1672 3719 1729 horam
3767 1678 3877 1734 diei

579 1782 684 1842 que
730 1748 921 1824 manus
969 1768 1022 1821 in
1069 1779 1231 1834 opere
1259 1762 1580 1832 implicanda
1609 1769 1723 1825 est,
1766 1769 1825 1813 ut
1872 1772 2027 1813 mens
2054 1750 2161 1811 non
2191 1748 2236 1807 B
2268 1752 2521 1804 tertiam:
2554 1761 2995 1824 revertentesque
3020 1757 3086 1812 ad
3113 1758 3419 1827 ecclesiam,
3449 1762 3771 1837 Tertiaque
3794 1785 3873 1823 ce-

579 1869 856 1916 avertatur
882 1873 912 1912 a
939 1856 1072 1911 Deo.
1102 1855 1345 1924 Propriis
1370 1860 1550 1906 autem
1593 1850 1922 1920 temporibus
1952 1856 2165 1918 oportet

578 1951 790 2022 operari
820 1945 1165 2008 monachum,
1191 1952 1258 1999 'et
1302 1942 1536 2013 propriis
1575 1941 1808 1995 orationi
1837 1940 2164 2009 lectionique

579 2043 914 2099 incumbere.
940 2039 1113 2093 Horas
1138 2037 1280 2091 enim
1308 2037 1468 2091 debet
1489 2034 1689 2088 habere
1716 2032 2013 2086 monachus
2042 2045 2169 2086 con-

581 2151 763 2209 grtias,
790 2140 841 2189 et
889 2134 953 2187 ad
992 2131 1201 2202 singula
1224 2127 1400 2183 oflicia
1431 2128 1733 2197 deputatas.
1766 2125 1957 2179 Partes
1984 2132 2165 2178 autem

581 2232 884 2296 temporum
923 2223 1037 2278 suis
1075 2222 1378 2291 quibusque
1399 2218 1653 2289 operibus
1682 2216 1861 2271 taliter
1899 2216 2162 2284 deputan-

581 2322 690 2373 tur.
730 2315 943 2370 Estate
972 2312 1113 2367 enim
1156 2327 1187 2365 a
1230 2322 1389 2365 mane
1416 2322 1589 2377 usque
1621 2306 1687 2360 ad
1724 2306 1912 2360 horam
1945 2303 2164 2358 tertiam

581 2405 831 2463 laborare
855 2411 1096 2474 oportet;
1131 2418 1161 2456 a
1199 2402 1357 2456 tertia
1382 2414 1512 2454 vero
1549 2413 1721 2468 usque
1759 2396 1827 2451 ad
1856 2405 2064 2451 sextam
2091 2394 2177 2449 le-r.

583 2497 749 2553 ctioni
778 2509 1001 2559 vacare";
1029 2495 1226 2548 dehinc
1262 2506 1433 2559 usque
1460 2490 1527 2543 ad
1556 2502 1755 2543 nonam
1791 2487 2163 2556 requiescere;

579 2594 705 2660 post
744 2600 940 2641 nonam
985 2590 1165 2638 autem
1206 2598 1381 2651 usque
1424 2581 1493 2636 ad
1542 2586 1754 2649 tempus
1796 2580 2164 2648 vespertinum

581 2679 783 2736 iterum
810 2677 1041 2747 operari.
1074 2674 1197 2730 Alio
1226 2683 1406 2729 autem
1434 2682 1699 2744 tempore,
1735 2673 1787 2727 id
1819 2680 1922 2737 est,
1953 2673 2161 2737 hieme,

584 2779 863 2835 autumno,
889 2769 1002 2824 sive
1028 2782 1193 2823 verno
1217 2783 1248 2821 a
1276 2780 1433 2821 mane
1460 2780 1628 2835 usque
1654 2765 1720 2819 ad
1750 2765 1966 2819 tertiam
1984 2764 2165 2833 legen-

581 2860 749 2925 dum;
790 2866 912 2929 post
939 2858 1358 2914 celebrationem
1410 2854 1608 2910 Tertia:
1647 2869 1819 2924 usque
1858 2854 1929 2907 ad
1966 2866 2163 2907 nonam

579 2948 937 3009 laborandum
962 2958 1074 3016 est;
1111 2957 1234 3019 post
1262 2948 1612 3004 refectionem
1649 2964 1804 3003 nona:
1832 2957 1923 3002 aut
1953 2933 2169 3017 Operari

583 3048 798 3112 oportet
840 3050 932 3096 aut
976 3042 1156 3110 legere
1186 3047 1279 3095 aut
1309 3056 1443 3095 sono
1472 3041 1618 3095 vocis
1659 3039 1859 3111 aliquid
1890 3039 2160 3094 meditari.

2266 1840 2493 1907 lebrata,
2539 1843 2835 1899 residentes
2882 1847 2993 1901 snis
3039 1848 3170 1903 locis
3217 1853 3469 1908 studeant
3502 1856 3743 1913 lectioni
3792 1861 3873 1917 vel

2266 1934 2516 1987 orationi.
2549 1935 2744 1990 Verum
2772 1937 2815 1989 si
2848 1953 2983 2006 opus
3005 1939 3107 1993 tale
3136 1951 3239 2005 est,
3269 1944 3409 2014 quod
3438 1962 3548 2001 non
3591 1950 3872 2008 intermit-

2267 2036 2428 2092 tatur,
2452 2030 2505 2083 in
2533 2044 2696 2100 Opere
2723 2022 2839 2101 ipso
2867 2033 3049 2088 Tertia
3078 2036 3310 2102 dicatur,
3333 2048 3389 2093 et
3412 2042 3495 2095 sic
3522 2043 3548 2081 ε
3578 2044 3871 2101 recitando

2267 2128 2611 2174 revertantur
2639 2123 2669 2162 ι
2698 2124 2765 2175 ad
2789 2124 3002 2191 cellam,
3042 2134 3099 2181 et
3128 2128 3145 2167 ί
3176 2140 3553 2185 consummata
3588 2136 3870 2203 oratione,

2268 2209 2287 2260 ι
2320 2208 2626 2281 ablutisque
2653 2214 2897 2269 manist
2930 2217 2959 2255 ιι
2984 2214 3265 2274 confestim
3308 2222 3374 2275 ad
3410 2225 3714 2280 ecclesiam
3743 2243 3870 2282 eon-

2265 2305 2503 2358 veniant.
2549 2304 2616 2358 Et
2654 2305 2699 2359 si
2740 2306 3087 2363 reficiendum
3119 2312 3187 2364 ad
3221 2325 3429 2368 sextam
3471 2326 3589 2383 est,
3640 2329 3870 2387 peracto

2266 2396 2648 2453 oﬂieio‘Sexta:
2666 2440 2680 2464 ,
2709 2400 2779 2454 ab
2806 2401 3052 2456 oratione
3078 2416 3305 2475 pergant
3330 2408 3398 2460 ad
3430 2422 3688 2476 mensas;
3732 2414 3868 2467 refe-

2266 2488 2447 2555 ctique
2494 2501 2762 2557 congrue,
2808 2490 3006 2544 iterum
3055 2489 3195 2546 facta
3240 2496 3511 2561 oratione,
3546 2500 3865 2567 quiescant.

2270 2576 2473 2631 Deinde
2493 2577 2760 2633 celebrata
2790 2578 2962 2645 Nona,
2991 2582 3036 2635 si
3064 2596 3284 2639 necesse
3309 2595 3394 2640 est
3420 2596 3779 2643 revertantur
3799 2590 3867 2647 ad

2269 2680 2422 2738 opus,
2446 2683 2725 2739 quousque
2756 2668 2774 2708 ι
2798 2670 2863 2725 ad
2891 2672 3220 2729 duodecimae
3246 2672 3480 2731 ollicinm
3509 2682 3860 2737 conveniant.

2269 2760 2421 2816 mSin
2465 2772 2670 2828 autem,
2699 2764 2998 2820 residentes
3036 2768 3184 2821 taciti
3215 2783 3312 2838 per
3345 2769 3568 2826 cellulas
3610 2788 3777 2837 suas,
3807 2775 3864 2833 hi

2268 2866 2498 2921 quorum
2528 2853 2640 2923 jam
2667 2862 2796 2909 aetas
2819 2855 3058 2923 perfecta
3095 2864 3209 2921 est,
3243 2865 3297 2912 et
3320 2862 3657 2917 conscientia
3688 2881 3859 2935 pun,

2268 2944 2597 2998 meditemur
2620 2945 2830 3014 eloquia
2855 2946 3092 3013 Domini,
3119 2949 3205 3005 vel
3230 2964 3365 3019 opus
3391 2954 3673 3022 quodlibet
3713 2957 3859 3011 intra

2270 3034 2517 3089 cellulam
2537 3035 2835 3103 iniunctum
2862 3047 3179 3095 exercentes
3201 3054 3466 3112 nusquam
3494 3058 3742 3123 prorsus,
3773 3063 3864 3103 exs

585 3136 970 3203 ¢Qntecunque
995 3142 1173 3187 autem
1190 3140 1485 3201 operantur
1501 3133 1749 3187 monachi
1778 3132 2025 3186 manibus
2054 3132 2175 3187 suis
2194 3103 2239 3166 Ο
2272 3136 2425 3197 cepta
2452 3142 2613 3183 causa
2646 3130 3006 3195 necessitatis,
3034 3133 3267 3188 audeant
3288 3103 3559 3206 progredi,
3600 3138 3710 3193 nisi
3726 3116 3864 3194 fne-

582 3226 880 3296 Pratposito
906 3223 1182 3280 deferant:
1213 3224 1544 3294 Prtepositns
1578 3232 1757 3279 autem
1790 3222 2018 3295 principi
2050 3237 2167 3277 mo-

582 3317 904 3380 nachorum,
931 3315 1173 3384 nihilque
1212 3314 1392 3385 operis
1438 3316 1583 3385 apud
1627 3313 1826 3370 fratres
1867 3323 2167 3382 remaneat,

582 3426 652 3466 ne
673 3409 1049 3465 sollicitudinis
1081 3425 1211 3464 cura
1247 3417 1480 3463 mentem
1509 3410 1575 3463 ab
1604 3408 1901 3462 intentione
1929 3417 2170 3462 eontem-

582 3501 838 3572 plationis
886 3508 1113 3555 avertat.
1156 3494 1353 3554 Hortos
1388 3499 1619 3566 olerum,
1651 3500 1735 3554 vel
1766 3510 2058 3569 apparatus
2086 3502 2168 3556 ci-

581 3597 776 3651 borum
806 3595 1038 3664 propriis
1060 3594 1161 3649 sibi
1190 3594 1438 3649 manibus
1464 3592 1660 3648 fratres
1679 3603 1992 3648 exerceant.
2019 3593 2171 3647 Edi-

584 3688 830 3744 ﬁciorum
881 3696 1061 3741 autem
1115 3688 1448 3741 constructio
1495 3695 1549 3740 et
1597 3686 1772 3741 cultus
1817 3698 2071 3756 agrorum
2101 3685 2170 3740 ad

584 3788 720 3847 opus
745 3782 1025 3831 servorum
1047 3777 1414 3846 pertinebunt.
1442 3772 1634 3831 Nullus
1658 3760 1957 3832 monachus
1984 3790 2170 3829 amore

550 3921 554 3925 .
585 3870 784 3940 privati
808 3868 990 3939 operis
1017 3868 1286 3940 illigetur;
1320 3870 1415 3925 sed
1447 3884 1637 3925 omnes
1680 3870 1735 3923 in
1767 3884 2051 3924 commune
2086 3870 2166 3923 la-

660 4054 685 4083 α
710 4040 959 4094 Meditari
997 4048 1046 4093 et
1086 4039 1308 4108 psallere
1338 4041 1541 4093 debent.
1586 4039 1653 4095 Ut
1683 4038 1837 4093 labor
1874 4040 1946 4093 sit
1987 4054 2173 4094 rerum

587 4112 889 4168 divinarum
918 4111 1262 4163 meditatione
1287 4111 1473 4172 levior,
1500 4125 1595 4164 nec
1624 4124 1797 4168 mens.
1827 4110 1951 4163 dum
1975 4124 2171 4179 corpus

588 4189 869 4254 operatur,_
897 4188 1113 4254 maneat
1136 4181 1329 4254 otiosa.
1368 4180 1519 4254 Quod
1546 4196 1682 4254 sane
1717 4181 2012 4254 contingit,
2045 4198 2167 4235 eum

518 4256 527 4265 '
588 4250 699 4308 tota
722 4250 873 4321 operi
903 4250 1259 4319 immergitur,
1290 4260 1382 4322 aut
1416 4250 1556 4304 aliud
1584 4266 1766 4319 agens.
1797 4252 2053 4322 vanisque
2079 4267 2170 4306 co-

620 4320 937 4376 itatidnibus
959 4321 1241 4391 indulgens
1261 4335 1291 4374 ι
1314 4320 1420 4375 Deo
1444 4322 1702 4376 distracta
1733 4322 1940 4391 largius
1967 4320 2164 4376 avolat.

620 4339 937 4376 nationibus
959 4339 1241 4391 tmtgcus
1261 4339 1291 4374 ι
1314 4339 1420 4375 ueo
1444 4339 1702 4376 distraeta
1733 4339 1940 4391 lm'gllis
1967 4339 2164 4376 avolat.

584 4339 730 4462 fdem
758 4392 1082 4462 deriatttiqui-s
1110 4392 1390 4445 machis
1416 4391 1584 4446 refert
1610 4392 1725 4462 ipse
1753 4392 1986 4447 Isidorus
2011 4393 2099 4447 lib.
2130 4408 2166 4447 ll

2271 3218 2379 3272 rint
2422 3233 2451 3273 a
2497 3220 2712 3274 seniore
2750 3223 3025 3292 praecepti.
3056 3222 3309 3280 Iuniores
3338 3240 3458 3281 vero
3496 3241 3690 3282 coram
3737 3232 3865 3287 suis

2270 3311 2570 3365 residentes
2597 3312 2833 3379 decauis,
2866 3314 3111 3381 lectioni,
3160 3318 3243 3371 vel
3290 3318 3573 3374 recitationi
3602 3332 3815 3377 vacent
3845 3341 3863 3390 ;

2268 3419 2371 3459 nec
2417 3420 2474 3459 se
2520 3406 2820 3461 inconsulti)
2851 3410 3062 3464 seniore
3085 3410 3268 3479 iunior
3302 3430 3335 3467 a
3362 3430 3456 3469 sua
3495 3414 3711 3472 auferat
3735 3435 3857 3476 ses-

2270 3498 2444 3562 sione,
2473 3508 2565 3553 aut
2595 3499 2658 3553 ad
2685 3501 2905 3557 alterius
2932 3502 3122 3559 decani
3162 3505 3335 3560 locum
3372 3506 3567 3562 audeat
3591 3524 3861 3581 pergere:

2270 3590 2362 3643 sed
2396 3598 2502 3643 tam
2532 3591 2585 3645 in
2616 3592 2854 3646 sessione
2881 3606 3039 3662 quam
3074 3595 3239 3649 etiam
3276 3596 3330 3649 in
3364 3599 3680 3666 operatione
3716 3615 3854 3653 sem-

2268 3693 2366 3747 per
2390 3678 2579 3733 deeani
2609 3695 2638 3733 a
2666 3682 2886 3735 deeania
2924 3693 3199 3754 segregita
3236 3686 3560 3742 consistant.
3601 3686 3855 3747 Iuniores

2270 3770 2467 3840 quippe
2492 3787 2616 3826 suos
2641 3770 2844 3843 jugiter
2880 3774 3115 3830 deeanns
3158 3775 3246 3830 ille
3275 3789 3653 3844 commoneat,
3700 3796 3766 3835 ne
3800 3781 3854 3836 in

2271 3860 2506 3931 aliquam
2537 3860 2915 3933 negligentiam
2944 3864 3232 3931 decidant;
3273 3867 3370 3921 sed
3406 3870 3553 3923 viros
3585 3870 3853 3939 spiritales

2338 4038 2465 4116 d_]n
2491 4038 2771 4116 operando,
2803 4045 2909 4116 etc.
2940 4038 3065 4116 Haec
3094 4039 3333 4116 reperire
3359 4049 3442 4116 est
3482 4042 3537 4096 in
3580 4042 3718 4116 Reg.
3749 4062 3847 4101 ms.

2273 4110 2333 4165 S.
2366 4110 2649 4163 Fructuosi
2678 4110 2912 4179 episcopi
2945 4111 3062 4163 cod.
3094 4110 3296 4173 Crass.,
3330 4112 3451 4165 eod.
3487 4129 3535 4167 ο.
3568 4114 3623 4167 6.

2346 4193 2369 4258 fr
2408 4179 2572 4258 νεηιο
2602 4182 2676 4258 vel
2702 4190 2898 4258 quiete.
2926 4180 3194 4258 Particula
3217 4183 3292 4236 vel
3323 4182 3410 4237 hic
3431 4185 3667 4239 sumitur
3690 4202 3850 4258 copu-

2270 4252 2448 4313 lative,
2481 4252 2619 4303 sicut.
2648 4250 2785 4304 infra
2819 4252 2919 4305 hoc
2947 4252 3200 4319 capitulo.

2348 4323 2367 4361 ί
2403 4321 2711 4393 llecilanles.
2744 4320 2988 4375 Psalmos
3020 4322 3266 4376 videlicet
3296 4322 3351 4375 in
3378 4322 3496 4393 ipso
3535 4324 3733 4379 itinere
3753 4368 3766 4388 ,
3791 4336 3849 4381 ut

2272 4409 2334 4447 ex
2367 4392 2507 4447 infra
2535 4393 2692 4465 itit-tis
2723 4393 3080 4465 clarumlcst:
3122 4394 3200 4446 Ad
3231 4392 3411 4461 operai
3432 4410 3550 4447 rum
3594 4397 3848 4465 egressan'

586 4463 655 4536 de
681 4458 783 4517 Oll'.
812 4458 993 4526 Each,
1016 4477 1134 4532 cap.
1167 4462 1264 4536 15:
1296 4481 1314 4512 ‹
1346 4462 1559 4536 canunt
1586 4458 1764 4536 autem
1795 4462 2031 4536 psalmos
2053 4478 2167 4517 ωηο
2190 4469 2243 4528 D
2268 4475 2408 4527 sunt,
2434 4462 2719 4536 orationem
2753 4460 2949 4532 [acturi
2970 4465 3182 4516 ini-irem
3208 4458 3545 4525 conveniant;
3572 4458 3679 4536 qiia
3707 4484 3847 4519 com-

585 4534 745 4587 nibus
772 4542 1083 4600 operantes,
1105 4540 1160 4586 et
1182 4533 1354 4600 ipsum
1383 4532 1622 4588 laborem
1660 4532 1840 4587 divino
1865 4534 2166 4588 celeumate

585 4603 949 4674 consolantur.
1007 4602 1254 4674 DHLOCHS
1283 4613 1529 4671 sumptus
1553 4614 1636 4658 est
1671 4620 1733 4658 ex
1778 4605 1838 4659 ι).
1880 4604 2165 4674 Augustini

585 4672 724 4743 libro
750 4672 817 4724 de
841 4670 1015 4740 Opere
1038 4672 1436 4737 Monachorum,
1465 4690 1582 4743 cap.
1614 4675 1706 4729 l7:
1740 4694 1759 4725 ‹
1790 4670 2009 4729 Cantica
2034 4690 2165 4729 vero

587 4742 765 4795 divina
796 4748 1016 4813 cantare
1038 4744 1200 4796 etiam
1243 4745 1491 4799 manibus
1526 4742 1813 4813 cperantes
1851 4744 2007 4798 facile
2036 4760 2165 4813 pos-

587 4820 729 4875 sunt,
760 4820 814 4865 et
844 4811 1017 4878 ipsum
1046 4813 1279 4867 laborem
1304 4815 1484 4868 divino
1505 4811 1801 4869 celeumate
1829 4811 2115 4869 consolari.
2140 4836 2158 4868 ι

586 4882 835 4955 celeuma
859 4890 942 4955 est
962 4898 1061 4955 vos
1091 4893 1375 4937 nautarum
1399 4900 1457 4939 se
1475 4885 1627 4955 ipsos
1647 4886 1711 4937 ad
1733 4899 1870 4952 opus
1890 4886 2163 4940 nauticum

586 4953 1006 5025 adhortantium.
1031 4953 1174 5008 Idem
1196 4955 1344 5009 locus
1364 4953 1636 5022 profertur
1657 4956 1725 5007 ab
1749 4954 2020 5025 Haymone
2042 4956 2169 5010 [lal-

586 5022 911 5078 berstatensi
943 5022 1037 5077 lib.
1068 5040 1107 5078 tt
1130 5026 1211 5093 de
1241 5025 1530 5084 Varietate,
1571 5039 1687 5093 cap.
1718 5024 1807 5079 50.

658 5093 931 5167 {Sienim
969 5092 1254 5167 circulare;
1287 5094 1543 5167 θίήβίτδς-Σ
1567 5092 1671 5149 etc.
1718 5095 1891 5151 Locus
1919 5106 2169 5167 sumptus

658 5109 685 5132 υ
711 5109 767 5146 δι
797 5109 931 5146 enim
977 5109 1254 5147 circulare:
1373 5109 1496 5161 pres
1520 5135 1532 5152 ,
1567 5109 1671 5149 CIC.
1718 5109 1891 5151 LOCllS
1919 5109 2159 5167 sumptus

587 5162 1058 5237 ex‘D..Angustino
1080 5163 1178 5237 lib.
1195 5109 1472 5237 demere
1495 5163 2034 5237 Monachorum,eap.
2068 5169 2159 5223 i7:

594 5250 614 5283 ι
646 5232 727 5286 An
757 5232 1315 5307 ignoramusopitices
1340 5234 1538 5307 quibus
1570 5238 1819 5307 cantibus
1847 5247 1902 5291 et
1933 5232 2167 5307 plerum-

588 5318 693 5429 que
743 5304 904 5357 etiam
953 5303 1372 5373 turpitudinibus
1424 5304 1806 5361 theatricarum
1858 5303 2163 5362 fabularum

627 5382 791 5427 onent
818 5372 981 5427 corda
1008 5382 1064 5428 et
1092 5373 1299 5429 linguas
1323 5390 1467 5429 suas.
1510 5392 1630 5429 cum
1678 5394 1866 5429 manus
1905 5379 1972 5429 ah
2001 5393 2163 5429 onere

578 5372 791 5429 “donent
818 5372 981 5449 corda
1008 5372 1064 5428 et
1092 5373 1299 5449 linguas
1323 5390 1471 5449 suas,
1510 5392 1630 5431 cum
1678 5394 1866 5449 manus
1905 5379 1972 5432 ah
2001 5393 2165 5449 opere

587 5443 1004 5525 nonrecedant.
1046 5463 1067 5498 ι
1107 5442 1361 5502 Refertur
1404 5448 1566 5503 etiam
1610 5449 1679 5503 ab
1725 5448 1999 5521 Haymone
2014 5442 2163 5504 "loco

591 5523 776 5570 citato.

661 5596 683 5622 ο
724 5586 1056 5658 Quumque
1083 5596 1258 5642 autem
1285 5599 1587 5658 operantur,
1619 5599 1723 5645 etc.
1754 5590 1897 5645 idem
1924 5591 2164 5647 Isidorus

589 5651 683 5728 lib.
721 5672 759 5710 il
800 5656 869 5728 de
904 5651 1054 5713 Ollio.
1082 5659 1213 5713 eecl.
1254 5651 1371 5728 cap.
1415 5660 1498 5714 15.
1530 5651 1666 5727 Quid
1698 5662 1871 5718 simile
1904 5662 2066 5720 habet
2099 5662 2157 5719 S.

592 5722 917 5793 Augustinus
945 5728 1039 5784 lib.
1068 5745 1109 5784 tt
1135 5729 1201 5785 de
1227 5722 1465 5785 Moribus
1491 5722 1764 5788 Ecclesiae.

2267 4535 2405 4606 picta
2443 4533 2654 4606 incipiat
2698 4536 3005 4603 propositus
3045 4536 3338 4604 psatmum,
3380 4549 3428 4588 et
3457 4538 3535 4589 sic
3576 4533 3842 4590 recitante:

2266 4603 2483 4677 pergunt
2508 4603 2577 4677 nd
2613 4605 2986 4677 operationem.

2343 4674 2366 4716 Β
2395 4674 2701 4727 Βσνσὶεαηάο,
2745 4675 2859 4728 Psal
2868 4690 2999 4730 mos.

2335 4746 2367 4821 lt
2393 4746 2470 4797 Ad
2501 4745 2705 4821 celium.
2740 4745 2927 4821 idest,
2968 4746 3459 4821 ad_monasterium
3486 4767 3502 4801 :
3542 4749 3666 4819 quia
3697 4764 3840 4821 egre-

2268 4818 2550 4889 diebantur
2579 4816 2725 4872 foras
2748 4818 2813 4871 ad
2841 4831 2993 4887 Opus.
3030 4817 3160 4889 Vide
3190 4819 3434 4889 superius
3463 4816 3743 4874 annotata.

2344 4889 2363 4961 i_
2390 4887 2763 4961 Consuinntata
2796 4890 3050 4961 oratione.
3080 4888 3133 4941 ια
3159 4887 3269 4953 est,
3292 4890 3539 4945 absoluto
3563 4890 3837 4961 psaltito‘et

2267 4958 2489 5014 collecta
2521 4958 2584 5011 ad
2616 4958 2775 5013 linem
2799 4960 2999 5027 operis.

2340 5028 2354 5079 i
2389 5028 2691 5099 Abtutisque
2714 5029 3118 5096 maritimam
3138 5028 3424 5085 sordidata!
3443 5038 3601 5085 erant
3626 5040 3837 5103 propter

2265 5116 2418 5154 ODUS.
2906 5139 2918 5149 .

2337 5117 2418 5153 us.
2906 5139 2918 5149 .

2300 5116 2365 5213 ph
2395 5168 2681 5237 Confestim
2707 5168 2775 5221 ad
2797 5168 3065 5222 ecclesiam
3095 5170 3422 5225 conveniant.
3449 5169 3673 5225 Sextam
3702 5170 3833 5225 cele-

2263 5240 2488 5313 braturi,
2514 5241 2641 5313 quia
2659 5254 2781 5293 cum
2808 5254 2916 5313 non
2937 5241 3394 5313 intertitittelmtur
3414 5256 3568 5313 Opus,
3592 5242 3835 5296 dicebant

2266 5310 2502 5382 Ter-tam
2534 5311 2585 5382 in
2631 5311 2742 5379 ipso
2771 5311 2953 5378 operis
2985 5312 3141 5375 loco;
3179 5320 3234 5365 et
3270 5310 3644 5368 consummato
3679 5326 3833 5382 opere

2264 5381 2511 5435 redibant
2540 5380 2716 5434 Sexta:
2741 5397 2956 5435 cursum
2987 5384 3180 5437 acturi.

2343 5451 2359 5490 ι
2391 5451 2472 5504 Ad
2515 5450 2835 5525 duodecuma
2867 5453 3108 5523 ofﬁciunt.
3139 5453 3194 5507 id
3221 5462 3335 5518 est,
3371 5453 3438 5509 ad
3472 5456 3718 5525 synaxim
3748 5469 3829 5508 ve-

2262 5525 2556 5597 spertinam
2574 5564 2587 5586 ,
2627 5537 2744 5597 quae
2772 5523 2902 5577 hora
2932 5525 3245 5579 duodecima
3266 5568 3279 5589 ,
3309 5523 3535 5580 cadente
3577 5525 3689 5582 sole
3716 5539 3827 5597 age-

2261 5594 2423 5650 batur
2451 5594 2765 5657 antiquitus,
2794 5603 2851 5646 ut.
2884 5610 3044 5664 supra
3072 5605 3311 5651 notatum
3342 5606 3443 5651 est.

2292 5676 2369 5748 Lm
2392 5664 2484 5717 Sin
2514 5675 2707 5720 autem.
2739 5664 2941 5737 Nempe
2976 5668 3107 5722 nihil
3144 5679 3409 5739 superest,
3445 5668 3589 5742 quod
3616 5680 3826 5724 necesse

2260 5745 2332 5793 sit
2359 5750 2537 5809 agere.
