4066 6342
227 331 370 391 1195

1202 331 1583 391 CONCORDIA
1624 333 2076 392 REGULARUM.
2112 367 2179 378 —
2219 335 2370 392 CAP.
2412 335 2517 393 LV.

3334 332 3473 396 1194

221 449 560 523 expedienda
585 461 704 520 quae
727 454 976 518 suscepta
1006 445 1220 502 fuerant
1255 456 1617 503 revertantur.
1638 459 1664 487 α
1691 446 1801 502 Nec
1827 450 1874 510 Α
1902 449 2051 518 aperi
2081 464 2338 504 manuum
2365 449 2720 505 insistendum
2746 457 2851 513 cst,
2881 457 2942 504 ut
2980 449 3225 506 lectionis
3267 450 3475 508 fructus

221 541 580 600 collocatione
627 553 1076 610 quarumcunque
1114 536 1418 594 fabularum
1456 537 1800 593 saecularium

221 640 576 703 occupentur,
608 631 710 686 nisi
735 629 963 687 fortasse
989 631 1104 686 haec
1124 629 1368 700 proferat
1396 645 1577 685 sermo
1599 629 1798 684 relato-

221 725 324 786 ris,
340 720 484 792 quod
507 720 745 774 animam
769 719 999 776 aedificet
1019 721 1308 776 audientis.
1331 720 1378 773 A
1401 728 1551 775 sexta
1586 733 1802 791 quoque

221 815 358 870 hera
406 827 576 882 usque
605 813 674 866 ad
719 827 916 868 nonam
946 820 1144 867 vacent
1183 811 1354 881 quieti
1390 812 1476 867 vel
1515 813 1678 868 etiam
1722 811 1802 867 le-

219 905 412 963 ctioni.
448 904 578 958 Post
599 905 789 958 horam
815 917 946 958 vero
975 917 1174 958 nonam
1199 918 1372 972 usque
1403 903 1469 957 ad
1498 903 1688 958 horam
1716 902 1803 956 lu-

221 996 458 1053 oernarii
486 997 514 1037 δ
553 1009 740 1050 omnes
775 995 832 1050 in
864 1009 1030 1049 unum
1072 994 1326 1050 solatium
1363 994 1802 1050 commodabunt.

217 1087 432 1148 Hiemis
465 1100 596 1140 vero
634 1093 906 1154 tempore,
945 1083 1227 1138 matutinis
1275 1083 1361 1137 vel
1398 1083 1575 1152 prima
1630 1090 1806 1136 trans-

221 1179 382 1243 actis,
397 1177 649 1232 omnibus
663 1191 832 1245 usque
854 1176 920 1231 ad
943 1175 1156 1231 tertiam
1181 1190 1376 1230 vacare
1395 1174 1712 1230 conceditur
1726 1173 1806 1228 le-

221 1268 412 1324 ctioni.
441 1267 557 1335 Qua
591 1275 966 1322 consummata
985 1307 1000 1332 ,
1031 1274 1309 1338 gratanter
1333 1265 1477 1336 quod
1511 1266 1592 1321 eis
1624 1266 1807 1336 injun-

223 1370 374 1418 ctum
403 1359 564 1415 fuerit
606 1360 830 1429 implere
877 1357 1154 1424 festinent,
1208 1365 1269 1411 ut
1307 1356 1422 1426 jam
1463 1357 1668 1414 dictum
1698 1365 1804 1421 est,

222 1465 397 1520 usque
427 1449 495 1504 ad
529 1450 720 1504 horam
761 1446 1072 1501 lucernarii.
1105 1457 1127 1485 ο
1180 1445 1246 1501 fli
1285 1461 1416 1501 vero
1441 1447 1532 1516 qui
1568 1446 1808 1516 deputati

221 1556 346 1598 esse
382 1541 633 1596 videntur
661 1540 915 1606 culturae,
957 1540 1060 1594 hac
1093 1538 1474 1602 observatione
1511 1538 1808 1609 constringi

223 1649 326 1703 pro
349 1633 529 1702 operis
557 1631 874 1688 assiduitate
898 1645 1005 1685 non
1046 1638 1312 1699 possunt;
1351 1630 1464 1695 sed,
1505 1637 1564 1683 ut
1591 1637 1808 1700 tempus

223 1724 489 1795 exegerit,
520 1731 613 1776 aut
635 1720 787 1777 labor
807 1735 994 1776 eorum
1016 1736 1182 1790 opera
1208 1719 1448 1790 injuncta
1471 1728 1809 1775 monstrave-

1902 555 2007 594 non
2032 540 2332 606 omittatur,
2366 543 2458 597 sed
2496 550 2698 596 statuto
2725 549 2964 610 tempore
3006 543 3155 612 operi
3198 543 3355 598 detur
3391 545 3476 599 in-

1903 628 2090 691 tentio,
2119 643 2183 681 ac
2210 630 2461 700 deinceps
2480 630 2701 686 lectioni
2731 631 2924 686 divinae
2945 640 3180 685 vacetur.
3221 631 3477 704 Operatio

1903 732 2159 771 manuum
2198 719 2268 773 ab
2297 720 2430 774 hora
2478 721 2712 775 secunda
2755 729 2934 774 sumat
2977 721 3280 785 exordium,
3323 731 3379 777 et
3420 724 3476 778 iu

1903 811 2094 865 horam
2139 825 2336 867 nonam
2386 811 2546 868 finem
2597 812 2826 883 accipiat
2855 828 2869 867 :
2907 813 2974 868 ab
3009 815 3144 869 hora
3174 829 3304 869 vero
3337 830 3479 871 nona

1902 902 2064 958 lectio
2103 905 2354 960 usitetur.
2403 905 2471 959 Et
2523 905 2569 961 si
2617 905 2904 975 aliquando
2949 907 3224 977 pr0prium
3262 907 3489 978 aliquod,

1904 1006 2038 1064 Opus
2062 993 2364 1049 faciendum
2384 1004 2474 1050 aut
2494 996 2802 1051 vestimenti
2822 997 3115 1052 consuendi
3137 999 3220 1053 vel
3242 998 3479 1067 lavandi,

1905 1091 1998 1137 aut
2021 1085 2297 1152 quodlibet
2331 1086 2475 1141 aliud
2498 1102 2651 1157 opus,
2693 1102 2789 1156 pcr
2829 1089 3058 1152 abbatis,
3095 1089 3178 1146 vel
3209 1091 3484 1161 prmpositi

1905 1182 2265 1229 commeatum
2290 1175 2508 1230 faciant.
2541 1175 2608 1230 Et
2636 1178 2681 1231 si
2709 1176 2847 1232 forte
2863 1193 2999 1247 opus
3028 1190 3050 1218 ε
3075 1178 3270 1236 fortius
3291 1196 3486 1251 super-

1905 1261 2148 1326 venerit,
2180 1272 2240 1316 ut
2271 1264 2534 1318 maturius
2578 1265 2842 1334 arripiant
2871 1267 3107 1336 operari,
3141 1269 3228 1323 vel
3263 1280 3485 1340 propter

1907 1348 2207 1406 ferventem
2234 1362 2446 1418 aestum,
2489 1355 2592 1409 hoc
2623 1356 2836 1411 abbatis
2872 1356 3098 1413 arbitrio
3136 1360 3487 1416 consideran-

1908 1441 2033 1495 dum
2059 1451 2165 1508 est,
2203 1451 2263 1497 ut
2302 1445 2596 1498 secundum
2623 1444 2764 1514 quod
2796 1453 3006 1516 tempus
3035 1448 3219 1518 exigit,
3253 1458 3346 1504 aut
3376 1449 3488 1506 for—

1908 1530 2064 1586 tioris
2086 1531 2285 1587 laboris
2305 1535 2536 1603 pondus,
2560 1535 2646 1588 vel
2669 1535 2736 1588 ad
2764 1544 2997 1601 sextam,
3027 1547 3085 1592 ut
3102 1539 3249 1610 juste
3271 1537 3490 1609 judica—

1909 1621 2070 1684 verit,
2105 1620 2173 1674 ab
2193 1636 2357 1690 opere
2387 1624 2458 1677 sit
2485 1625 2891 1692 quiescendum,
2915 1634 2970 1680 et
2991 1637 3106 1696 post
3137 1630 3372 1698 quietem
3399 1632 3488 1686 vel

1908 1713 2258 1768 refectionem
2294 1729 2465 1783 usque
2484 1715 2554 1768 ad
2575 1730 2854 1784 vesperam
2882 1717 2954 1772 sit
2973 1719 3326 1788 cperandum.
3358 1720 3493 1776 illud

223 1817 317 1882 rit,
359 1816 439 1871 sic
469 1814 902 1872 consideratione
930 1812 1206 1883 praapositi
1244 1812 1630 1882 gubernentur,
1661 1810 1805 1866 binis
1833 1803 1879 1862 B
1908 1803 2051 1859 inter
2089 1804 2269 1858 omnia
2316 1803 2400 1859 νει
2430 1805 2617 1870 abbas,
2655 1807 2699 1861 Si
2739 1823 2978 1878 Pl‘ﬂlsens
3005 1811 3188 1874 Ιύθΐίῑν
3221 1822 3492 1878 coerceat.

223 1916 282 1963 et
309 1908 411 1978 ipsi
447 1908 600 1962 horis
643 1905 862 1962 lectioni
911 1904 1261 1959 nihilominus
1289 1903 1550 1959 vacaturi.
1583 1901 1809 1969 Quando

222 2014 430 2054 messes
473 2007 528 2055 et
575 1997 859 2053 vindemiae
902 1995 1246 2066 colliguntur,
1292 1995 1376 2050 his
1404 1995 1460 2048 in
1486 1994 1596 2060 die,
1621 1994 1676 2049 id
1703 2003 1806 2060 est,

224 2093 360 2147 hora
401 2101 552 2148 sexta
601 2100 656 2146 et
701 2091 1016 2146 duodecima
1047 2129 1062 2155 ,
1112 2088 1464 2144 refectionem
1514 2089 1807 2159 accipiant.

221 2183 427 2251 Quarta
454 2198 584 2237 vero
611 2189 668 2237 et
697 2187 851 2236 sexta
880 2179 1015 2235 feria
1035 2179 1109 2234 ita
1134 2179 1403 2233 moderari
1432 2192 1598 2247 opera
1624 2177 1810 2244 debet,

224 2283 310 2341 ut,
337 2276 384 2331 si
425 2274 544 2329 fieri
584 2280 786 2345 potest,
818 2281 1020 2328 statuta
1043 2270 1249 2343 jejunia
1275 2284 1383 2327 non
1411 2268 1687 2337 amittant,
1715 2273 1812 2328 sed

221 2365 497 2428 universa,
527 2372 688 2434 prout
717 2362 922 2418 utilitas
941 2370 1034 2416 aut
1054 2362 1207 2416 labor
1234 2362 1500 2433 exegerit,
1531 2361 1605 2416 ita
1633 2362 1812 2417 senio-

221 2455 300 2511 ris
313 2453 518 2524 judicio
548 2454 916 2522 disponantur.
953 2451 1122 2506 Nemo
1147 2461 1326 2507 tamen
1345 2459 1500 2506 extra
1534 2459 1810 2506 monaste-

223 2545 368 2601 rium
395 2544 683 2599 manducet
705 2551 798 2597 aut
825 2542 1007 2608 bibat;
1037 2542 1141 2597 hoc
1164 2541 1311 2597 enim
1341 2539 1562 2612 Regula:
1590 2556 1698 2597 non
1720 2557 1810 2598 re-

224 2636 356 2707 cipit
380 2634 682 2705 disciplina,
709 2641 770 2689 ut
794 2632 879 2688 vel
905 2649 1067 2704 poma
1094 2632 1219 2688 vilia
1249 2641 1553 2688 sumantur.
1596 2631 1809 2705 Aquam

224 2726 400 2799 ipsam
437 2733 564 2782 ante
605 2723 958 2781 refectionem
989 2707 1284 2796 legitimam
1310 2723 1499 2780 bibere
1529 2739 1638 2779 non
1670 2739 1812 2796 prae-

227 2826 518 2978 διξωὶῗιῐξῗι.
542 2930 614 2946 -ι-
634 2901 715 2960 Ex
740 2903 960 2960 Recens
982 2918 1246 2960 cuwsou
1270 2902 1473 2958 PATRIS
1495 2902 1633 2975 (cap.
1662 2902 1770 2976 12).

297 2997 642 3069 Operandum
688 3010 923 3064 namque
973 3002 1058 3050 est
1110 2994 1258 3049 omni
1318 3002 1560 3065 tempore
1605 3003 1806 3064 prmter

226 3091 345 3146 dies
393 3090 596 3154 festos,
647 3097 710 3144 ut
755 3087 1019 3144 habeatur
1067 3085 1153 3142 vel
1194 3085 1429 3156 propriae
1463 3084 1804 3141 necessitatis

1913 1905 2006 1951 aut
2043 1897 2382 1966 pnepositus,
2427 1893 2518 1967 Qui
2545 1897 2661 1968 ejus
2683 1899 2799 1954 vice
2842 1900 3184 1972 relinquitur,
3215 1912 3275 1957 ut
3312 1904 3492 1960 nullus

1911 1990 2125 2060 penitus
2148 1992 2444 2046 monachus
2469 1990 2666 2048 fabulis
2693 1993 2884 2048 otiosis
2911 2003 3109 2065 praeter
3129 1997 3496 2052 necessariam

1913 2080 2393 2150 interrogationem
2442 2097 2638 2138 vacare
2683 2085 3068 2154 permittatur,
3122 2086 3216 2142 sed
3271 2087 3325 2142 in
3378 2089 3496 2159 ipso

1912 2185 2076 2240 opere
2098 2186 2354 2226 manuum
2378 2172 2556 2244 operis
2579 2173 2672 2228 Dei
2695 2175 2996 2231 recordatio
3019 2184 3285 2232 teneatur.
3312 2178 3364 2233 ld
3387 2186 3493 2244 est,

1913 2266 1974 2314 ut
2016 2259 2143 2314 dum
2196 2261 2434 2316 exterius
2479 2275 2574 2330 per
2622 2264 2972 2334 temporalem
3030 2268 3496 2337 opportunitatem

1913 2365 2107 2406 manus
2131 2353 2384 2423 operibus
2416 2366 2772 2424 occupantur,
2802 2342 3031 2414 interius
3057 2375 3212 2416 mens
3241 2377 3362 2416 cum
3398 2362 3502 2416 lin-

1914 2453 2032 2508 gua:
2061 2443 2409 2498 meditatione
2436 2444 2767 2513 psalmorum
2796 2461 2861 2502 ac
2887 2449 3278 2518 scripturarum
3306 2467 3496 2508 recor-

1912 2532 2128 2588 datione
2155 2533 2446 2590 dulcescat.
2499 2533 2634 2592 Nam
2662 2535 2709 2594 si
2739 2537 2971 2595 violator
2998 2541 3158 2613 hujus
3190 2543 3389 2614 regulze
3414 2543 3497 2598 fa-

1911 2622 2186 2679 bulatione
2211 2625 2524 2690 delectetur,
2552 2628 2750 2685 silentii
2779 2645 2939 2700 paena
2967 2635 3279 2705 castigetur.
3326 2635 3501 2691 Focos

1911 2728 2045 2769 vero
2079 2714 2094 2752 ί
2131 2714 2186 2769 in
2215 2715 2400 2770 schola
2431 2719 2762 2788 poeuitentes
2791 2720 2859 2792 (si
2898 2720 3122 2796 fuerint)
3153 2725 3264 2780 bini
3304 2733 3359 2780 et
3386 2725 3500 2782 bini

1912 2821 2011 2877 per
2054 2806 2422 2863 hebdomadas
2449 2808 2688 2866 faciant.
2713 2811 2992 2869 Similiter
3021 2817 3045 2856 ⁸
3081 2817 3148 2870 ad
3187 2827 3352 2887 caput
3388 2817 3502 2873 fra-

1917 2903 2058 2953 trum
2101 2896 2393 2952 lavandum
2431 2913 2531 2968 per
2573 2900 2784 2972 singula
2814 2905 3060 2972 sabbata,
3091 2907 3119 2946 h
3157 2907 3241 2963 vel
3277 2907 3503 2965 balnea-

1912 3001 2032 3041 rum
2059 3002 2189 3042 usus
2219 3003 2315 3058 per
2349 2987 2515 3044 festas
2544 2990 2915 3049 solemnitates
2946 3005 3288 3068 prreparent;
3342 3001 3358 3040 i
3404 3007 3506 3056 aut

1911 3081 1958 3138 si
2013 3091 2139 3138 sunt
2195 3083 2298 3138 alia
2342 3092 2600 3150 extrema,
2642 3086 2968 3156 pcenitentes
3003 3087 3225 3156 faciant,
3267 3096 3328 3144 ut
3373 3091 3502 3148 dum

227 3196 381 3250 usus,
409 3182 497 3238 vel
517 3181 704 3254 egenis
732 3180 876 3236 unde
901 3178 1061 3235 detur
1087 3176 1115 3218 ά
1139 3177 1478 3249 suffragium.
1506 3176 1598 3234 Sic
1625 3185 1804 3233 tamen
1833 3177 1877 3241 C
1909 3183 2091 3241 mente
2119 3175 2308 3232 humili
2333 3185 2387 3234 et
2411 3178 2645 3235 contrito
2665 3179 2830 3235 corde
2857 3180 2972 3236 haec
2993 3191 3216 3252 propter
3245 3183 3492 3241 timorem

303 3391 327 3420 ο
373 3379 485 3435 Nec
511 3379 852 3450 collocutianc
872 3392 1301 3450 quarumcunque
1328 3377 1632 3450 fabularum
1649 3393 1814 3434 mea.

226 3450 425 3504 larium
446 3459 789 3518 occupentur.
823 3447 969 3518 idem
989 3447 1236 3518 praecipit
1253 3447 1309 3503 S.
1330 3447 1680 3515 'Pachomius,
1703 3457 1810 3502 art.

224 3521 297 3576 35
329 3534 343 3572 :
381 3537 398 3587 ι
428 3516 729 3587 Operantes
760 3518 896 3572 nihil
926 3516 1214 3586 loquantur
1245 3518 1524 3572 saaculare.
1565 3537 1585 3569 ι

301 3591 329 3629 ι)
368 3586 560 3642 Omnes
586 3589 641 3640 in
680 3603 844 3640 unum
879 3587 1126 3641 solatium
1156 3587 1578 3641 commodabunt.
1621 3586 1676 3641 ld
1707 3595 1812 3652 est,

225 3658 388 3715 simul
419 3658 739 3712 laborabunt
764 3671 823 3712 se
850 3666 1036 3712 mutuo
1059 3653 1379 3728 adjuvando.
1421 3656 1686 3712 Solatium
1713 3658 1815 3712 hoc

225 3730 350 3785 loco
373 3736 457 3784 est
487 3728 768 3792 auxilium.

301 3811 323 3838 ο
359 3798 433 3852 lli
465 3815 582 3853 vero
605 3798 694 3868 qui
719 3797 955 3869 deputati
979 3814 1088 3853 esse
1113 3797 1350 3852 videntur
1375 3795 1615 3869 c_uf_turw_.
1646 3797 1818 3869 Agro-

227 3885 367 3924 rum.
395 3869 539 3924 ldem
566 3866 756 3922 statuit
781 3866 838 3923 S.
862 3866 1168 3934 Ferreolus,
1195 3881 1314 3937 cap.
1346 3867 1416 3921 26
1443 3867 1656 3937 Regulae
1679 3866 1810 3923 suae.

299 3885 367 3924 m.
396 3881 539 3924 luem
566 3881 756 3922 statuit
781 3881 838 3923 δ.
863 3881 1168 3934 r'erreotus,
1195 3881 1314 3990 cap.
1346 3881 1416 3921 ‘zo
1443 3881 1656 3937 negmae
1679 3884 1810 3923 suae.

299 3939 325 3978 ἀ
367 3938 715 4010 Suﬂragium.
760 3937 1086 4010 Suffragium
1129 3940 1245 4010 hoe
1285 3953 1384 3993 oco
1411 3946 1497 3992 est
1531 3937 1812 4010 alimonia,

228 4009 572 4065 sustentatio.
628 4009 706 4063 fta
761 4010 815 4062 in
869 4008 1100 4064 concilio
1154 4008 1412 4064 Toletauo
1460 4024 1544 4073 ιιι,
1582 4022 1703 4078 cap.
1739 4009 1811 4063 ὅτ

234 4100 252 4133 ι
297 4081 420 4136 Ηωο
459 4087 646 4150 sancta
690 4078 934 4150 synodus
969 4079 1098 4134 nulli
1126 4080 1502 4150 episcoporum
1540 4078 1815 4150 licentiam

229 4151 421 4205 tribuit
448 4165 536 4204 res
559 4148 798 4204 alienare
827 4148 1088 4220 ecclesim,
1111 4149 1367 4220 quoniam
1389 4157 1443 4204 et
1469 4149 1706 4220 antiquis
1725 4166 1816 4205 ca-
1849 4171 1866 4193 ο

228 4220 460 4275 nonibus
483 4221 587 4275 hoc
613 4220 949 4289 prohibetur.
979 4219 1036 4274 Si
1058 4219 1184 4286 quid
1208 4235 1338 4274 vero
1358 4219 1502 4288 Quod
1524 4219 1811 4274 utilitatem

227 4306 336 4361 non
365 4301 551 4360 gravet
579 4288 821 4361 ecclesiae
864 4305 960 4358 pro
987 4290 1242 4361 suffragio
1299 4288 1686 4361 rucnachorum
1729 4289 1814 4342 vel

227 4356 582 4443 ecclesiarum
613 4360 681 4413 ad
707 4356 1198 4430 suam—parochiam
1226 4356 1616 4431 pertinentium
1647 4360 1814 4415 dede-

229 4432 358 4496 rint,
383 4431 596 4484 firmum
629 4439 860 4484 maneat.
903 4450 920 4482 ι

305 4512 330 4539 ο
368 4499 607 4554 Fortius.
642 4499 698 4553 lzl
727 4509 831 4565 est,
862 4498 1058 4568 majus,
1089 4499 1378 4556 difficilius.

303 4569 325 4609 ί
365 4569 433 4623 In
458 4569 658 4624 schola.
695 4569 752 4623 Id
777 4580 878 4631 est,
907 4571 962 4625 in
990 4571 1330 4638 dormitorio,
1367 4580 1425 4625 ut
1455 4585 1619 4640 supra
1647 4578 1806 4626 nota-

231 4648 344 4695 tum
374 4650 477 4695 est.

305 4712 330 4749 ε
371 4711 448 4781 At!
502 4719 656 4781 caput
715 4711 941 4780 fratrum
995 4710 1303 4766 lavandum.
1361 4710 1501 4767 Olim
1556 4711 1809 4766 monachi

231 4789 396 4852 caput
424 4779 675 4836 lavabaut
699 4779 895 4852 ,iiquod
927 4789 1146 4852 apparet
1171 4797 1235 4836 ex
1269 4797 1372 4836 ms.
1407 4781 1463 4835 S.
1490 4781 1808 4836 Columlaui

229 4849 592 4906 Pmnitentiali
624 4865 638 4904 :
677 4870 695 4901 ι
729 4849 1065 4906 Ρὰεηίιθιὶιθδ
1103 4849 1299 4906 fratres
1323 4891 1337 4916 ,
1369 4852 1616 4920 quamvis
1645 4865 1809 4920 opera

230 4920 464 4975 difficilia
495 4932 550 4976 et
578 4922 794 4979 sordida
819 4920 1088 4985 efficiant,
1117 4937 1222 4976 non
1253 4922 1433 4976 lavent
1462 4923 1637 4989 capita
1661 4959 1675 4984 ,
1704 4923 1807 4976 nisi

234 4991 286 5045 in
329 4992 415 5046 die
442 4992 743 5055 Dominico,
781 4991 833 5046 id
862 5001 978 5056 est,
1007 4999 1218 5045 octavo.
1250 4990 1345 5046 Sin
1377 4997 1590 5050 autcm‘,
1622 4991 1722 5044 nisi
1752 4993 1808 5045 in

233 5070 423 5132 quinto
451 5061 661 5116 decimo
687 5061 800 5125 die,
837 5070 928 5115 aut
957 5070 1104 5116 certe
1146 5070 1369 5132 propter
1395 5061 1672 5115 fluentium
1714 5076 1806 5116 ca-

234 5131 486 5202 pillorum
515 5133 929 5186 incrementum.
970 5151 987 5183 ι

305 5203 331 5241 ιι
380 5201 789 5272 γειὸαιηεαιτμιη
815 5218 940 5255 usus
951 5218 1042 5271 per
1053 5200 1213 5270 festas
1227 5201 1596 5272 solemnitates.
1625 5199 1683 5254 lu
1705 5215 1806 5255 ms.

233 5270 544 5343 Concordiae
567 5270 764 5341 legitur
784 5287 876 5343 per
919 5270 1337 5343 fectas_,rreposui
1372 5286 1464 5343 per
1502 5271 1688 5343 festas,
1716 5279 1810 5343 aut

234 5357 366 5397 sane
389 5341 672 5413 legendum
700 5341 792 5413 per
815 5349 1004 5396 certas.
1029 5341 1169 5396 Olim
1194 5342 1442 5396 monachi
1471 5349 1524 5394 et
1545 5341 1809 5413 tnoui_alcs

234 5410 558 5482 quibusdam
589 5410 1017 5467 soleumitatibus
1044 5413 1390 5476 instantibus,
1417 5410 1648 5465 maxime
1679 5411 1810 5466 Pas-

234 5481 350 5537 elue
375 5492 431 5537 et
461 5482 656 5538 natalis
682 5483 915 5547 Domini,
937 5481 1144 5537 balneis
1167 5485 1474 5536 utebantur.
1507 5481 1809 5536 Concordia

237 5551 296 5606 S.
331 5553 613 5624 Dunstani,
637 5568 756 5624 cap.
779 5555 815 5609 5
842 5568 867 5624 εί
894 5571 912 5603 ι
939 5551 1130 5624 Qrucis
1156 5567 1285 5624 vero
1312 5551 1662 5624 veneratione
1687 5564 1812 5621 per-

238 5632 358 5694 acta
401 5623 660 5694 (loquitur
702 5623 772 5678 de
819 5623 906 5677 die
946 5623 1319 5694 Parasceves),
1353 5623 1547 5694 quibus
1581 5637 1811 5694 vacuum

238 5692 422 5759 fuerit,
469 5693 704 5748 ministri
733 5693 818 5747 vel
855 5693 1007 5764 pueri
1043 5709 1101 5748 se
1137 5692 1358 5757 radaut.
1376 5701 1431 5748 et
1457 5693 1727 5764 balneent,
1767 5692 1811 5764 si

242 5772 389 5819 tanta
422 5765 584 5820 fuerit
622 5765 818 5819 cohors
846 5762 1153 5829 societatis,
1179 5772 1239 5818 ut
1263 5762 1471 5820 sabbati
1494 5763 1716 5819 crastini
1748 5762 1812 5816 ad

597 5884 874 5942 Ριιτιιοῐ..
913 5880 1073 5942 Clll.

1913 3370 2020 3447 hoc
2059 3385 2168 3447 non
2227 3368 2458 3447 sufficiat
2502 3371 2636 3427 dies.
2675 3391 2694 3425 ι
2742 3371 3102 3447 Lantf‘rancus
3146 3377 3199 3432 in
3228 3378 3494 3447 Decretis,

1915 3455 1964 3520 ε.
2000 3440 2066 3520 1,.
2086 3439 2210 3520 με
2249 3458 2268 3490 ε
2299 3439 2492 3520 Vigilia
2515 3451 2715 3520 _tamen_
2743 3445 2970 3520 apostoli
3001 3446 3266 3520 (Thomas)
3305 3450 3350 3504 si
3382 3439 3499 3507 dies

1915 3508 2228 3582 Dominicus
2256 3508 2585 3582 nop'fuerit,
2621 3508 2883 3568 radantur
2921 3508 3141 3582 fratres,
3186 3508 3260 3572 ut'
3289 3520 3502 3580 duobus

1916 3578 2105 3634 diebus
2151 3587 2276 3634 ante
2317 3580 2648 3638 Dominicam
2689 3582 2998 3639 Nativitatis
3033 3578 3142 3640 sint
3169 3603 3357 3645 omnes
3386 3578 3502 3647 bal-

1915 3650 2082 3724 neati.
2118 3649 2174 3724 Si
2204 3664 2426 3706 necesse
2452 3654 2540 3718 sit,
2575 3653 2693 3722 ipso
2727 3655 3033 3724 apostolicae
3065 3655 3376 3716 festivltatis
3412 3663 3502 3717 die

1915 3720 2153 3802 balneari
2177 3729 2422 3802 possunt.
2462 3743 2481 3775 ι
2507 3720 2700 3802 Postea
2727 3720 3054 3781 describitur
3076 3729 3266 3802 modus
3293 3731 3345 3802 in
3370 3732 3502 3802 ipsis

1915 3791 2124 3868 balneis
2145 3794 2560 3868 tenendus;_et§
2585 3793 2638 3868 4,
2664 3796 2733 3868 de
2743 3804 2999 3868 tempore
3028 3800 3297 3868 passionis
3318 3791 3502 3858 DJmi-
3583 3821 3599 3835 ι
3659 3809 3668 3816 “

1915 3863 2073 3917 nicat.
2107 3880 2125 3911 ι
2156 3861 2311 3916 Feria
2337 3864 2494 3918 tertia
2535 3861 2757 3920 radendi
2792 3861 2920 3921 sunt
2954 3861 3150 3925 fra'tres
3184 3871 3236 3925 in
3263 3872 3501 3930 claustro

1916 3932 2077 3988 simul
2126 3932 2241 4002 ipsa
2285 3935 2393 3994 die.
2437 3943 2492 3989 et
2531 3937 2585 3990 in
2628 3936 2866 3991 crastina
2909 3939 3109 3994 debent
3143 3954 3265 3996 esse
3307 3942 3497 4000 balnea

1914 4013 2238 4075 prmparata.
2270 4024 2288 4058 ι
2331 4005 2543 4061 Rituale
2573 4022 2674 4062 ms.
2708 4009 3021 4064 monasterii
3051 4010 3285 4066 Culturae
3324 4014 3502 4070 Ceno-

1914 4076 2226 4140 manensis,
2271 4075 2413 4146 quod
2472 4077 2812 4134 usitatorium
2869 4089 3065 4135 vocant
3109 4097 3124 4135 :
3190 4102 3208 4135 ι
3255 4083 3500 4141 Balnetia

1913 4147 2114 4269 anima.
2126 4147 2210 4202 vel
2231 4155 2422 4230 quarta
2446 4148 2532 4202 die
2553 4157 2880 4218 peragautur
2901 4153 3082 4206 omnia
3103 4147 3316 4236 lucente
3341 4158 3446 4212 die.
3473 4178 3493 4209 ι

1959 4217 2058 4269 eda
2083 4217 2205 4269 ltbr.
2236 4234 2289 4269 1v
2314 4216 2452 4269 Hist.
2482 4219 2666 4269 Annl.-
2701 4235 2750 4269 (ε.
2797 4220 2883 4269 19.
2912 4221 2977 4269 de
2999 4232 3182 4269 sancta
3224 4225 3493 4269 Edlldridn

1959 4217 2058 4294 eda
2080 4217 2205 4294 libr.
2236 4216 2289 4273 tv
2314 4216 2452 4294 l_list.
2482 4216 2666 4294 Angl.,
2694 4216 2777 4294 c.__
2797 4220 2982 4294 f9,‘dc_
2999 4232 3184 4294 sancta
3221 4225 3497 4281 Edildrida

1914 4287 2187 4362 abbatissa
2212 4306 2226 4342 :
2268 4294 2285 4340 ἰ
2323 4287 2645 4362 Raroque'in
2677 4289 2868 4362 calidis
2896 4290 3104 4346 balneis
3127 4333 3141 4356 ,
3171 4305 3368 4362 praeter
3397 4296 3496 4350 im-
3530 4299 3532 4302 ’

1914 4358 2246 4432 minentibus
2295 4358 2926 4432 solemuiisimajoribus,
2958 4362 3108 4432 verbi
3138 4358 3329 4432 gratia,
3364 4365 3498 4420 Pas-

1915 4427 2468 4500 clim_,___Penwcostes
2498 4470 2512 4492 ,
2559 4430 2872 4500 Epiphania:
2898 4471 2912 4495 ,
2964 4427 3165 4485 lavari'
3189 4433 3438 4489 voluerit.
3474 4455 3493 4486 ›

1833 4529 1886 4589 1)
2012 4497 2307 4589 Wheat}:
2337 4509 2546 4589 "una?
2563 4496 2877 4589 taeniae},
2893 4502 3222 4589 "erectio
3243 4503 3324 4585 .S-
3349 4505 3498 4589 ,σξιυί

1913 4577 1997 4622 ter
2017 4571 2333 4637 quotannis,
2362 4571 2430 4624 de
2453 4571 2670 4624 licentia
2699 4570 2912 4625 abbatis
2942 4571 3048 4636 sui,
3081 4572 3286 4630 balneis
3309 4578 3499 4630 uteba-

1914 4646 2019 4708 tur,
2056 4647 2116 4693 ut
2153 4641 2206 4694 in
2233 4639 2351 4708 ejus
2389 4639 2540 4695 Actis
2573 4641 2808 4695 habetur
2837 4659 2848 4694 :
2883 4641 3108 4696 forsitan
3154 4644 3274 4700 istis
3305 4646 3498 4702 diebus

1912 4707 2153 4775 Paschze,
2201 4707 2548 4766 Pentecostcs
2594 4721 2648 4766 et
2687 4711 3001 4781 Epiphania:
3049 4713 3395 4781 instantibus,
3438 4728 3500 4773 ut

1910 4781 2189 4848 probabile
2230 4785 2332 4836 est.
2377 4781 2560 4851 Neque
2587 4783 2704 4837 hanc
2750 4781 2966 4852 Regula:
2999 4781 3056 4838 S.
3094 4783 3366 4842 Benedicti
3397 4788 3492 4841 ad-

1908 4859 2219 4921 versantur,
2264 4853 2354 4921 qui
2391 4869 2499 4907 uou
2529 4853 2750 4907 omnino
2771 4851 2813 4908 ’a
2840 4851 2994 4908 sanis
3027 4853 3275 4910 balneum
3321 4871 3498 4911 remo-

1909 4920 2006 4981 vit,
2036 4924 2128 4975 sed
2158 4920 2366 4978 tardius
2390 4923 2792 4978 concedendum
2830 4924 3018 4979 edixit.
3058 4928 3169 4980 Nec
3201 4927 3494 4991 immerito,

1916 4991 2041 5060 quia
2077 4991 2144 5045 ad
2170 4991 2474 5061 pellendum
2507 5004 2573 5048 ex
2600 4995 2780 5048 animo
2821 5009 3105 5049 mmrorem
3134 4997 3406 5062 conducit,
3440 5007 3501 5053 ut

1917 5070 2102 5137 notum
2134 5071 2218 5117 est
2241 5081 2309 5118 ex
2342 5064 2399 5137 ὃ.
2426 5064 2728 5137 Augustino
2758 5063 2850 5137 lib.
2883 5080 2951 5137 1x_
2967 5063 3206 5130 Confes.,
3232 5081 3351 5137 cap.
3379 5068 3448 5122 12
3477 5085 3494 5122 :

1921 5132 2277 5218 g.\"isum.cs_t
2303 5134 2466 5218 etiam
2495 5132 2660 5216 inihi,
2687 5144 2746 5188 ut
2770 5134 3193 5218 iremnlavatum,
3225 5132 3366 5218 quod
3397 5153 3494 5218 au-_

1914 5199 2119 5275 dieram
2168 5203 2292 5258 inde
2331 5205 2541 5260 balneis
2590 5220 2783 5260 nomen
2825 5204 3110 5275 inditum:
3160 5199 3286 5275 quia
3317 5206 3497 5264 Graeci

1915 5271 2180 5346 βαλανεῖον
2194 5275 2447 5346 dixerint,
2476 5277 2616 5346 quod
2631 5276 2959 5346 anxietatem
2975 5274 3137 5344 pellat
3151 5271 3218 5330 ex
3243 5278 3444 5333 animo.
3467 5299 3487 5332 ι

1994 5346 2008 5385 i
2045 5345 2144 5418 Aut
2169 5345 2214 5418 si
2241 5355 2360 5399 sunt
2392 5345 2762 5418 aliaextrema
2790 5345 3383 5418 facienda,_pwnitentes
3411 5349 3500 5418 fa-

1915 5413 2101 5486 ciams
2130 5414 2270 5470 idem
2309 5416 2649 5486 praestabant
2691 5413 3018 5486 poenitentcs
3063 5413 3116 5486 in
3165 5413 3494 5473 monasterio

1915 5481 1972 5538 S.
2009 5481 2351 5550 Columbani,
2385 5495 2444 5540 ut
2479 5487 2611 5541 satis
2641 5481 2812 5556 liquet
2843 5501 2910 5540 ex
2940 5483 3055 5553 rjus
3081 5485 3444 5556 Pu'nitentiali
3474 5505 3490 5546 :

1919 5555 2278 5626 (Pmniteutes
2307 5556 2519 5619 fratres,
2549 5555 2796 5626 quamvis
2822 5570 2984 5625 opera
3019 5555 3256 5613 difficilia
3286 5567 3341 5613 et
3368 5574 3490 5614 sor-

1914 5625 2036 5751 diila
2087 5625 2321 5684 efIiciant
2348 5667 2362 5694 ,
2412 5647 2430 5680 ι
2481 5625 2586 5684 etc.
2619 5643 2633 5694 ;
2673 5635 2904 5682 extrema
2945 5627 3046 5682 hoc
3096 5626 3250 5695 loco,
3291 5629 3346 5685 id
3385 5639 3490 5696 cst,

1915 5713 2058 5751 vna.

1915 5713 2058 5754 γιιιει.

3026 5875 3100 5936 38
