4066 6342
543 327 578 390 ’ί
593 332 693 389 l99

1432 328 1490 386 S.
1507 404 1511 409 .
1530 329 1890 387 BENEDICTI
1925 329 2216 387 ABBATIS
2254 327 2662 385 ANIANENSIS

3660 337 3822 395 1200

543 443 794 502 omnibus
827 443 1191 509 subtrahatur,
1221 443 1423 515 absque
1458 443 1711 510 inﬁmis,
1739 452 1795 500 et
1821 444 2117 501 infantibus
2144 451 2195 510 Α
2218 443 2349 499 mini
2379 443 2575 522 debent
2609 443 2664 498 in
2690 443 2899 500 Pascha
2936 444 3107 502 laztari
3130 461 3253 503 cum
3287 448 3526 515 Christo,
3554 451 3653 522 qui
3678 467 3821 508 cor-

543 535 685 591 intra
716 534 998 590 duodecim
1035 522 1226 600 annos,
1275 543 1330 589 et
1375 536 1526 591 senio
1561 533 1676 605 jam
1706 536 1950 593 defessis.
2005 537 2111 593 Sed

538 623 648 681 hoc
673 625 738 679 de
765 624 992 679 inlimis
1011 625 1316 681 consideret
1350 625 1538 691 abbas,
1564 641 1635 681 ne
1661 626 1857 697 aliquis
1883 627 2114 684 mentia-

540 721 632 770 tur
649 723 704 769 et
727 713 895 784 tingat
918 713 1211 769 infirmum.
1234 714 1432 771 Firmis
1456 730 1587 771 vero
1611 716 1697 772 ve‘l
1715 732 1814 772 suo
1841 725 1965 774 voto
1986 718 2112 774 abs-

541 805 840 861 tinentibus
888 806 1044 861 mista
1090 806 1294 862 salibus
1321 817 1348 847 ει
1375 822 1500 862 cum
1541 808 1740 864 cimino
1773 807 1859 865 vel
1898 809 2005 879 apii
2029 823 2115 864 se-

538 894 685 951 mine
697 894 867 951 calida
879 910 1018 967 aqua
1036 896 1347 951 misceatur.
1366 895 1557 952 Oleum
1569 913 1677 953 non
1689 899 1744 953 in
1766 899 2004 966 cacabis,
2018 900 2113 955 sed

539 988 595 1043 in
632 988 851 1045 ferculis
880 997 1100 1059 propter
1143 989 1476 1045 abstinentes
1526 992 1790 1047 mittatur.
1823 991 1923 1059 Qui
1948 992 2116 1047 absti-

535 1087 729 1157 nentes
743 1079 797 1134 in
820 1080 951 1150 ipsis
967 1087 1147 1135 tamen
1170 1081 1376 1136 mensis
1389 1081 1655 1137 decadum
1669 1097 1888 1138 suarum
1903 1082 1955 1155 [ιι
1970 1083 2113 1153 quod

535 1171 592 1227 in
605 1156 791 1227 mensa
806 1186 925 1240 quae
946 1170 999 1225 in
1026 1186 1124 1226 suo
1146 1187 1371 1228 numero
1384 1172 1626 1245 fuerunt]
1642 1174 1982 1230 ordinatione
1990 1173 2074 1229 Ma
2087 1205 2113 1215 -

526 1268 667 1339 joris
688 1267 843 1338 juxta
874 1266 1167 1336 jubeantur
1192 1270 1383 1326 sedere
1419 1288 1433 1324 :
1457 1278 1519 1326 ut
1538 1271 1877 1327 abstinentes
1914 1272 1980 1327 de
2004 1287 2113 1327 una

534 1375 725 1416 mensa
748 1360 803 1415 in
830 1375 938 1415 una
965 1361 1250 1416 comedunt
1275 1360 1517 1417 scutella.
1548 1361 1673 1416 Ideo
1702 1362 1847 1416 enim
1876 1363 2113 1417 diximus

530 1453 674 1509 inter
687 1454 822 1511 alios
835 1453 1035 1510 fratres
1055 1466 1076 1494 ο
1093 1456 1451 1511 communiter
1465 1457 1801 1511 abstinentes
1821 1456 2007 1511 sedere
2024 1474 2036 1509 :
2054 1464 2117 1528 ut,

530 1547 857 1609 erubescant
889 1560 1115 1602 voraces
1145 1545 1171 1586 δ
1208 1546 1262 1601 in
1287 1548 1560 1627 communi
1595 1558 1788 1602 natura
1820 1564 1926 1604 non
1954 1563 2111 1621 posse

529 1635 897 1707 pariter’gula:
925 1636 1191 1692 desideria
1222 1635 1524 1705 refrenare,
1562 1647 1617 1694 et
1646 1638 1699 1693 in
1730 1637 1990 1711 eligendis
2016 1640 2111 1694 bo-

527 1723 616 1779 nis
641 1724 880 1781 divinam
914 1739 1045 1783 cum
1091 1725 1484 1782 abstinentibus
1528 1742 1634 1782 non
1678 1742 1841 1797 posse
1868 1726 2107 1797 gratiam

2212 548 2313 602 pus
2337 518 2492 589 su'um
2521 548 2621 603 per
2649 534 3035 591 abstinentiam
3068 553 3189 593 cum
3224 554 3292 594 eo
3324 518 3725 598 cmcitixerunt
3759 545 3820 600 in

2212 623 2631 696 Quadragesima
2656 664 2671 691 ,
2712 624 2928 681 dicente
2952 626 3021 682 de
3048 628 3273 684 tristitia
3304 628 3594 701 Scriptura
3637 647 3655 685 :
3698 633 3822 699 Qui

2211 718 2469 771 seminam
2499 718 2553 771 in
2577 713 2824 787 lacrymis
2843 757 2859 781 ,
2894 717 2950 771 in
2974 717 3167 788 gaudio
3202 729 3391 775 metant
3412 721 3592 793 (Psal.
3616 725 3817 793 cxxv).

2211 807 2281 862 Et
2313 826 2326 862 :
2362 805 2430 861 In
2477 806 2657 879 paucis
2702 808 2873 862 vexati
2895 847 2913 874 ,
2962 809 3018 863 in
3054 800 3243 864 'multis
3289 811 3415 865 bene
3451 812 3823 885 disponentur

2213 895 2369 967 (Sap.
2400 895 2506 967 ιιι).
2533 895 2667 951 Nam
2691 894 3113 968 Quadragesima
3140 899 3298 970 hujus
3327 903 3619 970 praesentis
3649 905 3819 973 parvi

2212 986 2395 1042 smculi
2415 986 2623 1041 obtinet
2648 996 2856 1057 typum,
2885 981 3092 1041 Pascha
3118 1003 3249 1044 vero
3274 987 3473 1046 futurae
3494 992 3626 1046 vita:
3647 1004 3822 1047 teter-

2212 1090 2338 1128 nam
2365 1074 2607 1129 lmtitiam
2644 1074 2803 1130 bonis
2831 1070 3035 1131 indicat
3059 1095 3072 1129 :
3107 1077 3160 1132 in
3186 1070 3417 1145 tantum,
3448 1091 3473 1119 θ
3501 1090 3560 1135 ιιι
3576 1083 3732 1153 quod
3761 1083 3821 1137 in

2212 1170 2489 1241 sexaginta
2517 1170 2708 1226 diebus
2738 1170 3067 1236 abstinetur,
3101 1169 3122 1210 τ
3150 1172 3481 1229 manducare
3499 1173 3668 1230 liceat
3694 1184 3821 1231 toto

2212 1276 2373 1315 anno.
2407 1260 2500 1315 Sic
2534 1261 2626 1330 qui
2658 1261 2710 1316 in
2749 1261 3006 1331 prmscnti
3038 1261 3147 1315 vita
3185 1262 3367 1318 szcculi
3407 1263 3570 1331 hujus
3599 1264 3822 1334 aliquid

2212 1351 2497 1406 desideriis
2538 1350 2651 1406 suis
2690 1350 2776 1406 vel
2805 1351 2958 1406 carni
2984 1351 3317 1417 subduxerit,
3352 1353 3409 1407 in
3452 1354 3576 1410 loco
3606 1363 3820 1409 sancto

2212 1445 2552 1501 abundanter
2577 1443 2706 1500 licet
2745 1444 2940 1499 anima:
2984 1443 3051 1498 de
3095 1441 3409 1500 melioribus
3445 1445 3652 1501 divinis
3674 1446 3822 1501 deli-

2210 1537 2308 1593 ciis
2355 1538 2411 1591 in
2447 1545 2707 1607 perpetuo
2736 1537 3013 1608 saginari;
3063 1537 3190 1607 quia
3232 1538 3287 1592 in
3335 1538 3438 1595 hoc
3465 1555 3643 1609 parvo
3673 1549 3822 1595 tem-

2211 1646 2341 1701 pore
2367 1646 2467 1701 pro
2496 1630 2724 1685 Domino
2754 1629 2925 1685 voluit
2956 1630 3293 1695 contristari,
3329 1645 3455 1686 cum
3481 1647 3546 1686 co
3567 1634 3821 1688 merebi-

2211 1731 2301 1777 tur
2344 1724 2400 1778 in
2437 1723 2620 1778 futuro
2663 1722 2857 1779 laetari.
2892 1725 2918 1763 ε
2946 1722 3160 1792 Jejunia
3194 1739 3325 1779 vero
3355 1724 3819 1796 Quadragcsima:

526 1814 844 1883 promereri.
885 1812 1021 1869 Nam
1059 1814 1174 1885 ipso
1214 1815 1301 1870 die
1338 1814 1773 1887 Quadragesimae
1812 1832 1935 1872 cum
1960 1832 2109 1873 com-
2134 1811 2181 1871 B
2207 1812 2595 1882 protrahentur
2636 1813 2693 1867 in
2729 1827 3039 1883 vesperam;
3092 1813 3145 1868 id
3189 1822 3295 1881 est,
3327 1823 3447 1885 post
3489 1815 3816 1872 lucernaria

525 1901 826 1979 municant,
872 1904 1048 1973 primo
1078 1903 1305 1974 jejunio,
1346 1915 1636 1976 antequam
1683 1908 2103 1973 communicent,

525 1991 687 2048 detur
717 1992 934 2073 licentia
960 1994 1030 2050 ab
1055 1997 1250 2053 abbate
1278 1998 1331 2052 in
1360 1999 1601 2055 oratorio
1641 1999 1781 2056 talis.
1824 1999 1979 2056 Dicat
2006 2004 2106 2056 ab-

524 2086 622 2141 bas
648 2085 899 2143 omnibus
927 2085 1187 2143 fratribus
1218 2105 1231 2141 :
1267 2088 1371 2157 Qui
1391 2090 1507 2145 vult
1542 2105 1640 2161 pro
1666 2091 1846 2145 anima
1869 2107 1965 2147 sua
1998 2093 2109 2163 8ρί-

524 2178 758 2233 ritaliter
784 2178 1033 2236 laborare
1051 2188 1107 2235 et
1128 2179 1331 2251 aliquid
1367 2182 1659 2249 abstinere,
1685 2184 1751 2238 ad
1776 2184 1976 2239 bonum
2003 2185 2108 2240 hoc

426 2345 437 2355 α
521 2285 658 2339 opus
703 2269 929 2327 liberam
952 2271 1003 2326 ei
1042 2270 1377 2327 voluntatem
1414 2274 1780 2329 concedimus.
1822 2273 1924 2341 Qui
1979 2289 2107 2330 vero

522 2360 774 2428 noluerit,
806 2362 1005 2432 regulae
1033 2364 1099 2419 de
1130 2363 1233 2419 hoc
1248 2363 1419 2418 'titulo
1444 2365 1737 2420 constituta
1767 2366 2022 2436 accipiet,
2051 2374 2109 2421 et

520 2450 949 2522 quadragesima:
974 2460 1263 2508 contentus
1291 2454 1395 2508 crit
1433 2470 1709 2511 mensura.
1753 2455 1874 2510 Jam
1917 2457 2010 2526 qui
2040 2459 2106 2512 de

520 2543 780 2598 fratribus
810 2543 1079 2598 voluerint
1108 2543 1314 2613 aliquid
1346 2545 1642 2609 abstinere,
1674 2544 1750 2599 ibi
1783 2547 1835 2599 in
1867 2546 2106 2601 oratorio

520 2634 739 2698 vadant,
770 2642 824 2688 et
851 2633 1138 2689 humilient
1183 2650 1241 2690 se
1285 2636 1355 2690 ad
1395 2649 1571 2707 genua
1625 2636 1836 2692 abbatis
1887 2647 2106 2708 agentes

519 2724 726 2797 gratias
767 2724 833 2780 de
873 2723 1001 2779 boni
1050 2732 1205 2780 actus
1251 2725 1530 2783 voluntate
1577 2742 1874 2783 concessa:
1900 2735 1955 2783 et
1982 2738 2106 2798 post

517 2816 821 2897 impensam
855 2814 1218 2872 humilitatem
1241 2815 1402 2872 simul
1429 2824 1485 2873 et
1511 2832 1608 2874 ore
1632 2833 1731 2874 suo
1765 2818 1944 2874 abbati
1967 2819 2110 2876 indi-

517 2893 813 2981 cent,'quis
849 2910 979 2981 quid
1004 2910 1235 2967 voluerit
1256 2913 1548 2970 abstinere.
1579 2912 1715 2969 Nam
1747 2915 1869 2971 ideo
1896 2915 1957 2971 in
1977 2931 2108 2985 ora-

518 3005 661 3061 torio
700 3004 1035 3060 abstinentes
1074 3005 1308 3062 diximus
1344 3005 1643 3078 designari,
1674 3014 1735 3062 ut
1776 3008 1845 3063 ad
1887 3024 2107 3066 mensas

518 3109 644 3151 cum
667 3095 770 3151 hoc
799 3095 972 3165 ipsum
991 3095 1271 3151 continent
1296 3094 1364 3150 ad
1384 3110 1567 3175 escam
1585 3096 1644 3150 in
1678 3094 2103 3170 Quadragesima

518 3188 735 3260 corpori
785 3188 1143 3259 perdendam,
1191 3202 1222 3242 a
1251 3187 1452 3258 tepidis
1480 3188 1566 3244 vel
1592 3188 1797 3260 gulosis
1839 3188 2101 3247 fratribus

517 3294 627 3335 non
650 3277 765 3349 jam
803 3279 907 3335 hoc
946 3278 1122 3350 ipsum
1151 3290 1560 3348 repraesumere,
1598 3279 1682 3335 vel
1711 3293 1895 3335 secum
1923 3295 2103 3336 come-

519 3370 649 3426 dere
694 3368 1046 3434 suadeantur,
1094 3383 1217 3424 cum
1278 3383 1387 3424 non
1438 3369 1577 3440 vult‘
1595 3370 1719 3440 quis
1746 3370 1929 3427 videre
1968 3386 1999 3426 a
2044 3386 2101 3428 se

518 3456 685 3515 alium
717 3458 1018 3516 meliorem.
1051 3457 1159 3514 Sed
1207 3458 1315 3515 sint
1341 3474 1472 3531 ergo
1513 3459 1571 3514 hi
1613 3460 1751 3517 tales
1793 3462 2101 3519 testimonio

515 3548 740 3607 oratorii
781 3548 847 3605 de
870 3549 1122 3605 omnibus
1162 3549 1302 3621 apud
1333 3548 1505 3604 Deum
1547 3548 1704 3606 electi
1738 3550 1906 3606 etiam
1934 3550 2102 3607 absti-

514 3648 708 3697 nentes
738 3638 1023 3711 dcsignati.
1056 3637 1248 3696 Merito
1273 3639 1419 3695 enim
1455 3639 1523 3696 de
1556 3640 1954 3697 resurrectione
1994 3640 2101 3697 Do-

591 3787 617 3816 ι
638 3772 773 3829 Cum
800 3775 1005 3829 cimino.
1030 3773 1192 3844 Lege,
1209 3775 1436 3844 cymino,
1453 3772 1535 3829 vel
1558 3774 1789 3830 cumino.
1806 3773 2097 3829 Cuminum

514 3843 683 3900 herba
711 3854 817 3908 est,
850 3845 915 3899 de
941 3860 1048 3914 qua
1078 3843 1286 3899 Plinius
1304 3844 1400 3898 lib.
1445 3859 1561 3908 xxx,
1586 3859 1708 3914 cap.
1731 3844 1812 3914 57:
1847 3864 1864 3895 ι
1901 3844 2102 3899 Condi-

516 3924 826 3969 mentorum
882 3913 1059 3969 tamen
1085 3914 1327 3969 omnium
1367 3913 1920 3979 fastidiisﬁcuminum
1957 3915 2095 3969 ami-

515 3982 815 4053 cissimum,
840 3989 969 4048 etc.,
1008 4003 1026 4035 ι
1059 3982 1251 4053 duplex
1275 3984 1507 4039 sativum
1555 3993 1610 4038 et
1650 3993 1882 4052 agreste.
1914 3984 2099 4039 Cumi-

516 4067 666 4135 num.
694 4052 926 4134 sativum
977 4054 1073 4135 ori_
1120 4052 1332 4135 gratum
1389 4062 1508 4135 est,
1561 4054 1655 4134 sed
1700 4053 1868 4107 multo
1904 4056 2097 4135 ‘magis

516 4120 905 4193 Ethiopicum,
933 4122 1075 4191 quod
1124 4120 1480 4193 Hippo_crates
1526 4122 1731 4193 regium
1765 4120 2093 4193 appellavit;

514 4190 814 4247 secundum
858 4190 1032 4262 locum
1056 4190 1207 4246 tenet
1232 4190 1946 4262 ‘IEgyptiumexcall'a‘cit,
1996 4190 2094 4248 exé

514 4262 702 4345 siccat,
734 4260 1176 4345 astringit,_e_tc.;
1218 4260 1452 4345 colorem
1497 4262 1814 4345 bibentium,
1849 4271 1943 4316 aut
1973 4278 2097 4345 per-

512 4338 801 4403 unctorum
849 4332 1429 4403 mutatinipallorem,
1461 4340 1522 4388 ut
1545 4334 1705 4403 docet
1754 4332 2096 4390 Dioscorides

513 4401 608 4457 lib.
637 4418 723 4470 ιιι,
749 4417 871 4473 cap.
894 4401 985 4458 57.
1019 4401 1171 4459 Unde
1190 4402 1412 4459 Persius
1432 4411 1536 4458 sat.
1567 4402 1601 4457 5
1630 4420 1644 4434 ·

728 4552 748 4569 .
774 4554 787 4567 .
816 4552 831 4568 .
856 4552 872 4568 .
899 4553 914 4569 .
939 4516 1177 4572 Pallantis
1201 4530 1354 4580 grana
1378 4520 1576 4581 cymini.

502 4606 701 4688 Graece
742 4611 1029 4688 I6pz_voy,‘_a
1059 4625 1165 4688 quo
1190 4616 1622 4688 κυρῃοπρὶσεης,
1669 4612 2088 4688 ἰᾶξθειῳιιπιιιιι

511 4679 1367 4753 δθοιοιιγειμιιᾱΑιίξιοιθιειηἸίὶ).
1413 4679 1470 4735 iv
1501 4683 1677 4753 Ethic.
1724 4679 1972 4737 Sumitur
1993 4699 2091 4753 pro

515 4762 681 4801 avaro
694 4756 749 4803 et
768 4747 985 4803 sordido
1008 4749 1244 4813 homine,
1260 4759 1320 4804 ut
1345 4760 1495 4806 notat
1522 4752 1853 4808 Scholiastes
1874 4747 2092 4808 Aristo-

503 4816 814 4897 pbgnisin
858 4818 1081 4897 vcspas.
1112 4819 1209 4897 _Et
1260 4819 1558 4897 I_iesychitis
1614 4839 1627 4875 :
1681 4825 2088 4897 Κυμιζνοπρὶσςιςᾳι

503 4885 761 4956 ,φιιδωλοὶσ
793 4885 981 4964 ὁμερίωξ
1005 4885 1434 4964 “patimini...
1470 4891 1524 4964 id
1550 4899 1652 4964 est,
1681 4885 1862 4957 avari;
1895 4885 2087 4964 simili—

500 4965 601 5033 aer
628 4958 883 5033 nasturtii
899 4958 1156 5033 sectores.
1172 4958 1479 5015 Ca'rda'mus
1499 4961 1666 5016 herba
1700 4969 1803 5028 est,
1830 4977 1951 5033 quin
1980 4962 2084 5020 La-

517 5025 629 5080 tine
658 5029 980 5083 nasturtium
1009 5027 1224 5083 dicitur.

587 5096 800 5172 {Quod
812 5099 869 5152 in
895 5114 1216 5172 mensaque:
1247 5097 1304 5151 in
1330 5115 1426 5153 suo
1453 5116 1665 5155 numero
1698 5100 1930 5172 fuerunt.
1958 5103 2083 5159 lltec

517 5165 683 5219 verba
702 5167 1015 5223 redundare
1040 5165 1311 5222 videntur.

587 5244 610 5272 ο
644 5232 1000 5312 Com_munitc_r
1018 5236 1329 5312 abstinentes
1358 5238 1553 5312 sedere.
1584 5239 1744 5312 Lege,
1768 5242 2081 5299 abstinentes

516 5306 860 5360 communiter
878 5307 1075 5362 sedere.
1112 5307 1233 5372 Ubi,
1265 5311 1608 5364 communiter
1635 5306 1719 5366 est
1742 5312 1917 5367 simul.

581 5373 609 5413 ἀ
635 5372 702 5450 I_n
729 5377 991 5450 communi
1010 5387 1219 5432 natura.
1249 5377 1308 5434 Id
1335 5387 1575 5450 cst,qua:
1599 5381 1793 5438 similis
1817 5383 1887 5439 sit
1908 5392 1962 5439 et
1988 5399 2083 5439 ea-

513 5444 761 5499 rumdem
787 5445 1001 5500 virium.
1246 5502 1251 5507 _

590 5523 614 5552 ε
646 5512 711 5568 Ut
731 5515 871 5587 quod
897 5516 952 5570 in
975 5516 1245 5587 sexaginta
1273 5516 1455 5573 diebus
1480 5520 1785 5576 abstinetur.
1841 5522 1981 5579 Alibi
2029 5523 2084 5578 in

514 5581 620 5657 hoc
652 5581 775 5657 cap'.
823 5584 1035 5657 legitur,
1066 5581 1357 5657 sexaginta.
1387 5588 1459 5643 At
1497 5589 1551 5643 in
1601 5592 1720 5645 cod.
1774 5608 1875 5647 ms.
1921 5592 2082 5648 Corb.

763 5652 973 5732 legitur,
1024 5652 1396 5732 quadraginta.
1445 5660 1629 5732 Recte.
1660 5661 1794 5732 Nam
1820 5678 1942 5718 cum
1970 5662 2083 5716 Ma-

517 5722 689 5785 gister
709 5722 1005 5793 hoc'capite
1033 5722 1249 5782 eximat
1265 5735 1473 5785 tantum
1498 5729 1640 5787 diem
1684 5731 2019 5790 Dominicum
2049 5748 2080 5787 a

2207 1902 2486 1957 reficiatur
2529 1904 2785 1959 omnibus
2830 1905 2961 1974 ipsis
3004 1905 3290 1976 sexaginta
3327 1907 3543 1962 diebus.
3576 1909 3609 1948 ιι
3664 1908 3817 1975 Quia

2204 1995 2393 2073 quinta
2414 1992 2550 2079 fel-ig
2565 1992 2863 2064 jejunatur,
2895 1996 3100 2065 absque
3128 1996 3432 2052 Dominica.
3464 1996 3522 2052 la
3554 2015 3668 2069 qua
3693 2000 3814 2054 Do-

2204 2070 2401 2141 minica
2426 2070 2550 2140 sero
2578 2086 2796 2157 penitus
2826 2086 2959 2141 nihil
2989 2096 3229 2153 omnem,
3260 2097 3320 2142 ut
3347 2104 3452 2144 una
3481 2091 3551 2144 sit
3587 2091 3643 2144 in
3671 2092 3816 2161 ipsis

2205 2175 2394 2231 diebus
2413 2191 2445 2230 a
2467 2176 2552 2231 die
2575 2176 2820 2232 refectio.
2845 2174 3119 2245 Jejunium
3144 2194 3275 2233 vero
3295 2179 3347 2233 in
3370 2179 3813 2249 Quadragesima

2203 2277 2423 2339 propter
2462 2269 2903 2337 supervenientes
2944 2285 3051 2324 non
3096 2269 3381 2344 frangatur
3408 2287 3438 2326 a
3477 2274 3811 2331 domesticis

2204 2358 2481 2414 fratribus.
2511 2358 2611 2426 Qui
2644 2374 2773 2414 vero
2802 2359 3075 2416 voluerint
3112 2361 3316 2419 fratres
3357 2365 3372 2405 ί
3410 2363 3684 2433 jejunium
3708 2384 3809 2423 su-

2204 2462 2529 2518 perponere,
2570 2451 2625 2504 in
2663 2450 2782 2521 ipso
2829 2454 3173 2523 superposito
3201 2455 3309 2520 die,
3360 2456 3415 2510 in
3446 2456 3636 2513 labore
3672 2474 3806 2515 cum

2205 2538 2468 2595 fratribus
2513 2554 2620 2594 non
2670 2550 3002 2611 spectentur,
3043 2543 3381 2601 solummodo
3423 2547 3807 2605 laborantibus

2207 2629 2469 2686 fratribus
2493 2631 2673 2703 legant
2703 2651 2715 2686 :
2745 2642 2806 2688 ut
2824 2635 2983 2689 otiosi
3011 2652 3116 2690 non
3139 2636 3268 2703 sint,
3296 2648 3352 2693 et
3379 2654 3477 2708 pro
3497 2654 3641 2710 pane
3668 2656 3802 2697 ver-

2205 2723 2274 2779 bo
2312 2723 2406 2778 Dei
2446 2724 2779 2779 reficiantur.
2805 2725 2931 2781 Ideo
2955 2727 3100 2782 enim
3137 2727 3190 2782 in
3233 2729 3430 2800 spiritu
3459 2731 3688 2800 legendo
3710 2734 3804 2789 la—

2206 2814 2419 2880 borent,
2468 2823 2550 2881 ut,
2594 2816 2732 2887 sicut
2765 2816 3026 2887 scriptum
3065 2828 3171 2886 est,
3199 2822 3291 2892 qui
3333 2839 3438 2878 non
3481 2826 3801 2891 manduca,

2206 2919 2310 2958 non
2332 2903 2531 2960 laboret
2560 2923 2574 2959 :
2602 2907 2706 2961 nisi
2728 2907 2782 2961 in
2812 2906 2905 2963 illa
2935 2907 3255 2976 refectione,
3287 2912 3341 2966 in
3375 2927 3481 2982 qua
3510 2914 3631 2969 sine
3654 2932 3803 2985 pane

2207 2992 2482 3060 reficitur,
2509 2997 2613 3052 hoc
2633 3005 2718 3051 est
2743 2997 2795 3050 in
2819 2996 3035 3068 eloquio
3063 2999 3178 3065 Dei,
3212 3000 3428 3056 dicente
3460 3003 3743 3074 Scriptura
3781 3025 3797 3059 :

2208 3082 2335 3139 Non
2375 3086 2429 3140 in
2455 3103 2591 3157 pane
2614 3086 2726 3142 solo
2752 3088 2872 3143 vivit
2907 3089 3095 3156 homo,
3123 3091 3217 3145 sed
3248 3092 3302 3147 in
3331 3094 3475 3148 omni
3511 3096 3661 3150 verba
3691 3095 3803 3151 Dei

2205 3175 2459 3249 (Lucnv).
2482 3178 2540 3242 lu
2559 3179 2689 3249 ipsis
2702 3195 2834 3236 vero
2852 3182 3134 3253 sexaginta
3158 3185 3368 3248 diebus,
3387 3186 3442 3241 in
3461 3190 3801 3244 monasterio

2206 3264 2470 3323 fratribus
2507 3268 2575 3323 ab
2610 3268 3045 3327 hebdomadariis
3075 3272 3241 3343 pedes
3266 3291 3373 3330 non
3407 3276 3663 3341 lavantur,
3689 3294 3797 3335 so-

2202 3358 2475 3414 lummodo
2501 3358 2905 3415 discalciantur.
2939 3361 3452 3434 Supervenientibus
3499 3368 3790 3438 quibusvis

2202 3451 2484 3516 laventur,
2513 3460 2746 3521 propter
2786 3451 2927 3508 illius
2967 3453 3211 3511 mulieris
3252 3457 3632 3523 testimonium,
3657 3452 3793 3530 quin

2202 3542 2427 3609 lavit,et
2455 3543 2523 3597 de
2556 3540 2858 3598 ialabastro
2881 3544 3037 3598 unxit
3056 3545 3223 3614 pedes
3254 3544 3519 3603 Salvatori
3547 3552 3791 3606 cenanti

2204 3636 2388 3709 (Joan.
2418 3635 2543 3708 xu).
2573 3635 2631 3691 In
2653 3651 2809 3692 caena
2836 3651 2966 3692 vero
2986 3637 3198 3693 Domini
3226 3639 3446 3696 mittant
3469 3657 3662 3697 manus
3685 3659 3793 3714 pro

2193 3739 2909 3854 j‘ejunio'quadragesimali,
2945 3773 3157 3854 signum
3204 3782 3291 3854 est
3319 3791 3425 3854 non
3456 3777 3786 3854 observasse

2201 3842 2832 3919 §eptuagesimamkquae
2879 3842 3200 3919 serrabatur
3243 3845 3421 3919 abiis
3465 3850 3556 3919 qui
3588 3860 3793 3919 praeter

2199 3911 2534 3985 Dominicam
2586 3911 2644 3985 i_n_
2666 3911 3088 3985 Quadragesima
3119 3930 3226 3985 non
3271 3911 3604 3985 jejunabant'
3648 3920 3789 3978 feria

2197 3982 2385 4058 quinta
2430 3990 2484 4035 et
2524 3981 2759 4058 _s_abbato
2789 3998 2803 4034 :
2858 3981 2930 4037 ita
2962 3991 3019 4037 ut
3043 3984 3187 4058 escis
3216 3981 3787 4058 qliadragesimalibus

2197 4051 2477 4129 sexaginta
2504 4052 2633 4129 dies
2651 4060 3109 4129 vescerentur,_ut
3133 4051 3343 4110 clarum
3360 4051 3528 4129 esfex
3550 4061 3786 4129 epistola

2197 4120 2359 4175 citata
2385 4120 2565 4175 Caroli
2586 4121 2760 4190 Magni
2788 4122 2857 4176 ad
2883 4122 3195 4192 Alcuinum,
3225 4137 3283 4181 et
3317 4138 3384 4180 ex
3413 4127 3533 4198 ipso
3550 4120 3787 4187 A'lcuino

2197 4205 2317 4247 can.
2340 4190 2372 4245 8
2398 4191 2465 4246 de
2493 4188 2645 4247 Ofbc.
2679 4191 2823 4246 Eccl.

2197 4205 2317 4260 cap.
2340 4190 2372 4245 8
2398 4191 2465 4246 de
2493 4190 2645 4247 Ofbc.
2679 4191 2823 4246 Eccl.
3181 4190 3187 4192 ⁷
3432 4190 3451 4198 “

2270 4261 2290 4299 ί
2319 4260 2645 4315 Manducare
2672 4260 2822 4315 liceat
2851 4270 2959 4316 toto
2985 4279 3146 4318 anno.
3197 4264 3323 4321 Haec
3371 4267 3629 4324 dicuntur
3653 4287 3785 4327 con-

2195 4330 2315 4410 fuse
2340 4338 2395 4410 et
2418 4330 2750 4403 generaliter
2783 4346 2950 4410 :_nam
2980 4335 3298 4410 excipienda
3350 4347 3478 4392 sunt
3518 4343 3774 4410 qurcdam

2188 4394 2645 4524 jejulniafprzcter
2690 4394 3172 4471 quadragesimaie,
3200 4420 3298 4475 per
3351 4394 3555 4464 annuni
3579 4394 3779 4468 occur:-

2194 4487 2289 4524 ren
2320 4488 2389 4524 ia.

2115 4501 2169 4562 ι)
2194 4487 2389 4562 terra:

2268 4543 2300 4615 8_
2320 4542 2539 4612 Ieiunia
2562 4558 2681 4596 vero
2708 4543 3149 4615 quadragesima,
3164 4614 3170 4615 ί
3191 4553 3295 4599 etc.
3344 4546 3423 4602 Ita
3450 4551 3646 4604 statuit
3672 4552 3780 4607 Sil-

2192 4612 2372 4689 veriug
2402 4627 2535 4689 papa
2570 4612 3110 4689 apudDurchardum
3138 4614 3397 4689 libari",
3426 4633 3546 4689 cap.
3578 4620 3668 4674 ii.

2261 4682 2289 4722 h
2318 4680 2483 4745 Quia’
2503 4680 2637 4806 {irin
2683 4684 2865 4753 quinta
2888 4683 3191 4754 jejunatur.
3230 4680 3391 4741 Olim
3419 4680 3556 4743 feria
3582 4691 3777 4759 quinta

2261 4768 2301 4805 ιιι
2325 4750 2502 4806 ieiuna
2544 4761 2669 4806 atur
2683 4768 2748 4806 ex
2765 4753 3103 4806 institutione
3119 4752 3432 4806 Melchiadis
3446 4774 3619 4806 nam»-
3646 4762 3775 4806 nni:

2193 4766 2301 4806 non
2318 4750 2674 4832 jejunabatur
2683 4750 2748 4832 ex
2765 4750 3103 4832 institutione
3119 4752 3432 4832 blelehiadis
3446 4750 3621 4832 papa",
3641 4762 3776 4832 quia

2232 4820 2387 4892 agani
2419 4821 2522 4877 hac
2548 4823 2635 4877 die
2658 4820 2994 4891 jejunabant,
3022 4832 3082 4892 ut
3118 4823 3355 4880 habetur
3382 4820 3776 4886 in'Pontificali

2239 4891 2406 4967 a_in_asi
2426 4907 2441 4955 ;
2465 4900 2523 4967 _et
2550 4892 2676 4963 quia
2697 4893 2886 4949 eodem
2916 4894 3003 4967 die
3027 4891 3277 4967 Christus
3304 4900 3549 4967 corporis
3571 4909 3627 4954 et
3649 4916 3780 4955 san-

2190 4962 2368 5033 guinis
2397 4962 2479 5033 sui
2506 4962 2904 5017 saeramcntum
2931 4962 3186 5028 instituit,
3229 4974 3291 5020 ut
3324 4962 3484 5023 docet
3505 4968 3776 5026 Alcuinus

2190 5032 2365 5111 capite
2393 5032 2560 5111 citato
2592 5046 2607 5085 :
2633 5033 2780 5111 quod
2800 5034 3034 5111 e_ti_am_a_
3059 5033 3316 5111 multisin
3345 5035 3774 5111 Quadragesima

2188 5102 2576 5180 observabatur
2594 5103 2704 5180 ;_ita
2731 5112 2792 5158 ut
2821 5104 2875 5180 hi
2894 5104 2992 5180 _qui
3022 5102 3076 5157 in
3108 5102 3529 5180 Quadragesima
3556 5102 3665 5180 non
3690 5111 3776 5180 je-

2180 5169 2446 5251 junabant
2469 5172 2764 5251 Dominica,
2797 5169 3039 5251 sabbato,
3064 5181 3116 5227 et
3137 5169 3285 5229 feria
3320 5169 3543 5251 quinta,
3567 5178 3621 5233 in
3642 5169 3774 5249 sup-

2187 5241 2527 5318 plementum
2549 5240 3013 5318 Septuagesimam
3040 5240 3354 5318 servarent;
3373 5256 3434 5300 ut
3460 5240 3624 5318 supra
3669 5240 3771 5304 do-

2188 5312 2420 5386 cuimus.
2441 5312 2565 5386 ΔΗίο
2615 5312 2792 5386 tamen
2828 5312 3118 5386 Magister,
3151 5314 3473 5386 _quiAsupra
3497 5312 3771 5385 jejunium

2190 5381 2350 5457 ferite
2365 5383 2565 5457 quinta:
2591 5382 2889 5453 prohibuit,
2915 5381 3042 5438 illud
3063 5382 3119 5436 in
3142 5381 3568 5457 Quadragesima
3586 5388 3774 5443 obser-

2187 5448 2505 5576 varij'ubet:

2266 5536 2281 5562 ι
2353 5539 2505 5576 emnn

2266 5536 2281 5562 ι

2353 5522 2587 5593 ejunium
2611 5537 2969 5593 superponere.
3000 5522 3058 5577 ιιι
3085 5531 3189 5589 est,
3230 5522 3437 5593 aliquot
3480 5525 3599 5581 dies
3644 5526 3770 5583 sine

2188 5591 2310 5647 cibo
2333 5592 2551 5646 dueere.

2262 5659 2276 5710 i
2327 5660 2405 5715 De
2430 5660 2716 5714 alabastro.
2744 5659 3087 5717 Alabastrum
3114 5672 3198 5718 est
3219 5677 3315 5719 vas
3338 5663 3633 5720 condendis
3660 5682 3765 5719 un-

2188 5732 2401 5803 gucntis
2421 5737 2624 5800 aptum.
2649 5729 2945 5802 Hesychius
2973 5749 2985 5786 :
3012 5727 3359 5806 ’λλὰϐαστρον
3396 5738 3673 5806 μνροθήκη.
3707 5736 3763 5790 id
