4066 6342
309 327 442 385 MOI

1276 326 1664 385 CONCORDIA
1700 323 2157 383 REGULARUM.
2195 358 2263 367 —
2299 328 2451 386 CAP.
2491 333 2620 388 LVI.

3428 341 3571 399 1202

307 443 686 504 benedictione
731 441 797 498 ad
829 441 1087 498 lavandos
1119 443 1282 513 pedes
1324 425 1572 509 abbatisi
1606 451 1662 498 et
1701 449 1886 512 postea
1914 444 1965 503 Α
1991 450 2110 498 ctos
2130 444 2354 500 ulterius
2381 453 2403 484 ε
2435 460 2607 516 usque
2635 445 2702 502 ad
2726 447 2922 503 missas
2943 449 3152 506 sabbati
3182 467 3290 508 non
3314 456 3568 524 psallent.

306 541 559 598 omnibus
572 538 877 610 pmpositis
898 553 1022 594 cum
1047 538 1240 593 solatio
1259 537 1510 593 fratrum.
1536 554 1561 579 ιι
1581 536 1888 593 lncboando

308 642 490 688 tamen
511 631 679 686 abbas
703 630 845 684 lavet
866 628 1026 684 simul
1049 636 1105 684 et
1127 629 1387 684 ostiariis.
1416 629 1534 700 Ipse
1555 629 1728 700 major
1747 627 1891 681 lavet

304 721 494 792 pedes,
521 735 644 776 cum
665 729 720 774 et
751 719 865 788 ipse
885 716 1146 771 humilem
1175 733 1234 771 se
1262 716 1316 771 in
1343 718 1443 773 hoc
1471 717 1729 787 obsequio
1749 732 1888 788 pra:-

304 812 420 878 bet,
450 811 613 883 digne
640 809 891 866 omnibus
916 809 970 862 in
999 808 1257 862 honorem
1292 807 1578 862 exaltatior
1590 807 1884 878 judicetur.

303 904 509 960 Deinde
547 903 826 974 Przepositi
853 900 1107 957 omnibus
1134 901 1188 955 in
1223 901 1426 955 deeada
1451 916 1546 955 sua
1583 901 1762 956 lavent
1795 917 1888 972 pe-

303 994 400 1050 des
426 1002 481 1049 et
509 1001 739 1064 tergant.
777 991 942 1048 Sexta
973 1006 1103 1047 vero
1128 989 1264 1046 feria
1288 991 1618 1056 lucescente,
1659 1007 1780 1062 qua:
1803 1002 1885 1047 est

303 1093 432 1140 ante
476 1083 758 1139 sabbatum
788 1090 1059 1146 sanctum,
1106 1090 1400 1138 nocturnos
1439 1083 1774 1139 solummodo
1802 1085 1885 1138 fa-

305 1176 455 1230 ciant
480 1193 494 1229 :
525 1174 554 1216 h
581 1176 708 1244 quia
734 1174 912 1230 adhuc
947 1176 1203 1232 Nocturni
1227 1184 1354 1230 ante
1374 1174 1643 1244 pullorum
1670 1183 1886 1229 cantum

306 1267 434 1320 dicti
460 1247 526 1322 de
551 1266 740 1336 quinta
765 1267 940 1321 adhuc
969 1265 1101 1322 feria
1131 1273 1286 1330 sunt;
1318 1276 1340 1304 ο
1383 1266 1548 1320 etiam
1570 1265 1882 1330 Matutinos,

305 1357 390 1413 vei.
415 1367 644 1413 eaateras
665 1357 826 1412 horas
855 1357 939 1412 vel
967 1357 1259 1412 constituta
1283 1355 1458 1412 ofﬁcia
1490 1356 1583 1412 Dei
1619 1372 1790 1428 usque
1816 1357 1884 1412 ad

303 1449 500 1503 missas
538 1447 760 1503 Sabbati
795 1463 810 1502 :
849 1449 939 1504 ubi
985 1457 1091 1503 tam
1131 1447 1398 1518 prolixum
1435 1449 1764 1518 psalmorum
1805 1448 1881 1504 si-

304 1539 531 1595 lentium
572 1539 628 1594 in
673 1555 768 1596 ore
805 1539 1146 1610 psallentium
1194 1541 1606 1596 resurrectionis
1655 1541 1882 1597 Alleluia

302 1633 532 1703 aperiat.
565 1632 593 1674 ἀ
630 1633 772 1706 Ergo
799 1649 923 1690 cum
965 1633 1032 1688 ad
1061 1640 1353 1689 nocturnos
1382 1633 1584 1702 quinta:
1620 1631 1768 1691 ferite
1797 1634 1881 1690 di.

1993 533 2013 573 ι
2047 533 2332 590 Orationes
2369 544 2549 592 tamen
2594 536 2712 592 illas
2741 537 3180 608 Quadragesimte
3215 558 3383 612 puras
3421 563 3574 604 com-

1986 626 2190 696 pleant,
2225 635 2280 680 et
2307 627 2424 696 ipso
2462 637 2629 682 sextae
2664 627 2812 683 feria:
2853 630 2941 684 die
2978 630 3120 686 lente
3148 632 3249 686 sibi
3279 633 3572 704 loquantur

1986 715 2054 770 de
2085 715 2304 771 tristitia
2353 717 2646 773 Dominicaz
2697 719 3002 789 passionis;
3059 737 3159 777 nec
3198 739 3258 779 se
3313 741 3571 796 superve-

1987 805 2201 861 nientes
2226 807 2480 863 salutent.
2519 808 2654 863 Nam
2691 819 2846 864 extra
2875 812 3142 879 inﬁrmos,
3177 823 3232 869 et
3259 815 3491 874 infantes
3519 829 3575 875 et

1986 898 2138 952 senio
2159 899 2486 968 pervinctos,
2518 902 2543 940 Β
2565 901 2871 972 quicunque
2891 903 2959 958 de
2977 905 3125 961 sanis
3146 907 3369 965 reﬁcere
3389 910 3574 966 volue-

1985 987 2080 1052 rit,
2117 988 2234 1044 sine
2283 999 2502 1061 accepta
2532 992 2906 1049 benedictione
2933 1005 2989 1052 et
3029 1012 3134 1052 non
3174 999 3382 1068 signata
3423 1001 3564 1058 refe-

1985 1077 2163 1134 ctione
2211 1079 2420 1134 reﬁciat
2475 1099 2488 1136 :
2547 1090 2608 1137 ut
2653 1098 2682 1137 a
2714 1083 2837 1153 gula
2886 1101 3016 1152 sua,
3065 1088 3148 1142 vel
3188 1104 3218 1143 a
3264 1094 3571 1164 semetipsis

1985 1169 2402 1243 hcommunicati
2421 1174 2745 1230 erubescant
2764 1190 2885 1230 cum
2910 1177 3030 1234 aliis
3058 1180 3573 1252 isuperponentibus

1983 1277 2080 1332 pro
2106 1261 2201 1318 Dei
2233 1264 2503 1333 speranda
2533 1266 2785 1322 mercede
2815 1283 2982 1322 unum
3005 1269 3146 1324 diem
3169 1287 3275 1326 non
3305 1288 3458 1343 posse
3483 1275 3567 1346 je-

1975 1351 2168 1422 junum
2220 1354 2522 1412 voluntarie
2567 1358 2921 1427 pertransire,
2959 1375 3082 1416 cum
3131 1362 3252 1418 aliis
3283 1367 3349 1420 ab
3400 1367 3572 1425 invito

1981 1445 2257 1502 interdum
2306 1447 2557 1502 triduana
2607 1450 2843 1504 transire
2881 1449 3083 1522 jejunia
3137 1455 3570 1528 indigentiatim—

1981 1545 2146 1606 ponat
2177 1535 2494 1595 necessitas.
2539 1537 2607 1594 Et
2649 1549 2761 1596 tum
2804 1555 2909 1610 qua
2938 1540 3117 1599 fronte
3169 1544 3348 1603 futura
3377 1559 3568 1605 octava

1980 1629 2201 1687 Pascha:
2242 1631 2296 1686 in
2345 1631 2636 1688 Dominicze
2681 1635 3100 1693 resurrectionis
3142 1638 3370 1696 victoria
3419 1642 3560 1698 desi-

302 1776 407 1855 est,
442 1787 470 1855 ξ
491 1768 653 1855 theca
674 1767 1048 1855 nugiventar‘ia.
1086 1787 1104 1819 ι
1142 1766 1874 1855 Ιξίοεςιιορυιυελῖιμςεεὴθὰἰεε
1907 1795 1955 1855 Β
1982 1772 2222 1855 noctem3
2264 1773 2319 1820 et
2361 1764 2415 1819 in
2465 1765 2582 1850 ipsa
2608 1767 3056 1855 noetematutina
3105 1769 3224 1828 luce
3249 1783 3569 1855 erumpente

301 1842 549 1914 ᾼήκνθος,
577 1843 656 1896 καὶ
684 1837 907 1914 msero»
936 1842 994 1894 τὸ
1020 1841 1214 1914 μιρινᾷγ
1251 1837 1537 1914 aeneia-atii
1566 1839 1879 1914 ἀλάϐαᾳτρον

302 1910 524 1982 λέγιται,
546 1915 631 1966 καὶ
650 1911 941 1982 ἀλάϐαστον
972 1909 1178 1982 χωρὶςῤ
1199 1909 1456 1982 Irrita)“
1482 1909 1534 1963 id
1563 1917 1711 1982 est,_t_
1741 1909 1884 1982 leby-

304 1979 432 2034 thas
474 1996 570 2035 vas
611 1979 1248 2050 unguentarium,'_quod
1287 1979 1615 2050 alabastrum
1663 1979 1877 2050 dicitur.

300 2050 480 2124 Attice
501 2047 799 2124 alabastum
822 2050 938 2124 sine
964 2067 1042 2124 ιζ.»
1075 2047 1269 2124 Sdidas
1301 2067 1314 2102 :
1353 2047 1880 2124 'Ald€a¢rpov_§wcc

301 2120 470 2198 μύρρη
498 2127 568 2192 μὴ
593 2120 627 2177 ἴ
622 2143 719 2192 χον
736 2122 898 2184 λαϐάς
919 2122 1114 2185 liena»,
1143 2119 1367 2198 suam;
1389 2119 1877 2198 popoﬁnxn,_id_'e'st,

311 2210 330 2242 ι
369 2189 698 2262 alabastrum
755 2207 851 2246 vas
906 2190 1161 2262 unguenti
1210 2189 1492 2262 lapideum
1517 2205 1630 2262 non
1675 2189 1880 2262 habens

301 2277 463 2342 ansas
501 2261 586 2315 vel
630 2259 1059 2342 reconditorium
1099 2259 1702 2342 unguentilapideum‘;
1742 2279 1760 2312 1
1795 2259 1881 2342 vel

300 2331 447 2456 quod
493 2345 606 2402 prae
641 2331 860 2414 levitate
891 2331 1062 2386 teneri
1097 2329 1205 2413 non
1225 2330 1416 2400 possit,
1446 2329 1622 2411 inquit
1643 2329 1876 2412 Etymol.

349 2410 471 2456 etus
517 2417 585 2456 ex
628 2402 917 2456 Methodio.
950 2400 1296 2456 Juxta-ahos.
1345 2409 1400 2454 et
1429 2409 1648 2456 rectius.
1679 2399 1876 2454 dicitur

349 2410 471 2456 etus
494 2399 585 2456 'ex
628 2401 917 2456 Methodio.
950 2400 1116 2456 Juxta
1137 2399 1296 2465 alios,
1345 2409 1400 2454 et
1429 2401 1648 2464 rectius,
1679 2399 1882 2454 dicitur

301 2471 632 2526 alabastrum
661 2472 883 2541 alapide
908 2471 1245 2536 alabastrite,
1271 2485 1334 2524 ex
1361 2485 1469 2540 quo
1502 2469 1636 2541 ﬁunt
1660 2469 1878 2541 vascula

298 2543 678 2612 unguentaria.
720 2539 882 2611 Lapis
936 2541 1196 2612 candidus
1251 2539 1456 2612 est,_’et
1506 2539 1880 2612 interstinctus

298 2609 588 2675 coloribus,
614 2620 669 2667 et
691 2609 1077 2682 conservandis
1105 2609 1396 2682 unguentis
1417 2618 1595 2682 aptus,
1629 2610 1880 2682 utdocet

299 2682 505 2753 Plinius
547 2681 639 2753 lib.
670 2698 860 2747 xxxv1,
886 2680 1107 2753 capas;
1150 2679 1206 2735 ei
1231 2690 1354 2753 post
1398 2679 1522 2734 eum
1556 2679 1612 2735 S.
1642 2679 1880 2753 Isidorus

298 2750 392 2809 lib.
423 2769 510 2808 xv1
535 2750 708 2823 Orig.,
739 2768 859 2823 cap.
907 2750 985 2823 5.:
1004 2751 1128 2823 sed
1154 2759 1208 2823 et
1231 2750 1563 2823 alabastrum
1603 2759 1686 2823 est
1713 2750 1878 2823 etiam

299 2823 533 2877 vitreum
553 2819 666 2888 vas,
696 2831 754 2876 ut
781 2819 936 2877 docet
955 2821 1012 2876 S.
1036 2821 1368 2890 Epiphanius
1396 2821 1489 2874 lib.
1522 2820 1588 2875 de
1613 2819 1880 2876 Mensuris

297 2901 354 2949 et
381 2892 716 2948 Ponderibus
745 2911 759 2947 :
791 2893 915 2961 quia
939 2907 1062 2947 cum
1091 2891 1246 2946 multi
1292 2907 1399 2946 non
1425 2898 1646 2960 possent
1678 2891 1880 2961 habere

298 2979 364 3018 ex
421 2963 596 3034 lapide
645 2959 958 3034 alabastrite
1005 2961 1269 3032 ejusmodi
1307 2959 1560 3034 vaseula,
1607 2959 1881 3034 habebant

300 3030 492 3099 vitrea,
525 3049 645 3103 qua:
690 3030 1044 3087 nihilominus
1067 3047 1132 3086 ex
1177 3031 1581 3103 usujoquendig
1607 3030 1878 3103 alabastra

301 3100 664 3174 appellabant.
699 3105 844 3158 Idem
873 3103 1031 3158 docet
1054 3109 1245 3156 auctor
1286 3100 1638 3174 Etymologici
1665 3101 1877 3174 Veteris

298 3171 463 3243 agens
498 3175 563 3230 de
585 3174 856 3246 alabastro
883 3191 896 3227 :
925 3176 1102 3246 inde:
1121 3195 1170 3229 τι
1195 3171 1442 3246 ἐξ-ὐέλὸυ,
1473 3174 1502 3231 ἠ
1525 3174 1794 3246 μοροθήκῃ,
1827 3171 1880 3226 id

295 3241 400 3314 est,
440 3263 458 3296 ι
491 3260 587 3300 vas
616 3245 884 3314 quoddam
930 3259 996 3297 ex
1027 3244 1187 3309 vitro,
1230 3244 1388 3314 theca
1437 3241 1810 3314 unguentaria.
1855 3262 1873 3294 ι

297 3313 433 3368 llinc
465 3315 526 3368 ﬁt
552 3311 696 3385 quod
722 3315 917 3368 mulier
937 3329 1056 3384 qua:
1077 3313 1235 3385 unxit
1258 3313 1424 3384 pedes
1449 3312 1669 3377 Christi,
1701 3311 1878 3384 frege-

295 3385 370 3439 rit
399 3384 727 3456 alabastrum
758 3385 952 3456 (Marc.
982 3384 1113 3456 xiv).

368 3467 394 3494 ε
429 3455 733 3508 Incltoando
753 3453 927 3508 tamen
965 3453 1124 3508 abbas
1153 3453 1306 3508 lat'ct.
1343 3453 1413 3508 Ut
1441 3454 1680 3522 praebeat
1703 3455 1877 3508 humi-

295 3523 467 3578 litatis
508 3523 830 3591 exemplum.
888 3524 1032 3578 ldem
1085 3523 1397 3576 statuiturl
1443 3523 1582 3576 Add.
1638 3524 1874 3591 Capitul.

296 3591 460 3657 Lud.,
489 3593 572 3647 tit.
604 3591 711 3646 23:
742 3592 827 3646 «In
857 3591 1020 3646 Cwna
1042 3607 1174 3645 vero
1193 3592 1404 3646 Domini
1427 3592 1592 3661 pedes
1617 3591 1870 3660 fratrum,

296 3663 343 3716 si
370 3663 513 3718 valet
541 3662 728 3726 abbas,
755 3662 897 3716 lavet
927 3671 981 3716 et
1005 3662 1299 3716 osculetur.
1340 3681 1357 3713 ι

370 3734 398 3772 δ
422 3733 559 3798 Quia
587 3733 756 3786 adhuc
787 3730 1046 3786 Nocturni
1090 3742 1209 3786 ante
1239 3730 1503 3798 pullorum
1529 3743 1736 3798 cantus,
1765 3742 1873 3788 etc.

294 3802 460 3874 Lege,
488 3805 600 3874 qui,
644 3812 704 3857 ut
732 3803 784 3856 in
827 3801 959 3872 Reg.
1012 3818 1114 3874 ms.
1134 3873 1137 3874 ν
1159 3800 1278 3874 cod.
1303 3800 1485 3874 Corb.,
1519 3810 1574 3856 et
1597 3803 1657 3857 τὸ
1677 3804 1875 3874 adhuc,

296 3871 582 3938 redundat,
606 3882 661 3929 et
686 3888 876 3929 sensus
905 3871 987 3928 est
1012 3873 1144 3940 :Qui
1173 3871 1432 3928 Nocturni
1455 3880 1580 3926 ante
1607 3873 1875 3943 pullorum

299 3951 520 3998 cantum
553 3945 703 4008 dicti,
731 3944 782 3997 id
805 3954 908 4009 est,
936 3953 1060 3998 ante
1083 3944 1314 3998 mediam
1365 3951 1599 4007 noctem,
1632 3945 1698 3998 de
1741 3943 1874 3998 feria

296 4015 484 4083 quinta
517 4023 663 4079 sunt,
694 4014 747 4069 id
776 4021 879 4080 est,
911 4013 1044 4068 feria
1075 4015 1261 4084 quinta
1290 4013 1544 4077 dicuntur
1564 4023 1686 4083 post
1715 4013 1876 4070 Com-

297 4084 584 4166 pletorium
607 4084 722 4166 jam
751 4085 1042 4166 secundum
1080 4100 1295 4166 morem
1336 4084 1590 4166 Ecclesia:
1634 4084 1869 4166 lucente,

297 4153 354 4208 id
406 4163 510 4220 est,
553 4163 741 4209 exorta
789 4153 925 4209 feria
974 4163 1148 4219 sexta,
1191 4163 1246 4209 et
1267 4154 1417 4224 juxta
1462 4171 1665 4210 morem
1695 4157 1872 4211 smculi

297 4227 532 4295 nondum
555 4225 709 4280 ﬁnita
736 4224 868 4279 feria
893 4225 1100 4295 quinta.
1140 4225 1316 4294 Atque
1355 4227 1431 4278 ita
1454 4225 1582 4279 licet
1611 4224 1870 4293 ejusmodi

296 4294 554 4354 Nocturni
608 4296 866 4365 incipiant
911 4294 1033 4365 post
1060 4305 1306 4351 exortum
1357 4295 1506 4350 feria:
1534 4305 1722 4360 sextae,
1751 4306 1876 4352 sunt

295 4375 476 4420 tamen
504 4367 679 4421 adhuc
704 4365 771 4421 de
801 4365 934 4420 feria
963 4367 1172 4435 quinta,
1197 4381 1316 4435 qua:
1344 4365 1501 4434 juxta
1533 4381 1740 4420 morem
1769 4385 1870 4421 sa:—

296 4436 405 4506 culi
436 4436 732 4495 absolvitur
759 4444 962 4490 tantum
990 4437 1163 4491 media
1196 4445 1371 4491 nocte.
1401 4437 1467 4490 Et
1488 4437 1589 4490 hoc
1615 4435 1734 4490 loco
1755 4437 1874 4506 pul-

1984 1835 2318 1890 redeundum
2349 1835 2568 1891 essein
2595 1836 2882 1892 ecclesiam
2924 1839 2991 1894 ad
3016 1849 3313 1898 nocturnas
3355 1835 3569 1902 vigilias

1984 1903 2214 1982 Pascha;
2232 1905 2602 1982 celebrandas.
2635 1905 2836 1982 Eadem
2861 1909 3115 1982 demissa
3145 1911 3306 1982 hujus
3345 1903 3570 1971 Sabbati

1983 1976 2158 2055 sancti
2183 1975 2344 2055 docet
2371 1976 2748 2055 Aleuinuslib.
2776 1979 2842 2033 de
2879 1979 3030 2055 Ollio.
3065 1975 3234 2055 Ecgl.,
3264 1999 3384 2055 cap.
3419 1985 3486 2040 18
3512 1995 3569 2041 et

1985 2046 2072 2101 l9.
2103 2046 2346 2125 ld_etiam
2373 2054 2521 2116 patet
2543 2061 2609 2102 ex
2636 2045 2872 2104 Collecta
2895 2049 3103 2125 missae:
3129 2045 3290 2125 Deus,
3313 2045 3403 2125 (iui
3426 2055 3568 2125 lianc

1981 2116 2398 2170 sacratissimum
2439 2127 2660 2182 noctem,
2708 2127 2848 2182 etc.;
2879 2135 2946 2174 ex
2990 2116 3369 2179 benedictione
3411 2123 3569 2181 Cerei

1982 2184 2446 2260 Paschalis,_q1ue
2492 2186 2551 2240 ﬁt
2601 2187 2760 2256 paulo
2805 2197 2932 2260 ante
2957 2190 3179 2248 missam
3207 2195 3440 2260 sabbati,
3470 2196 3565 2251 ubi

1983 2256 2183 2330 dicitur
2223 2255 2393 2330 :_lla3c
2415 2267 2504 2330 εειΔ
2526 2255 2648 2322 noat,
2674 2273 2790 2330 qua:
2810 2259 2964 2313 hodie
2982 2277 3076 2330 per
3093 2264 3392 2318 universum
3416 2255 3543 2319 rnun

1981 2327 2146 2391 dum;
2174 2335 2228 2380 et
2249 2325 2391 2381 infra
2419 2344 2432 2379 :
2466 2325 2510 2381 0
2539 2343 2652 2381 vere
2674 2325 2824 2382 beata
2857 2325 2996 2395 nox}
3018 2339 3076 2386 et
3104 2332 3158 2386 in
3181 2333 3560 2392 benedictione

1981 2397 2149 2475 etiam
2175 2396 2334 2475 Cerei
2362 2395 2638 2475 Paschalis
2666 2398 2806 2475 apud
2840 2398 3186 2475 [Ennodiumz
3221 2402 3287 2457 Ut
3333 2405 3568 2475 principe

1981 2465 2094 2544 loco
2121 2465 2260 2544 [ores
2285 2467 2673 2544 beatteltactis;
2697 2465 2750 2523 et
2779 2467 2919 2522 infra
2946 2486 2959 2523 :
2982 2469 3051 2524 In
3075 2472 3234 2542 hujus
3255 2465 3378 2544 ergo
3401 2465 3566 2529 suscié

1977 2535 2183 2606 piendte
2212 2537 2378 2590 noctis
2411 2537 2596 2606 o/jicios.

2057 2604 2090 2682 ξ.
2123 2605 2405 2660 Orationes
2436 2604 2782 2682 _'tamen__illas
2827 2609 3240 2682 quadragesima
3262 2629 3442 2682 puras.
3476 2615 3564 2669 ln-

1979 2673 2297 2749 telliguntur
2311 2675 2587 2749 orationes
2612 2676 2735 2749 illic,
2759 2673 2894 2748 quas
2915 2673 3308 2749 ipsevMagistér
3327 2683 3566 2740 instituit

1980 2746 2036 2820 in
2067 2745 2490 2816 Quadragesima
2521 2745 2795 2814 dicendas,
2832 2759 2904 2820 ut
2935 2745 3170 2820 'aliquid'
3187 2753 3435 2808 monachi
3469 2756 3566 2810 ad-

1980 2816 2172 2894 derent
2221 2831 2395 2894 supra
2430 2831 2658 2887 pensum
2703 2819 2978 2894 servitutis
3015 2816 3148 2887 sua},
3203 2838 3339 2892 quas
3388 2825 3562 2894 horis,

1981 2885 2197 2962 Prima},
2249 2885 2467 2962 Tertiaé,
2523 2896 2652 2953 etc.,
2703 2885 3294 2962 interserebant,’qiias
3321 2902 3374 2947 et
3404 2885 3563 2950 nocte

1980 2955 2252 3029 faciebant
2281 2965 2406 3029 ante
2453 2958 2622 3013 lectos
2667 2973 2793 3029 suos
2820 2968 2942 3029 post
2969 2955 3204 3028 primum
3252 2963 3562 3020 accubitum

1981 3026 2178 3106 abbate
2199 3027 2509 3106 orationem
2530 3026 2851 3106 complente,
2878 3026 3000 3100 post
3019 3029 3324 3106 Nocturnos
3353 3034 3406 3088 in
3442 3037 3562 3106 ipso

1983 3096 2274 3168 gallicinio,
2305 3107 2467 3168 atque
2496 3098 2637 3153 inter
2655 3096 2953 3156 ‘Matutinos
2999 3109 3053 3156 et
3093 3099 3350 3168 Primam,
3398 3096 3564 3161 ut'est

1907 3147 1950 3210 ρ
1982 3147 2035 3245 ῑιί
2061 3147 2274 3245 nam;
2287 3147 2960 3245 aigaaa'iiag‘i'aa,j‘e;.3.
2986 3147 3053 3225 5'1'
3083 3147 3152 3245 a'
3364 3147 3562 3245 quia;

1982 3239 2290 3363 Egecfoﬁatito
2315 3239 2477 3294 etiam
2499 3239 2981 3310 pura’appellatur,
3011 3241 3136 3314 quia
3165 3245 3281 3299 sine
3321 3239 3557 3314 psalmo-

2019 3323 2068 3362 1a
2121 3324 2166 3363 1e
2187 3324 2235 3362 1a
2268 3349 2282 3362 .

2019 3316 2068 3362 ia
2101 3316 2282 3363 tiebat.

2056 3381 2096 3450 3A
2115 3378 2422 3450 Quicunque
2445 3381 2508 3434 de
2531 3380 2674 3434 sanis
2715 3381 2924 3450 reﬁcere
2952 3383 3192 3449 voluerit,
3223 3394 3328 3438 etc.
3360 3385 3557 3442 Pnaci-

1979 3449 2059 3517 pit
2083 3448 2187 3526 hoc
2214 3448 2341 3526 loco:
2363 3450 2698 3504 Parasceven
2722 3448 2964 3526 sanetam
3006 3455 3074 3526 ob
3105 3448 3304 3526 Christi
3345 3457 3555 3526 passio-

1982 3533 2104 3572 nem
2130 3517 2248 3594 sine
2272 3520 2393 3594 ciljo
2413 3528 2467 3574 et
2495 3527 2620 3594 potu
2647 3520 2872 3594 traduci.
2896 3522 3048 3594 Quod
3079 3525 3294 3594 quidem
3343 3517 3557 3582 veteres

1981 3603 2089 3663 non
2119 3588 2278 3663 modo
2300 3591 2688 3663 observabant,
2719 3592 2814 3663 sed
2852 3593 3016 3646 etiam
3047 3588 3360 3663 sequentem
3393 3597 3556 3661 diem,

1981 3657 2084 3732 hoc
2106 3669 2188 3712 est
2202 3659 2484 3732 sabbatum
2501 3675 2753 3732 magnum
2772 3662 2890 3717 sine
2909 3672 3038 3732 potu
3064 3657 3260 3720 et'cibo
3285 3657 3557 3722 transmit;

1978 3728 2164 3782 tebaut
2193 3745 2204 3781 :
2238 3728 2310 3782 ita
2339 3738 2397 3784 ut
2428 3737 2551 3784 ante
2580 3728 2771 3786 horam
2815 3728 3015 3788 Christi
3047 3737 3466 3792 resurrectionis
3489 3754 3560 3794 ne

1981 3798 2252 3852 tantillum
2268 3800 2492 3875 quidem
2519 3810 2830 3875 gustarengt,
2864 3803 2989 3875 aliis
3027 3820 3198 3875 usque
3227 3806 3293 3860 ad
3318 3807 3557 3863 mediam

1976 3876 2213 3942 noctem,
2231 3869 2357 3942 aliis
2378 3869 2550 3942 usque
2571 3871 2638 3926 ad
2661 3872 2986 3942 gallicinium
3015 3869 3350 3932 seu'tertiam
3380 3879 3556 3934 noctis

1977 3939 2179 4014 horam
2196 3939 2413 4014 circiter
2433 3939 2694 4014 jejunium
2725 3945 3167 4013 protrahentibus
3184 3945 3339 4014 juxta
3375 3948 3557 4003 diver-

1977 4024 2065 4082 sas
2095 4009 2378 4079 opiniones
2403 4009 2467 4068 de
2490 4009 2624 4068 hora
2678 4009 3096 4071 resurrectionis
3143 4009 3365 4082 Christi,
3394 4026 3453 4072 ut
3475 4019 3556 4074 vi-

1976 4080 2106 4153 dere
2131 4090 2217 4136 est
2242 4082 2295 4136 in
2338 4083 2564 4153 epistola
2595 4083 2835 4153 Dionysii
2865 4084 3215 4142 Alexandrini
3259 4091 3325 4142 ad
3354 4080 3554 4144 Basili-

1976 4150 2120 4230 d_em,
2175 4153 2327 4230 apud
2368 4150 2684 4230 Cassianum
2735 4150 2934 4230 Coihit.
2984 4157 3086 4222 21,
3139 4173 3257 4227 cap.
3305 4159 3407 4224 25,
3459 4160 3554 4230 qui

1975 4222 2238 4299 ejusmodi
2256 4222 2756 4299 jejunium_sabbati
2785 4225 3015 4299 allirmat
3043 4222 3264 4299 produci
3287 4222 3457 4299 usque
3477 4222 3555 4284 'ad

1977 4293 2408 4368 gallicini_11m,_et
2433 4295 2493 4368 ετ
2518 4296 2848 4354 Dorotheum
2876 4293 3058 4351 Doctr:
3077 4297 3142 4350 15
3163 4299 3253 4367 qui
3282 4293 3555 4368 protendit

1978 4365 2080 4434 hoc
2104 4365 2314 4434 sabbati
2331 4364 2592 4432 jejunium
2619 4381 2787 4434 usque
2813 4368 2878 4419 ad
2909 4368 3140 4419 mediam
3173 4364 3407 4421 noctem.

2050 4433 2073 4472 δ
2105 4433 2506 4510 Communicati.
2537 4435 2592 4489 ln
2621 4435 2752 4504 Reg.
2778 4449 2906 4498 1113.,
2933 4435 3362 4491 Scomntunicati.
3388 4438 3553 4510 Lege,

295 4505 470 4564 lorum
499 4517 692 4562 cantus
719 4507 804 4561 ille
831 4515 934 4571 est,
988 4507 1079 4576 qui
1111 4507 1285 4561 media
1316 4515 1472 4562 nocte
1498 4507 1736 4573 auditur,
1756 4503 1872 4562 non
1900 4503 1952 4562 D
1977 4504 2434 4576 excommunicati.

297 4576 544 4647 verogille
576 4577 642 4632 de
671 4593 778 4647 quo
807 4592 967 4646 supra
1009 4577 1210 4632 dictum
1237 4585 1339 4632 est.

369 4658 391 4685 ο
420 4646 596 4700 Etiam
620 4646 926 4712 matutinos,
948 4647 1022 4702 rel
1045 4659 1260 4702 cwleras
1283 4649 1462 4713 horas,
1490 4647 1570 4702 vel
1591 4649 1872 4703 constituta

296 4717 484 4788 ofﬁcia.
510 4717 588 4790 lta
620 4717 672 4771 in
706 4718 833 4790 (leg.
866 4733 1004 4790 ms.;
1035 4719 1130 4773 sed
1167 4719 1381 4790 videtur
1420 4719 1870 4790 deesseialiquid,

297 4787 490 4858 nempe
516 4787 618 4842 ista
654 4806 668 4842 :
709 4787 831 4858 Non
857 4788 1081 4858 faciant,
1108 4788 1194 4842 vel
1237 4789 1366 4857 quid
1395 4789 1588 4845 simile.
1621 4787 1756 4844 Nam
1805 4805 1872 4844 ex

296 4857 648 4939 sequentibus
677 4857 812 4939 satis
851 4857 1194 4939 manifestum
1239 4867 1324 4939 est
1377 4859 1544 4939 ﬁnitis
1581 4859 1872 4939 Nocturnis

297 4927 868 5002 lerizesextaeegeteras
883 4928 1046 5002 horas
1058 4942 1178 4983 esse
1193 4929 1684 4998 praetermitmndas
1696 4946 1872 5002 usque

292 4997 361 5052 ad
390 4999 583 5053 missas
605 4997 824 5054 Sabbati
855 4998 1054 5067 magni.

362 5067 390 5141 «ξ
429 5067 569 5141 Ergo
589 5069 668 5141 ad
684 5068 1004 5123 Nocturnos.
1033 5069 1177 5140 Lege
1209 5086 1221 5099 '
1255 5068 1397 5139 Ergo
1423 5086 1454 5122 a
1482 5068 1792 5137 Nocturnis,
1816 5081 1874 5126 ut

293 5138 528 5210 habetur
559 5139 611 5193 in
643 5140 774 5210 Reg.
805 5154 905 5192 ms.

370 5220 394 5247 ο
416 5207 592 5281 {Isque
617 5209 686 5264 ad
706 5207 892 5263 missas
910 5208 1130 5263 sabbati.
1163 5208 1456 5281 Inclusive;
1485 5225 1605 5278 qua:
1627 5211 1874 5267 diceban-

296 5287 384 5345 tur
411 5277 648 5334 Sabbato
689 5289 876 5335 sancto
899 5281 1051 5336 circa
1105 5279 1336 5334 mediam
1365 5277 1598 5346 noctem,
1629 5289 1689 5335 ut
1719 5282 1875 5337 docet

294 5348 608 5421 Theodorus
656 5350 940 5421 Balsamon
971 5349 1025 5421 in
1065 5364 1187 5405 ean.
1217 5350 1286 5406 90
1330 5353 1748 5421 sextmsynodi,
1778 5353 1868 5407 ubi

293 5418 371 5492 ait
395 5419 754 5492 religiosiOres
782 5419 1121 5492 Christianos
1151 5428 1262 5475 toto
1294 5418 1639 5492 illosabbato
1669 5423 1724 5476 in
1773 5438 1866 5478 ec-

294 5489 460 5544 clesia
492 5489 712 5546 manere
747 5491 934 5546 solitos
975 5500 1030 5545 et
1077 5501 1228 5545 sexta
1260 5491 1434 5545 noctis
1464 5492 1620 5556 hora,
1663 5493 1716 5547 id
1763 5503 1865 5556 est,

295 5561 472 5615 media
504 5571 660 5616 nocte
703 5563 898 5616 divinis
943 5563 1298 5616 sacramentis
1340 5563 1761 5627 communicare,
1815 5573 1869 5618 et

294 5630 429 5686 hora
452 5633 678 5701 septima
727 5631 964 5702 ejusdem
1014 5631 1188 5685 noctis
1226 5631 1552 5700 psalmodias
1577 5635 1870 5688 matutinas

296 5704 503 5771 audire.
536 5703 588 5756 Id
621 5703 830 5757 videtur
857 5703 1019 5756 etiam
1049 5702 1100 5756 in
1125 5704 1344 5771 antiquo
1361 5702 1570 5767 ordine,
1590 5703 1678 5757 ubi
1702 5705 1867 5758 etiam

289 5770 511 5839 jubetur
567 5788 672 5827 non
723 5773 1092 5829 dimittendum
1151 5770 1403 5842 populum
1455 5782 1580 5830 ante
1637 5775 1866 5832 mediam

2055 4575 2069 4612 ί
2105 4572 2606 4649 Superponentibus.
2631 4575 2745 4630 Hoc
2769 4575 2888 4630 loco
2916 4592 3278 4649 superponere
3305 4587 3388 4634 est
3410 4579 3552 4635 diem

1977 4646 2249 4714 integrum
2269 4643 2394 4722 sine
2423 4645 2542 4722 cibo
2566 4653 2621 4699 et
2650 4655 2776 4715 potu
2815 4643 3196 4722 transmittere.
3227 4649 3362 4704 Nam
3391 4652 3553 4722 paulo

1978 4713 2402 4790 antepragcipit,
2415 4723 2476 4768 ut
2505 4713 2804 4790 Parasceve
2828 4719 2945 4790 sine
2963 4719 3085 4774 cibo
3111 4721 3369 4786 ducatur;
3391 4713 3548 4777 'unde

1977 4785 2452 4856 recte'subjungit,
2479 4794 2539 4839 ut
2564 4787 2615 4840 hi
2639 4787 2728 4856 qui
2757 4787 2946 4844 nolunt
2968 4791 3108 4846 hanc
3127 4791 3270 4845 diem
3293 4791 3409 4846 sine
3429 4792 3552 4846 cibo

1977 4855 2373 4927 transmittere,
2417 4855 2741 4912 manducent
2779 4859 2895 4915 sine
2937 4861 3331 4927 benedictione,
3363 4869 3418 4916 et
3441 4877 3550 4917 non

1975 4928 2187 5000 signata
2213 4925 2525 5000 refectione,
2553 4937 2616 4982 ut
2644 4929 2964 4985 erubescant
2990 4947 3095 4985 non
3119 4925 3360 5000 potuisse
3381 4947 3550 4986 unum

1974 4996 2118 5071 diem
2146 4997 2262 5071 sine
2282 4996 2402 5071 cibo
2423 4997 2619 5071 dueere
2639 5014 2761 5054 cum
2783 4996 3297 5071 superpoiientibus';
3313 5009 3366 5055 et
3387 5017 3550 5071 supra

1977 5069 2080 5142 hoc
2105 5068 2280 5136 capite
2301 5066 2561 5142 Magistri,
2579 5066 3222 5142 superponere—jejunium
3242 5080 3327 5125 est
3345 5066 3550 5142 aliquot

1976 5139 2093 5194 dies
2119 5138 2488 5192 transmittere
2509 5140 2624 5194 sine
2647 5138 2804 5205 cibo,
2837 5147 2894 5192 ut
2921 5143 3054 5196 satis
3081 5156 3147 5194 ex
3177 5138 3545 5196 antecedenti-

1976 5208 2076 5264 bus
2120 5216 2174 5261 et
2217 5211 2670 5276 consequentibus
2722 5208 3065 5266 manifestum
3113 5220 3216 5266 est.
3267 5212 3408 5267 ldem
3462 5221 3549 5268 est

1975 5280 2265 5364 ὑπέρθεσςῆ
2371 5287 2480 5360 est,
2510 5280 2886 5364 superpositio,
2913 5288 2966 5335 et
2991 5283 3544 5364 pergredig‘at,ﬂid.esl,

1976 5348 2340 5431 superponere
2369 5348 2422 5401 in
2449 5364 2534 5431 e_p.
2569 5348 2725 5431 Dion.
2765 5348 3112 5431 Alexandrini
3139 5353 3206 5431 ad
3233 5353 3540 5431 Dasilidem.

1970 5418 2104 5474 Nam
2133 5418 2205 5473 ibi
2251 5418 2430 5489 agitur
2456 5419 2524 5474 de
2555 5420 2745 5475 diebus
2785 5435 2940 5489 quos
2966 5421 3093 5476 olim
3146 5422 3436 5478 Christiani
3486 5423 3541 5476 in

1970 5487 2305 5545 hebdomade
2329 5497 2516 5545 sancta
2546 5490 2662 5546 sine
2693 5487 2817 5551 cibo
2857 5492 3312 5562 transmittebant.
3357 5493 3544 5562 Itaque

1969 5574 2358 5632 superponere,
2383 5568 2742 5632 praeterquam
2783 5560 2925 5632 quod
2951 5562 3222 5630 signiﬁcat
3245 5560 3473 5626 addere;
3487 5571 3543 5616 et

1971 5627 2694 5701 superadjicere’jejmiium,
2747 5627 2817 5686 ut—
2849 5627 3026 5701 supra'
3040 5647 3090 5686 c.
3117 5632 3186 5687 54
3213 5633 3538 5696 notavimus,

1970 5701 2238 5828 cstigatiiam
2270 5700 2559 5769 aliquando
2607 5701 2746 5757 diem
2777 5700 3043 5772 integrum
3085 5703 3167 5758 vel
3216 5704 3395 5772 plures
3425 5703 3542 5758 sine

1971 5786 2017 5826 c1
2149 5784 2325 5826 uccre.

1971 5784 2092 5826 ClDO
2113 5784 2325 5826 ducere.
3545 5799 3550 5807 ~
