4066 6342
542 319 573 376 ‘l
582 318 687 375 205

1543 314 1599 371 S.
1642 312 2003 369 BENEDICTI
2041 309 2331 365 ABBATIS
2373 306 2784 365 ANIANENSIS

3662 306 3832 367 1204

539 436 699 499 deret
755 428 1001 501 epulari,
1058 428 1151 498 qui
1212 427 1268 481 in
1306 437 1333 467 ι
1389 424 1626 481 tristitia:
1672 439 1892 479 causam
1947 424 2120 494 ipsius
2146 429 2474 492 Aornatum
2522 427 2576 476 et
2614 420 2879 476 mundum
2924 419 3083 476 debet
3111 432 3232 477 esse
3266 425 3711 491 monasterium,
3765 440 3833 487 ut

537 522 811 598 passionis
848 535 956 575 una
1002 519 1089 573 die
1140 517 1313 573 noluit
1358 531 1484 573 cum
1535 514 1755 572 Christo
1803 515 2121 586 cruciﬁgere

539 626 780 671 carnem.
809 610 1158 667 Sacramenta
1182 622 1312 663 vero
1335 606 1524 663 altaris
1555 605 1611 661 in
1640 606 1668 645 ι)
1694 615 1889 676 patena
1917 603 2124 675 majore

537 706 717 761 vitrea
755 703 1013 761 finiantur
1052 718 1065 754 :
1100 706 1161 757 ut
1184 714 1308 755 cum
1336 706 1491 754 sexta
1520 696 1657 753 feria
1696 695 1866 752 Judaei
1900 696 1969 751 ad
1998 711 2123 766 pas-

538 799 755 855 sionem
799 795 1073 855 Christum
1100 792 1448 863 quaesierint,
1479 791 1551 846 sit
1590 790 1708 861 ipso
1737 790 1824 845 die
1851 789 2123 843 mentibus

537 888 752 946 nostris
793 886 1058 951 reclusus,
1097 893 1159 941 ut
1196 882 1423 939 sabbato
1450 881 1606 938 nobis
1647 896 1745 952 per
1772 879 2126 936 resurrectio-

538 994 668 1036 nem
713 978 770 1033 in
816 992 959 1033 novo
1003 982 1341 1031 sacramento
1385 980 1661 1044 appareat.
1693 971 1811 1027 Jam
1849 970 1941 1041 qui
1971 977 2125 1026 sexta

537 1072 678 1127 feria
708 1068 961 1126 refecturi
1001 1077 1157 1133 sunt,
1203 1067 1320 1123 sine
1345 1066 1724 1125 communione
1750 1052 1998 1120 reﬁciant
2026 1076 2041 1116 :
2068 1069 2129 1116 ut

538 1172 872 1235 agnoscatur
907 1161 1130 1232 jamque
1175 1169 1327 1216 sexta
1367 1158 1505 1215 feria
1547 1156 1751 1229 injuste
1800 1155 1952 1211 reﬁci
2007 1155 2126 1210 sine

539 1252 782 1310 Christo.
838 1264 862 1294 θ
920 1252 1077 1308 Lotio
1126 1266 1263 1307 vero
1312 1265 1531 1314 rerum,
1590 1248 1672 1303 vel
1701 1254 1991 1319 apparatus
2027 1244 2128 1301 Pa-

536 1346 743 1403 schalis
760 1347 877 1417 ipso
895 1346 981 1403 die
1006 1352 1349 1417 procuretur.
1378 1342 1436 1397 In
1460 1356 1566 1411 qua
1590 1349 1741 1395 sexta
1768 1338 1905 1393 feria
1931 1336 1958 1378 ἀ
1990 1337 2128 1392 alta-

539 1439 621 1495 ris
676 1437 921 1494 velamen
948 1478 963 1503 ,
1018 1436 1105 1492 vel
1144 1435 1432 1490 universus
1497 1432 1722 1487 oratorii
1778 1430 2130 1487 subtrahatur

538 1536 800 1595 ornatus;
841 1528 1000 1583 simul
1038 1535 1094 1583 et
1134 1527 1369 1583 lucernae
1393 1532 1448 1580 et
1474 1514 1949 1579 cicendeli’totum
1985 1529 2129 1577 intra

539 1606 932 1676 monasterium
959 1626 1187 1689 negetur
1219 1623 1490 1687 aspectus.
1523 1615 1582 1669 lu
1607 1613 1765 1673 nobis
1791 1613 2010 1670 tristitia
2033 1612 2131 1668 ha-

539 1710 739 1766 beatur
774 1714 892 1780 ipso
930 1709 1038 1776 die,
1071 1723 1193 1765 cum
1239 1707 1440 1762 mundo
1480 1720 1668 1761 verum
1695 1704 1906 1759 Domini
1947 1703 2128 1758 lumen

2222 533 2321 589 per
2347 517 2528 574 omnia
2568 516 2916 571 introiturum
2953 514 3074 570 loca
3096 515 3301 571 munda
3338 526 3533 573 ornata
3559 517 3706 574 velis
3748 518 3835 571 vi-

2223 609 2415 665 deatur
2445 608 2647 678 ubique
2682 606 2840 676 quasi
2873 620 2979 660 una
3009 604 3240 661 ecclesia
3265 622 3280 659 :
3303 615 3366 661 ut
3405 607 3613 676 ubique
3651 607 3731 662 ad
3772 622 3835 662 se

2223 697 2454 755 invicem
2495 706 2848 755 occurrentes
2892 695 3101 762 deceat,
3141 684 3329 763 libeat,
3374 705 3433 753 et
3468 697 3834 754 delectentur

2222 804 2401 847 orare.

2713 878 2740 951 §
2774 878 2838 934 V.
2863 909 2933 919 —-
2961 878 3093 934 lrsit
3122 878 3309 933 Βευιε.

2300 984 2325 1012 ε
2350 971 2493 1028 Ecce
2533 968 2799 1040 jejunium
2835 971 3331 1041 quadragesimale,
3384 972 3624 1029 Domino
3669 974 3835 1028 auxi-

2225 1061 2412 1128 liante,
2429 1061 2542 1133 jam
2566 1063 2800 1134 plurima
2822 1080 2889 1120 ex
2908 1075 3066 1135 parte
3087 1065 3497 1136 complevimus.
3524 1065 3726 1121 Testis
3751 1076 3837 1121 est

2225 1155 2519 1225 unicuique
2548 1156 2883 1213 conscientia
2916 1171 3035 1221 sua,
3092 1157 3221 1226 quia
3264 1166 3470 1225 quanto
3511 1156 3839 1212 districtius

2226 1263 2287 1305 se
2316 1248 2522 1303 sanctis
2572 1248 2659 1302 his
2706 1249 2897 1303 diebus
2924 1247 3154 1303 Domino
3183 1249 3519 1317 mancipasse
3545 1248 3836 1312 meminit,

2227 1348 2378 1397 tanto
2422 1341 2654 1410 amplius
2701 1342 2941 1413 gaudens
2991 1350 3241 1396 sanctum
3285 1340 3586 1396 Dominicae
3630 1356 3839 1396 resur-

2228 1434 2487 1489 rectionis
2515 1441 2729 1507 tempus
2753 1441 3049 1506 exspectet.
3081 1435 3152 1489 At
3176 1434 3222 1490 si
3269 1450 3431 1505 quem
3476 1433 3621 1489 forte
3643 1435 3840 1489 adhuc

2229 1525 2560 1580 conscientia
2605 1527 2786 1581 minus
2829 1526 3068 1597 perfecte
3101 1524 3363 1598 Castigata
3407 1534 3671 1602 accusat,
3694 1526 3839 1582 nulli

2229 1616 2473 1679 dubium,
2503 1616 2631 1686 quin
2659 1617 2887 1687 pavidus
2909 1614 2969 1673 et
2990 1625 3230 1673 tremens
3264 1626 3428 1673 tanta:
3458 1618 3838 1674 solemnitatis

2230 1707 2572 1776 praestolatur
2596 1709 2907 1764 adventum.
2936 1708 3046 1766 Nec
3076 1721 3254 1766 tamen
3281 1711 3372 1765 hic
3401 1707 3526 1765 talis
3551 1708 3624 1764 de
3651 1707 3842 1762 salute

536 1817 639 1873 per
679 1771 986 1874 passionem
1025 1798 1286 1856 abscedil-
1320 1799 1389 1854 Εῐ
1414 1798 1484 1864 Ϊίη
1523 1796 1769 1867 sequenti
1814 1794 1995 1849 Ῑυιηθιι
2040 1794 2125 1849 Ιυ-
2154 1771 2202 1830 Β
2230 1801 2456 1869 diﬁidat,
2481 1820 2658 1873 neque
2684 1803 2862 1873 aliqua
2886 1819 3106 1859 suorum
3132 1803 3522 1859 numerositate
3548 1802 3640 1857 vel
3664 1817 3841 1858 enor-

537 1901 791 1950 cescente
821 1894 1047 1949 sabbato
1081 1908 1178 1964 per
1206 1900 1378 1948 totum
1402 1891 1663 1946 mundum
1684 1906 1784 1961 pro
1812 1890 2001 1945 laetitia
2043 1904 2128 1945 re-

536 1994 794 2057 ponatur,
831 1988 1048 2059 quando
1073 2002 1171 2057 per
1195 1985 1653 2043 resurrectionem
1679 1983 1882 2039 Christi
1924 1982 2127 2038 laetitiae

498 2128 501 2131 η
538 2078 612 2135 ad
648 2094 750 2135 nos
795 2079 979 2136 lumen
1026 2087 1351 2136 revertetur.
1389 2078 1526 2133 Nam
1565 2077 1712 2133 omni
1757 2086 2003 2148 tempore
2046 2075 2128 2132 sic

608 2224 637 2253 ⁸
668 2211 739 2267 In
759 2213 988 2269 tristitia:
1019 2230 1254 2268 causam.
1286 2212 1343 2268 ld
1370 2220 1475 2279 est,
1501 2211 1564 2265 ob
1594 2210 1885 2266 tristitiam.

606 2281 638 2322 ι’
662 2282 731 2336 In
754 2283 1065 2355 patenarln
1098 2284 1230 2355 Reg.
1257 2299 1385 2353 ms.,
1406 2283 1463 2355 in
1496 2283 1700 2355 patina.
1734 2280 1901 2355 Dixit,
1931 2278 2126 2355 ﬁnian-

536 2356 660 2430 tur;
688 2349 815 2430 quia
837 2353 952 2409 vult
978 2353 1072 2430 illo
1093 2349 1390 2430 die'umnes
1410 2349 1618 2430 hostias
1639 2350 1795 2430 sumi
1807 2364 1839 2430 ξι
1861 2349 2122 2430 fratribus

537 2423 611 2479 ob
644 2421 914 2479 rationem
944 2423 1183 2479 allatam.
1216 2423 1284 2481 Et
1304 2422 1576 2477 notandus
1600 2428 1686 2475 est
1710 2421 1966 2488 antiquus
1989 2421 2127 2474 ritus

540 2493 977 2548 communicandi
996 2494 1113 2562 ipso
1130 2494 1217 2547 die
1241 2499 1441 2547 sanctae
1454 2490 1813 2562 P‘arasi-cves.
1837 2489 1938 2556 Qui
1959 2489 2124 2542 etiam

535 2569 761 2643 notatur
781 2559 1098 2643 ab‘Alcuiluo
1121 2562 1327 2643 cap..l8
1348 2559 1594 2643 de_0ﬂic.
1618 2559 1789 2625 Eccl.,
1814 2574 1936 2640 cum
1961 2573 2127 2643 agens

539 2631 609 2686 de
631 2632 734 2686 hac
757 2639 906 2687 sexta
938 2631 1072 2686 feria
1101 2629 1319 2687 scribit:
1358 2649 1377 2681 ι
1412 2630 1565 2686 Tunc
1591 2629 1992 2685 communicant
2014 2643 2129 2682 om-

537 2714 639 2755 nes
664 2715 787 2755 cum
813 2701 1051 2756 silentio.
1085 2722 1105 2754 ›

612 2780 635 2809 α
666 2770 818 2826 Lotio
845 2788 963 2826 vero
1000 2788 1195 2837 rerum,
1221 2780 1328 2827 etc.
1383 2770 1491 2826 Res
1542 2784 1662 2840 quae
1702 2767 1955 2840 lavantur
1997 2775 2127 2840 sunt

538 2839 757 2907 altaria,
788 2841 973 2913 templi
1007 2844 1265 2925 parietes,
1309 2850 1365 2923 et
1415 2839 1744 2925 pavimenta.
1812 2839 1932 2911 Ipsa
1958 2839 2124 2925 etiam

535 2925 670 2983 vasa
701 2928 857 2968 saera
899 2908 1278 2983 puriﬁcantur,
1329 2908 1486 2983 juxta
1516 2908 1853 2983 Magistrum
1889 2908 2124 2983 quidem

534 2980 673 3052 feria
688 2991 874 3048 sexta;
899 2980 956 3038 at
974 2982 1131 3052 juxta
1155 2980 1392 3039 veterem
1418 2981 1547 3052 0rd.
1574 2980 1731 3037 Rom.
1756 2989 1812 3035 et
1832 2980 2119 3052 lsidorum,

534 3051 596 3107 in
618 3050 784 3108 Ctena
815 3050 1049 3116 Domini,
1079 3054 1115 3108 l.
1148 3070 1164 3108 1
1195 3054 1262 3107 de
1286 3052 1488 3108 Ofﬁciis
1523 3051 1693 3115 Eccl.,
1730 3067 1852 3120 cap.
1876 3050 1968 3120 28,
1996 3064 2120 3105 cum

2227 1893 2418 1948 mitate
2463 1893 2733 1947 scelerum
2762 1892 3023 1948 confusus
3063 1893 3381 1947 barathrum
3424 1892 3840 1964 desperationis

2227 1982 2453 2048 incidat,
2478 1981 2634 2052 juxta
2677 1982 2809 2038 illud
2851 1982 3193 2038 Salomonis:
3223 1981 3428 2053 Impius
3477 2000 3603 2037 cum
3631 1982 3836 2038 uenerit

2227 2073 2282 2129 in
2302 2054 2625 2145 profuturum
2656 2072 2675 2112 ί
2701 2073 2986 2140 malorum,
3010 2074 3291 2129 contemnit
3317 2073 3501 2145 (Prov.
3533 2073 3728 2145 xvut).

2227 2215 2411 2263 menta
2439 2207 2713 2276 lavantur,
2739 2221 2976 2276 vasaque
2999 2207 3380 2276 puriﬁcantur,
3416 2221 3537 2276 quae
3564 2214 3698 2260 sunt
3724 2207 3832 2262 Do-

2226 2280 2377 2334 mino
2403 2271 2740 2350 consecrata,
2775 2296 2794 2329 ι
2824 2271 3054 2350 etjuxta
3072 2278 3362 2333 Alcuiuum
3391 2271 3457 2333 de
3483 2276 3641 2333 OlIic.
3670 2278 3829 2334 Eccl.

2231 2349 2548 2474 cai'aig'ra
2570 2419 2824 2485 velamen,
2839 2428 2944 2476 etc.
2964 2417 3091 2475 Iltec
3120 2417 3310 2474 altaris
3332 2416 3559 2473 nudatio
3580 2415 3644 2471 t‘it
3662 2416 3831 2473 hodie

2226 2488 2283 2544 in
2331 2489 2496 2544 Ctena
2528 2490 2761 2556 Domini,
2810 2491 3260 2560 quemadmodum
3290 2489 3435 2560 oliui
3458 2499 3710 2560 tempore
3737 2488 3833 2542 Al-

2227 2560 2396 2623 cuiui,
2424 2568 2483 2613 ut
2510 2575 2575 2614 ex
2609 2562 2785 2630 capite
2813 2556 2980 2616 citato
3012 2568 3230 2615 constat
3262 2577 3276 2614 :
3320 2578 3338 2611 ι
3374 2558 3473 2617 His
3497 2556 3692 2624 ﬁnitis,
3722 2575 3831 2613 nu-

2227 2630 2425 2686 dantur
2446 2631 2641 2685 altaria
2657 2631 2771 2698 jam
2801 2633 2948 2687 circa
2979 2639 3216 2686 noctem.
3248 2650 3268 2681 ι

2303 2712 2326 2739 ο
2350 2699 2486 2772 Ecce
2507 2701 2799 2772 jejunium,
2830 2710 2939 2757 etc.
2966 2701 3158 2772 Exstat
3186 2700 3330 2772 apud
3359 2698 3563 2754 Bedam
3594 2699 3829 2772 humilia

2303 2716 2326 2739 ο
2350 2716 2486 2754 nece
2507 2718 2799 2772 Jejumum,
2830 2716 2939 2757 etc.
2966 2716 3158 2755 exstat
3186 2716 3330 2823 apud
3359 2716 3563 2754 uenam
3595 2716 3829 2756 nomina

2226 2771 2684 2841 quadragesimali
2707 2772 2760 2825 in
2784 2772 3118 2827 Dominicam
3140 2771 3212 2825 Pa
3241 2785 3448 2841 marum
3465 2784 3483 2841 _;
3515 2769 3832 2841 profertur-

2227 2839 2332 2909 que
2353 2856 2384 2895 a
2409 2839 2597 2896 nostro
2618 2851 2839 2896 auctore
2862 2844 2932 2897 ob
2961 2843 3079 2896 hwc
3108 2841 3179 2896 S.-
3200 2839 3475 2895 Benedicti
3500 2840 3669 2895 verba
3697 2858 3714 2895 :
3756 2841 3825 2895 Et

2228 2926 2344 2967 cum
2402 2911 2690 2983 spiritualis
2747 2910 2995 2966 desiderii
3051 2912 3246 2983 gaude
3311 2920 3556 2965 sanctum
3610 2910 3828 2966 Pascha

2227 2992 2502 3050 exspectet.

2305 3051 2323 3089 ί
2355 3051 2643 3121 Malorum.
2673 3050 2744 3107 Ut
2773 3052 2825 3107 in
2857 3061 3009 3108 textu
3035 3050 3226 3111 Graeco
3261 3060 3450 3109 κακῶν.
3483 3052 3544 3121 ιιι
3567 3054 3829 3113 versione

539 3121 749 3195 agit_de
775 3121 913 3195 feria
937 3125 1123 3195 quinta
1153 3122 1371 3195 Majoris
1396 3121 1758 3195 Hebdomadze
1784 3119 1848 3175 ξι
1878 3119 2017 3173 Hinc
2038 3126 2123 3195 est
2151 3131 2196 3195 ο
2227 3122 2502 3179 communi
2531 3140 2543 3177 :
2582 3120 2951 3183 Peccatorum.

536 3188 684 3262 quod
707 3193 897 3249 eodem
925 3188 1014 3250 die
1039 3188 1252 3258 altaria,
1285 3191 1582 3269 templique
1637 3191 1875 3262 parietes
1898 3198 1955 3244 et
1974 3188 2125 3266 pavi-

1842 3450 2182 3533 CAPUT
2260 3453 2508 3534 LVII.

860 3611 951 3668 DE
986 3606 1385 3669 FRATBIBUS
1424 3608 1543 3678 QUI
1582 3607 1816 3666 LONGE
1853 3611 1943 3666 AB
1981 3610 2338 3669 ORATORIO
2376 3609 2776 3680 LABORANT,
2819 3611 2962 3669 AUT
3001 3611 3069 3667 ΙΝ
3108 3611 3221 3669 VIA
3258 3609 3463 3669 SUNT.

767 3784 797 3861 ᾗ
823 3786 865 3841 1.
884 3815 954 3826 ——
976 3784 1057 3841 Ex
1094 3782 1315 3839 REGULA
1345 3795 1534 3837 sucu
1563 3780 1877 3837 BENEDICTI.

611 3891 638 3920 ι
663 3877 907 3942 Fratres,
932 3874 1022 3949 qui
1046 3873 1265 3928 omnino
1287 3872 1444 3944 longe
1465 3880 1592 3927 sunt
1614 3872 1667 3926 in
1698 3871 1905 3937 labore,
1936 3880 2121 3929 etnon

535 3974 765 4041 possunt
784 3977 1073 4023 occurrere
1095 3962 1232 4018 hora
1258 3963 1587 4032 competenti
1629 3963 1695 4017 ad
1724 3963 2041 4028 oratorium,
2066 3972 2123 4020 et

536 4060 707 4114 abbas
732 4058 835 4112 hoc
861 4055 1146 4128 perpendit
1182 4055 1307 4124 quia
1336 4055 1411 4108 ita
1439 4062 1543 4118 est,
1572 4061 1735 4125 agant
1766 4056 1963 4110 ibidem
1986 4071 2121 4125 opus

533 4148 634 4205 Dei
659 4148 751 4204 ubi
788 4155 1102 4218 operantur,
1142 4160 1263 4199 cum
1294 4152 1527 4200 tremore
1554 4145 1738 4203 divino
1782 4146 1811 4185 ιν
1839 4144 2118 4202 ﬂectentes

605 4338 633 4398 ξ
662 4322 881 4398 Fratres
928 4323 1017 4398 qui
1047 4324 1292 4398 omnino,
1318 4331 1425 4380 etc.
1471 4323 1588 4398 Non
1619 4325 1735 4398 vult
1774 4327 1951 4382 omitti
1981 4344 2115 4398 Opus

532 4395 629 4451 Dei
650 4395 719 4450 ab
748 4396 852 4460 his,
896 4393 987 4464 qui
1018 4394 1206 4463 procul
1245 4395 1314 4449 ab
1342 4397 1583 4451 oratorio
1622 4396 1891 4461 laborant,
1938 4393 2113 4453 autin

486 4478 489 4479 '
531 4466 620 4537 via
649 4465 973 4537 diriguntur.
999 4464 1145 4537 [dent
1177 4465 1357 4537 sanxit
1395 4464 1597 4537 Regula
1624 4466 1952 4523 Orientalis:
1988 4488 2007 4519 ι
2045 4470 2111 4524 Ει

531 4537 578 4593 si
602 4536 656 4590 in
682 4533 1152 4606 monasterio,vel
1176 4536 1230 4589 in
1274 4550 1427 4606 agro,
1456 4533 1548 4591 a'ut
1589 4537 1645 4592 in
1691 4538 1906 4605 itinere,
1939 4549 2031 4593 aut
2057 4541 2110 4595 in

531 4606 775 4676 quolibet
796 4605 1102 4687 ministerio
1129 4603 1528 4687 fuerit,'orandi
1560 4618 1652 4663 aut
1682 4603 1944 4679 psallendi
1977 4619 2112 4665 tem-

529 4691 633 4747 pus
653 4690 760 4729 non
789 4682 1183 4745 praetermittat.
1225 4696 1245 4728 ι
1692 4690 1693 4693 ‘

533 4816 543 4818 μ
601 4746 631 4786 b
654 4742 948 4818 Ftecteutes
967 4760 1157 4818 genua.
1183 4746 1387 4818 Nempe
1408 4748 1463 4801 in
1479 4748 1817 4818 orationibus
1830 4763 1952 4818 quae
1975 4747 2109 4805 ﬁunt

530 4816 586 4871 in
614 4814 946 4889 psalmorum
979 4814 1393 4889 intervallis,_‘de
1441 4817 1637 4889 quibus
1683 4814 1880 4889 supra;
1906 4818 1958 4873 in
1984 4835 2111 4889 pre-

528 4883 741 4943 catione
761 4883 1006 4952 Litauite,
1033 4886 1277 4941 oratione
1302 4883 1600 4952 Dominiea,
1645 4896 1700 4942 et
1750 4883 2029 4944 collectis:
2061 4890 2106 4947 si

529 4964 710 5031 tamen
740 4972 862 5031 Anon
881 4957 975 5031 _sit
998 4956 1116 5031 dies
1141 4956 1474 5031 Dominicus,
1514 4967 1610 5012 aut
1633 4960 1903 5031 przecipua
1925 4960 2107 5031 aliqua

528 5026 991 5090 solemnitas..Nec
1009 5027 1167 5084 video
1189 5027 1455 5082 rationem
1475 5042 1572 5081 cur
1593 5026 1911 5097 praeciperet
1933 5026 2105 5085 totum

525 5112 662 5168 opus
706 5098 801 5171 Dei
847 5098 1061 5171 inagro
1105 5097 1331 5171 genibus
1354 5097 1510 5171 flexis
1540 5098 1870 5171 persolvere,
1895 5116 2018 5156 cum
2049 5101 2106 5157 in

525 5169 765 5242 oratorio
808 5168 939 5242 velit
986 5168 1131 5242 illud
1167 5168 1360 5224 stando
1390 5169 1651 5242 duntaxat
1700 5169 1817 5242 ﬁeri
1852 5189 1866 5226 :
1902 5171 2103 5242 alioqui

524 5236 647 5363 plus
674 5239 989 5294 reverentiae
1010 5239 1063 5294 in
1083 5255 1216 5311 agro
1235 5254 1399 5309 quam
1424 5238 1478 5293 in
1508 5241 1748 5295 oratorio
1777 5236 2102 5312 requireret.

574 5307 675 5363 dde
698 5308 841 5363 quod
870 5309 1037 5363 moris
1057 5318 1178 5363 erat
1207 5310 1349 5363 anud
1388 5318 1600 5363 veteres
1642 5311 1873 5363 nsallere
1911 5313 2102 5363 stando

574 5307 675 5381 dde
698 5308 843 5381 quod
870 5309 1037 5365 moris
1057 5307 1178 5364 erat
1207 5307 1349 5379 apud
1388 5318 1600 5381 veteres
1642 5307 1873 5381 psallere
1911 5313 2105 5367 stando

524 5376 904 5504 gelsedendo,
943 5394 1105 5435 orare
1128 5376 1260 5436 vero
1288 5394 1463 5452 genua
1499 5376 1783 5448 ﬂectendo,
1828 5390 1890 5438 ut
1937 5397 2104 5453 supra

561 5464 778 5504 nimus.

561 5464 778 5504 ulmus.

597 5516 834 5591 {Sedet
864 5529 1103 5591 possunt.
1130 5520 1311 5591 Agens
1337 5521 1442 5577 hoc
1462 5520 1583 5578 loco
1611 5519 1669 5591 S.
1688 5520 1748 5576 P.
1777 5520 2103 5577 Benedictus

525 5585 593 5642 de
616 5585 876 5646 fratribus
905 5589 960 5644 in
990 5591 1078 5644 via
1101 5585 1324 5647 diréctis
1366 5591 1568 5646 nullam
1612 5590 1744 5646 facit
1769 5592 2102 5647 mentionem

524 5655 944 5731 genuﬂexionis;
986 5661 1081 5716 sed
1110 5659 1240 5731 dicit
1272 5675 1288 5715 :
1323 5660 1429 5717 Sed
1476 5670 1534 5715 ut
1577 5669 1812 5731 possunt.
1845 5660 1981 5728 Quia
2007 5669 2103 5716 aut

525 5726 746 5783 Fratres
774 5738 899 5784 sunt
935 5730 991 5785 in
1021 5729 1144 5786 navi
1190 5742 1284 5786 aut
1311 5732 1364 5787 in
1395 5726 1587 5797 curru,
1607 5739 1700 5785 aut
1731 5732 1775 5785 si
1804 5726 1968 5802 pedes
1997 5732 2101 5788 iter

2143 4415 2194 4474 D
2218 4415 2586 4523 protmtatem
2618 4418 2670 4455 tn
2703 4415 2885 4471 aliquo
2910 4415 3027 4456 loco
3052 4415 3254 4461 consm

2238 4473 2337 4543 ire,
2390 4482 2449 4526 ut
2492 4473 2703 4540 possint
2749 4488 2924 4543 genua
2978 4472 3196 4543 ﬂectere
3241 4491 3256 4527 :

2226 3800 2423 3855 genua.
2481 3784 2742 3842 Similiter
2792 3786 2886 3858 qui
2938 3787 2993 3842 in
3030 3787 3223 3843 itinere
3274 3787 3468 3844 directi
3521 3796 3675 3855 sunt,
3708 3808 3819 3849 nea

2226 3894 2320 3934 eos
2364 3887 2690 3950 praetereant
2741 3880 2891 3935 horae
2943 3880 3280 3946 constitutae;
3340 3893 3363 3920 ο
3421 3882 3520 3938 sed
3570 3892 3633 3938 ut
3683 3901 3817 3956 pos-

2227 3981 2352 4026 sunt
2370 3971 2396 4010 ἀ
2421 3980 2586 4041 agant
2603 3970 2729 4037 sibi,
2759 3980 2814 4026 et
2851 3972 3126 4032 servitutis
3153 3987 3379 4046 pensum
3403 3989 3508 4031 non
3533 3976 3817 4050 negligant

2226 4064 2469 4120 reddere.

2223 4338 2407 4400 agunt,
2441 4338 2534 4383 aut
2553 4330 2601 4384 si
2621 4330 2883 4402 equitant,
2921 4331 3058 4386 forte
3087 4346 3191 4386 non
3219 4330 3345 4388 licet
3368 4332 3448 4388 eis
3465 4347 3566 4402 per
3592 4333 3811 4391 itineris

2261 4401 2586 4456 rolixitatem
2618 4401 2670 4474 in
2703 4401 2885 4471 aliquo
2910 4402 3027 4474 loco
3052 4403 3379 4469 consistere,
3396 4401 3480 4458 dei
3494 4418 3642 4474 equo
3668 4406 3811 4460 desi-

3309 4488 3374 4529 ac
3418 4474 3652 4542 proinde
3700 4491 3809 4530 non

2213 4542 2586 4612 astringantur
2613 4543 2879 4611 ejusmodi
2930 4542 3414 4613 genuﬁexiouibus,
3457 4545 3566 4600 nisi
3597 4545 3694 4601 ubi
3723 4555 3809 4601 est

2211 4620 2597 4720 opportunum.
2640 4683 2652 4695 ο
2819 4683 2830 4695 .
3048 4685 3060 4695 .
3093 4683 3105 4695 _
3464 4685 3475 4697 _

2343 4685 2514 4751 Agam
2553 4682 2673 4736 sibi.
2706 4684 2932 4738 Var-tant
2975 4683 3243 4751 editiones
3271 4692 3327 4739 et
3357 4684 3577 4741 codices
3619 4701 3757 4741 mss.
3786 4727 3804 4750 .

2211 4752 2352 4825 aliis,
2383 4748 2499 4825 sibi,
2526 4753 2657 4825 aliis
2683 4753 2788 4825 ibi,
2803 4754 3132 4825 legentibus.
3159 4748 3467 4825 Legendum
3496 4763 3683 4811 tamen
3709 4748 3801 4819 ibi,

2211 4823 2264 4877 id
2286 4831 2391 4889 est,
2433 4823 2488 4877 in
2523 4822 2738 4880 itinere.
2770 4822 2916 4879 Nihil
2941 4834 3119 4879 autem
3157 4822 3351 4880 statuit
3386 4825 3444 4881 S.
3473 4826 3803 4882 Benedictus

2208 4894 2275 4948 de
2318 4894 2405 4950 his
2457 4894 2550 4963 qui
2591 4903 2718 4949 sunt
2769 4896 2822 4949 in
2874 4895 3202 4950 monasterio
3252 4904 3310 4949 et
3357 4911 3467 4951 non
3530 4896 3803 4953 intersunt

2207 4964 2394 5020 choro.
2426 4964 2561 5019 Nam
2584 4963 2732 5033 juxta
2754 4966 3125 5034 praescriptum
3156 4964 3374 5035 Regula:
3421 4966 3477 5021 hi
3497 4968 3589 5036 qui
3623 4968 3681 5021 in
3702 4969 3801 5022 ali-

2207 5050 2316 5106 quo
2354 5051 2518 5106 opere
2542 5044 2894 5106 occupantur,
2942 5036 3102 5090 simul
3133 5037 3530 5106 atquesignum
3555 5036 3793 5101 insonat.

2206 5105 2407 5161 debent
2436 5105 2616 5160 omnia
2661 5106 2994 5175 relinquere,
3036 5115 3090 5161 et
3123 5107 3192 5161 ad
3230 5105 3465 5161 ofﬁcium
3500 5108 3797 5164 convolare

2206 5176 2310 5231 nisi
2357 5175 2496 5231 forte
2551 5175 2842 5246 aliquando
2894 5176 3211 5231 cellerarius
3269 5177 3577 5246 rationabili
3623 5194 3792 5233 causa

2205 5246 2583 5317 dispensetur,
2627 5234 2721 5302 aut
2762 5248 2816 5301 hi
2856 5246 2946 5314 qui
2987 5256 3259 5316 coquunt,
3300 5248 3391 5316 qui
3426 5248 3517 5303 vix
3538 5234 3797 5317 ’βοωπις

2205 5316 2471 5388 interesse
2496 5317 2704 5388 ,Sextaa,
2738 5326 2832 5372 aut
2858 5316 3046 5383 Nonae,
3072 5326 3167 5372 aut
3196 5317 3470 5387 Vesperis,
3501 5316 3633 5388 quia
3662 5330 3797 5375 tunc

2202 5387 2440 5442 maxime
2476 5387 2787 5443 detinentur
2840 5389 2984 5444 escis
3018 5388 3277 5458 parandis
3314 5388 3473 5458 juxta
3516 5387 3793 5444 rationem

2204 5459 2467 5527 temporis
2504 5459 2623 5513 sive
2664 5460 2899 5528 prandii,
2947 5452 3064 5514 sive
3096 5452 3287 5527 jejunii
3312 5452 3332 5523 ξ
3356 5468 3446 5513 aut
3488 5459 3794 5515 nosocomii

2202 5528 2457 5594 ministri,
2475 5537 2532 5585 et
2553 5529 2597 5583 si
2610 5530 2700 5599 qui
2716 5530 2824 5583 sint
2837 5530 2999 5585 rebus
3010 5529 3331 5585 necessariis
3342 5544 3465 5599 qua:
3475 5528 3565 5584 vix
3583 5528 3793 5584 (ἥσει-η

2200 5599 2441 5668 possint,
2492 5599 2683 5655 intenti
2714 5614 2729 5652 :
2758 5600 2851 5682 qui
2893 5615 3028 5656 sane
3060 5614 3257 5682 omnes
3290 5610 3522 5682 possunt
3561 5612 3790 5656 servare

2203 5684 2449 5731 normam
2486 5683 2675 5727 eorum
2702 5670 2792 5740 qui
2821 5671 2878 5726 in
2899 5684 3030 5743 agno
3059 5670 3325 5727 laborant.
