4066 6342
285 424 316 498 §
351 421 416 481 II.
441 420 608 479 —Ex
646 419 866 476 Recuu
901 433 1091 473 sum
1126 417 1386 474 Pscnonn
1412 416 1549 488 (cap.
1570 414 1718 485 Hi).

283 529 311 559 ει
330 517 397 572 Et
414 516 460 573 si
477 517 505 556 δ
520 516 573 571 in
595 513 717 569 navi
741 510 924 575 fuerit,
945 518 1001 566 et
1025 511 1077 565 in
1101 511 1455 585 monasterio,
1479 517 1535 563 et
1562 509 1614 563 in
1639 522 1790 578 agro,

203 616 267 665 et
305 624 362 663 ιιι
407 607 619 671 itinere,
663 613 719 659 et
759 602 814 658 in
849 603 1090 672 quolibet
1127 602 1446 668 ministerio,
1473 612 1494 640 ο
1526 598 1717 669 orandi
1739 605 1795 655 et

203 696 475 773 psallendi
509 682 750 766 tempora
778 709 887 750 non
918 694 1318 764 praetermittat.

309 835 338 908 ᾗ
374 835 546 892 III.--
565 833 648 890 Ex
690 832 912 889 Renum
941 845 1133 886 sucu
1156 827 1360 884 BASILII
1386 824 1525 901 (cap.
1556 826 1704 898 407).

285 971 545 1042 Interrog.
578 970 606 1011 (ι
633 968 693 1025 8ἰ
718 968 838 1039 quis
861 967 1006 1023 circa
1030 964 1333 1029 cellarium,
1370 962 1455 1017 vel
1480 962 1792 1032 coquinam,

203 1064 295 1121 vel
339 1064 445 1119 alia
484 1061 855 1132 hujuscemodi
907 1073 1070 1130 opera
1111 1064 1407 1126 occupatus
1444 1060 1546 1119 est,
1592 1061 1649 1108 ει
1686 1068 1794 1108 non

205 1164 467 1213 occurrat
500 1155 689 1210 adesse
721 1163 745 1193 ο
775 1150 954 1208 ordini
984 1147 1351 1220 psallentium,
1379 1145 1462 1200 vel
1492 1144 1559 1199 ad
1584 1143 1791 1198 oratio-

206 1264 357 1313 nem,
400 1247 535 1303 nihil
561 1245 742 1302 damni
770 1244 974 1315 patitur
1010 1242 1064 1296 in
1095 1240 1275 1294 anima
1295 1239 1321 1293 ‘.'
1346 1267 1416 1283 σ-
1436 1234 1590 1306 Resp.
1618 1235 1795 1291 Unus-

206 1339 443 1410 quisque
480 1336 536 1391 in
569 1349 733 1406 opere
757 1347 856 1388 suo
880 1332 1172 1387 observare
1201 1327 1362 1383 debet
1386 1326 1663 1396 propriam
1701 1341 1792 1380 re-

208 1429 416 1501 gulam.
449 1426 601 1482 Sicut
638 1424 941 1481 membrum
978 1421 1034 1476 in
1061 1433 1289 1490 corpore
1321 1426 1379 1473 et
1405 1417 1662 1473 damnum
1687 1418 1792 1473 ha-

206 1520 380 1586 bebit,
410 1518 456 1574 si
487 1516 781 1589 neglexerit
808 1514 865 1570 in
893 1528 959 1569 eo
985 1511 1129 1583 quod
1165 1510 1466 1581 injunctum
1495 1518 1576 1564 est
1609 1510 1660 1564 ei
1693 1527 1707 1563 :
1737 1518 1794 1566 et

208 1612 279 1669 de
312 1609 586 1667 communi
621 1607 847 1662 fratrum
879 1604 1114 1660 utilitate
1139 1601 1417 1674 negligens
1448 1601 1678 1672 amplius
1704 1617 1795 1672 pe-

208 1701 553 1759 riclitabitur.
595 1698 659 1752 Ει
680 1703 860 1751 mente
902 1702 957 1751 et
982 1692 1270 1749 devotione
1317 1692 1592 1762 complere
1631 1692 1792 1747 debet

1177 303 1563 363 CONCORDIA
1609 297 2060 357 REGULARUM.
2101 330 2173 342 -—
2209 301 2360 358 CAP.
2401 302 2558 359 LVII.

3341 305 3479 364 £206

1819 420 1870 476 Α
1894 420 2072 483 patus.
2118 414 2272 482 Quod
2305 414 2397 483 qui
2429 414 2578 478 tacit,
2612 422 2667 469 et
2689 412 3068 470 offendiculum
3105 417 3317 473 caeteris
3341 432 3480 487 prae-

1896 514 2024 573 stat,
2055 514 2112 561 et
2152 506 2266 575 ipse
2289 506 2609 577 negligentis
2641 506 2849 562 crimen
2881 505 3132 562 incurrit.

2072 595 2101 668 ς
2154 596 2242 652 IV.
2267 597 2431 652 —-Ex
2469 595 2687 653 Renum
2721 596 2987 653 MAGISTRI
3023 596 3162 669 (cap.
3188 598 3300 669 56).

1976 687 1995 726 τ
2012 686 2373 761 Cuml'ratres
2392 687 2663 757 spiritales
2689 687 2807 743 sine
2833 686 2972 743 laico
3000 686 3279 744 ambulant
3300 688 3480 758 juncti

1897 781 1968 836 ad
2006 795 2086 841 se.
2120 787 2177 835 et
2208 781 2233 820 ⁸
2256 788 2539 836 cantantes
2566 779 2780 837 modice
2807 780 2875 836 de
2902 780 2987 835 via
3023 780 3243 837 ﬂectant
3281 798 3477 854 genua.

1897 878 1952 926 et
2000 878 2122 940 post
2157 870 2461 925 orationem
2498 870 2727 926 redeant
2761 871 2819 927 in
2848 870 3029 938 viam;
3060 887 3182 927 mox
3233 873 3303 929 ab
3330 875 3481 933 omni

1897 958 2065 1014 verbo
2114 958 2293 1014 alieno
2339 973 2370 1013 a
2411 959 2524 1015 Deo
2570 967 2814 1015 tacentes
2862 968 3082 1030 propter
3123 964 3479 1019 reverentiam

1895 1049 2075 1121 operis
2116 1050 2235 1116 Dei,
2282 1060 2340 1105 et
2378 1049 2457 1106 sic
2501 1049 2828 1105 ambulando
2862 1050 3032 1122 petita
3068 1052 3220 1123 prius
3266 1054 3483 1110 benedi-

1893 1140 2075 1203 ctione
2114 1140 2429 1210 impositum
2476 1149 2836 1211 prorumpaut
2876 1141 2932 1197 in
2971 1142 3278 1211 psalmum;
3315 1160 3477 1214 quem

1894 1249 2021 1309 cum
2056 1233 2438 1304 expleverint,
2496 1234 2522 1273 ιι
2565 1241 2713 1289 stent
2758 1233 3053 1299 modicum,
3108 1243 3165 1290 et
3221 1235 3481 1292 inclinato

1894 1324 2075 1401 capite
2110 1325 2319 1380 modice
2377 1328 2392 1365 ί
2428 1332 2626 1390 orent;
2663 1340 2770 1395 qua
2805 1324 3049 1379 oratione
3078 1324 3311 1395 expleta,
3354 1341 3483 1381 mox

1895 1418 2151 1474 inchoent
2188 1417 2334 1472 viam
2381 1416 2660 1472 ambulare
2681 1433 2805 1473 cum
2834 1417 3080 1487 psalmo;
3112 1433 3220 1488 quo
3247 1418 3478 1487 expleto,

1895 1518 2106 1566 stantes
2142 1517 2477 1580 orentgqua
2510 1509 2639 1564 item
2672 1508 2883 1580 expleta
2923 1510 3191 1578 oratione,
3215 1510 3483 1581 psalmum

1894 1600 2053 1658 simul
2075 1600 2399 1656 ambulando
2422 1600 2708 1669 inchoent;
2740 1615 2847 1671 quo
2866 1600 3102 1670 expleto,
3128 1602 3323 1661 iterato
3350 1618 3478 1659 cur-

1894 1696 2006 1751 vati
2035 1695 2091 1749 in
2135 1692 2446 1749 humilitate
2490 1698 2668 1747 orent.
2728 1691 2871 1763 Ergo
2899 1706 3024 1746 cum
3054 1706 3273 1748 omnem
3312 1692 3483 1763 ipsius

208 1791 268 1848 id
312 1790 457 1861 quod
504 1788 763 1857 scriptum
782 1791 878 1840 est
909 1802 923 1839 :
953 1781 1265 1847 Cantantes,
1307 1790 1357 1835 et
1392 1779 1673 1852 psallentes
1740 1781 1796 1836 in
1823 1768 1871 1829 Β
1898 1787 2047 1844 hora:
2089 1785 2539 1843 consuetudinem
2575 1782 2942 1853 expleverint,
2987 1783 3256 1840 modicum
3290 1795 3304 1834 ι
3338 1798 3483 1839 sece-

208 1883 456 1939 cordibus
488 1879 670 1935 vestris
698 1877 924 1932 Domino
950 1873 1110 1948 (Eph.
1133 1872 1229 1945 LI).
1272 1871 1330 1928 Si
1360 1872 1505 1928 enim
1536 1887 1794 1942 corpora-

207 1971 336 2029 liter
358 1986 465 2027 non
494 1967 797 2026 occurrerit
830 1966 1021 2022 adesse
1048 1978 1172 2019 cum
1202 1963 1413 2019 caeteris
1442 1962 1509 2018 ad
1527 1964 1795 2021 orationis

208 2064 421 2129 locum,
460 2063 515 2118 in
556 2073 879 2132 quocunque
919 2057 1041 2113 loco
1096 2056 1348 2111 inventus
1402 2055 1601 2123 fuerit,
1650 2056 1795 2126 quod

209 2153 513 2212 devotionis
557 2161 660 2217 est,
704 2149 938 2220 expleat.
987 2145 1214 2218 Oportet
1252 2157 1435 2202 tamen
1482 2146 1791 2212 observare,

121 2234 127 2241 ’
210 2260 281 2300 ne
323 2242 464 2299 forte
505 2241 628 2313 quis
652 2240 825 2313 possit
850 2236 1126 2307 complere
1156 2236 1213 2291 in
1238 2244 1479 2308 tempore
1502 2250 1619 2300 suo,
1649 2234 1796 2306 quod

210 2330 590 2401 complendum
616 2339 724 2394 est,
767 2335 823 2384 et
848 2341 1173 2392 occurrere;
1207 2325 1303 2380 sed
1329 2326 1465 2380 dum
1488 2324 1634 2395 loqui
1655 2324 1792 2391 vult,

209 2422 529 2478 occasiones
552 2419 744 2487 nectit,
772 2427 1026 2489 tanquam
1057 2417 1114 2472 in
1139 2414 1425 2472 ministerii
1447 2428 1613 2487 opere
1635 2429 1796 2470 occu-

282 2588 309 2616 ι
348 2573 416 2629 Et
439 2574 486 2629 si
514 2575 571 2644 in
601 2574 721 2644 navi
748 2572 927 2644 fuerit,
960 2580 1067 2629 etc.
1113 2570 1229 2628 lloc
1258 2578 1421 2643 caput
1452 2570 1796 2628 desideratur

213 2648 271 2704 ln
299 2644 503 2717 Regula
539 2643 905 2717 S._Pacbomii
934 2659 1152 2717 excusa.

285 2718 315 2758 δ
347 2709 413 2771 In
435 2714 572 2770 nari.
602 2713 700 2770 Hic
725 2716 928 2771 mentio
949 2714 1011 2768 ﬁt
1041 2714 1194 2768 navis
1222 2730 1236 2766 :
1269 2713 1394 2781 quia
1420 2709 1480 2767 8.
1512 2709 1795 2768 Pachumii

216 2785 461 2856 discipuli
494 2786 812 2841 habitabant
849 2785 905 2839 in
934 2782 1109 2839 insula
1132 2783 1235 2837 Nili
1261 2799 1276 2849 ;
1307 2799 1372 2839 ac
1401 2784 1627 2855 proinde
1655 2797 1799 2853 saepe

218 2858 562 2925 navigabant,
601 2863 663 2911 ut
688 2870 849 2925 supra
882 2862 1128 2925 notatum
1156 2861 1260 2925 est.

287 2940 310 2969 ε
344 2920 555 2983 Orandi
596 2936 645 2980 et
690 2920 995 2997 psallendi.”
1023 2923 1141 2997 Non
1184 2923 1358 2997 solum
1401 2923 1593 2997 dixit:
1639 2920 1803 2979 Psal-

218 2998 380 3061 lendi,
436 2998 533 3053 sed
573 2995 759 3061 etiam,
795 2995 1021 3060 Orandi,
1065 2996 1136 3051 ob
1174 2995 1449 3050 orationes
1510 2995 1634 3049 illas
1680 3009 1803 3065 quae

214 3070 545 3141 psalmorum
604 3066 903 3124 intervallis
946 3066 1461 3122 interserebantur:
1495 3066 1560 3121 de
1598 3066 1803 3136 quibus

217 3156 397 3196 supra.

279 3156 406 3265 {iugi
447 3209 563 3281 quis
590 3209 731 3281 circa
742 3207 1063 3281 regariu‘m,‘
1077 3216 1182 3263 etc.
1207 3207 1401 3263 Exstat
1438 3207 1576 3281 apud
1606 3205 1663 3281 S_.
1696 3204 1799 3260 Ba-

216 3276 627 3357 silium_interr.
670 3278 773 3335 147
810 3278 1001 3351 Regul.
1032 3276 1213 3343 Brev.,
1259 3288 1312 3336 et
1362 3278 1502 3350 apud
1542 3277 1797 3357 Ruﬁnum

217 3349 553 3492 ωεῗὲεᾶἰηὶ
587 3420 954 3492 psallentium.
982 3420 1075 3492 Ita
1126 3420 1266 3491 apud
1301 3419 1558 3492 Ruﬁnum
1584 3458 1598 3472 .
1653 3416 1799 3492 Ordo

219 3489 703 3562 psallentium,'seu
729 3491 863 3562 ordo
885 3489 1233 3562 psalmorum,
1264 3498 1427 3558 atque
1472 3489 1638 3562 crium
1652 3489 1799 3562 ordo

218 3558 334 3617 sine
361 3559 615 3630 adjuncto
646 3568 732 3613 est
760 3558 1009 3630 olliciumr
1036 3559 1302 3622 divinum,
1320 3574 1467 3630 _opus
1502 3558 1801 3630 Dei,_hor:e

219 3627 528 3695 canonica};
564 3630 631 3684 de
656 3644 765 3699 quo
790 3629 1052 3685 vocabulo
1096 3644 1281 3698 supra.
1316 3627 1379 3683 In
1415 3637 1570 3699 textu
1607 3627 1798 3699 Graeco

222 3701 282 3757 8.
310 3699 493 3774 Basilii
526 3709 632 3774 es},
674 3697 754 3774 ῖτῷ
792 3701 1087 3760 κοινόνιτῆς
1117 3699 1440 3774 ψαᾏμῳδίᾳς·
1486 3698 1577 3752 ubi
1622 3697 1800 3774 versio

218 3770 489 3831 recentior
520 3788 535 3825 :
568 3768 780 3825 Statuio
817 3782 1045 3841 tempore
1089 3768 1530 3841 niodirlandorum
1565 3768 1800 3839 psalmo-

218 3858 369 3908 rum;
398 3856 504 3896 non
530 3842 604 3897 ita
628 3851 794 3898 recte.
825 3840 959 3897 Nam
979 3848 1134 3897 κανῶν
1163 3841 1303 3910 apud
1330 3840 1548 3895 Gnaeos
1572 3844 1652 3894 est
1677 3855 1802 3893 cur-

221 3927 332 3976 sus,
377 3910 613 3981 oﬂicinm
655 3913 918 3976 divinum,
960 3927 1095 3981 opus
1138 3912 1256 3975 Dei,
1307 3912 1453 3966 hora:
1492 3913 1799 3974 canonieae;

220 3981 375 4057 Joan.
412 3980 665 4039 Moschus
689 3982 899 4057 cap._27
931 4000 944 4035 :
994 3980 1141 4038 Marsi
1181 3984 1281 4057 γάρ
1309 3982 1493 4037 κανόνα
1516 3983 1802 4057 νυκςιηιτόν

219 4061 310 4115 τῆς
330 4054 480 4135 delia;
503 4052 784 4135 Kupzaxir,
815 4054 869 4135 id
896 4061 1136 4135 est,post
1154 4052 1550 4135 canonem,_s_eu
1562 4052 1801 4135 pﬂicium

220 4120 541 4179 nocturnum
582 4120 796 4179 sanctae
826 4120 1150 4193 Dominicm;
1184 4144 1202 4177 ι
1247 4138 1368 4193 cap.
1397 4123 1496 4177 M7
1526 4120 1694 4182 :'I‘I¢m
1727 4126 1799 4185 εἰς

220 4195 405 4268 κανόνα
424 4196 788 4268 μόνονὲλαλῶν,
821 4189 1219 4268 adtendere?
1244 4189 1448 4268 sarcire;
1485 4203 1712 4268 creandi-to,
1749 4193 1801 4248 id

221 4274 324 4334 est,
352 4284 370 4317 ι
394 4264 632 4334 loqueris
659 4274 866 4319 tantum
896 4266 949 4319 in
975 4264 1149 4321 ofﬁcio
1173 4264 1367 4325 divino.
1390 4274 1541 4319 extra
1566 4264 1801 4318 ollicium

221 4333 661 4391 divinum’mutus
682 4335 1171 4391 erisnTheodorus
1186 4334 1469 4389 Balsamou
1502 4335 1556 4388 in
1584 4350 1703 4389 can.
1733 4334 1804 4387 52

222 4414 386 4484 sex_t:e
426 4408 653 4484 synodi:
685 4409 916 4484 Dpé‘rii;
950 4409 1250 4484 Τνροξροὶγου
1272 4405 1526 4484 annos}:
1563 4407 1804 4484 mi_a°:va-

257 4480 523 4550 ιιὼσκουσι
550 4480 670 4539 τοὺς
691 4478 906 4539 κανόνας
929 4482 1010 4532 καὶ
1025 4478 1103 4534 ’τά
1131 4483 1394 4550 paorbpta
1416 4478 1517 4531 τῶν
1550 4478 1681 4550 κατὰ
1707 4483 1799 4537 τήν

219 4498 523 4601 ’ζὶιωσκουσι
550 4498 670 4539 τους
691 4499 906 4539 κανονας
929 4498 1010 4532 και
1037 4501 1103 4534 τα
1131 4498 1394 4550 μαοτυρια
1416 4498 1517 4531 των
1550 4498 1681 4531 κατα
1707 4498 1799 4537 την

223 4570 249 4603 ο
279 4570 334 4607 ην
376 4553 797 4623 τςσᾳαρακοεζτήν
817 4550 1283 4623 *προσϐαςνευσῶνή
1322 4548 1542 4623 ἑορτῶνο
1597 4546 1648 4600 id
1695 4557 1801 4623 est,

229 4636 247 4668 ι
268 4625 393 4672 ante
412 4617 801 4689 hebdomadem
817 4617 1120 4689 Ty'rophagi
1150 4618 1387 4688 psallunt
1408 4626 1463 4671 et
1489 4617 1672 4689 legunt
1696 4618 1806 4689 oﬂi—

223 4689 322 4761 cia_
353 4696 410 4742 et
455 4689 715 4761 martyria
751 4687 1050 4761 festorum,
1079 4687 1217 4761 qua:
1251 4697 1362 4761 tota
1393 4687 1805 4761 quadragesima

225 4757 442 4829 cadunt.
485 4778 505 4811 ι
547 4757 939 4813 S.'Autiochus
978 4760 1033 4813 in
1069 4757 1229 4829 epist.
1279 4760 1347 4813 ad
1393 4757 1745 4829 Eustachium
1787 4776 1803 4814 :

221 4828 513 4891 Ἐκτιλὲσας
539 4830 616 4885 ἐπ’
642 4831 812 4891 αὐτοῖς
835 4829 922 4885 τὸν
947 4828 1136 4888 amen
1172 4830 1372 4884 κανόνα.
1413 4828 1470 4884 id
1493 4838 1596 4893 est,
1627 4847 1646 4880 σ
1683 4844 1807 4883 cum

219 4899 569 4970 persolvisset
609 4900 888 4970 proiipsis
912 4899 1129 4954 solitum
1169 4898 1433 4970 cilicium,
1463 4917 1482 4951 ι
1532 4898 1811 4970 defuncto-

221 4968 342 5039 rum
394 4970 664 5025 videlicet.
715 4968 999 5039 Rationem
1044 4968 1419 5039 appellationis
1453 4968 1631 5023 reddit
1658 4969 1800 5025 idem

220 5038 535 5105 Antiochus,
564 5039 754 5113 homil.
786 5038 1213 5113 1053‘I'alpiwdia
1232 5042 1374 5110 ἡμῶν
1402 5043 1562 5113 κανὼν
1580 5040 1797 5113 λέγεται·

222 5112 398 5185 ὥσπερ
427 5112 674 5186 γεωργὸς,
704 5112 786 5186 ἐὰν
814 5109 1015 5186 Eridani
1044 5109 1210 5186 nMpn
1230 5109 1317 5186 καὶ
1341 5111 1486 5164 καλὸν
1498 5109 1800 5186 Ῑὸν-αανρνα

221 5178 378 5238 αὐτσῦ
408 5178 482 5244 sic
752 5178 1077 5255 ἐμβάλλεται,
1097 5178 1226 5247 et'e.;
1252 5180 1308 5255 id
1320 5189 1426 5255 est,
1461 5198 1479 5229 ι
1498 5178 1801 5255 Psalmodia

223 5258 419 5323 nostra
449 5250 623 5323 canon
666 5250 974 5323 appellatur
1003 5269 1016 5305 :
1046 5250 1503 5321 quemadmodum
1555 5250 1799 5316 colonus,

223 5321 327 5376 nisi
373 5322 599 5393 dederit
624 5321 837 5393 plenam
863 5329 920 5378 et
952 5322 1151 5377 bonam
1192 5335 1500 5393 mensuram
1539 5336 1713 5393 suam,
1747 5323 1800 5376 in

223 5392 436 5462 vincula
466 5392 771 5462 conjicitur,
810 5401 867 5448 et
911 5393 1186 5448 cruciatur
1216 5406 1231 5446 :
1261 5392 1342 5447 sic
1368 5392 1684 5462 monachus,
1711 5393 1807 5461 qui

223 5461 447 5532 negligit
476 5461 634 5518 suum
658 5478 944 5528 canonem,
967 5478 1063 5519 seu
1084 5476 1417 5528 mensuram,
1440 5463 1528 5518 cui
1557 5461 1812 5519 astrictus

225 5541 339 5617 est,
376 5532 490 5617 Deo
522 5534 764 5617 quptidie
786 5533 1122 5617 persolvere,
1159 5548 1189 5587 a
1222 5532 1537 5617 Deiugrat'ia
1587 5534 1811 5617 excidit,

225 5610 280 5657 et
326 5601 559 5658 traditur
597 5601 831 5660 inimicis
876 5606 1013 5670 suis,
1044 5604 1148 5659 hoc
1175 5610 1279 5667 est,
1310 5601 1564 5659 diabolis.
1600 5622 1618 5655 ι
1647 5609 1810 5660 ιιανών

225 5686 354 5744 ergo
385 5674 604 5744 proprie
628 5682 715 5729 est
738 5690 994 5744 mensura
1025 5687 1185 5744 quam
1216 5673 1441 5744 colonus
1469 5673 1689 5729 domino
1714 5690 1812 5731 suo

229 5689 354 5797 ergo
385 5689 604 5744 proprie
628 5689 715 5729 est
738 5690 994 5731 mensura
1025 5689 1185 5744 quam
1216 5689 1441 5728 εοιοιιιιε
1469 5689 1689 5729 nomino
1714 5690 1812 5731 suo

229 5755 438 5799 severe
486 5751 717 5800 tenetur.
747 5743 902 5812 Quod
940 5742 1258 5800 vocabulum
1302 5742 1482 5799 Latini
1529 5745 1583 5800 in
1624 5744 1812 5801 eadem

1896 1878 2087 1936 dentes
2107 1878 2162 1932 in
2187 1885 2397 1946 partem
2428 1874 2583 1930 ﬂexis
2609 1874 2837 1944 genibus
2869 1882 3130 1951 orent,.et
3160 1874 3188 1915 k
3209 1874 3485 1945 complen-

1895 1979 1980 2028 tes
2004 1970 2213 2027 vicibus
2234 1969 2359 2036 sibi,
2386 1977 2516 2025 tunc
2540 1967 2757 2023 demum
2784 1975 3130 2024 revertantur
3154 1968 3222 2024 ad
3243 1968 3382 2023 viam
3397 1977 3488 2025 :et

1896 2062 1977 2120 sic
2002 2076 2063 2118 se
2094 2061 2114 2102 ι
2140 2060 2518 2117 communibus
2542 2058 2757 2121 fabulis.
2794 2060 2840 2116 si
2865 2059 3157 2126 voluerint,
3188 2060 3475 2116 misceant.

1897 2153 2102 2211 Tamen
2127 2154 2232 2210 illis
2251 2153 2401 2209 horis
2437 2153 2634 2223 quibus
2656 2166 2794 2223 opus
2830 2151 2928 2207 Dei
2964 2151 3289 2208 ambulando
3322 2151 3484 2222 perﬂ-

1896 2247 2068 2313 ciunt,
2091 2253 2339 2311 caveant,
2354 2261 2424 2301 ue
2441 2245 2626 2301 divino
2645 2244 2894 2315 occupati
2912 2259 3079 2316 opere
3097 2244 3151 2300 in
3174 2243 3321 2301 aliud
3341 2244 3487 2301 inter

1897 2354 1957 2395 se
1981 2338 2206 2393 verbum
2235 2337 2595 2393 immisceant.
2623 2334 2680 2391 Si
2705 2350 2834 2391 vero
2858 2334 3008 2391 misti
3039 2350 3164 2391 cum
3184 2333 3340 2392 laicis
3370 2350 3488 2390 am-

1895 2429 2110 2497 bulant,
2143 2436 2552 2501 sequestrantes
2587 2442 2646 2486 se
2674 2427 2755 2505 ab
2790 2427 2869 2483 eis
2912 2426 2968 2482 in
2995 2435 3178 2499 partes
3213 2427 3498 2500 stirpium,

1898 2584 2299 2658 signiﬁcatione
2360 2590 2649 2658 usurpant.
2712 2581 3071 2658 Oassiodorus
3124 2582 3219 2639 lib.
3265 2597 3297 2658 γ
3329 2581 3484 2647 Van,

1897 2651 2059 2735 epist.
2072 2655 2166 2722 59,
2179 2655 2269 2735 ιιρί
2291 2654 2470 2726 agitur
2490 2651 2556 2735 de
2573 2654 2659 2708 his
2671 2651 2772 2735 qui.
2781 2667 2942 2735 agros
2962 2652 3155 2708 domus
3177 2653 3490 2735 regirecon-

1900 2721 2133 2785 ducunt:
2154 2721 2182 2777 ι
2215 2721 2728 2781 Transmarinorum
2759 2721 3352 2794 igiturrcanouem,’ubi
3380 2736 3489 2778 non

1899 2813 2075 2869 parva
2112 2795 2263 2869 fraus
2294 2795 2414 2869 ﬁeri
2441 2794 2764 2869 utilitatibus
2788 2792 3027 2864 publicis
3053 2792 3355 2857 intimatur,
3389 2807 3490 2848 vos

1901 2862 2107 2924 attente
2126 2866 2382 2936 iubemus
2403 2864 2703 2936 inquirere,
2725 2862 2897 2936 atque
2912 2870 3174 2936 statutum
3189 2877 3490 2936 numerum

1901 2953 2002 3018 pr?
2024 2932 2224 3018 virium
2252 2935 2516 3018 qualitate
2540 2933 2783 3018 delinire.
2808 2953 2827 2987 ι
2858 2934 2925 2988 Ει
2952 2947 3050 3018 per
3079 2932 3491 3018 similitudinem

1902 3003 2138 3065 cilicium
2170 3003 2416 3063 divinum
2466 3005 2665 3059 dicitur
2700 3017 2876 3059 canon
2926 3012 2982 3057 et
3023 3017 3279 3063 mensura
3309 3022 3324 3057 :
3357 3003 3489 3072 quia

1904 3079 2159 3133 monachi
2196 3087 2253 3133 et
2281 3073 2461 3131 clerici
2492 3076 2544 3129 in
2581 3076 2751 3129 sacris
2783 3074 3060 3129 constituti
3102 3082 3359 3142 tanquam
3394 3073 3492 3129 Dei

1826 3152 1873 3218 Ο
1904 3148 2079 3206 coloni
2102 3148 2245 3204 hanc
2271 3148 2321 3204 ei
2345 3144 3284 3218 quotidianamAmensuramsolvere
3310 3153 3493 3218 teneo;

1902 3229 2012 3275 tur.
2061 3219 2139 3275 Ita
2167 3218 2330 3276 etiam
2364 3214 2624 3272 'divinum
2651 3214 2884 3271 oIIicinm
2931 3215 3266 3284 appellarunt
3308 3214 3490 3269 Latini

1897 3290 2110 3345 Patres.
2149 3288 2444 3345 Cassianus
2496 3286 2591 3342 lib.
2624 3302 2661 3341 ιι
2701 3286 2768 3341 de
2797 3284 2948 3341 Orat.
2998 3296 3236 3347 noctur.,
3267 3299 3388 3354 cap.
3422 3284 3484 3341 6:

1908 3361 2021 3415 «Ex
2050 3362 2179 3416 hinc
2199 3357 2525 3414 venerabilis
2546 3355 2767 3410 Patrum
2798 3364 3020 3410 senatus
3054 3355 3363 3425 intelligens
3382 3369 3493 3425 an—

1898 3432 2004 3502 geli
2035 3429 2352 3502 magisterio
2378 3425 2909 3502 congregationibus
2922 3425 3148 3502 fratrnm
3178 3422 3489 3502 generalem

1898 3493 2160 3557 Eanonerﬁ
2185 3514 2289 3554 non
2310 3497 2429 3553 sine
2445 3493 2844 3566 dispensatione
2874 3494 3085 3549 Domini
3103 3493 3489 3566 constitutum,

1900 3570 2139 3625 decrevit
2169 3569 2313 3624 hunc
2341 3564 2627 3621 numerum
2654 3573 2764 3619 tarn
2795 3564 2848 3618 in
2876 3565 3211 3635 vespertinis,
3236 3579 3398 3633 quam
3432 3564 3489 3618 in

1901 3640 2186 3695 nocturnis
2244 3636 2633 3693 conventiculis
2660 3635 2943 3693 custodiri.
2974 3633 2995 3688 ἰ
3032 3633 3091 3689 8.
3122 3634 3489 3690 Columbanus

1900 3726 2020 3791 cap.
2053 3711 2083 3764 7
2114 3709 2332 3780 Regula:
2364 3723 2377 3760 :
2415 3725 2433 3757 ι
2467 3705 2571 3791 Sed
2606 3721 2712 3791 per
2740 3713 3034 3791 quaternas
3074 3706 3131 3759 in
3164 3713 3321 3761 nocte
3344 3705 3493 3760 vices

1901 3776 2045 3837 hunc
2092 3776 2356 3837 canouem
2392 3776 2643 3833 reddunt.
2686 3797 2704 3829 ι
2739 3776 2907 3831 Cone.
2937 3777 3253 3831 'I‘uronense
3273 3792 3339 3841 ιι,
3366 3791 3487 3830 can.

1899 3852 1971 3909 25
1999 3869 2012 3904 :
2044 3870 2060 3902 ι
2091 3850 2245 3931 Licet
2268 3850 2498 3931 hymnos
2522 3847 2930 3931 'auihrosianos
2976 3846 3272 3931 habeamn's
3400 3861 3492 3931 εξ-

1901 3937 2063 3985 ιιοιιε,
2108 3921 2160 3976 i-J
2198 3914 2324 3984 est,’
2353 3914 2407 3974 in
2439 3917 2628 3975 ordine
2659 3932 2752 3972 seu
2787 3933 2951 3974 cursu
2981 3916 3149 3971 divini
3182 3914 3363 3972 oﬂicii.
3419 3916 3489 3974 Et

1902 3992 2033 4049 hinc
2064 3992 2213 4048 horae
2241 3989 2519 4046 canonicze
2548 3987 2850 4058 appellaue.
2911 4056 2951 4058 η
3024 4026 3029 4031 ι

1926 4112 1929 4113 ν
1979 4063 1997 4102 f
2038 4060 2170 4118 Cum
2215 4060 2406 4131 fratres
2433 4055 2719 4131 spiritales,
2759 4056 3035 4131 etcrliaec
3078 4055 3264 4113 videre
3308 4064 3401 4114 est.
3429 4058 3497 4116 in.

1900 4133 2035 4205 Reg.
2056 4149 2165 4205 ms.
2192 4128 2314 4188 cod.
2339 4128 2525 4205 C_orb.,
2553 4129 2677 4184 eod.
2706 4144 2826 4200 cap.
2859 4128 2948 4205 δεῖ.

1976 4198 2011 4245 εἴ
2030 4203 2336 4259 Cantantes.
2363 4200 2541 4257 Locus
2566 4198 2874 4270 corruptus.
2899 4198 2955 4254 In
2978 4199 3111 4270 Reg.
3136 4213 3240 4254 ms.
3267 4198 3503 4269 legitur,

1902 4285 2219 4339 eamsantes,
2255 4288 2363 4344 pro
2393 4268 2745 4344 campsantes,
2792 4270 2953 4344 idest
2992 4268 3271 4344 ﬂeetentes
3294 4285 3309 4334 ;
3332 4268 3339 4269 “
3361 4284 3489 4344 nam

1902 4360 2185 4415 campsare
2233 4339 2317 4415 est
2342 4339 2582 4398 ﬂectere.
2607 4340 2814 4397 Glossm
2841 4339 3035 4415 lsidgri
3065 4356 3079 4391 :
3110 4346 3367 4415 campsat,
3396 4339 3495 4415 ﬂe:

1902 4416 1996 4470 ctit
2021 4407 2041 4480 ξ
2068 4414 2353 4484 legendum
2390 4426 2544 4482 ergo,
2571 4419 2917 4484 campsantes.
2952 4409 3020 4484 Et
3046 4422 3238 4484 sensus
3258 4414 3341 4462 est
3374 4425 3386 4461 :
3424 4407 3495 4463 Ut

1827 4501 1880 4560 D
1906 4477 2105 4560 fratres
2121 4477 2334 4560 'directi
2362 4483 2417 4536 in
2438 4477 2546 4560 via,
2590 4479 2646 4560 si
2663 4477 2942 4560 ambulent
2966 4477 3094 4560 sine
3114 4477 3375 4560 laicoru‘m
3404 4491 3496 4558 co-

1909 4556 2125 4619 mitatu,
2159 4554 2226 4608 de
2247 4553 2337 4606 via
2370 4551 2581 4606 modice
2614 4548 2912 4613 ﬂectentes,
2943 4563 3036 4603 seu
3063 4546 3396 4619 declinantes
3422 4545 3495 4601 si-

1909 4625 2021 4681 mul
2044 4624 2217 4696 juncti
2246 4637 2421 4696 genua
2443 4620 2684 4696 ﬂectant,
2706 4628 2763 4696 et
2784 4627 2960 4696 orent,
2986 4627 3040 4696 et
3067 4626 3191 4687 post
3213 4618 3496 4696 orationes

1910 4688 2139 4751 redeant
2182 4694 2235 4748 in
2249 4688 2431 4756 'viam,
2460 4699 2517 4747 et
2557 4689 2882 4745 ambulando
2904 4688 3143 4759 psalmos
3170 4688 3419 4744 recitent.

1981 4763 2009 4803 ιι
2042 4765 2208 4822 Stent.
2239 4763 2295 4818 Id
2317 4771 2422 4828 est,
2446 4760 2763 4823 consistant,
2794 4760 3113 4815 subsistant.

1988 4838 2005 4878 ί
2045 4836 2229 4891 Orent.
2259 4834 2393 4904 Reg.
2424 4849 2529 4889 ms.
2558 4840 2782 4886 recreat.
2832 4830 3022 4897 Recte,
3039 4828 3195 4900 juxta
3225 4831 3494 4886 rationem

1909 4906 2164 4984 loquendi
2195 4903 2454 4984 Magistri.

1984 4969 2000 5028 i
2043 4969 2350 5056 Secedept'es
2372 4974 2425 5056 in
2444 4981 2666 5056 partem.
2695 4971 2814 5056 Est_,
2845 4970 2988 5056 quod
3009 4969 3216 5056 Gallice
3242 4969 3493 5056 dicimus.
3596 5032 3608 5038 η

1909 5065 1964 5102 se
1988 5047 2204 5101 retirant
2226 5047 2257 5099 ὰ
2276 5053 2414 5117 part,
2442 5041 2497 5099 id
2516 5051 2620 5108 est,
2647 5041 3200 5117 secedentesseorsim
3220 5041 3498 5117 ab_aliisi_n

1912 5118 2091 5172 locum
2117 5109 2352 5186 aliquem
2377 5131 2395 5186 ;_
2424 5130 2549 5186 nam
2576 5128 2709 5186 pars
2731 5113 2907 5173 locum
2930 5111 3217 5186 signiﬁcat.
3261 5109 3494 5186 Marcul-

1909 5188 2052 5257 phus
2076 5180 2309 5240 formula
2333 5184 2402 5240 96
2426 5202 2439 5238 :
2473 5180 2611 5239 Civis
2628 5182 2923 5257 Romanus,
2940 5180 3108 5257 partis
3123 5180 3333 5257 apertis,
3379 5197 3496 5257 eam

1910 5250 2092 5329 pergat
2125 5264 2351 5328 partem,
2392 5270 2552 5327 quam
2581 5252 2805 5309 voluerit
2843 5250 3131 5306 ambulare.
3158 5250 3231 5307 Et
3264 5250 3497 5307 formula

1975 5342 2029 5469 ἵ.
2044 5396 2372 5469 Complentes
2397 5395 2594 5469 vicibus
2620 5392 2933 5469 sibi.__Lege,
2960 5391 3275 5469 complentes
3299 5391 3498 5469 ricibrrs

1912 5467 2008 5532 ibi,
2038 5468 2092 5523 id
2129 5461 2235 5534 est,
2268 5468 2323 5523 in
2350 5466 2539 5522 eodem
2565 5465 2686 5534 loco
2708 5461 2957 5534 dicentes
2989 5461 3248 5517 collectas
3276 5461 3494 5516 alterni.

1990 5537 2010 5578 ι
2041 5532 2415 5594 (Σοηιηιιιηίὸιιε
2432 5533 2659 5660 έαὸιιιὶε.
2705 5532 2763 5589 Id
2811 5540 2914 5597 est,
2967 5534 3242 5588 consuetis
3289 5546 3499 5586 sermo—

1990 5624 2095 5660 ius.
2143 5609 2210 5660 de
2246 5623 2404 5660 sacra
2473 5605 2714 5660 crintura
2756 5611 2813 5660 et
2865 5604 3027 5659 rebus
3064 5604 3170 5660 niis
3218 5601 3493 5657 videlicet.

1913 5607 2095 5675 nibus,
2143 5609 2210 5664 de
2246 5623 2404 5663 sacra
2432 5601 2714 5675 Scriptura
2756 5611 2813 5660 et
2865 5604 3027 5659 rebus
3064 5604 3170 5674 piis
3218 5601 3493 5675 videlicet.

1915 5677 2050 5734 Nam
2073 5673 2194 5747 cap.
2231 5677 2266 5732 5
2294 5675 2512 5747 Regula)
2550 5673 2803 5747 Magister
2836 5681 3045 5747 tantum
3070 5673 3148 5730 de
3178 5673 3339 5729 rebus
3370 5686 3498 5727 san-

1917 5749 2020 5806 ctis
2064 5744 2295 5820 colloqui
2323 5744 2584 5803 fritribus
2615 5744 2899 5817 permittit.
