4066 6342
527 322 658 380 {Ill

716 439 747 513 ς
782 439 847 494 ll.
869 468 943 480 —
964 437 1044 493 Ex
1078 436 1299 492 Rscuu
1335 434 1564 489 Paruum
1606 434 1746 505 (cap.
1778 434 1813 489 9
1840 434 1915 504 ι).
2133 432 2181 493 Α

598 534 660 589 Si
716 532 840 602 quis
886 545 1018 586 vero
1068 537 1225 583 extra
1278 527 1670 583 conscientiam
1725 525 1974 592 abbatis,
2023 522 2113 578 vel

527 622 809 694 Prxpositi
852 620 1284 692 qualemcunque
1322 617 1498 673 locum
1547 631 1801 688 egressus
1839 616 1999 687 gulae,
2026 617 2113 672 vel

527 714 780 772 ebrietati
826 728 888 769 se
935 711 1259 776 sociaverit;
1308 717 1402 765 aut
1445 710 1492 764 si
1542 709 1598 764 in
1638 709 1888 780 proximo
1933 716 2114 764 trans-

529 808 729 863 missus
764 821 865 877 pro
906 820 1004 859 sua
1039 803 1257 859 levitate
1292 800 1378 856 vel
1406 800 1563 871 gulae,
1595 815 1701 856 non
1733 800 1916 854 statim
1956 814 2116 869 expe-

529 900 643 955 dita
691 899 1013 954 necessitate
1058 895 1128 951 ad
1173 893 1426 950 cellulam
1480 892 1722 959 redierit,
1771 900 1833 947 ut
1877 907 2114 947 canones

531 991 751 1056 docent,
778 997 873 1044 aut
891 988 1114 1059 triginta
1135 985 1329 1041 diebus
1352 1000 1384 1038 a
1404 983 1782 1041 communione
1807 990 2111 1053 separetur,

534 1094 630 1141 aut
657 1085 823 1156 virgis
850 1099 1022 1141 emsus
1058 1081 1400 1138 emendetur.
1582 1110 1585 1113 -

702 1178 730 1250 ᾗ
766 1178 851 1233 lll.
874 1177 1047 1231 —Ex
1087 1176 1308 1231 REGULA
1348 1172 1611 1228 MAGISTBI
1654 1170 1792 1243 (cap.
1825 1168 1936 1241 6|).

601 1269 631 1311 δ
658 1268 856 1325 Exiens
900 1269 1070 1323 frater
1108 1266 1177 1322 de
1213 1263 1544 1319 monasterio
1586 1262 1883 1332 interroget
1918 1278 1930 1313 :
1970 1257 2113 1325 Quid

536 1360 594 1416 tu
630 1359 809 1431 jubes,
849 1357 1064 1413 domine
1089 1354 1283 1420 Pater;
1325 1352 1371 1408 si
1410 1367 1509 1423 pro
1537 1351 1805 1406 eharitate
1849 1350 1917 1404 ab
1953 1364 2019 1403 eo
2048 1347 2117 1402 ad

532 1463 694 1520 quem
741 1448 945 1511 mittor,
989 1454 1084 1502 aut
1122 1446 1191 1500 ab
1228 1444 1335 1499 alio
1368 1443 1549 1513 aliquo
1586 1450 1829 1496 retentus
1864 1438 2019 1495 fuero
2049 1438 2118 1493 ad

532 1554 777 1595 mensam
816 1546 873 1593 et
908 1553 1029 1593 cum
1062 1534 1376 1605 juramento
1414 1547 1632 1587 suasum
1669 1529 1804 1585 mihi
1846 1529 2011 1584 fuerit
2049 1526 2119 1582 ad

533 1630 991 1693 manducandum,
1018 1634 1051 1669 ἀ
1088 1627 1218 1698 quid
1265 1624 1618 1695 frangendum
1670 1623 1796 1687 erit,
1847 1629 1941 1675 aut
1986 1634 2117 1685 non,

528 1718 841 1791 jejunium?
883 1717 1224 1787 Respondeat
1267 1715 1437 1771 abbas
1480 1714 1667 1771 dicens
1704 1732 1717 1768 :
1757 1712 1815 1768 Si
1860 1711 2121 1783 spiritalis

536 1787 708 1866 frater
756 1826 855 1880 pro
906 1810 1168 1866 adventus
1216 1808 1292 1863 tui
1349 1807 1537 1864 lzetitia
1593 1821 1778 1863 secum
1821 1813 2003 1860 tamen
2055 1804 2124 1860 ad
2151 1787 2198 1846 Β

537 1898 974 1954 manducandum
1035 1905 1088 1952 te
1138 1912 1237 1968 per
1292 1896 1616 1951 cbaritatem
1666 1901 1837 1965 petat,
1892 1894 2124 1966 primam

539 1991 757 2061 quidem
785 1988 901 2057 ejus
930 1990 1268 2060 petitionem,
1306 1989 1352 2044 si
1403 1998 1620 2060 quarta,
1663 1993 1755 2043 aut
1780 1995 1935 2044 sexta
1962 1985 2123 2053 feria,

539 2089 636 2137 aut
685 2079 972 2136 sabbatum
1013 2079 1197 2147 fuerit,
1230 2095 1403 2151 nega;
1451 2079 1703 2136 secundae
1745 2092 1876 2135 vero
1916 2076 2128 2133 iteratae

539 2168 657 2239 ejus
712 2170 957 2240 petitioni
1013 2186 1112 2242 pro
1163 2171 1431 2227 charitate
1475 2170 1587 2241 jam
1646 2169 1890 2226 consenti
1940 2187 1955 2225 :
2002 2168 2128 2224 aliis

540 2276 671 2317 vero
704 2261 895 2318 diebus
934 2269 1088 2317 extra
1126 2263 1260 2319 istas
1291 2258 1456 2318 ferias
1483 2262 1672 2333 prima:
1718 2259 1966 2332 petitioni
2010 2260 2127 2330 spi-

541 2349 719 2406 ritalis
748 2349 814 2406 ad
844 2351 1279 2407 manducandum
1317 2349 1566 2406 effectum
1602 2348 1860 2405 concede.
1902 2347 1958 2404 Si
1996 2362 2128 2404 vero

540 2441 819 2498 smeularis
858 2443 965 2497 erit
1012 2442 1153 2513 apud
1194 2457 1253 2498 se
1300 2440 1577 2497 reﬁciendi
1620 2440 1847 2512 petitio,
1910 2448 2124 2509 quarta,

540 2541 695 2588 sexta
727 2532 864 2587 feria
901 2542 957 2588 et
984 2534 1212 2589 sabbato
1240 2547 1347 2587 non
1378 2532 1746 2604 permittimus
1786 2539 1840 2587 te
1859 2529 2127 2601 jejunium

542 2621 824 2694 frangere;
865 2623 1167 2693 quantisvis
1195 2623 1549 2693 petitionibus
1578 2638 1716 2692 nega
1744 2638 1914 2694 usque
1944 2632 2128 2679 tamen

544 2716 615 2771 ad
652 2713 1045 2784 juiamentum.
1089 2715 1224 2771 Nam
1268 2715 1410 2771 forte
1446 2732 1569 2773 cum
1602 2731 1701 2787 per
1730 2717 1908 2788 aliqua
1947 2715 2130 2771 divina

543 2812 601 2859 et
626 2814 814 2861 sancta
854 2804 1023 2861 fueris
1059 2804 1359 2874 adiuratus,
1390 2805 1505 2877 jam
1538 2805 1781 2861 consenti
1823 2807 1876 2861 in
1914 2806 1999 2861 his
2037 2805 2131 2861 tri-

545 2892 649 2948 bus
690 2891 844 2949 feriis
883 2909 899 2948 :
939 2901 1000 2948 ut
1049 2894 1362 2965 agnoscaris
1408 2893 1696 2949 Dominum
1745 2908 1948 2959 amare,
2003 2909 2139 2971 eum

546 2998 647 3055 per
695 3000 819 3041 eum
867 2986 1182 3056 conjuratus
1228 2984 1523 3042 consentis.
1576 2984 1644 3038 Et
1689 2984 1834 3053 quod
1879 2984 2131 3040 secundae

546 3075 793 3143 petitioni
834 3076 1063 3145 spiritali
1104 3074 1262 3129 fratri
1301 3090 1401 3146 pro
1433 3075 1700 3130 charitate
1729 3074 1961 3129 volendo
2000 3089 2129 3129 con-

548 3141 719 3229 cedis,
749 3141 897 3232 juste
925 3165 1060 3221 laico
1088 3165 1270 3220 divino
1301 3141 1361 3221 te
1397 3164 1615 3219 nomine
1643 3163 1971 3235 conjuranti,
2002 3163 2133 3219 licet
2158 3141 2203 3203 (ἶ

632 3316 659 3386 ξ
689 3302 893 3386 ﬁegula
912 3304 952 3386 ἶ)
983 3320 1085 3386 ms.
1123 3304 1415 3386 cod.__Flor.

626 3373 654 3413 δ
679 3372 1087 3499 ΕίτῖσηεᾸναιεν,
1113 3383 1218 3431 etc.
1242 3374 1368 3431 Haec
1391 3375 1630 3445 reperire
1654 3383 1737 3431 est
1763 3375 1818 3431 in
1853 3374 1989 3448 Reg.
2022 3391 2129 3433 ms.

626 3444 793 3499 Iaistri
817 3460 883 3499 co
924 3486 937 3498 .
962 3444 1149 3499 Corb..
1175 3447 1366 3499 eodem
1389 3462 1513 3499 can.
1536 3445 1627 3499 6i.

548 3444 793 3516 Magistri
812 3444 937 3516 fcod.
962 3444 1149 3511 Corb.,
1175 3447 1366 3501 eodem
1389 3444 1513 3516 cap.
1536 3445 1627 3500 6'1.

624 3524 647 3552 ο
678 3515 819 3580 Quid
845 3516 1194 3585 frangendum
1237 3519 1357 3581 erit,
1404 3515 1497 3571 aut
1539 3533 1665 3584 non,
1706 3516 2017 3588 jejunium?
2051 3516 2134 3574 ita

624 3585 763 3641 aosui
792 3601 859 3640 ex
884 3586 1014 3642 lien.
1045 3603 1147 3642 ms.
1173 3589 1293 3642 cod.
1320 3587 1483 3642 Corb.

648 3600 763 3640 OSlll
792 3601 859 3640 ex
884 3600 1014 3641 nea.
1045 3603 1147 3641 ms.
1173 3600 1293 3641 COG.
1320 3600 1483 3641 UOI‘D.

549 3588 763 3654 reposui
792 3601 859 3640 ex
884 3588 1014 3658 lleg.
1045 3603 1147 3642 ms.
1173 3589 1293 3642 cod.
1320 3588 1483 3642 Corb.

623 3654 836 3728 dgApud
862 3666 910 3728 te
934 3658 1034 3728 erit
1067 3657 1342 3728 persuasio
1381 3656 1663 3728 frangendi
1682 3657 1902 3725 jejunii.
1928 3656 1990 3713 ld
2017 3667 2131 3728 est,

548 3726 775 3798 suadeat
805 3727 922 3792 tibi,
947 3727 1031 3781 vel
1059 3726 1210 3798 roget
1238 3734 1291 3782 te
1321 3726 1573 3797 frangere
1594 3726 1885 3795 jejunium.

616 3809 651 3837 θ
680 3791 1171 3878 ῌΞτσοιπιηπιηίεανῖ».
1195 3797 1357 3878 Lege,
1382 3791 1798 3878 communicare,
1821 3799 1963 3878 ut_in
1998 3800 2129 3871 Reg.

548 3882 652 3921 ms.
680 3866 742 3938 id
775 3874 881 3932 est,
908 3882 1013 3921 non
1043 3866 1407 3938 permittimus
1440 3867 1865 3938 communicare,
1893 3868 1997 3924 hoc
2022 3866 2131 3938 est,

548 3937 842 4007 participes
875 3952 996 3992 esse
1027 3936 1227 3993 mensae
1257 3937 1515 3993 laicorum
1557 3936 1775 3994 fratres.
1803 3939 1937 3993 Nam
1977 3936 2132 3995 com;

552 4007 836 4062 municare
871 4008 1027 4080 juxta
1071 4010 1215 4080 hunc
1256 4008 1577 4080 Magistrum
1606 4017 1735 4080 ρει-ί
1752 4010 1807 4064 in
1853 4011 2130 4067 communi

552 4091 740 4131 mensa
770 4074 896 4149 cum
927 4078 1048 4133 aliis
1064 4079 1309 4149 reficere,
1335 4074 1392 4133 ιῖι
1413 4094 1533 4148 cap.
1562 4077 1633 4131 72
1659 4074 1900 4149 :j‘racto
1919 4080 2132 4149 jejunio

549 4160 725 4227 omnes
750 4148 941 4216 fratres
971 4148 1276 4203 monasterii
1301 4166 1416 4204 cum
1446 4146 1519 4204 eis
1549 4148 1617 4202 ad
1652 4146 1865 4203 Sextum
1900 4146 2135 4205 commu-

554 4227 725 4270 mcent
733 4257 747 4271 .

631 4284 653 4361 ξ
681 4286 1312 4361 Excommunicationem.
1348 4287 1491 4361 Lege
1512 4330 1527 4355 ,
1569 4288 2095 4345 communicationem
2117 4333 2133 4359 ,

549 4362 609 4479 ἷξε
641 4354 691 4410 in
717 4357 851 4429 Reg.
875 4374 1001 4423 ms.,
1029 4358 1131 4415 hoc
1151 4367 1253 4426 est,
1282 4354 1481 4415 mensa:
1504 4354 1806 4416 Communis
1835 4354 2136 4433 participaL

574 4441 774 4479 nonem.

574 4441 774 4481 Ionem.

574 4580 579 4583 1
625 4496 651 4537 ⁸
681 4495 987 4554 Oratorium
1009 4508 1263 4573 exspectet
1284 4510 1611 4557 revertentes.
1628 4501 1706 4557 lla
1727 4500 1985 4573 loquitur,
2001 4502 2129 4575 quia
2156 4497 2210 4558 D

1522 317 1581 374 S.
1620 315 1983 373 BENEDICTI
2020 314 2311 371 ABBATIS
2346 311 2759 370 ANIANENSIS

3674 306 3840 363 ηιξ

2210 428 2461 494 nolendo,
2487 427 2784 484 consentis.
2824 424 2884 481 Si
2914 440 3045 481 vero
3084 425 3139 480 in
3166 426 3252 481 bis
3292 427 3465 481 tribus
3494 425 3667 481 feriis
3703 427 3840 480 sine

2211 519 2583 589 adjuramento
2611 516 2780 572 divini
2811 516 3047 570 nominis
3071 514 3100 555 ἀ
3130 516 3271 586 apud
3302 524 3356 571 te
3384 517 3494 572 erit
3520 516 3840 585 persuasio

2212 610 2493 679 frangendi
2528 608 2819 678 jejunium.
2864 618 2888 646 ο
2927 607 3403 663 excommunicare
3444 607 3596 678 apud
3637 607 3839 662 laicus

2211 717 2325 757 non
2349 701 2712 771 permittimus
2738 699 2972 765 fratres;
3003 697 3097 755 sed
3125 700 3193 755 ad
3221 715 3377 755 suam
3411 698 3436 739 ί
3475 714 3838 755 excommu-

2212 792 2540 848 nicationem
2569 793 2594 832 ⁸
2614 797 2895 866 exspectet
2939 791 3240 846 oratorium
3285 800 3658 847 revertentes.
3702 791 3737 831 ι
3772 790 3836 845 Si

2213 898 2345 939 vero
2381 882 2691 954 prolixitate
2722 882 2937 938 itineris
2971 897 3094 937 sero
3125 882 3229 937 erit
3257 882 3426 937 frater
3456 898 3837 947 reversurus,

2214 974 2260 1029 si
2298 982 2479 1029 tamen
2514 974 2582 1029 ab
2613 972 2818 1043 aliquo,
2852 981 2915 1028 ut
2942 974 3202 1040 diximus,
3246 973 3385 1029 laico
3419 975 3472 1028 in
3510 976 3603 1030 his
3635 976 3838 1031 tribus

2215 1066 2368 1123 feriis
2413 1067 2533 1122 sine
2563 1067 2874 1138 juramento
2915 1066 3211 1121 suadeatur
3231 1065 3497 1136 jejunium
3530 1066 3838 1139 frangere,

2216 1175 2326 1214 non
2378 1166 2561 1216 tamen
2614 1160 2664 1215 ei
2707 1174 2768 1215 se
2822 1161 3106 1230 promittat
3146 1161 3388 1217 reﬁcere.
3452 1162 3513 1217 Si
3568 1178 3719 1218 vero
3767 1164 3841 1217 ad

2217 1252 2363 1307 hunc
2411 1252 2725 1307 smcularem
2771 1251 2942 1309 frater
2986 1254 3245 1321 mittitur,
3275 1257 3289 1295 ί
3322 1255 3413 1325 qui
3461 1255 3516 1310 in
3556 1256 3845 1310 omnibus

2215 1342 2328 1412 jam
2375 1359 2696 1399 conversum
2742 1344 3072 1401 similantem
3122 1346 3387 1417 religiosis
3434 1346 3659 1402 actibus
3713 1346 3841 1401 sola

2220 1434 2397 1490 adhuc
2422 1434 2675 1489 videatur
2702 1443 2922 1490 tonsura
2954 1435 3254 1501 dissimilis,
3284 1435 3443 1505 hujus
3476 1438 3741 1492 suasioni
3783 1438 3843 1490 in

2219 1525 2399 1580 tribus
2432 1524 2583 1579 feriis
2617 1540 2717 1596 pro
2749 1525 2863 1596 jam
2909 1526 3158 1581 conversi
3194 1525 3367 1582 forma
3404 1526 3491 1581 vel
3542 1526 3845 1581 cbaritate

2219 1624 2344 1687 post
2386 1616 2640 1687 primam,
2690 1624 2749 1670 ut
2798 1616 3064 1682 diximus,
3123 1616 3441 1685 petitionem
3494 1614 3843 1671 refectionis

2220 1707 2550 1764 concedatur
2594 1705 2840 1763 effectus.
2882 1705 3019 1762 Aliis
3057 1721 3186 1762 vero
3214 1706 3364 1761 feriis
3405 1705 3454 1762 si
3501 1704 3655 1777 apud
3705 1722 3845 1761 sua-

2226 1801 2442 1856 dentem
2461 1800 2529 1855 de
2554 1797 2847 1855 refectione
2861 1814 2892 1853 a
2906 1799 3227 1854 transmisso
3248 1800 3418 1853 fratre
3434 1797 3650 1852 iadhuc
3667 1799 3843 1852 tarda

2225 1892 2388 1947 fuerit
2415 1892 2621 1964 agenda
2646 1907 2820 1959 mora,
2847 1900 2940 1947 aut
2973 1900 3147 1957 sexta,
3176 1898 3269 1946 aut
3298 1906 3438 1946 nona
3467 1899 3567 1947 aut
3596 1906 3843 1961 vespera

2225 1983 2385 2041 fratri
2410 1984 2743 2041 manducare
2786 1984 3136 2056 permittatur
3161 2003 3173 2038 :
3200 2000 3269 2039 ne
3296 1992 3450 2040 extra
3481 1984 3658 2039 horas
3691 1983 3843 2039 refe-

2226 2076 2467 2132 ctionum
2498 2075 2821 2131 constitutas
2849 2083 3141 2131 consuetus
3175 2074 3371 2130 modus
3410 2074 3594 2129 sancti
3621 2090 3841 2144 propo-

2227 2168 2319 2224 siti
2348 2167 2665 2223 excedatur.
2693 2165 2812 2221 Jam
2846 2166 2893 2222 si
2922 2165 3065 2221 nulla
3102 2173 3187 2222 est
3210 2179 3362 2220 mora
3388 2175 3445 2221 et
3471 2166 3563 2220 via
3596 2181 3631 2219 a
3655 2164 3843 2219 fratre

2228 2260 2478 2331 repedari
2504 2261 2602 2316 sub
2627 2260 2715 2315 die
2741 2274 2967 2315 necesse
2996 2265 3100 2324 est,
3129 2272 3346 2330 quaqua
3386 2257 3523 2314 liora
3551 2255 3841 2313 festinan-

2229 2352 2375 2408 tibus
2419 2351 2682 2407 fratribus
2728 2350 2895 2407 fuerit
2935 2364 3280 2420 persuasum,
3316 2365 3444 2404 mox
3474 2349 3839 2414 consentiat,

2230 2458 2301 2498 ne
2329 2458 2435 2498 non
2464 2452 2712 2513 sumptus
2741 2442 3057 2498 monasterii
3102 2442 3301 2497 habeat
3328 2441 3501 2497 frater
3530 2443 3559 2482 ι
3599 2451 3660 2497 et
3697 2458 3839 2498 con-

2231 2543 2440 2591 suetam
2470 2535 2782 2592 refectionis
2802 2537 2990 2591 horam
3014 2534 3034 2574 1
3059 2535 3364 2606 longinqua:
3379 2550 3676 2591 occurrere
3704 2535 3838 2600 vis,

2231 2636 2286 2683 et
2314 2627 2468 2684 tarde
2496 2627 2650 2683 fratri
2681 2643 2780 2697 per
2825 2626 3199 2683 lassitudinem
3248 2627 3547 2683 revertenti
3584 2628 3646 2682 in
3685 2643 3843 2698 pra:-

2231 2730 2421 2793 parata
2452 2723 2790 2778 diversomm
2825 2721 3120 2777 refectione
3146 2735 3337 2776 mensa
3366 2720 3691 2775 monasterii
3719 2719 3839 2790 jam

2232 2814 2489 2886 explicita
2532 2815 2772 2883 levetur,
2800 2825 2840 2854 ω
2868 2823 2923 2869 et
2969 2822 3261 2885 utrumque
3307 2811 3617 2882 decipiatur
3666 2814 3840 2868 adve-

2233 2907 2411 2963 niens.
2443 2908 2509 2963 Et
2545 2908 2673 2962 item
2708 2908 2832 2963 ideo
2868 2922 2900 2962 a
2928 2906 3222 2963 festinante
3248 2906 3420 2961 fratre
3447 2914 3604 2961 extra
3634 2907 3842 2962 horam

2235 3008 2549 3054 consuetam
2594 2999 2877 3055 refectioni
2922 3013 3223 3055 consensus
3251 2997 3594 3062 conceditur,
3627 3006 3690 3051 ut
3716 3013 3843 3053 non

2233 3091 2469 3163 petentis
2491 3106 2591 3162 pro
2616 3090 2884 3146 charitate
2913 3089 3144 3162 hospitis
3166 3090 3383 3144 animus
3409 3090 3797 3146 contristetur.

2234 3310 2482 3365 monachi
2513 3324 2714 3365 reversn
2746 3325 2811 3364 ex
2842 3310 3038 3366 itinere
3074 3309 3275 3364 debent
3313 3307 3555 3376 accipere
3581 3305 3838 3361 benedi-

2232 3382 2468 3436 ctionem
2501 3382 2553 3435 in
2583 3381 2837 3436 ecclesia.

2304 3452 2332 3491 ιι
2366 3450 2424 3506 Si
2454 3469 2575 3506 vero
2602 3451 2902 3523 prolixitate
2930 3450 3153 3523 itineris.
3180 3439 3336 3523 Lege
3362 3467 3375 3501 :
3406 3446 3465 3501 Si
3491 3462 3604 3523 vero
3631 3463 3663 3498 a
3690 3462 3839 3523 prq-

2235 3521 2473 3603 lixitate,
2515 3516 2649 3589 etc};
2678 3522 2733 3577 id
2766 3531 2885 3587 est,
2911 3521 2959 3577 si
2989 3519 3226 3576 emensis
3263 3519 3469 3590 aliquot
3502 3517 3692 3572 diebus
3730 3516 3841 3570 iti-

2236 3608 2401 3647 neris.

2313 3663 2329 3703 ί
2365 3661 2468 3728 Qui
2491 3661 2545 3715 in
2573 3662 2813 3717 omnibus
2842 3662 2960 3732 jam
2990 3676 3295 3732 conversum
3330 3657 3648 3732 similamcm
3669 3698 3687 3723 ,
3714 3666 3832 3712 etc.

2238 3732 2365 3788 Hmc
2398 3741 2526 3788 sunt
2561 3728 2910 3802 transposita.
2940 3731 3081 3801 Lege
3106 3749 3119 3784 :
3149 3730 3207 3785 Si
3235 3746 3352 3783 vero
3380 3728 3451 3782 ad
3479 3728 3620 3802 Itunc
3658 3744 3838 3802 sefru-

2234 3802 2402 3874 larem
2446 3803 2614 3874 frater
2655 3797 2913 3874 mittatur,
2938 3797 3060 3874 jam
3102 3815 3408 3874 conuersum
3426 3799 3545 3874 ,“in
3584 3797 3837 3874 omnibus

2234 3868 2789 3927 actibus'similantem
2820 3868 3099 3943 religiosis,
3122 3872 3213 3942 qui
3237 3868 3351 3923 sola
3381 3868 3557 3923 adhuc
3584 3868 3834 3922 rideatur

2237 3953 2459 3997 tonsura
2485 3942 2778 3997 dissimilis.

2310 4012 2323 4063 i
2363 4012 2422 4068 Si
2448 4013 2621 4067 adhuc
2653 4013 2806 4066 tarda
2834 4010 2992 4081 fuerit
3020 4010 3211 4081 agendi
3237 4026 3404 4064 mora.
3422 4008 3483 4065 Id
3507 4017 3619 4076 est,
3643 4008 3692 4064 si
3716 4023 3830 4063 non

2235 4092 2321 4139 est
2343 4084 2533 4140 eodem
2562 4083 2649 4138 die
2681 4083 2733 4137 in
2760 4083 3147 4138 monasterium
3177 4096 3522 4135 reversurus.

2309 4154 2336 4194 κ
2370 4155 2437 4209 Et
2458 4163 2757 4208 consuetam
2784 4152 3079 4222 refectionis
3103 4152 3308 4206 horam.
3333 4149 3509 4223 Lege:
3537 4159 3586 4205 et
3604 4149 3687 4203 ad
3708 4164 3836 4202 con-

2236 4235 2440 4295 suetam
2465 4224 2756 4295 refectionis
2785 4222 2990 4276 horam.

2314 4294 2331 4333 1
2350 4289 2671 4365 Longinun
2694 4310 2817 4374 occu
2828 4309 2967 4346 rrere
2988 4292 3106 4347 vita.
3122 4291 3266 4364 Lege
3288 4312 3300 4347 :
3325 4289 3713 4363 longinquitate
3732 4289 3832 4343 ria

2237 4383 2514 4421 occurrere
2540 4382 2643 4418 non
2671 4372 2853 4435 possit.

2309 4446 2347 4468 "'
2378 4436 2448 4491 Et
2476 4429 2865 4507 utrumrjueJ‘é
2916 4438 3195 4506 utrumque
3238 4431 3454 4488 videtur
3494 4429 3830 4487 redundare.
