4066 6342
609 333 746 392 1215

1606 323 1662 379 S.
1699 320 2057 377 BENEDlCTl
2095 318 2388 374 ABBATIS
2425 315 2839 373 ANIANENSIS

3775 312 3916 366 iilﬁ

607 456 848 511 cantare,
878 443 984 500 nisi
1018 441 1162 514 quod
1190 455 1215 482 ι
1247 439 1431 511 legitis
1463 453 1586 494 esse
1623 437 1971 493 cantandum.
1999 435 2027 474 δ
2053 433 2185 489 Car—
2214 441 2262 500 Α
2288 435 2450 490 etiam
2481 433 2717 505 psalmos
2739 431 2766 472 ά
2793 429 3102 486 meditando
3123 438 3320 488 exeant
3345 447 3358 486 :
3391 444 3464 485 ne
3483 429 3641 498 quod
3675 428 3744 482 in
3771 436 3911 481 tern-

606 555 730 598 netn
765 548 1002 593 vestram
1032 535 1358 590 mortificate
1396 547 1493 602 per
1528 528 1944 593 abstinentiam,
1970 528 2184 583 domate
2211 559 2224 602 ς

600 629 820 700 jejuuiis
837 637 890 684 et
910 626 1125 699 vigiliis.
1150 625 1400 679 Animam
1420 637 1552 678 vero
1573 630 1810 675 vestram
1831 618 2008 678 nitore
2030 618 2185 678 bonae

610 718 961 776 conscientiae
985 716 1206 770 abluite.

789 807 914 882 δν.
940 807 1111 861 -Ειι
1152 807 1369 861 Renum
1409 803 1674 858 MAGISTRI
1715 799 1850 872 (cap.
1892 797 2004 870 68).

681 912 703 940 ε
735 901 1008 956 Exeuntes
1029 898 1098 952 de
1124 896 1368 952 oratorio
1401 895 1598 949 fratres
1633 908 1759 948 mox
1803 897 2050 956 taceant;
2083 903 2185 944 nee

678 1068 704 1096 ι
734 1053 947 1123 Legitis.
973 1054 1051 1108 lla
1076 1053 1128 1107 in
1153 1053 1286 1123 Reg.
1311 1067 1416 1106 ms.
1443 1050 1503 1123 S.
1536 1047 1820 1123 Augustini
1859 1047 1980 1101 cod.
2015 1045 2179 1123 Corb.

605 1135 662 1207 et
685 1114 1005 1207 in.ej'usdem
1036 1125 1194 1194 epist.
1223 1114 1354 1188 1'09;
1381 1130 1436 1176 at
1466 1121 1518 1174 in
1547 1114 1750 1190 Regula
1787 1132 1987 1173 excusa
2019 1114 2186 1170 habe‘

609 1193 962 1319 mio'ggr'fm
1009 1271 1227 1318 vestram
1281 1261 1615 1330 mortiﬁcate,
1654 1275 1757 1330 per
1794 1256 2184 1330 abstinentiam,

603 1335 814 1390 domate
829 1335 1072 1404 jejuniis.
1096 1334 1152 1386 In
1183 1332 1384 1404 Regula
1413 1326 1612 1404 excusa
1734 1326 2022 1404 Augustini
2051 1341 2170 1404 cap.

607 1419 746 1474 δρψ,
778 1396 989 1458 carnem
1025 1413 1244 1457 vestram
1267 1396 1482 1455 Homate
1521 1399 1742 1470 jejuniis
1787 1396 1843 1452 et
1866 1396 2183 1450 abstinentia

605 1484 997 1598 “(fatigata
1037 1545 1101 1598 de
1141 1543 1376 1597 oratorio.
1413 1541 1624 1611 fratres.
1669 1538 1798 1594 Haec
1827 1537 2096 1611 habentur
2128 1534 2183 1589 in

606 1614 807 1684 Regula
845 1614 1083 1683 Magistri
1118 1613 1237 1668 cod.
1288 1607 1471 1684 Certi,
1523 1611 1712 1684 eodem
1759 1624 1878 1684 cap.
1911 1607 1980 1684 {58
2008 1647 2022 1672 ,
2063 1619 2185 1676 spe-

605 1667 866 1756 eumue
907 1667 1103 1740 a‘dilla
1129 1667 1294 1738 verba
1325 1683 1382 1737 S.
1417 1667 1695 1739 Benedicti
1734 1699 1747 1734 :
1781 1667 2186 1750 Eapleto'opere
2216 1667 2260 1726 B

2291 540 2422 601 pore
2448 539 2546 580 suo
2575 537 2699 578 cum
2729 520 3035 580 reverentia
3078 520 3283 578 dictum
3310 528 3429 584 est,
3464 527 3634 576 extra
3689 525 3912 587 tanpus

2292 615 2426 677 foris
2453 630 2550 685 per
2570 611 2942 677 extollentiam
2967 611 3303 665 decantetur.
3343 611 3488 680 Ergo
3522 617 3824 664 exeunte-5
3851 611 3912 663 de

2291 704 2534 760 oratorio
2557 708 2776 757 taceant
2798 701 2980 756 statim
3007 719 3020 754 :
3048 701 3173 769 quia
3196 700 3534 770 psalmorum
3556 699 3912 768 explicatum
3967 761 3982 784 .

2293 805 2377 852 est
2406 805 2638 865 tempus,
2667 801 2723 849 et
2744 792 3132 848 taciturnitatis
3160 792 3455 861 incoeptum
3477 798 3609 854 est,
3642 789 3810 844 sicut
3831 791 3910 844 di-

2292 888 2368 949 cit
2403 886 2682 957 Scriptura
2711 906 2724 940 ;
2753 895 2776 925 ε
2803 882 2961 938 Omni
2989 883 3063 937 rei
3093 892 3294 952 tempus
3321 881 3491 954 (Eccl.
3521 881 3640 951 tu).

2285 1045 2384 1101 Dei
2415 1061 2591 1098 omnes
2613 1061 2730 1098 cum
2752 1041 2958 1096 silentio
2979 1050 3184 1095 exeant.

2357 1117 2383 1156 ά
2415 1114 2744 1168 Meditando.
2787 1114 2839 1167 Id
2876 1121 2988 1176 est,
3019 1111 3283 1177 canendo,
3327 1109 3591 1166 meditari
3634 1109 3808 1164 enim
3837 1118 3909 1160 est

2291 1197 2507 1249 eanere,
2540 1192 2598 1239 ut
2633 1183 2829 1254 Ecloga
2856 1184 2879 1237 l
2919 1181 3164 1253 Virgilii:

2417 1299 2716 1363 Sylvestrem
2738 1297 2876 1348 tenui
2901 1308 3086 1345 musam
3112 1293 3364 1344 meditaris
3381 1305 3566 1344 avena.

2289 1417 2357 1472 Et
2383 1431 2525 1485 saepe
2546 1416 2602 1485 in
2625 1429 2781 1470 sacra
2811 1411 3116 1485 Scriptura.
3160 1480 3170 1485 _
3413 1476 3425 1485 _
3491 1474 3540 1485 ν

2365 1500 2388 1527 θ
2414 1475 2569 1541 Oinni
2603 1486 2676 1538 rei
2705 1475 3311 1552 tempus.'Ecc_lesias_tre
3327 1495 3360 1552 _t
3413 1476 3466 1530 in
3491 1475 3754 1546 Vulgata
3797 1491 3910 1552 ver-

2291 1559 2481 1613 sione:
2518 1556 2710 1610 Omnia
2741 1547 2940 1622 tempus
2988 1550 3198 1621 habent.
3240 1549 3295 1602 ln
3323 1547 3556 1617 Septua.
3592 1555 3718 1607 τοῖς
3751 1551 3907 1601 πᾶσιν

2294 1628 2323 1686 ὅ
2353 1631 2562 1708 χρόνος,
2587 1627 2640 1681 id
2661 1633 2769 1691 est,
2807 1622 3060 1678 omnibus
3095 1622 3258 1675 rebus
3289 1627 3526 1688 tempus.

1771 1798 3871 1834 ___—_——m——U———-_——

1970 1905 2308 1986 CAPUT
2390 1903 2538 1982 LX.

1701 2068 1790 2124 DE
1831 2064 2242 2122 llOSPlTlBUS
2283 2061 2778 2120 SUSCIPIENDIS.

831 2301 859 2374 ς
907 2300 1039 2355 1.-
1061 2299 1142 2353 Ex
1180 2305 1400 2352 hacuu
1437 2309 1624 2350 SANCTI
1660 2294 1973 2350 BENEDICTI.

683 2454 710 2483 II
739 2439 940 2497 Omnes
965 2435 1406 2508 supervenientes
1431 2432 1737 2503 hospites,b
1761 2440 2019 2500 tanquam
2033 2430 2188 2485 Chri-

606 2540 757 2596 stus,
803 2527 1184 2598 suscipiantur.
1217 2524 1353 2591 Quia
1391 2523 1507 2594 ipse
1545 2522 1793 2578 dicturus
1827 2529 1950 2577 est:
1983 2520 2188 2591 Hospes

608 2623 690 2692 [ui
713 2662 728 2686 ,
761 2630 808 2675 et
847 2630 870 2658 ο
907 2616 1206 2687 suscepistis
1254 2631 1336 2668 me
1383 2612 1597 2685 (Matth.
1641 2612 1789 2685 xxv).
1827 2612 1900 2682 Et.
1937 2611 2190 2668 omnibus

606 2727 880 2782 congruas
903 2710 1076 2764 honor
1094 2705 1438 2770 exhibeatur,
1467 2703 1702 2758 maxime
1728 2702 2042 2758 domesticis
2063 2702 2188 2757 fidei

609 2810 665 2858 et
691 2799 1014 2872 peregrinis.
1039 2797 1110 2854 Ut
1137 2795 1420 2852 nuntiatus
1444 2794 1605 2850 fuerit
1633 2795 1849 2866 hospes,
1874 2802 2191 2850 occurratur

608 2895 658 2950 ei
689 2911 719 2948 a
750 2893 940 2950 Priore
971 2891 997 2930 ἀ
1026 2891 1108 2946 vel
1141 2906 1172 2944 a
1199 2889 1458 2944 fratribus
1488 2903 1609 2944 cum
1635 2887 1782 2943 omni
1811 2886 1987 2943 oﬂicio
2012 2886 2192 2943 chari-

612 2985 770 3050 tatis;
801 2995 825 3023 ο
858 2991 915 3039 et
949 2982 1201 3052 primitus
1229 2988 1425 3045 orent,
1463 2987 1521 3034 et
1555 2979 1635 3034 sic
1680 2978 1782 3033 sibi
1814 2978 2088 3033 socientur
2137 2978 2192 3033 in

680 3127 705 3153 ιι
730 3113 922 3168 Omnes
945 3113 1356 3183 supervenientes
1379 3113 1623 3180 hospites.
1629 3110 1838 3183 Quanti
1856 3111 2100 3183 ducenda
2121 3112 2192 3166 sit

610 3185 894 3239 monachis
966 3180 1332 3253 hospitalitas,
1401 3183 1559 3237 docet
1628 3180 1820 3235 Petrus
1895 3181 2186 3238 Blzesensis

608 3254 766 3308 enist.
799 3255 887 3308 29.

661 3272 766 3308 uss.
799 3272 887 3308 zu.

640 3272 710 3364 ιιι
743 3323 1015 3394 Tanquam
1054 3321 1294 3394 Christus
1330 3321 1716 3394 suscipiantur.
1764 3321 2030 3394 Prmclara
2077 3323 2194 3377 hrcc

614 3403 698 3451 est
724 3391 1022 3449 admonitio
1051 3392 1090 3447 S
1117 3391 1360 3463 Gregorii
1393 3408 1542 3462 papze
1572 3393 1717 3446 hom.
1765 3393 1836 3447 25
1867 3393 1920 3446 in
1951 3393 2193 3463 Evange-

609 3465 678 3520 lia
715 3483 728 3519 :
770 3483 786 3514 ι
820 3464 1070 3527 Pensate,
1104 3462 1320 3527 fratres,
1355 3471 1556 3532 quanta
1591 3463 1977 3532 hospitalitatis
2020 3462 2194 3518 virtus

610 3537 722 3590 sit:
754 3534 834 3588 Ad
864 3550 1081 3589 mensas
1122 3543 1333 3587 vestras
1354 3533 1627 3587 Christum
1674 3533 1948 3602 suscipite,
1999 3542 2058 3587 ut
2099 3550 2196 3588 vos

614 3605 684 3660 ab
709 3621 772 3660 eo
799 3605 997 3674 suscipi
1028 3604 1094 3658 ad
1141 3603 1388 3658 convivia
1427 3612 1626 3658 acterna
1664 3605 1909 3660 valeatis.
1951 3603 2194 3659 Prasbete

609 3675 772 3730 modo
799 3676 1082 3746 peregrino
1109 3675 1424 3746 hospitium,
1459 3683 1520 3746 ιιι
1572 3689 1667 3728 vos
1726 3675 1779 3746 in
1829 3674 2034 3746 judicio
2088 3691 2194 3746 non

613 3746 768 3815 quasi
792 3744 1106 3816 peregrinos
1130 3744 1357 3816 nesciat,
1382 3744 1474 3816 sed
1501 3752 1560 3797 ut
1585 3745 1831 3816 proprios
1872 3745 2091 3816 recipiat
2141 3745 2193 3798 in

516 3878 522 3883 ,
611 3814 860 3885 regnum.
901 3814 1032 3870 s'lta
1059 3830 1117 3869 se
1165 3814 1293 3869 olim
1334 3815 1594 3936 gerebant
1635 3815 1776 3868 circa
1816 3815 2053 3883 hospites
2083 3830 2198 3867 mo-

613 3885 774 3936 nachi
807 3885 1159 3936 Lenercnses.
1192 3893 1252 3936 ut
1279 3899 1336 3936 re
1361 3893 1443 3936 ert
1469 3883 1526 3936 S.
1558 3883 1814 3936 Eulogius
1849 3886 1903 3936 iu
1943 3885 2102 3936 epist.
2130 3884 2198 3936 ad

613 3883 774 3956 michi
807 3885 1159 3956 Legercnses,
1192 3893 1257 3956 ut
1279 3883 1443 3937 refert
1469 3883 1526 3937 S.
1558 3883 1814 3956 Eulogius
1849 3886 1903 3938 iu
1943 3885 2102 3956 epist.
2130 3884 2199 3938 ad

613 3953 992 4026 Willesindfum
1041 3954 1519 4024 Pompeiopensem
1552 3953 1861 4026 episcopum
1891 3953 1987 4026 ιι
2025 3955 2194 4026 Exer-

613 4025 810 4078 cebant
858 4025 949 4078 alii
992 4015 1402 4092 peregrinorum
1457 4035 1512 4093 et
1570 4015 1841 4092 hospit'um
1885 4015 2230 4093 diligentius'

615 4108 825 4157 curam,
855 4103 908 4149 et
935 4091 1092 4162 quasi
1119 4091 1410 4164 declinanti
1433 4091 1651 4164 Christo
1670 4091 1736 4147 ad
1765 4091 1994 4164 hostiitia
2010 4108 2195 4148 eorum

613 4164 862 4216 omnibus
892 4163 1306 4218 adventantibus
1331 4162 1789 4217 obsecundabant.
1833 4183 1851 4214 ι

687 4245 709 4272 ο
747 4231 1062 4305 Sttseepistis
1083 4232 1262 4305 me._ln
1290 4233 1535 4286 versione
1557 4233 1829 4301 communi
1863 4251 1875 4288 :
1902 4233 2195 4305 Collegistis

613 4319 712 4364 me,
740 4301 893 4364 juxta
914 4301 1130 4358 textum
1167 4301 1434 4359 Graecum.

685 4372 711 4412 ἀ
748 4371 894 4427 Vela
925 4373 1197 4444 fratribus.
1225 4372 1340 4429 Non
1371 4373 1595 4439 addidit,
1629 4375 2067 4443 omnibus;quod
2086 4390 2191 4428 non

2286 2265 2442 2322 pace.
2472 2248 2626 2316 Quod
2673 2248 2824 2318 pacis
2853 2245 3096 2303 osculum
3128 2261 3234 2300 non
3269 2247 3419 2317 prius
3457 2246 3770 2313 oﬂ'cratur,
3804 2252 3900 2304 nisi

2287 2341 2534 2396 oratione
2560 2339 2864 2410 praemissa,
2897 2345 3117 2409 propter
3156 2337 3434 2394 illusiones
3466 2338 3810 2394 diabolicas.
3843 2343 3896 2395 in

2290 2431 2408 2501 ipsa
2439 2439 2618 2484 autem
2649 2429 2974 2484 salutatione
3011 2429 3193 2482 omnis
3221 2428 3549 2482 exhibentur
3582 2429 3895 2483 humilitas.

2290 2520 2554 2576 Omnibus
2576 2519 2950 2584 venientibus,
2994 2519 3110 2573 sive
3139 2517 3543 2573 discedentibus
3582 2519 3900 2588 hospitibus

2296 2611 2316 2650 τ
2343 2611 2602 2666 inclinato
2623 2609 2801 2679 capite
2821 2609 2905 2664 vel
2921 2617 3193 2680 prostrato
3213 2608 3361 2663 omni
3386 2623 3625 2678 corpore
3641 2609 3902 2665 Christus

2291 2705 2347 2760 in
2385 2703 2466 2759 eis
2508 2703 2783 2766 adoretur,
2806 2701 2899 2771 qui
2948 2709 3003 2755 et
3051 2699 3365 2770 suscipitur.
3400 2699 3661 2770 Suscepti
3709 2713 3898 2756 autem

2292 2797 2533 2868 hospites
2560 2797 2584 2836 ⁸
2611 2793 2880 2849 ducantur
2910 2791 2977 2845 ad
3006 2792 3347 2857 orationem;
3377 2799 3433 2846 et
3468 2801 3665 2861 postea
3705 2794 3901 2847 sedeat

2292 2901 2415 2940 cum
2445 2885 2523 2940 eis
2545 2883 2720 2948 Prior,
2749 2884 2776 2923 ιι
2808 2890 2901 2936 aut
2937 2882 3024 2937 cui
3053 2881 3280 2952 jusserit
3311 2882 3444 2951 ipse.
3477 2883 3492 2920 ί
3531 2881 3784 2950 Legatur
3814 2899 3902 2936 co-

2295 2995 2413 3034 ram
2438 2978 2649 3048 hospite
2674 2976 2760 3031 lex
2786 2975 2989 3042 divina,
3019 2985 3080 3030 ut
3104 2973 3434 3040 tediﬁcetur;
3469 2973 3482 3024 ι
3523 2985 3581 3029 et
3608 2985 3744 3045 post
3785 2978 3899 3030 hmo

2295 3113 2514 3169 Deodati
2546 3111 2890 3166 Nivcrnensis
2915 3110 3151 3180 episcopi
3181 3129 3194 3164 :
3235 3130 3253 3161 ‹
3286 3110 3530 3180 Eumque
3569 3127 3744 3164 manu
3800 3129 3898 3182 ap-

2335 3184 2616 3238 rehcnsum
2648 3183 2879 3235 ducebat
2904 3183 2972 3236 ad
3005 3183 3303 3235 orationem
3347 3196 3498 3235 more
3533 3183 3902 3250 antiquorum

2335 3200 2616 3238 rencnsum
2648 3200 2879 3235 uucenat
2904 3200 2972 3236 an
3005 3200 3303 3235 orattonem
3347 3200 3498 3235 more
3533 3200 3902 3250 anuquornm

2292 3200 2538 3316 Patrum,
2568 3262 2623 3306 et
2654 3261 2708 3305 ut
2752 3253 2918 3308 habet
2960 3252 3226 3306 institutio
3262 3251 3563 3307 beatissimi
3599 3251 3905 3307 Benedicti

2294 3323 2580 3380 abhaﬁs.s

2365 3394 2389 3432 δ
2429 3393 2529 3446 Aut
2558 3395 2643 3446 cui
2665 3393 2883 3463 jusserit
2907 3394 3034 3463 ipse.
3062 3393 3110 3447 ls
3142 3391 3310 3446 frater
3344 3393 3436 3462 qui
3473 3407 3587 3446 cum
3639 3392 3904 3461 hospiti-

2295 3465 2396 3518 bus
2425 3463 2873 3530 smlere-juhetur,
2905 3463 3062 3517 debet
3083 3479 3202 3518 esse
3239 3464 3529 3526 litteratus,
3575 3470 3638 3515 ut
3697 3465 3901 3516 sanci-

2302 3543 2391 3588 tur
2419 3534 2693 3588 additione
2725 3535 2749 3586 1
2782 3533 2957 3603 Capit.
2986 3533 3116 3587 Lud.
3149 3534 3304 3602 imp.,
3330 3536 3414 3587 tit.
3446 3534 3553 3586 65:
3587 3551 3606 3582 ι
3634 3532 3707 3587 Ct
3739 3534 3900 3586 docti

2297 3604 2492 3658 fratres
2518 3605 2807 3675 eligantur,
2837 3604 2931 3672 qui
2962 3619 3084 3657 eum
3113 3603 3622 3674 supervenientibus
3655 3603 3896 3674 loquan-

2297 3685 2403 3731 tur.
2438 3695 2456 3726 s

2374 3749 2389 3784 ί
2424 3745 2651 3813 Legatur
2671 3761 2847 3798 coram
2877 3743 3077 3815 hospite
3099 3743 3184 3798 lea:
3211 3743 3410 3798 divina.
3441 3743 3568 3799 [late
3603 3759 3716 3798 non
3763 3753 3895 3798 sunt

2299 3817 2372 3870 ita
2398 3815 2877 3884 strictegsumetnhl
2903 3831 3004 3883 pro
3029 3815 3141 3869 solo
3167 3815 3451 3884 Decalngo,
3487 3824 3583 3867 aut
3623 3815 3892 3876 Levitico,

2297 3896 2390 3940 aut
2416 3883 2761 3956 aliisMoysis
2804 3884 3032 3954 legibus.
3086 3887 3220 3939 x‘am
3270 3883 3383 3956 hoc
3429 3885 3758 3956 vocabulum
3811 3885 3893 3937 lex

2298 3955 2592 4022 aliquando
2617 3957 2850 4009 sumitur
2869 3970 2967 4022 pro
2995 3956 3249 4011 omnibus
3281 3955 3492 4009 Veteris
3531 3955 3890 4008 lnstrumenti

2297 3998 2574 4080 cedit-ibus
2588 3998 2975 4094 indiﬂerenfer.
2995 4025 3147 4081 Unde
3167 4024 3416 4079 Christus
3429 4025 3667 4094 sumpsit
3692 4041 3796 4094 pro
3809 4025 3894 4077 Li—

2297 4095 2396 4150 bro
2423 4095 2760 4150 Psalmorum
2793 4109 2808 4148 :
2857 4092 2922 4148 Ut
2947 4094 3319 4164 adimpleretur
3350 4092 3667 4164 sermofqui
3695 4092 3757 4164 in
3785 4095 3892 4163 lege

2297 4183 2476 4221 eorum
2499 4165 2721 4234 scriptus
2735 4163 2978 4230 est:Quia
2993 4163 3112 4219 odio
3125 4165 3414 4234 habuerunt
3429 4182 3508 4218 me
3521 4163 3692 4234 gratis
3708 4163 3889 4233 (locis.

2299 4241 2410 4302 xv);
2429 4237 2520 4303 qui
2541 4233 2718 4290 textus
2738 4236 2969 4290 habetur
2983 4236 3071 4290 Ps.
3092 4251 3254 4289 xxxiv
3273 4253 3286 4286 :
3306 4233 3409 4300 Qui
3427 4233 3654 4300 oderunt
3671 4251 3753 4288 me
3772 4251 3891 4303 gra-

2299 4309 2384 4362 tis.
2439 4305 2534 4361 llic
2573 4313 2752 4375 tamen
2798 4305 2882 4360 lex
2939 4306 3118 4360 divina
3168 4306 3400 4360 sumitur
3459 4305 3741 4375 praecipue
3795 4320 3891 4373 pro

2297 4387 2528 4447 utroque
2573 4374 2928 4447 Testamento,
2959 4375 3125 4447 ,Novo
3154 4385 3222 4447 et
3275 4374 3491 4447 Vetere.
3524 4374 3684 4441 Quod
3723 4375 3890 4447 etiam

613 4444 904 4516 omisisset,
936 4444 1080 4516 siab
1108 4445 1358 4516 omnibus
1384 4444 1642 4500 fratribus
1676 4446 1871 4516 hospiti
1899 4446 2191 4500 advenien—
2213 4457 2266 4516 D
2292 4444 2509 4516 planum
2530 4454 2618 4516 est
2649 4460 2716 4500 ex
2755 4462 2876 4516 cap.
2909 4446 2976 4500 64
3001 4445 3248 4516 Regulae,
3280 4461 3401 4516 eum
3451 4446 3518 4500 de
3559 4447 3786 4516 abbate
3807 4444 3888 4498 di-

615 4514 654 4567 ti
702 4515 1093 4585 occurrendum
1156 4515 1451 4580 voluisset;
1504 4515 1956 4585 quemadmodum
2004 4525 2191 4584 postea

615 4585 910 4656 declaravit
951 4584 1016 4638 de
1047 4584 1245 4639 lotione
1277 4585 1472 4654 pedum
1499 4583 1714 4642 {Pedes
1758 4595 1930 4640 autent
1976 4583 2192 4656 hospiti-

616 4653 711 4706 bus
739 4655 974 4708 omnibus
999 4664 1106 4708 tam
1128 4653 1292 4710 abbas
1321 4672 1478 4727 quam
1523 4666 1714 4710 cuncta
1747 4653 2079 4726 congregatio
2113 4655 2191 4709 la-

615 4732 691 4776 ret
698 4763 711 4776 .

691 4805 714 4864 (ι
746 4792 813 4847 Et
841 4793 1286 4864 primitusorent.
1317 4794 1450 4849 Tam
1483 4803 1766 4864 susceptor
1791 4810 1954 4863 quam
1994 4795 2194 4864 hospes

617 4863 807 4934 eodem
847 4863 1073 4932 vestigio
1101 4863 1204 4918 loci
1241 4874 1295 4918 et
1323 4866 1580 4934 temporis
1603 4863 1763 4919 orent
1801 4865 1870 4918 ob
1898 4863 2192 4920 diabolicas

616 4931 1023 5005 illusionestut
1041 4943 1226 5005 pustea
1255 4934 1404 5005 dicit,
1433 4931 1554 5003 una:
1577 4936 1628 4988 in
1656 4936 1769 5005 ipsa
1814 4935 2061 4990 oratione
2107 4951 2193 4991 re-

619 5012 894 5078 tegantur.
929 5003 1060 5058 Vide
1082 5003 1236 5078 Joan.
1265 5003 1563 5078 Moschum,
1598 5003 1716 5074 cap.
1753 5005 1904 5078 i|9._
1997 5075 2000 5078 ἢ

697 5074 1009 5128 IInclinato
1063 5075 1258 5147 capite,
1309 5074 1384 5129 vel
1453 5083 1714 5146 prostrato
1765 5074 1904 5130 omni
1956 5075 2190 5147 carpare.

617 5143 774 5215 Juxta
801 5160 1045 5214 persona:
1071 5143 1408 5215 qualitatem.
1453 5143 1462 5146 “
1541 5214 1548 5215 ί
2007 5161 2028 5194 ι

694 5214 1016 5286 ερυεαιιιιιτ
1040 5214 1116 5286 ait
1145 5217 1454 5270 orationem.
1506 5214 1711 5286 Nempe
1755 5215 2188 5286 adoratorium.

620 5283 975 5358 Duplex‘ergo
998 5285 1086 5341 hic
1111 5286 1323 5358 oratio:
1364 5286 1536 5358 prima
1564 5287 1620 5358 in
1636 5283 1791 5358 g'ipsis
1829 5285 2038 5358 foribus
2075 5303 2192 5342 mo-

619 5355 841 5425 nasterii
884 5355 1105 5425 pr0pter
1144 5355 1420 5411 illusiones
1470 5355 1766 5412 diabolieas
1795 5373 1809 5423 ;
1843 5356 2011 5412 altera
2069 5373 2194 5413 cum

617 5424 894 5496 salutatus
910 5424 1104 5495 hospes
1129 5435 1184 5482 et
1218 5435 1500 5496 susceptus
1525 5427 1740 5482 ducitur
1785 5427 1853 5481 ad
1894 5428 2194 5482 oratorium

618 5495 821 5567 gratias
850 5503 1073 5567 acturus
1096 5497 1206 5552 Deo
1233 5498 1299 5567 de
1320 5495 1579 5567 prospero
1598 5498 1854 5567 adventu,
1885 5505 1942 5552 et
1986 5507 2196 5552 errato-

620 5581 739 5619 rum
770 5566 823 5620 in
851 5566 949 5636 via
990 5568 1204 5636 veniam
1251 5565 1657 5636 deprecaturus.
1709 5566 1882 5636 Hujus
1933 5568 2197 5623 orationis

620 5636 822 5690 mentio
848 5635 904 5690 tit
935 5635 1251 5708 inActisS.
1277 5635 1416 5708 eam
1447 5656 1458 5691 :
1500 5655 1519 5688 ι
1555 5637 1722 5708 lgitur
1749 5635 1823 5690 illi
1851 5645 1999 5692 recto
2036 5638 2195 5692 itinc'

623 5718 700 5766 re,
729 5717 848 5782 cum
873 5706 948 5782 ad
969 5706 1069 5782 viri
1094 5705 1188 5762 Dei
1215 5705 1407 5782 cellam
1435 5705 2073 5782 pervenissent,nuntiati
2101 5708 2193 5782 ad-

624 5775 833 5830 venisse
855 5775 997 5830 ducti
1023 5785 1147 5831 sunt
1174 5777 1240 5831 ad
1273 5775 1624 5834 orationem»
1671 5777 1745 5832 Ita
1788 5787 1840 5832 et
1875 5778 1926 5832 in
1958 5778 2106 5835 Actis
2134 5778 2190 5832 S.

2293 4514 2436 4574 citur
2465 4536 2478 4572 :
2509 4515 2724 4586 Oportet
2771 4514 2889 4569 eum
2933 4533 3043 4586 esse
3088 4514 3302 4569 doctum
3351 4515 3479 4586 lege
3512 4516 3725 4568 divina.
3755 4514 3884 4581 Qua:

2293 4589 2458 4642 ve:ba
2509 4601 2614 4656 non
2664 4594 2906 4656 possunt
2939 4585 3162 4656 intelligi
3200 4587 3266 4641 de
3307 4586 3422 4640 solo
3467 4585 3766 4656 Decalogo,
3799 4595 3888 4637 aut

2295 4658 2503 4728 legibus
2534 4655 2749 4726 Moysis,
2776 4655 2861 4710 vel
2890 4655 3253 4712 instrumento
3278 4657 3493 4722 Vetere,
3523 4657 3623 4710 sed
3663 4655 3798 4710 sane
3823 4656 3886 4708 de

2295 4745 2327 4784 ll
2335 4737 2353 4781 Ι.
2361 4744 2451 4784 1³00
2459 4743 2545 4784 ne.

2367 4797 2382 4847 ι
2426 4795 2494 4852 Et
2517 4809 2632 4868 post
2659 4799 2771 4852 Iure
2798 4798 2965 4852 omnis
3005 4798 3054 4851 ei
3095 4797 3784 4868 exhibentur/inmanitas.
3832 4795 3883 4848 IJ

2293 4876 2398 4932 est,
2434 4866 2840 4937 perhumaniter
2886 4869 3330 4939 aceipiaturpro
3384 4866 3503 4936 ejus
3547 4867 3881 4939 conditione.

2295 4936 2490 4994 merito
2540 4948 2596 4994 et
2644 4936 3154 5009 dignitate;atque
3205 4936 3281 4993 illi
3315 4938 3624 5009 necessaria
3680 4936 3883 5009 affatim

2294 5008 2724 5079 suppeditentur,
2751 5010 2896 5064 omni
2953 5008 3083 5064 luxu
3119 5017 3327 5065 remoto
3379 5008 3688 5079 prmsertitn
3740 5008 3883 5079 circa

2294 5077 2536 5150 obsonia.
2566 5079 2816 5150 Hospites
2840 5079 2986 5134 enim
3010 5094 3119 5134 non
3167 5095 3330 5134 causa
3372 5077 3750 5141 helluationis,
3784 5077 3880 5132 sed

2293 5149 2666 5207 aedificationis
2691 5149 2747 5204 in
2772 5150 3118 5220 monasteriis
3146 5150 3409 5220 diversani
3449 5164 3664 5220 :equum
3692 5158 3800 5220 est,
3831 5156 3884 5200 et

2296 5235 2328 5274 a
2360 5220 2558 5290 sobriis
2582 5219 2862 5290 monachis
2889 5219 3238 5290 sobrietatem
3266 5219 3495 5277 discere.
3517 5218 3582 5273 ut
3621 5218 3884 5290 pandare

2296 5298 2482 5361 mouet
2509 5289 2570 5361 S.
2599 5289 2831 5361 Basilius
2858 5291 2912 5346 in
2943 5289 3164 5361 Regulis
3211 5290 3386 5361 fusius
3440 5289 3755 5361 disputatis,
3803 5290 3884 5342 in-

2297 5367 2428 5414 terr.
2459 5360 2529 5416 20
2558 5375 2572 5414 :
2606 5378 2625 5412 ι
2657 5359 2809 5416 Alius
2833 5361 2981 5415 venit
3003 5358 3068 5415 ex
3091 5360 3335 5417 saeculari
3368 5361 3474 5415 vita
3494 5358 3731 5426 ,discat
3757 5374 3882 5428 ope-

2299 5430 2450 5501 ribus
2479 5432 2620 5499 quod
2648 5431 2699 5501 ei
2727 5431 2868 5485 ratio
2894 5445 2998 5486 non
3026 5432 3328 5501 persuasit;
3355 5430 3587 5486 formam
3617 5440 3672 5485 et
3699 5443 3883 5482 exem-

2297 5500 2424 5572 plar
2472 5503 2595 5572 vitae
2637 5499 2948 5572 frugalioris
3001 5499 3258 5572 accipiat;
3308 5501 3882 5572 recordetugmensa:

2297 5569 2754 5636 Christianorum,
2802 5581 2857 5626 et
2903 5587 3012 5625 non
3048 5569 3310 5641 pudendas
3339 5581 3562 5641 pr0ptcr
3603 5569 3879 5624 Christum

2299 5641 2651 5710 paupertatis.
2688 5661 2705 5693 ι
2748 5641 2924 5710 Turpe
2951 5651 3036 5696 est
3059 5641 3359 5702 monachis,
3387 5641 3434 5697 si
3467 5642 3520 5696 in
3548 5655 3738 5696 eorum
3764 5653 3876 5693 mo-

2304 5711 2555 5764 nasteriis
2581 5710 2828 5792 Apicii_et
2855 5710 3076 5792 Paxami
3096 5728 3136 5792 _a
3157 5711 3311 5792 laietis
3331 5713 3676 5792 inveniantur
3698 5751 3714 5774 ,
3738 5724 3878 5792 ,ιιιιο-

2303 5796 2419 5834 rum
2451 5779 2690 5849 cnpediis
2721 5781 2883 5838 illecti
2911 5779 3033 5837 indc
3063 5781 3198 5838 ebrii
3219 5782 3519 5849 discedant,
3551 5781 3640 5837 ubi
3672 5780 3852 5835 sobrie
