4066 6342
234 363 382 420 1225

1183 361 1576 421 CONCORDIA
1615 361 2068 423 REGULARUM.
2109 394 2181 405 —
2215 363 2367 420 CAP.
2405 363 2541 420 LXI.

3353 366 3490 425 1226

228 481 395 536 detur
420 479 632 536 occasio
659 476 891 534 diabolo.
925 474 1026 544 Qui
1060 484 1242 532 autem
1272 477 1430 534 aliter
1457 493 1816 550 prtesumpse-
1841 485 1894 544 Α
1989 477 2017 550 §
2045 475 2133 533 IV.
2161 475 2328 532 —Ex
2359 477 2579 533 Rscuu
2610 488 2796 531 sane"
2819 475 3117 531 Aucusrnu
3144 477 3282 548 (cap.
3305 479 3418 551 25).

227 572 328 637 rit,
361 572 654 642 disciplinae
681 570 918 642 regulari
944 568 1243 638 subjaceat.
1611 645 1616 652 ο

471 665 582 738 §ll.
608 696 680 706 —-
700 664 778 720 Ex
803 664 1082 721 DOCTBINA
1107 681 1294 721 ssnon
1321 665 1576 723 Onsrssu.

305 769 332 798 ι
361 756 418 811 Si
451 757 571 828 quis
607 756 662 812 in
690 757 848 821 domo
880 757 1194 812 monasterii
1246 759 1346 814 sub
1373 758 1664 830 praeposito
1704 773 1820 813 ma-

223 863 388 914 nens,
434 848 581 903 nulla
609 863 669 904 re
702 849 948 920 indigens
977 865 1141 920 quam
1173 850 1228 905 in
1262 852 1594 907 monasterio
1618 852 1820 907 habere

223 940 561 1012 permissum
589 947 692 1005 est,
725 949 781 996 et
805 941 969 997 habet
995 950 1206 1012 patrem
1235 941 1570 1014 fratremque
1599 953 1654 999 et
1683 942 1821 998 ami-

224 1046 358 1086 cum
411 1031 814 1098 charissimum,
860 1032 996 1088 nihil
1047 1035 1116 1089 ab
1159 1033 1239 1089 eis
1283 1035 1502 1104 penitus
1561 1034 1818 1105 accipiat,

223 1137 343 1180 non
380 1123 640 1189 tunicam,
680 1140 785 1180 non
813 1125 1109 1194 palliolum,
1159 1143 1266 1182 non
1316 1128 1480 1182 aliam
1526 1127 1824 1197 quamlibet

223 1230 368 1273 rem.
411 1217 468 1272 Si
516 1225 694 1273 autem
738 1218 900 1274 fuerit
933 1219 1342 1288 comprobatum
1392 1221 1418 1260 δ
1451 1221 1595 1290 quod
1633 1219 1822 1276 .minus

223 1307 431 1364 habeat
459 1309 525 1364 de
551 1311 637 1365 his
663 1326 784 1381 quae
811 1318 1082 1381 przecepta
1113 1319 1262 1376 sunt,
1295 1323 1317 1350 ο
1353 1311 1510 1382 culpa
1535 1311 1715 1367 omnis
1742 1319 1823 1366 at-

224 1415 340 1473 que
368 1403 639 1473 correptio
661 1403 730 1457 ad
767 1403 1113 1473 praepositum
1143 1413 1513 1460 convcrtetur.

338 1494 367 1567 §
395 1494 480 1549 lll.
507 1525 576 1536 ——
607 1495 686 1550 Ex
716 1495 934 1551 Renum
959 1511 1146 1553 SANCTI
1175 1496 1380 1553 BASlLtl
1413 1498 1551 1568 (cap.
1579 1498 1693 1570 5i).

303 1585 568 1660 Interrog.
598 1587 624 1628 ἀ
656 1587 715 1642 Si
743 1591 863 1658 quis
895 1590 1053 1645 debet
1091 1607 1123 1646 a
1161 1592 1470 1647 carnalibus
1501 1593 1823 1663 propinquis

224 1678 482 1749 accipere
519 1679 756 1750 aliquid?
777 1712 848 1722 —
877 1681 1034 1753 Resp.
1077 1681 1418 1755 Propinquos
1451 1684 1670 1756 quidem
1699 1686 1825 1740 red-

225 1770 363 1828 dere
389 1787 509 1842 qute
533 1787 629 1827 sua
652 1782 779 1828 sunt
798 1774 864 1829 iis
891 1775 982 1844 qui
1011 1775 1076 1829 azl
1101 1776 1379 1830 servitium
1405 1776 1502 1832 Dei
1534 1777 1822 1839 accedunt,

1994 569 2020 607 8
2049 565 2365 636 Quicunque
2410 574 2588 622 autem
2622 567 2678 622 in
2717 574 2925 621 tantum
2972 581 3292 640 progressus
3336 570 3499 627 fuerit

1919 657 2138 723 malum,
2169 665 2230 712 ut
2265 655 2473 713 occulte
2502 658 2572 712 ab
2618 656 2799 728 aliquo
2823 657 3050 722 litteras,
3072 657 3102 698 δ
3128 657 3216 714 vel
3241 661 3496 730 quaelibet

1919 750 2240 806 munuscula
2264 751 2514 820 accipiat,
2539 749 2584 805 si
2615 751 2719 805 hoc
2748 749 2889 804 ultra
2917 748 3225 817 conﬁtetur,
3263 751 3340 807 illi
3370 769 3498 824 par-

1921 853 2078 901 catur
2121 851 2177 898 et
2219 850 2406 898 oretur
2451 858 2550 913 pro
2594 841 2718 908 illo;
2755 841 2802 898 si
2853 850 3032 896 autem
3082 843 3502 913 deprehenditur

1921 944 2083 1006 atque
2125 933 2500 1000 convincitur,
2548 933 2841 988 secundum
2888 933 3175 988 arbitrium
3229 935 3502 1007 pmpositi

1921 1028 2008 1083 vel
2038 1027 2343 1099 presbyteri
2371 1026 2589 1096 gravius
2617 1025 2954 1081 emendetur.

2190 1107 2193 1112 '
2359 1116 2483 1190 δν.
2507 1116 2738 1173 -ιιεηι
2782 1117 2920 1190 (cap.
2954 1118 3069 1190 26).

1999 1211 2016 1252 ί
2060 1209 2412 1282 Consequens
2451 1225 2582 1281 ergo
2617 1199 2702 1266 est
2724 1219 2785 1266 ut
2809 1210 3015 1266 etiami
3057 1211 3149 1283 qui
3197 1211 3310 1268 suis
3357 1213 3502 1279 filiis,

1921 1299 2009 1357 vel
2047 1300 2230 1371 aliqua
2275 1300 2676 1356 necessitudine
2704 1300 2772 1356 ad
2799 1316 2857 1357 se
2884 1301 3282 1372 pertinentibus
3314 1302 3368 1357 in
3397 1319 3508 1359 mo-

1923 1395 2181 1450 nasteriis
2230 1394 2540 1450 constitutis
2592 1393 2788 1464 aliquis
2847 1397 2932 1450 vel
2988 1396 3167 1468 aliqua
3221 1397 3510 1452 contulerit

1921 1487 2276 1555 vestimenta,
2324 1489 2438 1544 sive
2483 1489 2761 1560 quodlibet
2803 1489 2978 1556 aliud,
3016 1488 3160 1545 inter
3204 1492 3510 1546 necessaria

1923 1585 2242 1640 monasterii
2269 1585 2293 1624 κ
2325 1583 2694 1655 deputandum
2742 1590 2842 1638 est.
2883 1582 3002 1639 Non
3055 1583 3369 1654 accipiatur,
3416 1583 3510 1639 sed

1925 1677 1998 1732 sit
2027 1677 2081 1731 in
2108 1685 2380 1748 potestate
2407 1676 2702 1748 praepositi,
2735 1685 2797 1732 ut
2823 1677 2879 1730 in
2911 1691 3028 1732 rem
3057 1691 3398 1732 communem
3429 1693 3514 1731 re-

1926 1771 2166 1838 dactum,
2196 1773 2282 1827 cui
2329 1773 2680 1827 necessarium
2729 1771 2912 1841 fuerit,
2958 1771 3272 1842 prtebeatur.
3310 1769 3327 1810 ι
3359 1768 3514 1837 Quod

225 1866 600 1921 necessarium
629 1874 731 1932 est,
763 1867 978 1922 et-nihil
1009 1868 1350 1934 subtrahere,
1387 1878 1448 1924 ut
1482 1886 1588 1925 non
1611 1868 1818 1924 crimen
1846 1849 1894 1910 Β
1921 1863 1968 1918 si
2000 1863 2198 1932 aliquis
2226 1878 2342 1918 rem
2386 1863 2488 1920 sibi
2524 1862 2776 1919 coll-itam
2827 1861 3120 1928 celaverit,
3153 1861 3285 1916 furti
3309 1858 3514 1931 judicio

225 1959 501 2030 sacrilegii
550 1960 850 2016 incurrant.
894 1960 1278 2018 Verumtamen
1310 1963 1428 2018 haec
1473 1974 1496 2002 ε
1525 1962 1819 2033 ρνωτοεπὶ

228 2049 287 2104 in
329 2060 623 2122 conspectu
667 2068 879 2119 eorum,
911 2054 977 2108 ad
1017 2055 1162 2125 quod
1201 2055 1315 2110 visa
1357 2063 1484 2110 sunt
1523 2055 1817 2125 pertinere,

225 2149 279 2196 et
306 2140 412 2196 illis
437 2142 564 2213 ipsis
603 2150 819 2212 prwstat
845 2144 1170 2199 occasionem
1200 2143 1443 2200 elationis
1468 2154 1515 2198 et
1539 2145 1817 2215 superbiat,

226 2241 280 2286 et
325 2232 445 2287 aliis
491 2233 754 2290 fratribus
802 2237 1043 2306 ejusdem
1089 2239 1355 2309 propositi
1407 2238 1821 2310 pauperioribus

229 2325 518 2381 tristitiam
547 2336 800 2398 generat,
831 2329 904 2384 ita
936 2338 995 2384 ut
1057 2331 1268 2386 accidat
1298 2330 1428 2385 illud
1471 2331 1526 2386 in
1565 2347 1672 2402 quo
1707 2331 1816 2386 Co-

229 2417 424 2474 rinthii
452 2419 804 2490 increpantur
827 2422 895 2476 ab
924 2421 1182 2492 Apostolo
1220 2423 1434 2478 dicente
1461 2438 1475 2476 :
1507 2423 1645 2489 Quia
1697 2440 1821 2477 con-

229 2509 458 2580 funditis
489 2529 592 2566 non
623 2512 870 2567 habentes
913 2513 934 2584 (
965 2513 990 2566 I
1018 2511 1142 2568 Cor.
1194 2530 1270 2568 xu
1299 2515 1339 2585 ).
1389 2514 1456 2568 Et
1486 2514 1607 2569 ideo
1645 2522 1701 2569 et
1732 2515 1820 2569 his

230 2600 328 2670 qui
365 2615 463 2671 per
489 2601 606 2657 loca
634 2603 842 2674 singula
867 2602 1113 2660 ecclesiis
1148 2614 1408 2675 prmsunt,
1453 2605 1498 2660 si
1531 2613 1657 2660 sunt
1685 2606 1818 2660 lide-

231 2689 314 2746 les
345 2700 400 2746 et
433 2693 728 2763 prudentes
767 2694 1198 2766 dispensatores,
1231 2695 1428 2752 oti‘erre
1467 2698 1694 2761 debent,
1739 2713 1823 2753 se-

232 2783 469 2839 cundum
508 2785 865 2840 imitationem
892 2801 1080 2842 eorum
1119 2788 1210 2858 qui
1253 2789 1308 2843 in
1349 2787 1575 2843 Actibus
1607 2797 1823 2858 aposto-

233 2873 415 2929 lorum
444 2873 598 2947 (Cap.
631 2876 706 2948 1V)
738 2877 790 2932 id
827 2876 1018 2934 fecisse
1044 2879 1487 2948 przescribuntur,
1531 2879 1598 2934 de
1627 2880 1823 2948 quibus

234 2963 436 3020 dicitur
464 2979 479 3018 :
506 2965 610 3032 Qui
641 2966 914 3037 o/Ierentcs
938 2970 1106 3040 pretia
1131 2969 1455 3040 prwdiorum
1486 2986 1704 3023 suorum
1723 2985 1821 3040 po-

236 3058 426 3113 nebant
471 3068 591 3114 ante
633 3060 790 3131 pedes
827 3060 1203 3133 apostolorum.
1235 3062 1526 3128 Caeterum,
1567 3063 1822 3133 quoniam

235 3169 344 3210 non
383 3163 467 3210 est
505 3154 746 3210 omnium
786 3153 1096 3225 hujusmodi
1132 3157 1564 3227 dispensationes
1603 3155 1824 3227 explere

237 3246 491 3314 fideliter,
542 3246 647 3302 illis
684 3223 880 3303 offerre
926 3249 1179 3304 convenit
1216 3223 1314 3319 qui
1359 3251 1500 3321 apud
1547 3223 1736 3305 omnes
1767 3251 1824 3305 in
1854 3223 1900 3288 Ο

237 3338 340 3395 hoc
377 3338 551 3395 ollicio
593 3340 804 3411 probati
855 3342 1140 3398 habentur.
1189 3341 1576 3399 Verumtamen
1624 3344 1693 3399 de
1739 3344 1826 3400 his

234 3435 489 3505 probabit
531 3434 619 3490 ille
669 3434 762 3505 qui
805 3445 1024 3506 pricest,
1064 3437 1084 3477 ί
1110 3453 1211 3510 per
1238 3454 1400 3509 quem
1446 3440 1677 3496 debeant
1719 3438 1829 3496 dis-

237 3527 476 3596 pens’ari.

313 3698 339 3728 α
366 3685 422 3742 Si
443 3687 581 3755 quis,
610 3696 716 3745 etc.
741 3687 867 3747 Haec
890 3688 1163 3747 habentur
1183 3689 1241 3746 in
1260 3689 1401 3747 libro
1420 3705 1620 3748 excuso
1643 3689 1702 3747 S.
1727 3690 1829 3748 0r-

245 3758 391 3814 siesii
416 3758 556 3813 ultra
580 3761 838 3816 medium.

277 3829 522 3957 dblguod
551 3831 724 3888 minus
765 3833 972 3890 habeat.
1021 3833 1258 3905 Reposui
1300 3835 1356 3891 τὸ
1402 3834 1589 3890 habeat
1619 3849 1687 3890 ex
1729 3834 1824 3892 lib.

315 3919 329 3956 l
396 3943 408 3954 .

318 3911 323 3912 ’
358 3917 408 3955 ο.

245 3911 536 4049 emetCulpa
568 3976 735 4032 omnis
764 3985 919 4047 atque
939 3977 1195 4049 correptio
1237 3978 1306 4031 ad
1327 3977 1666 4049 pt'wpositunt
1705 3993 1830 4049 con-

247 4047 569 4129 i'ertetu.r.gls
588 4061 664 4103 εει
693 4049 1014 4129 ρττρρρςίιιιε
1041 4048 1236 4129 domus
1265 4047 1335 4129 de
1354 4047 1459 4120 qua
1485 4059 1570 4104 est
1604 4047 1692 4129 ille
1718 4047 1829 4104 fra-

251 4123 328 4198 ter
360 4120 451 4185 qui
496 4127 748 4198 tanquam
788 4120 1111 4198 culpmi-eus
1137 4122 1222 4198 ab.
1242 4121 1437 4176 abbate
1481 4121 1828 4198 corripietur,

249 4189 294 4240 si
336 4204 464 4262 non,
489 4190 912 4262 suppeditaverit
955 4191 1029 4244 illi
1071 4189 1226 4245 fratri
1271 4189 1707 4261 quazcunque'ei
1761 4207 1829 4247 ex

250 4261 566 4329 praescripto
597 4261 812 4330 Regula:
843 4262 1151 4317 necessaria
1177 4271 1322 4316 sunt.

316 4329 340 4368 ά
383 4328 439 4385 Si
462 4331 606 4386 debet
629 4333 765 4397 quis,
787 4340 891 4386 etc.
920 4333 1070 4397 Apud
1100 4332 1158 4388 S.
1187 4333 1464 4397 Basilium,
1492 4333 1683 4390 interr.
1721 4335 1824 4390 187

316 4350 340 4368 υ
383 4350 437 4385 oi
462 4350 606 4386 aeoet
629 4350 765 4403 quis,
787 4350 891 4386 etc.
920 4350 1070 4397 Apllo
1101 4350 1158 4388 δ.
1188 4350 1464 4398 uasmum,
1492 4350 1683 4390 interr.

252 4398 435 4473 Regni.
466 4403 644 4469 brev.,
669 4412 723 4458 et
754 4404 897 4473 apud
925 4403 1198 4466 Rufinum,
1231 4419 1351 4473 cap.
1381 4404 1472 4459 26.

326 4483 348 4510 ο
386 4470 712 4556 Prrrrogari.
741 4470 803 4528 1n
825 4483 972 4530 textu
997 4475 1210 4542 Grteco,
1236 4470 1620 4543 ἁνέιλὶσκεσϐαι,
1643 4475 1699 4533 id
1727 4485 1830 4543 est,

256 4557 350 4598 (Σοη
358 4558 416 4598 Sll
425 4561 495 4598 1111
505 4585 518 4598 .

327 4592 672 4686 Γῇἷῖιιιιεηι
705 4617 888 4672 debeat
916 4619 1227 4689 dispensari.
1257 4618 1316 4674 In
1347 4627 1496 4675 textu
1519 4618 1710 4676 Graeco
1739 4618 1835 4673 ad-
1858 4592 1912 4654 Ῑ)

257 4685 413 4767 ditur,
444 4685 610 4767 κςιῑτὸ
648 4691 790 4767 παρᾲ
819 4698 920 4767 τῷν
948 4685 1192 4767 fetutinis
1221 4689 1573 4767 dtdogts'vougd
1600 4699 1704 4767 est,
1734 4709 1752 4741 t
1780 4699 1836 4745 et

259 4756 378 4810 illud
423 4759 586 4813 etiam
635 4756 781 4830 quotl
834 4761 904 4816 ab
951 4761 1254 4829 hujusmodi
1299 4756 1610 4817 hominibus
1648 4763 1833 4819 datum

261 4835 356 4882 est.
389 4849 407 4880 ι

329 4900 352 4971 ἕ
387 4897 693 4971 Quicunque
732 4911 928 4964 autem,
971 4911 1076 4958 etc.
1129 4901 1255 4956 Htec
1295 4903 1478 4958 videre
1516 4912 1599 4959 est
1637 4905 1691 4959 in
1731 4905 1836 4961 Re-

264 4968 717 5049 εμιίιρξκοιιμδξιζδζ
721 4971 1006 5049 Augustini
1038 4974 1159 5049 eod.
1187 4989 1309 5049 cap.
1339 4973 1430 5049 ‘25,
1469 4983 1528 5049 et
1568 4977 1626 5049 in
1668 4980 1830 5049 epist.

265 5041 488 5114 ejusdem
522 5043 643 5097 109.
679 5041 907 5096 Exstant
935 5044 1101 5098 etiam
1146 5044 1199 5098 in
1245 5041 1450 5114 Regula
1497 5045 1554 5101 S.
1587 5041 1832 5113 Caesarii,

265 5127 370 5182 cap.
397 5111 490 5185 _2_3,
521 5123 575 5168 et
605 5114 668 5185 in
691 5114 894 5185 Regula
931 5115 1142 5176 Donati,
1176 5131 1298 5185 cap.
1324 5111 1413 5169 55.

330 5181 354 5254 lt
397 5181 488 5236 Vel
532 5181 791 5254 quotlibet,
815 5185 1146 5239 munuscula.
1190 5181 1268 5240 Ita
1297 5188 1349 5240 in
1381 5187 1502 5241 cod.
1531 5186 1694 5243 Corb.
1729 5205 1831 5243 ms.

270 5252 394 5308 etin
425 5252 583 5330 epist.
632 5255 777 5330 Atin
811 5255 1266 5330 liegttlaexcusa,
1297 5257 1373 5330 vel
1412 5257 1676 5330 quodlibet
1720 5277 1835 5330 mu-

272 5341 376 5378 nus.
407 5324 487 5399 _ln
539 5325 757 5396 Regulis
816 5324 1038 5382 Ca‘sarii
1074 5324 1549 5399 ict_Donati,'Aut
1592 5329 1835 5399 qtttrlibet

272 5395 526 5460 mandata,
557 5395 647 5452 aut
678 5399 1012 5453 munuscula.
1064 5397 1170 5453 Sed
1213 5400 1452 5454 Donatus
1499 5395 1727 5463 snnipsit
1770 5416 1836 5463 ex

274 5465 514 5592 Caninio,
543 5485 646 5592 rit'on
673 5485 741 5524 ex
762 5468 1086 5540 Augustino,
1107 5486 1234 5526 nam
1259 5472 1375 5526 fere
1399 5469 1587 5526 eadem
1614 5465 1836 5526 Caesarii

275 5551 358 5591 ver
395 5553 421 5590 3
452 5553 551 5592 01³0
575 5549 675 5592 ενι.

275 5549 432 5607 verba,
452 5549 675 5607 profert.

343 5611 356 5648 i
399 5606 724 5684 consequens
774 5628 896 5682 ergo
943 5620 1043 5684 est,
1073 5619 1182 5668 etc.
1233 5613 1424 5668 Exstat
1453 5613 1507 5666 in
1539 5612 1745 5684 Regula
1775 5612 1833 5668 S.

279 5679 543 5759 Augustini
579 5679 749 5759 edita,
782 5679 1036 5759 c_:ip._28__,
1065 5693 1121 5738 et
1149 5684 1201 5759 i_n
1241 5679 1683 5759 ejusdenchis't.
1713 5684 1834 5740 109.

342 5751 369 5803 ἴ
401 5751 500 5825 Qui
522 5751 654 5817 suis,
679 5751 886 5825 etctlt’a
917 5755 970 5808 in
997 5754 1199 5824 Regula
1227 5751 1446 5809 eicusa.
1472 5753 1628 5818 Male,
1651 5770 1842 5825 quem:

284 5822 556 5908 admodum.
588 5831 664 5908 et,
683 5824 737 5904 in
767 5818 1108 5908 _Corb.mms.',
1139 5826 1242 5908 ubi.
1270 5826 1330 5881 τό
1353 5827 1458 5908 .ᾳαί
1490 5818 1850 5908 deest-{Lege

284 5911 392 5968 ergo
437 5902 494 5949 ut
543 5895 595 5949 in
645 5892 837 5964 epist.:
868 5911 886 5945 ι
919 5893 1055 5950 Illud
1101 5897 1246 5967 quod
1285 5892 1419 5964 suis,
1447 5895 1534 5954 vel
1577 5895 1724 5965 ﬁliis,
1755 5892 1841 5956 v'el

625 5985 900 6048 Pauor.
945 5983 1111 6048 CIII.

1927 1956 2342 2011 condemnetur.

2067 2047 2096 2119 ᾗ
2125 2047 2212 2102 Vl.
2237 2077 2307 2088 —
2329 2047 2409 2103 Ex
2437 2047 2660 2105 Rscuu
2691 2063 2882 2104 ssnon
2903 2047 3102 2102 Ismeni
3131 2045 3268 2120 (cap.
3293 2048 3368 2121 6).

2008 2155 2048 2182 ω
2077 2141 2136 2197 Si
2166 2142 2297 2213 quid
2323 2159 2354 2197 a
2382 2143 2699 2214 parentibus
2734 2141 2822 2198 vel
2849 2142 3123 2197 extraneis
3149 2141 3371 2196 cuilibet
3399 2156 3517 2196 mo-

1924 2234 2103 2290 nacho
2142 2234 2396 2290 collatum
2427 2234 2610 2301 fuerit,
2645 2250 2752 2290 non
2779 2235 2886 2290 erit
2913 2235 3014 2291 sub
3032 2235 3156 2305 jure
3183 2234 3409 2305 privatae
3432 2235 3513 2289 rei

1924 2328 2256 2395 habendum,
2301 2329 2398 2384 sed
2458 2329 2511 2384 in
2555 2337 2824 2400 potestate
2872 2329 3082 2384 abbatis
3131 2330 3186 2384 in
3231 2345 3518 2385 commune

1925 2420 2230 2485 redactum,
2263 2429 2292 2458 ιι
2321 2436 2444 2476 cum
2474 2436 2696 2476 necesse
2731 2428 2837 2488 est,
2864 2421 3189 2492 pracbeatur.
3221 2421 3518 2477 Monachus

1925 2514 2070 2569 enim
2113 2513 2378 2584 quidquid
2407 2529 2626 2584 quoquo
2655 2515 2816 2570 modo
2848 2515 3105 2583 acquirit,
3131 2529 3239 2568 non
3268 2515 3394 2577 sibi,
3423 2515 3520 2570 sed

1924 2605 2262 2661 monasterio
2303 2605 2557 2676 acquirit.
2609 2603 2796 2660 Nullus
2833 2604 3180 2675 peculiariter
3208 2612 3516 2675 separatam

1926 2696 2030 2752 sibi
2063 2697 2130 2750 ad
2167 2695 2521 2751 habitandum
2568 2694 2818 2752 cellulam
2849 2702 3086 2765 expetat,
3120 2694 3174 2749 in
3205 2710 3312 2765 qua
3337 2695 3520 2764 priva-

1925 2788 2025 2842 tim
2058 2803 2089 2841 a
2117 2796 2261 2842 cmtu
2296 2795 2539 2841 remotus
2567 2786 2753 2852 vivat,
2781 2795 2981 2855 przeter
3007 2802 3132 2841 eum
3160 2787 3252 2856 qui
3289 2787 3521 2842 fortasse

1927 2881 2118 2936 morbo
2161 2880 2248 2936 vel
2291 2887 2452 2934 aetate
2504 2878 2774 2945 defessus,
2806 2879 2910 2933 hoc
2939 2894 3005 2933 ex
3049 2878 3296 2933 consulto
3341 2877 3522 2933 Patris

1925 2973 2266 3039 menasterii,
2297 2971 2682 3044 promeruerit.
2721 2969 2920 3026 Caeteri
2953 2979 3135 3025 tamen
3181 2970 3378 3041 quibus
3418 2986 3521 3026 nec

1925 3064 2175 3137 languor,
2202 3079 2304 3120 nec
2329 3072 2583 3120 senectus
2605 3063 2770 3130 inest,
2793 3063 2850 3118 in
2871 3071 3059 3119 sancta
3086 3062 3346 3120 societate
3371 3079 3519 3120 com-

1927 3175 2150 3216 munem
2179 3159 2346 3215 vitam
2377 3157 2962 3229 conversationemque
2986 3156 3315 3214 retinebunt.

2507 3251 2536 3328 ᾗ
2565 3249 2674 3308 VII.
2697 3249 2942 3320 —-Itent.

2009 3355 2032 3383 ο
2071 3346 2188 3402 Non
2219 3354 2304 3404 est
2340 3344 2777 3417 przesumendum
2803 3343 2922 3399 sine
2949 3343 3279 3400 conscientia
3309 3343 3522 3400 abbatis

1936 3452 1965 3492 ι)
1993 3440 2180 3512 egenis
2219 3439 2305 3493 vel
2339 3437 2668 3509 quibuslibet
2709 3435 2961 3492 conferre
2990 3437 3056 3491 de
3088 3452 3154 3492 eo
3184 3436 3326 3506 quod
3366 3451 3524 3508 regu«

1934 3533 2039 3588 lari
2095 3531 2498 3604 dispensatione
2547 3531 2793 3586 noscitur
2849 3531 3148 3586 monachus
3198 3531 3518 3601 possidere:

1935 3693 2118 3763 aliqua
2169 3691 2571 3748 necessitudine
2598 3691 2666 3763 ad
2695 3705 2752 3745 se
2776 3689 3189 3763 pertinentibus
3229 3688 3283 3763 in
3315 3705 3517 3763 (mona-

1933 3759 2104 3820 sterio
2141 3764 2452 3820 constitutis
2482 3762 2678 3832 aliquis
2709 3759 2810 3816 vel'
2836 3761 3015 3831 aliqua
3042 3759 3370 3832 contulerit,
3405 3762 3522 3816 sive

1933 3847 2163 3900 vestem,
2195 3835 2307 3890 sive
2337 3831 2615 3904 quodlibet
2640 3833 2809 3904 aliud,
2834 3853 2852 3884 ι
2887 3841 2990 3888 etc.
3040 3831 3098 3886 ln
3130 3831 3357 3904 epistola
3389 3832 3522 3902 legi-

1934 3916 2040 3969 tur,
2059 3905 2292 3976 ﬁliabus,
2310 3903 2434 3977 quia
2453 3905 2712 3960 scribitur
2731 3903 2798 3957 ad
2824 3903 3283 3977 sanctimoniales.
3317 3903 3520 3977 Locum

1934 3979 2209 4034 contraxit
2252 3975 2632 4041 SJCaasarius,
2677 3990 2795 4044 cap.
2825 3975 2886 4029 41
2949 3976 3049 4029 hoc
3099 3975 3294 4029 modo:
3328 3993 3347 4025 ‹
3380 3975 3522 4029 Ante

1933 4049 2117 4105 omnia
2158 4049 2557 4105 obseruandum
2598 4056 2702 4110 est,
2731 4054 2790 4100 ut
2815 4047 2858 4101 si
2907 4045 3028 4100 filia:
3073 4061 3184 4100 suae
3213 4045 3410 4116 aliquis
3441 4046 3527 4102 vel

1935 4121 2115 4192 aliqua
2147 4119 2547 4178 necessitudine
2573 4119 2642 4174 ad
2668 4135 2728 4192 se
2750 4117 3042 4192 pertinenti
3070 4117 3414 4192 vestimenta,
3439 4117 3526 4192 vel

1935 4188 2157 4274 aliquid
2180 4191 2586 4274 aliudndederit,
2616 4190 2701 4274 vel
2746 4188 3130 4274 transmiserit,
3161 4205 3266 4242 mn
3311 4189 3526 4274 occulte

1936 4259 2250 4333 accipiatur.
2282 4284 2301 4317 ι
2335 4262 2443 4319 Sed
2472 4263 2610 4334 lege,
2642 4270 2698 4315 ut
2720 4261 2766 4314 si
2796 4259 2988 4331 aliquis
3015 4259 3298 4330 ﬁliwsuw,
3321 4259 3399 4314 vel
3421 4260 3524 4312 ali-

1936 4345 2445 4476 qug’giegutandum
2467 4413 2560 4476 est.
2591 4403 2761 4457 Recta
2785 4400 2968 4465 lectio,
2991 4401 3034 4476 si
3053 4400 3266 4476 postea
3290 4410 3364 4454 est
3389 4401 3528 4476 seri:-

1937 4476 2098 4532 batur
2148 4471 2428 4547 punctum.
2482 4474 2616 4528 Nam
2656 4475 3003 4547 _parens,_qui
3033 4474 3126 4526 dat
3153 4471 3274 4525 lilia:
3301 4487 3410 4526 sum
3438 4472 3523 4547 vel

1937 4548 2115 4610 alteri,
2141 4542 2250 4603 non
2279 4547 2374 4602 dat
2417 4560 2483 4600 eo
2525 4544 2742 4599 nomine
2787 4552 2848 4597 ut
2895 4543 3037 4597 inter
3074 4558 3162 4597 res
3209 4542 3524 4597 monasterii

1939 4621 2266 4690 deputetur,
2324 4618 2419 4673 sed
2487 4623 2710 4672 sanctus
2767 4614 3104 4685 Augustinus
3154 4612 3307 4685 jubet
3361 4614 3526 4685 depu-

1936 4691 2062 4746 tari.
2209 4728 2223 4743 .

2014 4762 2029 4801 1
2076 4761 2230 4829 Quod
2277 4762 2324 4815 si
2365 4758 2588 4830 aliquis,
2624 4765 2729 4813 etc.
2781 4757 2908 4813 llazc
2950 4756 3220 4812 habentur
3272 4773 3392 4830 cap.
3441 4773 3528 4813 se-

1935 4834 2127 4906 quenti
2142 4831 2390 4906 (ejusdem
2419 4829 2657 4906 Regulm.

2011 4919 2049 4945 ιη
2092 4905 2149 4959 Si
2176 4897 2325 4974 'quid
2350 4920 2394 4974 κα
2436 4897 2759 4974 parentibus,
2791 4908 2898 4956 etc.
2929 4897 3290 4974 Habenturin
3322 4899 3525 4974 Regula

1935 4992 2155 5040 excusa,
2189 4970 2308 5044 cap.
2337 4973 2390 5038 9,
2423 4970 2513 5027 ubi
2543 4973 2777 5044 primum
2807 4972 3109 5044 membrum
3144 4970 3301 5044 hujus
3328 4970 3522 5044 capitis

1938 5047 2013 5102 ita
2066 5039 2352 5118 legitur-it
2389 5044 2447 5099 Si
2482 5039 2623 5113 quod
2655 5059 2701 5118 Δει
2748 5041 3066 5118 parentibus
3116 5039 3198 5094 vel
3250 5041 3526 5118 estraneis

1937 5111 2150 5173 munus
2183 5116 2401 5171 cuilibet
2457 5111 2723 5169 monacho
2750 5111 2931 5168 fuerit
2973 5111 3256 5174 directum,
3293 5111 3345 5164 in
3397 5127 3527 5165 con-

1937 5199 2158 5245 ventum
2206 5187 2433 5242 fratrum
2482 5185 2758 5240 redactum
2788 5184 2890 5248 sit,
2920 5189 2976 5237 et
3002 5182 3089 5236 cui
3120 5195 3339 5236 necesse
3384 5182 3524 5247 erit,

1936 5261 2264 5332 praebeatur.
2289 5279 2307 5310 ι

2012 5343 2039 5370 ιι
2077 5331 2208 5385 Cum
2233 5345 2435 5384 necesse
2463 5336 2560 5382 est.
2590 5328 2729 5396 Lege
2755 5325 2858 5387 cui,
2885 5332 2990 5396 etc.

2013 5412 2038 5437 ο
2075 5402 2198 5456 Νοη
2227 5411 2301 5455 est
2331 5394 2774 5470 prtrsumendum,
2803 5394 3087 5470 (διες-11ωο
3113 5395 3298 5450 videre
3340 5404 3424 5452 est
3466 5395 3522 5450 in

1939 5473 2143 5544 Regula
2175 5472 2232 5527 S.
2262 5467 2448 5544 lsijlori
2476 5481 2850 5544 excusa,_cap.
2884 5467 2969 5522 19.

2017 5536 2052 5594 ἔ
2083 5543 2294 5614 Egenis.
2328 5541 2446 5614 Non
2468 5541 2585 5594 vult
2611 5539 2727 5614 dari
2759 5537 3160 5608 elecmosynam
3183 5552 3214 5591 a
3245 5536 3527 5614 monachis

1940 5608 2246 5671 inconsulto
2317 5613 2512 5666 abbate
2556 5625 2570 5664 :
2620 5610 2664 5664 si
2721 5617 2902 5663 tamen
2951 5618 3140 5679 urgeat
3195 5608 3521 5672 necessitas,

1941 5685 2241 5759 possedari
2271 5700 2301 5738 a
2326 5681 2592 5759 mppacho
2637 5680 3034 5759 elcetnosynam
3064 5682 3259 5759 docent
3288 5679 3346 5734 S.
3382 5680 3525 5759 Tho-

1943 5750 2064 5813 inas
2094 5757 2332 5826 2-2,qu.
2375 5753 2463 5815 32,
2517 5761 2623 5826 art.
2671 5753 2730 5818 8,
2774 5763 2832 5826 et
2873 5750 3131 5826 alii._t_Et
3174 5751 3264 5826 dat
3308 5752 3526 5826 nomine

1942 5823 2388 5887 couventus‘non
2417 5840 2515 5882 suo
2544 5845 2563 5879 ι
2592 5824 2750 5881 docet
2785 5823 2946 5895 gloss.
2979 5823 3048 5878 16
3067 5858 3085 5888 ,
3107 5839 3198 5895 qu.
3236 5823 3290 5888 1,
3318 5837 3440 5892 cap.
3468 5823 3525 5878 Ξ).

2977 5984 3056 6050 39
