4066 6342
512 287 646 385 rasa

1515 323 1572 380 s.
1613 321 1982 380 BENEDICTI
2015 285 2312 380 ABBATl‘S
2346 322 2760 381 ANIANENSIS

3642 333 3810 389 1240

505 441 932 507 circumdantur,
961 439 1209 512 pellicula
1240 455 1359 510 quae
1395 438 1594 509 pendet
1617 454 1683 494 ex
1714 439 1903 505 latere,
1933 439 2089 510 galli-
2117 442 2171 503 Α
2195 438 2277 492 bis
2322 438 2432 492 sint
2475 439 2796 494 vestimenta
2841 439 2908 494 ad
2949 441 3350 512 procedendum
3381 455 3695 517 praeparata
3744 456 3811 504 et.

505 537 584 592 eis
610 545 664 591 et
692 533 916 590 cucullis
945 532 1174 600 duobus,
1203 548 1336 588 zona
1361 544 1387 573 α
1413 541 1469 586 ct
1495 531 1712 587 bacillo.
1739 531 1944 587 Practer
1973 533 2088 588 haec

505 627 769 698 quidquid
809 624 1099 693 inveneris,
1138 623 1342 693 absque
1383 623 1812 680 contradictione
1851 623 2083 679 auferes.

610 719 749 792 §IV.
774 718 941 772 —-Ex
989 717 1209 773 Rasum
1235 732 1422 772 sucu
1460 716 1662 772 BASILII
1693 715 1830 789 (cap.
1867 717 1978 788 Η).

578 811 840 881 Interrog.
880 809 1064 876 1’Quis
1099 816 1184 864 est
1232 808 1447 878 dignus,
1499 807 1584 861 vel
1628 808 1825 863 decens
1873 808 2090 863 habitus

507 905 804 961 Christiani
826 904 849 958 ?
871 934 944 944 —
970 902 1131 974 Resp.
1182 901 1446 969 Quoniam
1486 917 1666 956 sermo
1699 902 1751 956 in
1796 901 2092 972 superiori-

507 997 610 1052 bus
635 995 990 1051 humilitatem
1016 993 1382 1050 necessariam
1409 994 1630 1059 docuit;
1663 994 1737 1048 ita
1769 1003 1827 1048 ut
1855 995 1947 1064 qui
1972 994 2089 1049 vult

507 1088 757 1158 religiose
785 1095 840 1141 et
864 1087 952 1157 pie
979 1087 1184 1151 vivere,
1221 1085 1275 1140 in
1308 1085 1559 1140 omnibus
1585 1092 1641 1140 ct
1683 1085 2087 1156 simplicitatem

507 1190 563 1236 et
594 1181 954 1236 humilitatem
982 1180 1242 1250 requirat,
1273 1179 1326 1234 id
1372 1188 1478 1245 est,
1508 1194 1573 1234 ea
1599 1195 1718 1249 quae
1743 1196 1912 1250 parvo
1945 1197 2092 1235 sum-

504 1281 598 1344 ptu
621 1274 992 1342 aequiruntur,
1033 1272 1085 1326 id
1112 1270 1510 1326 observandum
1537 1279 1667 1340 puto
1701 1272 1756 1325 in
1785 1272 2086 1344 corporali-

506 1365 606 1421 bus
633 1367 840 1432 usibus,
869 1382 966 1437 per
992 1366 1135 1436 quod
1164 1365 1479 1422 occasiones
1510 1365 1669 1421 nobis
1698 1365 1966 1435 majorum
1995 1381 2088 1422 oc-

506 1457 850 1526 cupationum
888 1457 1111 1512 minime
1138 1458 1290 1511 flant.
1331 1455 1446 1511 Hoc
1475 1472 1605 1527 ergo
1627 1457 1792 1512 etiam
1820 1457 1875 1513 in
1901 1458 2090 1514 obser-

505 1550 720 1607 vatione
754 1551 1195 1617 indumentorum
1223 1548 1635 1606 custodiendum
1663 1557 1813 1620 puto.
1846 1548 1904 1606 Si
1941 1551 2086 1608 enim

507 1643 745 1698 studium
775 1643 930 1696 nobis
956 1643 1263 1698 habendum
1291 1650 1375 1698 est
1404 1642 1647 1697 omnium
1678 1657 1799 1699 esse
1830 1643 2088 1701 minimos

505 1742 560 1791 et
583 1737 825 1790 omnium
855 1751 954 1791 nos
977 1735 1319 1801 novissimos,
1345 1744 1554 1792 certum
1580 1743 1666 1791 est
1690 1735 1820 1807 quia
1838 1744 1895 1794 et
1927 1737 2090 1794 indu-

2190 529 2295 585 alia
2338 531 2404 585 ad
2443 546 2602 586 usum
2635 532 3013 599 domesticum,
3056 544 3109 591 et
3149 553 3337 592 rursus
3377 537 3482 592 alia
3519 541 3593 594 ad
3642 541 3808 596 aliud

2191 628 2420 693 tempus,
2453 622 2539 677 vel
2564 623 2618 677 in
2663 633 2844 692 nocte,
2881 633 2937 682 et
2961 627 3066 681 alia
3103 635 3162 682 et
3199 629 3254 683 in
3285 630 3412 684 die:
3443 633 3540 686 sed
3570 641 3812 701 oportet

2171 713 2321 779 illud
2347 715 2522 784 ipsum
2555 714 2661 770 tale
2689 731 2810 771 esse
2855 717 3247 779 indumentum,
3287 722 3432 790 quod
3474 722 3642 777 nobis
3673 725 3809 777 suf-

2191 806 2355 862 ﬁcere
2383 808 2555 877 possit
2575 809 2641 863 ad
2668 811 2851 864 omnia
2878 829 2890 864 :
2921 820 2979 864 ut
3002 819 3057 865 et
3093 812 3146 866 in
3175 814 3262 868 die
3288 813 3582 869 honestum
3607 817 3812 871 videa-

2190 907 2280 954 tur
2306 901 2704 969 indumentum,
2736 913 2792 958 et
2827 905 2880 959 in
2912 914 3072 960 nocte
3109 905 3323 976 expleat
3366 909 3803 964 necessitatem.

2190 991 2269 1045 Ex
2299 992 2402 1047 hoc
2427 994 2572 1050 enim
2605 993 2695 1049 fiet
2731 1003 2791 1048 ut
2834 1003 2887 1049 et
2933 996 3150 1051 habitus
3179 1007 3364 1052 noster
3386 1001 3708 1055 communis
3743 1011 3808 1054 et

2189 1080 2384 1137 similis
2421 1092 2585 1153 atque
2610 1083 2771 1138 unius
2812 1083 3001 1140 forma:
3032 1086 3104 1140 sit
3143 1088 3407 1153 omnium,
3439 1098 3498 1143 et
3526 1089 3812 1145 Christia-

2189 1191 2318 1229 num
2366 1177 2532 1231 etiam
2563 1177 2702 1232 visio
2741 1178 2858 1249 ipsa
2903 1178 3169 1251 designet.
3221 1180 3294 1234 Ea
3338 1182 3488 1236 enim
3521 1199 3654 1252 qua:
3692 1201 3810 1238 uno

2186 1278 2479 1340 prospectu
2502 1286 2566 1324 ac
2593 1270 2872 1340 proposito
2898 1280 3182 1341 geruntur,
3212 1271 3431 1338 similia,
3464 1275 3579 1330 imo
3605 1277 3808 1331 eadem

2188 1362 2244 1417 in
2278 1363 2532 1418 omnibus
2578 1378 2699 1419 esse
2747 1364 2961 1420 debent.
3000 1363 3146 1420 Utile
3183 1374 3363 1420 autem
3396 1376 3484 1422 est
3527 1369 3702 1422 etiam
3733 1385 3809 1423 ex

2188 1455 2306 1526 ipsa
2343 1456 2682 1526 proprietate
2710 1457 2878 1512 vestis
2911 1465 2967 1512 et
2999 1457 3218 1512 habitus
3251 1458 3565 1530 intelligere
3603 1476 3808 1514 unum-

2188 1563 2458 1620 quemque
2478 1558 2534 1604 ct
2558 1547 2951 1622 professionem
2974 1565 3127 1605 suam
3152 1567 3449 1623 agnoscere
3473 1555 3529 1608 in
3560 1569 3632 1609 ea
3659 1555 3773 1608 vita
3789 1596 3804 1618 ,

2188 1654 2295 1709 qua
2325 1641 2618 1696 secundum
2652 1641 2824 1695 Deum
2856 1641 3012 1707 vivit,
3041 1650 3101 1696 ut
3129 1643 3270 1698 sciat
3299 1645 3402 1700 sibi
3433 1646 3610 1700 etiam
3642 1657 3806 1702 actus

2189 1732 2502 1789 consimiles
2531 1748 2654 1789 esse
2677 1733 2906 1800 debere;
2944 1743 3000 1789 et
3025 1733 3092 1789 ad
3114 1750 3210 1790 eos
3239 1737 3331 1806 qui
3359 1753 3459 1792 nos
3490 1739 3690 1794 vident
3719 1756 3806 1795 se-

507 1828 705 1884 mentis
745 1829 985 1883 omnium
1017 1843 1116 1883 nos
1159 1827 1482 1883 novissimos
1520 1830 1778 1900 deputare
1807 1829 2085 1887 debemus.
2117 1813 2167 1876 B
2194 1823 2430 1882 cundum
2459 1824 2704 1881 habitum
2740 1834 2988 1880 nostrum
3029 1825 3264 1896 azquales
3285 1828 3454 1882 etiam
3494 1830 3552 1883 in
3580 1831 3808 1886 actibus

505 1923 642 1979 Nam
674 1925 718 1979 si
751 1925 806 1978 hi
837 1924 928 1995 qui
968 1923 1197 1996 gloriam
1241 1937 1311 1978 ex
1338 1922 1777 1979 indumentorum
1804 1921 2090 1995 splendore

504 2019 852 2087 conquirunt,
881 2028 904 2058 α
935 2019 1069 2072 satis
1098 2025 1265 2089 agunt
1301 2016 1570 2088 quomodo
1612 2017 1869 2088 pretiosis
1895 2025 1951 2074 et
1981 2032 2093 2074 ma-

503 2109 716 2180 gnificis
762 2110 1003 2166 vestibus
1053 2109 1338 2164 videantur
1376 2109 1573 2178 induti,
1626 2110 1703 2166 ita
1754 2124 2093 2181 consequens

503 2211 588 2258 est
615 2219 736 2259 eum
765 2205 859 2275 qui
888 2205 954 2260 de
992 2203 1196 2259 ultimis
1222 2211 1277 2259 et
1305 2204 1639 2272 novissimis,
1670 2204 1725 2261 id
1751 2213 1856 2272 est,
1884 2220 1983 2276 per
2007 2207 2095 2262 ni-

508 2295 675 2351 miam
714 2297 1100 2364 humilitatem,
1148 2296 1365 2368 placere
1407 2298 1608 2364 studet,
1654 2297 1853 2370 eligere
1891 2297 2091 2355 debere

505 2389 610 2445 hoc
639 2390 694 2445 in
730 2407 838 2462 quo
865 2392 1109 2448 omnium
1149 2399 1205 2446 et
1229 2390 1454 2446 ultimus
1476 2391 1895 2470 et'novissimus
1923 2407 2092 2464 appa-

504 2494 624 2538 reat
657 2501 670 2537 :
697 2481 724 2523 ιι
747 2484 889 2539 sicut
931 2485 1021 2539 ille
1047 2499 1078 2538 e
1109 2483 1402 2549 contrario,
1447 2483 1499 2540 id
1541 2491 1648 2550 est,
1687 2482 1754 2539 de
1781 2484 2009 2540 summis
2035 2491 2092 2540 et

504 2575 775 2645 pretiosis,
816 2575 990 2630 videri
1016 2573 1218 2629 clarior
1246 2581 1301 2629 et
1327 2573 1562 2630 nobilior
1588 2574 1723 2628 vult.
1768 2572 1825 2629 Si
1861 2574 2006 2630 enim
2035 2574 2093 2629 in

505 2666 720 2737 publica
763 2680 921 2722 coena
963 2674 1264 2737 arguuntur
1295 2664 1565 2721 Corinthii
1593 2664 1646 2738 (1
1677 2663 1800 2720 Cor.
1840 2665 1920 2740 ιι)
1945 2666 2092 2735 quod

506 2774 606 2830 per
643 2774 797 2814 suam
828 2757 1215 2814 abundantiam
1242 2757 1576 2814 confundant
1610 2773 1706 2814 eos
1725 2759 1818 2829 qui
1849 2773 1955 2813 non
1995 2759 2094 2814 ha-

409 2917 425 2926 ‘
505 2849 655 2914 bent,
685 2858 893 2905 certum
923 2857 1006 2905 est
1031 2849 1158 2920 quia
1186 2858 1240 2904 et
1275 2849 1327 2904 in
1351 2850 1456 2906 hoc
1475 2851 1748 2906 communi
1780 2859 1836 2905 et
1859 2849 2092 2922 simplici

505 2943 838 3011 indumento,
871 2946 1013 3017 quod
1045 2946 1113 3001 ad
1150 2961 1492 3002 communem
1543 2948 1788 3002 habitum
1817 2947 1903 3002 vel
1932 2962 2092 3002 usum

505 3036 759 3106 pertinet,
811 3038 986 3092 etesi
1047 3037 1185 3092 alter
1231 3037 1404 3093 altero
1457 3037 1673 3095 differat
1712 3040 1950 3104 habitus,
2005 3039 2092 3094 vel

505 3130 799 3201 pretiosior
842 3131 1168 3198 inveniatur,
1221 3132 1602 3188 confundimus
1641 3148 1749 3186 non
1804 3133 2086 3188 habentes.

507 3219 847 3278 Sullicienter
886 3238 1100 3294 quoque
1152 3224 1317 3280 etiam
1372 3222 1664 3294 Apostolus
1719 3223 2092 3294 hujuscemodi

2193 1933 2455 1990 apparere
2488 1919 2768 1974 debemus.
2798 1917 2918 1974 Non
2958 1920 3105 1975 enim
3137 1921 3393 1978 similiter
3421 1933 3584 1993 turpe
3619 1933 3713 1980 est
3745 1926 3804 1978 in

2193 2009 2434 2080 quolibet
2475 2009 2604 2075 alio,
2648 2009 2695 2065 si
2745 2010 3033 2067 inhoneste
3061 2012 3191 2081 quid
3233 2022 3378 2085 agat,
3424 2015 3570 2070 sicut
3622 2016 3684 2069 in
3719 2016 3808 2070 bis

2192 2099 2285 2169 qui
2306 2098 2476 2153 vitam
2507 2098 2749 2155 sobriam
2773 2100 2938 2156 etiam
2971 2101 3026 2155 in
3067 2102 3188 2172 ipso
3218 2103 3406 2158 habitu
3436 2105 3800 2175 proﬁtentur.

2193 2189 2253 2246 Si
2279 2191 2425 2246 enim
2453 2189 2575 2260 quis
2609 2190 2790 2247 videat
2815 2191 2881 2247 de
2909 2192 3071 2248 trivio
3100 2194 3339 2264 aliquem
3369 2196 3662 2251 hominem
3696 2213 3802 2251 exe-

2193 2285 2410 2340 dentem
2438 2283 2607 2339 alium
2650 2292 2746 2339 aut
2786 2287 3134 2356 vapulantem
3165 2290 3401 2358 publice,
3438 2289 3530 2346 vel
3563 2293 3804 2360 turpiter

2190 2376 2634 2449 proclamantem,
2685 2377 2862 2433 autin
2907 2378 3149 2435 tabernis
3179 2381 3414 2451 aliisque
3441 2380 3582 2437 locis
3625 2383 3802 2438 vitam

2191 2485 2315 2525 cum
2341 2469 2604 2525 dedecore
2639 2470 2946 2538 ducentem,
2975 2487 3078 2527 nec
3099 2471 3414 2528 observabit
3455 2474 3690 2543 quidem
3725 2474 3803 2529 fa-

2193 2562 2296 2618 cile
2319 2560 2689 2631 hujuscemodi
2719 2562 3015 2629 hominem,
3049 2564 3135 2618 vcl
3173 2566 3406 2632 notabit,
3451 2567 3644 2622 sciens
3674 2585 3801 2624 eum

2193 2664 2594 2726 consequenter
2638 2657 2707 2712 ad
2750 2656 3013 2726 reliquam
3057 2657 3224 2712 vitam
3263 2674 3420 2713 suam
3470 2676 3695 2732 gerere.
3739 2662 3798 2716 Si

2191 2765 2324 2805 vero
2366 2764 2489 2804 eum
2535 2748 2629 2819 qui
2672 2747 2978 2821 religiosam
3021 2749 3192 2805 vitam
3240 2750 3549 2822 proﬁtetur,
3595 2753 3801 2809 viderit

2193 2841 2316 2912 quis
2354 2841 2440 2895 vel
2472 2855 2668 2911 parum
2709 2841 2915 2910 aliquid
2953 2851 3143 2896 contra
3189 2857 3355 2914 quam
3383 2844 3543 2900 decet
3582 2843 3791 2911 facere,

2192 2935 2483 2992 observant
2504 2951 2693 2991 omnes
2714 2943 2770 2990 et
2796 2935 3077 3007 increpant
3098 2943 3154 2991 et
3181 2936 3250 2991 ad
3278 2937 3558 3005 religionis
3586 2954 3790 3008 oppro-

2191 3030 2372 3086 brium
2400 3029 2625 3084 ducunt.
2663 3029 2852 3099 Itaque
2887 3029 3036 3084 velut
3060 3031 3388 3102 paedagogus
3412 3042 3498 3088 est
3520 3031 3791 3087 inﬁrmio-

2195 3123 2348 3178 ribus
2400 3122 2619 3176 habitus
2649 3121 2754 3176 iste
2784 3121 3110 3192 religiosior,
3148 3130 3211 3176 ut
3242 3123 3406 3178 etiam
3459 3124 3658 3179 invitos
3693 3139 3789 3180 eos

2205 3215 2274 3269 ab
2301 3229 2465 3284 opere
2503 3213 2790 3268 inhonesto
2819 3212 3195 3284 indecentique
3221 3215 3514 3270 custodiat.
3545 3215 3788 3285 Denique

509 3315 698 3373 usibus
719 3316 870 3373 brevi
893 3334 1142 3374 sermone
1169 3318 1407 3391 regulam
1429 3318 1609 3387 posuit
1629 3317 1816 3374 dicens
1844 3337 1856 3372 :
1885 3317 2089 3374 Haben-

2201 3318 2256 3365 et
2294 3306 2586 3379 Apostolus
2610 3306 2631 3346 τ
2657 3308 2970 3363 ordinatum
3003 3308 3318 3379 episcopum
3363 3309 3620 3378 designat,
3651 3322 3781 3377 qua:

505 3421 579 3466 tes
603 3413 793 3468 victum
821 3422 868 3466 et
893 3413 1152 3479 vestitum,
1184 3413 1266 3467 his
1287 3412 1513 3494 contenti
1540 3429 1721 3467 sumus
1752 3411 1804 3484 (Ι
1828 3412 1966 3469 Tim.
1995 3411 2094 3487 γι).

2199 3416 2290 3458 res
2314 3404 2380 3457 ad
2410 3401 2656 3457 habitum
2685 3403 2859 3474 magis
2885 3408 3187 3458 revocatur.
3225 3400 3333 3457 Sed
3368 3411 3422 3456 et
3451 3403 3515 3457 de
3541 3401 3785 3458 mulieri-

505 3501 810 3560 osgendens
846 3505 1161 3560 indumento
1201 3505 1316 3560 solo
1338 3520 1446 3575 quo
1473 3513 1826 3577 εοηιεεειωυιο
1853 3506 2098 3576 indigere
2198 3494 2300 3551 bus
2328 3494 2459 3550 dicit
2483 3498 2507 3534 ε
2529 3495 2583 3550 in
2610 3495 2796 3550 habitu
2824 3495 3074 3550 ordinato
3109 3509 3229 3550 esse
3253 3496 3474 3550 debere.
3502 3495 3527 3534 δ
3555 3494 3788 3550 Ordina-

504 3614 622 3664 nos,
669 3606 723 3654 et
773 3614 879 3653 non
910 3599 1177 3654 varietate
1213 3596 1392 3669 aliqua
1442 3599 1628 3665 vestis,
1668 3608 1725 3655 et
1771 3608 2095 3656 ornamento

505 3686 622 3756 ejus
659 3696 714 3744 et
739 3689 936 3744 decore
953 3689 1174 3759 jactari.
1213 3688 1342 3757 Quae
1368 3696 1597 3761 utraque
1631 3693 1974 3762 postmodum
2005 3693 2093 3747 in-

2199 3597 2285 3643 tus
2331 3597 2510 3644 autem
2537 3603 2657 3645 esse
2693 3588 2912 3644 habitus
2947 3589 3241 3645 Christiani
3276 3590 3475 3645 dicitur
3498 3591 3545 3644 is
3579 3591 3673 3660 qui
3701 3606 3787 3646 se-

2199 3681 2433 3736 cundum
2471 3681 2809 3751 propositum
2843 3688 2899 3736 et
2929 3680 3323 3752 professionem
3359 3683 3476 3753 ejus
3516 3691 3678 3752 aptus
3704 3684 3786 3737 in-

513 3784 761 3839 troducta
789 3791 938 3849 sunt,
968 3783 1220 3838 humana:
1247 3783 1371 3838 vita:
1400 3783 1648 3838 artificiis
1676 3792 1730 3838 et
1757 3784 1984 3841 luxuria:
2014 3786 2089 3840 in-

2197 3773 2476 3844 telligitur.
2523 3773 2677 3829 Sicut
2701 3774 2850 3829 enim
2882 3775 3158 3846 proprium
3183 3786 3268 3830 est
3296 3776 3500 3846 aliquid
3538 3777 3701 3832 militi
3734 3779 3790 3832 in

505 3875 666 3946 genio
695 3874 1022 3945 conquisita.
1051 3872 1158 3929 Sed
1178 3881 1232 3929 et
1259 3873 1468 3944 primus
1498 3873 1588 3928 ille
1631 3874 1930 3932 indumenti
1961 3891 2094 3932 usus
2196 3865 2389 3922 habitu
2440 3865 2822 3940 [vestimenti].
2845 3876 2904 3923 ει
2945 3868 3083 3924 alius
3111 3878 3196 3924 εει
3240 3870 3459 3926 habitus
3493 3873 3786 3937 senatoris.

507 3966 624 4020 haec
660 3966 850 4021 eadem
898 3965 1121 4032 indicat,
1154 3981 1279 4022 cum
1318 3965 1518 4021 dicitur
1561 3965 1849 4022 Dominum
1897 3967 2093 4023 fecisse
2195 3976 2263 4017 ex
2305 3976 2413 4031 quo
2443 3961 2711 4031 praecipue
2754 3961 3099 4030 intelligitur,
3129 3961 3216 4016 vel
3244 3962 3346 4018 iste
3373 3964 3519 4034 quod
3562 3973 3791 4020 senator

506 4054 699 4125 primis
737 4055 1047 4112 hominibus
1075 4055 1319 4126 pellicias
1361 4057 1574 4112 tunicas
1621 4055 1774 4130 (Gen.
1821 4056 1926 4129 ιιι).
1969 4057 2094 4114 Suf-

507 4145 725 4201 ﬂciebat
753 4144 900 4200 enim
929 4147 996 4202 ad
1030 4147 1404 4205 confusionem
1427 4149 1814 4220 contegendam
1847 4150 2092 4221 hujusce-

511 4235 657 4291 modi
686 4235 984 4293 indumenti
1007 4254 1156 4295 usus.
1190 4240 1389 4295 Verum
1410 4239 1668 4310 quoniam
1701 4239 1854 4296 nobis
1874 4256 2093 4312 prospe-

506 4337 652 4384 ctum
681 4336 764 4384 est
786 4327 1118 4388 indumentis
1137 4333 1305 4388 etiam
1347 4342 1401 4388 et
1427 4331 1664 4388 calefieri
1691 4341 1747 4388 et
1776 4331 1969 4401 foveri,
1995 4350 2091 4390 ne-

507 4425 806 4482 cessarium
842 4425 1056 4482 videtur
1082 4437 1144 4482 ut
1168 4429 1236 4484 ad
1263 4435 1554 4500 utrumque
1575 4444 1706 4485 usus
1742 4430 1856 4502 ipse
1881 4438 2088 4501 tempe-

2193 4063 2295 4121 est,
2339 4055 2425 4110 vel
2448 4055 2537 4110 ille
2577 4055 2721 4125 quod
2753 4055 2908 4112 miles
2951 4063 3064 4121 est;
3105 4055 3179 4111 ita
3227 4058 3392 4111 etiam
3435 4055 3790 4115 Christianus

2192 4148 2396 4203 habere
2421 4147 2625 4216 aliquid
2650 4149 2930 4219 proprium
2957 4148 3122 4203 etiam
3145 4163 3213 4203 ex
3247 4149 3592 4205 ordinatione
3623 4152 3789 4206 indu-

2192 4239 2363 4294 menti
2408 4239 2581 4310 ipsius
2609 4239 2787 4294 debet.
2815 4239 2921 4295 Sed
2951 4249 3008 4296 et
3054 4241 3120 4296 de
3161 4241 3544 4298 calceamentis
3591 4245 3788 4301 eadem

2191 4330 2334 4387 ratio
2364 4331 2768 4398 observabitur,
2799 4341 2856 4387 ut
2895 4334 3038 4404 qubd
3069 4333 3366 4403 simplicius
3395 4345 3500 4403 est,
3531 4345 3587 4392 et
3625 4354 3786 4408 para-

2191 4426 2323 4493 tius,
2350 4434 2405 4481 et
2435 4435 2621 4498 aptum
2649 4429 2946 4498 proposito,
2990 4436 3046 4484 et
3073 4429 3259 4484 usibus
3276 4429 3567 4496 sufﬁciens,
3599 4433 3657 4487 id
3695 4449 3788 4490 εει

507 4529 679 4585 retur,
734 4535 842 4591 quo
890 4531 948 4578 et
975 4521 1175 4592 operiri
1221 4522 1440 4577 nuditas
1482 4522 1731 4578 videatur
1771 4532 1826 4580 et
1875 4525 1960 4580 vel
2005 4525 2457 4619 visDSllmalul'.
2508 4519 2670 4575 Zona!
2710 4536 2927 4591 quoque
2981 4537 3138 4576 usum
3187 4524 3479 4578 ostendunt
3529 4541 3787 4580 necessa-

504 4608 755 4685 frigoris,
785 4611 871 4666 vel
905 4628 1066 4668 omne
1105 4613 1250 4683 quod
1288 4613 1632 4669 extrinsecus
1675 4613 1840 4679 laedit,
1887 4617 2084 4672 arceri.

507 4700 618 4757 Sed
642 4701 895 4770 quoniam
923 4701 978 4756 in
1005 4703 1090 4756 his
1112 4702 1241 4772 ipsis
1282 4702 1383 4756 alia
1420 4703 1637 4772 quidem
1675 4711 1804 4758 sunt
1838 4703 2085 4772 meliora,

506 4793 614 4850 alia
652 4791 934 4858 inferiora,
961 4807 1298 4863 consequens
1323 4800 1407 4847 est
1433 4807 1497 4847 ea
1537 4792 1738 4862 eligere
1781 4807 1901 4862 qua:
1929 4809 2088 4848 usum

508 4889 800 4944 exhibeant
827 4887 1122 4959 longiorem
1147 4900 1160 4939 :
1183 4885 1258 4940 ita
1289 4894 1469 4940 tamen
1503 4893 1562 4938 ut
1588 4885 1643 4939 in
1685 4884 1832 4940 nullo
1861 4885 2090 4942 laedatur

508 4981 693 5054 regula
725 4981 1046 5038 voluntariae
1077 4978 1434 5051 paupertatis,
1459 4977 1514 5033 id
1543 4986 1646 5043 est,
1677 4993 1747 5034 ne
1770 4979 1961 5037 eadem
1995 4996 2089 5038 no-

580 5131 606 5161 ι
639 5120 706 5175 Et
734 5119 961 5176 Bacillo.
1003 5119 1060 5175 S.
1091 5116 1362 5176 Orsiesius
1410 5116 1504 5171 dat
1549 5117 1830 5189 monachis
1858 5119 2083 5189 caligas,

506 5189 774 5263 pellem__et
804 5193 1022 5263 virgam.
1056 5190 1172 5246 Hoc
1199 5191 1488 5246 utebantur
1514 5189 1580 5242 ad
1604 5188 2084 5263 imitationemPa-

509 5258 650 5317 trum
697 5258 907 5320 Veteris
941 5263 1290 5327 Testamenti,
1335 5269 1396 5314 ut
1435 5268 1588 5315 notat
1612 5258 1902 5315 Cassianus
1939 5262 2032 5316 lib.
2062 5279 2080 5317 ι

507 5333 574 5388 de
595 5331 792 5388 Habitu
822 5334 1093 5400 monachi,
1121 5349 1239 5402 cap.
1279 5335 1312 5388 8
1340 5350 1352 5385 :
1383 5331 1498 5403 (Et
1526 5331 1768 5403 baculus,
1810 5347 1970 5403 quem
1995 5349 2080 5403 ge-

507 5411 614 5474 stat
637 5405 703 5458 ad
735 5404 1089 5459 imitationem
1117 5400 1310 5474 horum
1330 5401 1420 5474 qui
1446 5400 1796 5471 professionis
1826 5400 1939 5470 ejus
1959 5400 2084 5474 pro-

506 5473 807 5544 figuravere
838 5474 1008 5530 lineas
1037 5475 1090 5528 in
1120 5473 1692 5544 Veterii’l‘estamento.
1710 5491 1744 5544 3

579 5543 608 5583 δ
635 5545 767 5611 Quis
807 5555 882 5600 est
925 5546 1135 5613 dignus,
1172 5551 1278 5599 etc.
1315 5543 1504 5598 Exstat
1538 5543 1675 5610 apud
1704 5539 1760 5596 S.
1807 5543 2082 5610 Basiliu'n,

507 5614 700 5686 interr.
729 5615 800 5669 2‘2
827 5624 883 5670 et
905 5615 959 5680 2,
990 5615 1179 5686 Regul.
1212 5615 1386 5669 fusius
1415 5613 1834 5684 disputatarum,
1863 5624 1918 5669 et
1945 5617 2085 5685 apud

509 5682 762 5754 Rufinum
799 5702 918 5754 cap.
947 5686 1030 5748 12,
1065 5682 1399 5740 contractius
1428 5682 1629 5738 tamen.

583 5765 604 5826 ς
636 5752 782 5826 ξᾳιὶε
819 5752 999 5826 agunt.
1040 5756 1202 5826 Lege,
1233 5764 1504 5826 satagunt,
1534 5762 1593 5808 ut
1627 5754 1766 5824 apud
1805 5754 2079 5813 Ruﬁnum.

579 5822 607 5862 ἀ
637 5821 786 5877 Sicut
816 5821 948 5876 illeo
969 5821 1255 5891 contrario,
1277 5821 1390 5882 etc.
1423 5823 1550 5880 Haec
1570 5821 1821 5896 corrupta
1850 5837 1996 5894 sunt,
2027 5837 2082 5886 et

2191 4611 2334 4666 rium
2361 4626 2483 4667 esse
2514 4613 2680 4667 etiam
2718 4613 2811 4682 qui
2852 4622 3250 4683 praecesserunt
3281 4631 3382 4670 nos
3413 4616 3610 4671 sancti.
3647 4616 3785 4672 Nam

2222 4717 2428 4760 oannes
2457 4719 2592 4758 zona
2623 4703 2849 4774 pellicea
2876 4705 3246 4777 constringere
3275 4705 3488 4764 lumbos
3524 4723 3657 4764 suos
3699 4710 3784 4763 dic

2191 4800 2338 4854 citur
2368 4797 2589 4870 (Matth.
2622 4796 2742 4869 ιιι);
2775 4806 2828 4853 et
2857 4798 2987 4853 Elia:
3020 4807 3180 4854 antea
3227 4807 3486 4870 tanquam
3526 4804 3781 4872 proprius

2187 4893 2410 4951 habitus
2458 4891 2629 4964 ipsius
2669 4893 3003 4963 designatur,
3045 4908 3170 4948 cum
3213 4893 3450 4949 dicitur:
3479 4894 3574 4949 Vir
3604 4896 3782 4951 hirsu-

2189 4995 2294 5054 tus,
2347 4995 2398 5041 et
2436 5002 2624 5042 zonam
2669 4978 2940 5056 pélliceam
2979 4986 3174 5042 habens
3219 4989 3361 5042 circa
3400 4989 3602 5045 lumbos
3655 5010 3778 5048 suos

2189 5137 2299 5177 non
2329 5128 2548 5198 exstant
2581 5121 2633 5198 in
2661 5119 3068 5198 textuhCraeco:
3098 5138 3219 5198 quas
3248 5131 3427 5178 tamen
3461 5123 3534 5178 ita
3582 5125 3775 5198 legun-

2191 5200 2278 5247 tur
2306 5193 2446 5264 apud
2490 5191 2742 5264 Rufinum
2765 5207 2779 5244 :
2800 5190 2954 5264 Sicut
2986 5192 3075 5264 ille
3111 5190 3202 5263 qui
3227 5211 3256 5248 ε
3288 5198 3553 5248 contrario
3575 5190 3672 5264 est,
3710 5199 3776 5253 de

2187 5262 2406 5335 sumptis
2427 5273 2473 5335 et
2500 5263 2737 5335 pretiosis
2761 5262 2925 5335 videri
2955 5262 3149 5318 clarius
3173 5275 3220 5318 et
3247 5265 3473 5319 nobilius
3491 5269 3662 5335 gestit.

2264 5331 2366 5388 °Si
2415 5331 2549 5387 alter
2572 5333 2734 5388 altero
2779 5332 3010 5401 differat.
3050 5335 3204 5403 Apud
3247 5331 3522 5403 Ruﬁnum,
3553 5340 3598 5392 si
3638 5340 3774 5394 alter

2186 5403 2352 5474 alteri
2367 5405 2680 5474 prtefcratur
2693 5419 2711 5468 ;
2743 5404 2942 5458 rectius
2967 5414 3023 5459 et
3044 5405 3259 5462 clarius.

2273 5475 2292 5512 ί
2319 5473 2652 5530 Ordinatum.
2696 5475 2770 5528 Ita
2818 5476 2957 5542 apud
2990 5475 3261 5531 Rufinum.
3295 5476 3353 5530 lu
3380 5487 3527 5533 textu
3558 5477 3765 5545 Graeco,

2193 5543 2419 5618 κόσμιον,
2455 5546 2615 5618 idest
2654 5553 2937 5618 orna_tum._
2968 5546 3043 5600 Ita
3068 5547 3374 5618 legendum,
3406 5565 3531 5604 eum
3561 5551 3636 5606 sic
3668 5543 3767 5606 haé

2191 5616 2386 5673 bea'tur
2409 5618 2548 5686 apud
2575 5616 2890 5685 Apostolum
2921 5616 2939 5669 l
2965 5619 3032 5671 ad
3063 5616 3202 5672 Tim.
3235 5634 3317 5672 ιιι.

2266 5691 2298 5761 3A
2313 5686 2380 5740 In
2404 5687 2583 5761 Ιιιιζιὶιιι
2610 5687 2871 5761 οιιιλιαιο.
2894 5687 3074 5761 _l.ege,
3097 5688 3151 5742 in
3173 5689 3351 5743 habitu
3373 5702 3585 5761 ornato,
3607 5701 3664 5748 ut
3684 5702 3765 5750 est

2191 5759 2245 5815 in
2274 5757 2529 5815 Apostolo
2565 5758 2582 5810 l
2609 5759 2675 5811 ad
2709 5756 2946 5811 Timoth.
2975 5775 3036 5812 ιι.

2261 5831 2285 5871 h
2313 5827 2622 5883 Ordinatus.
2663 5827 2826 5900 Lege,
2858 5839 3096 5885 ornatus.
