4066 6342
244 401 381 460 HM
1198 389 1586 449 CONCORDIA
1625 386 2082 446 REGULARUM.
2112 417 2184 428 —
2219 383 2371 443 CAP.
2413 381 2574 440 LXII.
3356 391 3500 450 12η

247 515 368 589 (ΙΙΙ
395 513 520 587 Reg.
553 512 616 585 ι).
646 508 754 567 Sed
787 521 923 565 zona
943 522 1075 565 usus
1106 507 1302 564 Petrus
1328 505 1650 568 ostenditur,
1677 502 1816 558 sicut
1843 504 1894 564 Α
1919 511 2227 570 personam.
2245 495 2362 551 Non
2385 495 2526 551 idem
2550 510 2681 552 usus
2703 510 2824 553 esse
2843 494 3080 555 hominis
3093 501 3342 570 potestin
3358 509 3498 558 tem-

244 625 313 666 ex
339 606 519 662 verbis
547 603 746 677 angeli,
776 617 896 673 quae
942 601 1010 656 ad
1051 617 1177 658 eum
1213 599 1354 655 dicta
1384 607 1528 662 sunt,
1559 611 1819 667 recogno-
1922 609 2053 665 pore
2075 593 2270 648 hiemis
2295 599 2350 646 et
2373 592 2426 647 in
2458 601 2698 662 tempore
2724 592 2946 648 aestatis.
2971 591 3087 649 Non
3111 593 3253 650 idem
3284 595 3499 654 habitus

245 701 448 756 scimus
471 712 485 752 ε
510 697 812 766 Accingere,
850 694 1057 764 inquit,
1099 703 1145 747 et
1186 692 1419 746 calceare
1465 691 1662 761 caligas
1699 700 1818 746 tuas
1920 694 2004 740 est
2029 683 2304 754 operantis
2333 692 2387 739 et
2415 684 2742 754 quiescentis
2771 703 2785 739 :
2817 700 2918 740 nec
2945 686 3132 742 militis
3155 687 3297 744 idem
3333 697 3419 745 est
3444 698 3500 746 et

246 793 384 862 (Act.
416 791 537 862 xu).
570 789 677 846 Sed
719 798 774 845 et
810 789 1001 844 beatus
1027 788 1224 843 Paulus
1267 802 1403 840 zona
1431 803 1561 842 usus
1589 785 1820 842 ostendi-

247 893 335 938 tur
361 899 458 952 per
490 883 732 953 Agabum
766 883 1084 952 prophetam
1113 880 1378 934 dicentem
1407 898 1418 932 :
1447 875 1632 931 Utrum
1657 878 1818 943 enim,

244 975 398 1044 cujus
456 984 528 1028 est
576 991 706 1027 zona
749 975 880 1038 hrrc,
939 973 1014 1027 ita
1062 971 1337 1042 illigabunt
1383 972 1438 1024 in
1487 969 1819 1023 Hierusalem

244 1067 387 1136 (Act.
417 1067 554 1136 xxi).
585 1067 691 1121 Sed
722 1075 777 1121 et
803 1065 902 1121 Ioh
925 1067 1076 1120 audit
1101 1082 1132 1121 a
1161 1067 1270 1120 Deo
1301 1083 1314 1118 :
1339 1065 1562 1134 Accinge
1586 1065 1718 1117 sicut
1742 1063 1820 1116 vir

241 1158 448 1213 lumbos
496 1169 611 1212 tuos
657 1158 779 1230 (Job
811 1158 1062 1226 xxxvm).
1101 1157 1330 1212 Virtutis
1370 1170 1602 1225 namque
1641 1153 1819 1222 cujus-

241 1251 367 1306 dam
393 1259 446 1305 et
476 1253 708 1321 prompti
736 1251 803 1305 ad
832 1266 994 1320 opera
1018 1250 1182 1303 animi
1211 1250 1420 1320 signum
1451 1247 1666 1302 videtur
1700 1259 1820 1302 esse

240 1358 377 1398 usus
419 1343 640 1413 Cinguli.
681 1341 786 1397 Sed
827 1351 881 1396 et
917 1341 1197 1412 discipulis
1241 1340 1452 1395 Domini
1493 1353 1644 1393 zona:
1688 1353 1818 1394 usus

240 1438 411 1494 fuisse
453 1440 686 1506 videtur,
735 1455 803 1494 ex
851 1454 1021 1504 more,
1065 1439 1260 1508 quibus
1292 1438 1647 1508 prohibeatur
1683 1448 1708 1476 α
1750 1452 1819 1491 ne

239 1530 523 1600 pecz'niam
552 1522 900 1586 haberentin
951 1530 1101 1585 zonis
1129 1530 1260 1584 suis.
1296 1528 1506 1584 Revera
1533 1528 1679 1583 enim
1721 1543 1816 1583 nes

241 1621 540 1677 cessarium
566 1621 777 1676 videtur
805 1636 929 1676 eum
957 1636 1023 1676 ex
1052 1635 1224 1685 more,
1253 1619 1344 1690 qui
1376 1635 1633 1674 manuum
1655 1633 1820 1688 opere

240 1713 320 1768 uti
343 1713 396 1768 in
429 1712 610 1782 aliquo
648 1714 884 1778 deberet,
919 1714 1255 1769 succinctum
1281 1729 1422 1780 esse,
1467 1721 1523 1768 et
1552 1715 1606 1768 in
1650 1713 1821 1768 omni-

241 1809 344 1864 bus
371 1816 728 1880 przeparatum
756 1827 769 1863 :
799 1823 862 1864 ac
889 1807 1006 1863 sine
1035 1807 1143 1862 ullo
1171 1807 1556 1877 impedimento
1583 1807 1816 1861 inveniri

1919 777 2136 848 privati,
2183 791 2358 846 neque
2385 776 2487 830 viri
2514 777 2654 831 idem
2683 775 2773 846 qui
2801 776 3064 832 mulieris.

2297 867 2325 940 ᾗ
2355 867 2462 923 VII.
2485 900 2554 908 —
2577 867 2711 922 Item
2743 868 2879 942 (cap.
2912 869 3016 924 144
3044 872 3112 941 ε).

1990 955 2254 1027 Interrog.
2282 955 2339 1011 Si
2363 958 2483 1027 quis
2511 959 2778 1028 pretiosas
2803 968 2980 1014 vestes
3005 958 3243 1028 abjiciat,
3271 963 3382 1033 ipsa
3410 980 3501 1021 au-

1923 1057 2029 1104 tem
2079 1050 2390 1104 indumenta
2442 1051 2632 1122 viliora
2682 1053 2878 1122 quibus
2924 1055 3114 1118 utitur,
3156 1056 3242 1110 vel
3291 1058 3500 1113 calcea-

1921 1150 2101 1196 menta
2156 1142 2229 1196 ita
2279 1144 2576 1213 composite
2625 1153 2828 1209 utatur,
2867 1155 2925 1200 ut
2992 1147 3208 1201 studeat
3249 1147 3498 1204 decorem

1920 1233 2047 1287 inde
2076 1233 2308 1303 aliquem
2334 1250 2548 1305 capere,
2581 1238 2624 1291 si
2647 1247 2837 1306 peccat
2859 1247 2954 1292 aut
2977 1238 3110 1294 vitio
3137 1239 3316 1309 aliquo
3347 1241 3400 1296 id
3424 1242 3502 1296 fa-

1921 1340 2044 1379 cere
2070 1326 2342 1394 putandus
2365 1327 2485 1381 est?
2528 1357 2599 1366 —
2631 1326 2786 1398 Resp.
2831 1329 2932 1396 Qui
2982 1329 3096 1384 vult
3125 1346 3223 1400 per
3247 1331 3501 1386 decorem

1919 1413 2136 1470 habitus
2164 1417 2376 1486 placere
2402 1417 2730 1482 hominibus,
2761 1419 3106 1476 manifestum
3133 1430 3216 1477 est
3249 1421 3408 1491 hujus
3431 1423 3504 1493 ip-

1921 1507 2036 1562 sius
2080 1508 2195 1562 vitii
2250 1509 2568 1580 agritudine
2612 1510 2883 1576 laborare,
2921 1512 2972 1566 id
3025 1519 3134 1578 est,
3192 1513 3504 1569 hominibus

1919 1601 2166 1672 placendi
2200 1621 2212 1655 :
2251 1613 2307 1656 et
2331 1610 2539 1658 eertum
2565 1612 2649 1659 est
2678 1612 2913 1659 mentem
2937 1602 3052 1672 ejus
3081 1621 3112 1659 a
3148 1604 3258 1660 Deo
3286 1605 3501 1677 longius

1920 1693 2168 1764 evagari;
2222 1693 2317 1749 sed
2359 1703 2416 1750 et
2459 1695 2561 1749 hoc
2610 1694 2784 1765 ipsum
2836 1703 2922 1750 est
2971 1695 3162 1750 vitium
3214 1712 3500 1767 perperam

1922 1800 2102 1858 agere,
2135 1802 2258 1841 cum
2289 1787 2622 1842 indumentis
2658 1786 2743 1841 vel
2789 1787 3174 1842 calceamentis
3222 1803 3329 1842 non
3373 1802 3502 1843 usus

241 1901 313 1956 ad
338 1865 500 1957 omne
535 1901 660 1956 boni
689 1901 872 1971 operis
899 1865 1278 1956 ministerium.
1321 1899 1475 1956 Unde
1503 1908 1559 1956 et
1601 1901 1817 1971 cingulo
1845 1865 1894 1926 Β
1921 1893 2084 1935 causa
2109 1879 2297 1934 "mu"-

241 1991 468 2062 indiget,
498 2001 562 2064 ut.
585 1992 670 2048 vel
693 1993 942 2064 colligata
977 1993 1123 2048 circa
1152 2009 1350 2064 corpus
1374 1993 1577 2060 tunica,
1619 2008 1686 2050 ex
1715 2009 1822 2064 qua

242 2093 298 2139 et
343 2086 516 2156 magis
557 2085 830 2141 confoveri
869 2086 1061 2154 possit,
1111 2086 1157 2140 si
1204 2086 1442 2156 undique
1496 2087 1822 2142 constrictus

245 2176 336 2242 sit,
366 2177 448 2232 vel
479 2193 585 2232 non
609 2177 856 2247 impediri
879 2179 946 2232 ad
976 2193 1190 2232 omnem
1213 2193 1327 2233 rem
1351 2193 1514 2247 quam
1541 2193 1701 2248 agerc
1724 2193 1822 2247 pa-

245 2276 351 2322 rat.
387 2269 463 2323 De
501 2285 730 2325 numero
774 2280 952 2325 autem
1001 2271 1437 2325 indumentorum
1478 2269 1610 2336 nihil
1641 2285 1824 2340 possu-

247 2375 370 2414 mus
395 2361 598 2426 dicere,
631 2376 753 2416 cum
792 2359 1074 2416 manifesta
1112 2361 1422 2416 deﬁnitione
1466 2362 1824 2431 perscriptum

244 2452 339 2517 sit,
388 2454 441 2507 in
466 2469 574 2522 quo
615 2454 786 2509 dicit:
819 2453 922 2519 Qui
952 2455 1105 2508 habet
1149 2455 1282 2508 duas
1328 2455 1554 2519 tunicas,
1589 2455 1672 2508 det
1719 2471 1824 2508 non

245 2543 456 2597 habenti
504 2561 663 2598 unam
689 2543 837 2615 (Luc.
866 2546 971 2614 ιιι).
1004 2545 1081 2599 Ex
1106 2560 1213 2615 quo
1243 2546 1359 2600 sine
1387 2545 1550 2600 dubio
1573 2545 1709 2600 duas
1730 2545 1826 2600 ha-

247 2635 379 2691 bere
408 2635 651 2691 illicitum
691 2645 794 2692 est.
825 2636 1032 2704 Quibus
1063 2653 1189 2709 ergo
1217 2637 1416 2692 habere
1444 2636 1580 2692 duas
1610 2637 1822 2692 tunicas

250 2741 356 2780 non
392 2724 538 2792 licet,
580 2727 666 2783 his
691 2729 959 2798 quomodo
987 2729 1192 2800 aliquid
1231 2729 1299 2784 de
1325 2729 1640 2785 diversitate
1669 2728 1824 2784 indu-

249 2828 554 2876 mentorum
574 2823 794 2892 prmcipi
821 2823 1032 2891 potest?

670 2914 698 2989 §
727 2913 793 2968 V.
822 2946 893 2955 —
914 2914 1050 2971 Item
1084 2917 1222 2988 (cap.
1253 2916 1398 2987 142).

324 3005 586 3078 Interrog.
627 3007 657 3046 ι)
689 3007 829 3076 Quid
884 3015 967 3064 est
1009 3024 1295 3080 perperam
1343 3009 1538 3081 agere?
1567 3038 1638 3049 —
1663 3007 1821 3079 Resp.

257 3109 278 3136 ο
299 3097 451 3166 Quod
478 3115 584 3154 non
605 3109 828 3171 propter
848 3117 978 3157 usus
1001 3103 1356 3167 necessarios,
1378 3102 1472 3157 sed
1487 3101 1572 3156 vel
1591 3101 1826 3157 maxime

254 3201 475 3249 ornatus
499 3208 660 3252 causa
683 3193 769 3250 vel
797 3194 1008 3252 decoris
1034 3194 1260 3265 alicujus
1285 3196 1364 3261 ﬁt,
1400 3196 1503 3252 hoc
1528 3203 1613 3252 est
1635 3209 1829 3267 perpe—
1855 3171 1899 3235 (ἶ

255 3301 370 3343 ram
393 3302 569 3359 agere.

636 3379 665 3453 §
690 3379 778 3436 VI.
807 3408 880 3422 —-
903 3379 1041 3437 Item
1061 3381 1195 3455 (cap.
1228 3379 1331 3434 145
1369 3379 1442 3452 ά).

324 3469 585 3542 Interrog.
623 3473 756 3539 Quis
786 3480 871 3529 est
892 3474 985 3544 qui
1015 3473 1083 3528 ab
1106 3473 1362 3543 Apostolo
1391 3472 1590 3527 dicitur
1611 3470 1829 3527 habitus

249 3559 531 3616 ordinatus
558 3559 610 3634 (ι
645 3561 780 3616 Tim.
811 3563 874 3635 ιι)
890 3563 913 3616 ἲν
932 3589 1002 3602 —
1021 3562 1178 3634 Resp.
1195 3562 1245 3617 Is
1267 3562 1358 3631 qui
1378 3561 1673 3616 secundum
1694 3574 1823 3632 pro-

250 3655 485 3725 positum
511 3653 936 3726 uniuscujusque
961 3656 1219 3712 honestus
1242 3663 1345 3720 est,
1370 3670 1500 3710 usus
1523 3653 1606 3708 vel
1631 3667 1826 3708 secun—

252 3747 380 3804 dum
423 3746 623 3815 locum,
654 3747 741 3804 vel
785 3745 1080 3804 secundum
1130 3757 1363 3818 tempus,
1395 3744 1482 3800 vel
1532 3746 1828 3801 secundum

322 3897 349 3925 ιι
380 3883 463 3940 Ne
498 3887 770 3957 pecuniam
799 3887 1044 3941 haberent
1078 3887 1133 3940 in
1160 3885 1303 3940 zonis
1326 3884 1472 3957 'suis.
1509 3883 1671 3957 Zona;
1697 3879 1827 3937 olim

253 3958 328 4013 ita
355 3953 510 4012 erant
533 3957 862 4028 compositae,
894 3966 955 4011 ut
984 3959 1035 4028 in
1071 3957 1175 4011 illis
1201 3956 1428 4028 pecunia
1458 3953 1673 4028 recondi
1701 3968 1828 4028 pos-_-

253 4040 354 4092 set,
396 4037 456 4082 ut
503 4022 710 4083 clarum
756 4037 840 4083 est
868 4043 934 4083 ex
985 4027 1075 4081 illo
1114 4022 1258 4082 dicio
1303 4025 1596 4081 Alexandri
1639 4022 1827 4078 Severi

251 4101 391 4170 apud
424 4097 794 4170 Lampridium
824 4118 836 4152 :
873 4117 891 4150 ι
921 4097 1072 4153 Miles
1099 4115 1207 4153 non
1243 4099 1396 4170 timet
1436 4096 1541 4150 nisi
1569 4095 1824 4170 vestitus,

253 4165 514 4236 armatus,
559 4165 842 4234 calciatus,
885 4177 940 4223 et
976 4177 1148 4235 satur,
1195 4176 1250 4222 et
1294 4167 1498 4222 habens
1535 4165 1736 4234 aliquid
1767 4165 1823 4218 in

254 4241 465 4296 zonula.
499 4261 518 4294 ι
573 4240 830 4295 Oratione
872 4238 1101 4294 Gracchi
1151 4240 1291 4309 apud
1319 4237 1574 4309 Gellium,
1612 4236 1703 4291 lib.
1733 4250 1822 4301 xv,

253 4327 370 4383 cap.
402 4310 501 4366 12:
539 4330 556 4362 ε
590 4311 767 4366 Zonas
796 4327 932 4380 quas
956 4311 1142 4383 plenas
1171 4308 1378 4383 argenti
1405 4308 1594 4383 estuli,
1640 4321 1826 4383 ease;

252 4375 529 4452 provincia
561 4398 758 4437 vacuas
783 4375 973 4436 retuli:
998 4403 1015 4434 ι
1052 4381 1115 4436 Et
1141 4398 1205 4437 ex
1234 4375 1410 4435 edicto
1438 4377 1715 4452 Pescennii
1740 4375 1828 4452 Ni-

253 4447 332 4524 gri
361 4456 500 4524 apud
536 4452 881 4522 Spartianum
913 4472 926 4506 :
957 4471 976 4503 ‹
1007 4452 1335 4520 lde‘m‘jussit
1366 4465 1432 4505 ne
1461 4450 1514 4504 in
1541 4448 1692 4503 zonis
1720 4447 1826 4501 mi-

256 4523 376 4616 lites
400 4523 474 4578 ad
505 4523 916 4616 bellumaureos'
939 4525 1018 4577 vel
1053 4535 1337 4616 argenteos
1369 4535 1615 4616 nllllmmos
1646 4529 1826 4587 porta-
1851 4555 1903 4616 Β

255 4604 397 4660 rent,
452 4595 545 4650 sed
595 4596 805 4665 publice
845 4591 1308 4650 commenit'arent.
1343 4614 1361 4646 ›
1410 4591 1547 4665 Hinc
1602 4605 1827 4665 prover-

253 4658 425 4730 bium,
458 4658 644 4720 sonant
673 4665 906 4737 perdere,
953 4666 1094 4734 apud
1126 4665 1404 4720 Horatium
1436 4662 1529 4717 lib.
1570 4658 1631 4728 ιῐ,
1659 4677 1744 4731 ep.
1770 4658 1823 4714 2.

379 4778 475 4831 Ibit
500 4793 561 4830 eo
582 4791 679 4842 quo
703 4781 794 4839 vis,
821 4781 906 4840 qui
929 4789 1094 4826 mnam
1119 4777 1352 4839 perdidit,
1380 4767 1556 4838 inquit.

258 4887 468 4942 Dicitur
495 4887 562 4942 de
590 4886 808 4940 homine
833 4884 978 4938 omni
1009 4898 1172 4937 censu
1197 4889 1250 4935 et
1274 4881 1501 4951 pecunia
1543 4881 1826 4934 exhausto.

261 4955 414 5014 Unde
433 4966 486 5013 et
510 4957 824 5013 decoctores
851 4965 905 5009 et
928 4954 1132 5008 similes
1169 4953 1262 5009 aui
1291 4966 1399 5006 non
1430 4959 1554 5005 sunt
1577 4951 1832 5006 solvendo

260 5045 450 5085 zonam
479 5042 679 5098 ponere
700 5035 981 5098 coguntur.

331 5100 358 5139 δ
384 5090 526 5165 Quid
554 5108 628 5152 est
662 5090 931 5168 perperam
973 5112 1147 5168 agere,
1177 5103 1281 5149 etc.
1325 5091 1730 5168 Habetur_apud
1770 5090 1829 5144 S.

260 5161 514 5226 Basilium
547 5161 734 5224 interr.
753 5161 832 5221 ’49
864 5161 1052 5237 Regni.
1086 5167 1262 5230 brev.,
1300 5173 1354 5219 et
1379 5163 1519 5232 apud
1556 5161 1832 5225 Ruﬁnum,

261 5241 904 5385 caB.Q7f_(;d_thtt_Rropler
927 5326 1069 5385 usus
1081 5307 1417 5385 necessarios,
1445 5313 1550 5385 etc.
1693 5303 1837 5357 hunc

261 5378 437 5439 locum
466 5382 522 5437 S.
553 5378 734 5437 Basilii
765 5378 1001 5449 respexit
1039 5378 1234 5450 Stiidas
1271 5393 1392 5450 cum
1425 5378 1643 5450 scripsit
1672 5389 1686 5427 :
1710 5385 1838 5450 μερ-

263 5456 443 5530 τςιρεὶα
476 5452 504 5509 ὅ
526 5462 594 5530 μή
616 5454 700 5510 διὰ
730 5446 1069 5530 insinuant}:
1091 5449 1174 5530 ᾅιὰ
1202 5449 1546 5530 nullamque?
1566 5446 1838 5530 τιξαραλαξις

268 5513 492 5582 ϐάζεται·
525 5513 550 5579 3
583 5513 677 5580 *mt
713 5513 987 5597 {plaudat
1035 5524 1117 5597 uati
1153 5513 1461 5597 «parsissm.
1486 5517 1544 5570 Itl
1574 5513 1690 5597 ‘es't,
1727 5534 1745 5566 ι
1780 5513 1838 5568 id

267 5599 409 5668 quod
448 5611 553 5650 non
598 5591 816 5668 propzer
843 5591 1247 5668 necessitatem,
1291 5591 1838 5668 sedpropteroor‘na-

271 5657 383 5722 t'um
430 5657 736 5722 assumitur.
773 5665 926 5732 Quod
953 5671 1006 5718 et
1050 5657 1836 5732 mollities,__et‘praecipitatio,

270 5749 325 5794 et
353 5737 649 5794 temeritas.
681 5758 699 5790 ι
732 5728 958 5806 Εῑόμυύ
977 5733 1224 5791 eumdem
1251 5741 1306 5786 et
1334 5728 1656 5809 llesycliium
1679 5745 1696 5809 _:
1721 5729 1840 5809 nip-

272 5831 428 5886 περος
471 5809 498 5865 ὁ
544 5809 672 5880 μετὰ
720 5798 956 5886 planitia;
1005 5800 1404 5886 ﬂuctivagam.
1435 5798 1485 5886 in.
1524 5801 1606 5886 ,λη

279 5899 298 5958 ᾳ
324 5870 610 5954 pcrperam
641 5870 826 5951 agens,
853 5879 948 5948 qui
977 5870 1112 5935 cum'
1136 5870 1364 5934 mollitie
1391 5870 1611 5932 inﬂatus
1646 5876 1749 5938 est,
1779 5875 1842 5925 ut

2302 1973 2483 2046 §VIII.
2518 2003 2590 2014 —
2616 1972 2750 2028 Item
2783 1972 2920 2045 (cap.
2952 1972 3022 2026 45
3051 1972 3118 2044 ί).

1992 2092 2252 2163 Interrog.
2283 2089 2438 2158 Quali
2467 2089 2661 2144 affectu
2686 2096 2902 2159 oportet
2940 2088 3190 2158 accipere
3222 2088 3307 2143 vel
3339 2088 3501 2143 vesti-

1922 2195 2164 2240 mentum
2205 2183 2288 2238 vel
2324 2183 2740 2238 calciamentum
2778 2181 3154 2252 qualecunque
3198 2179 3402 2234 fuerit?
3429 2209 3500 2220 -—-

1925 2274 2084 2346 Resp.
2113 2273 2390 2344 Siquidem
2415 2272 2579 2328 breve
2605 2279 2700 2327 aut
2724 2271 2928 2343 grande
2955 2278 3039 2326 est
3090 2271 3159 2326 ad
3189 2284 3501 2326 mensuram

1925 2373 2147 2420 staturae
2171 2380 2298 2426 sum,
2331 2372 2435 2418 etc.

1979 2455 2007 2528 §
2037 2455 2128 2510 IX.
2158 2485 2231 2496 -—
2262 2455 2340 2509 Ex
2365 2455 2584 2511 Rasum
2620 2469 2808 2510 SANCTI
2827 2454 3142 2510 .Auuus'rm
3171 2453 3309 2526 (cap.
3334 2453 3447 2525 54).

1924 2592 1928 2594 ν
2000 2550 2027 2588 ε
2053 2547 2244 2603 Vestes
2266 2557 2476 2603 vestras
2505 2548 2536 2588 ιι
2570 2548 2625 2602 in
2652 2563 2760 2602 uno
2791 2548 2987 2603 habete
3012 2548 3113 2602 sub
3131 2562 3240 2602 uno
3257 2546 3499 2613 custode,

1924 2640 2011 2696 vel
2036 2641 2264 2706 duobus,
2295 2641 2380 2696 vel
2405 2648 2539 2711 quot
2560 2639 2811 2696 sufﬁcere
2836 2641 3110 2711 potuerint
3127 2639 3196 2695 ad
3219 2655 3314 2695 eas
3339 2655 3502 2695 excu-

1927 2735 2157 2799 tiendas,
2187 2749 2258 2791 ne
2293 2750 2324 2788 a
2352 2735 2497 2790 tinea
2529 2735 2811 2790 laedantur.
2851 2734 2919 2789 Et
2946 2736 3088 2790 sicut
3117 2735 3405 2805 pascimini
3435 2735 3502 2789 ab

1925 2842 2037 2881 uno
2065 2827 2307 2893 cellario,
2355 2827 2434 2882 sic
2463 2827 2748 2882 induimini
2784 2842 2848 2881 ex
2880 2842 2988 2881 uno
3035 2828 3309 2882 vestiario.
3339 2826 3428 2889 Et,
3461 2827 3507 2880 si

1928 2918 2045 2974 ﬁeri
2067 2928 2265 2990 potest,
2301 2920 2318 2960 ί
2355 2934 2462 2974 non
2492 2919 2560 2973 ad
2591 2933 2685 2974 vos
2725 2917 2995 2988 pertineat
3028 2915 3041 2966 i
3081 2918 3211 2988 quid
3241 2918 3395 2973 vobis
3424 2917 3508 2971 in-

1931 3012 2201 3069 duendum
2256 3028 2355 3084 pro
2418 3012 2676 3084 temporis
2722 3011 3074 3082 congruentia
3123 3009 3434 3082 proferatur
3487 3027 3500 3064 :

1932 3113 2112 3160 utrum
2143 3105 2246 3160 hoc
2275 3104 2506 3175 recipiat
2549 3105 2920 3174 unusquisque
2949 3111 3189 3158 vestrum
3218 3102 3365 3172 quod
3408 3101 3505 3156 de-

1929 3206 2204 3267 posuerat,
2255 3213 2322 3252 an
2350 3197 2496 3252 aliud
2516 3197 2659 3266 quod
2684 3195 2824 3252 alter
2849 3195 3136 3261 habuerat,
3167 3194 3292 3249 dum
3327 3202 3510 3248 tamen

1931 3291 2221 3360 unicuique
2267 3290 2409 3359 quod
2442 3289 2638 3359 cuique
2670 3303 2805 3359 opus
2849 3295 2934 3343 est
2978 3303 3085 3343 non
3117 3293 3364 3358 negetur.
3397 3286 3423 3324 ¹ί
3450 3285 3508 3340 Si

1929 3391 2113 3439 autem
2145 3383 2271 3437 hinc
2318 3383 2460 3436 inter
2485 3396 2582 3435 vos
2617 3382 2989 3436 contentiones
3040 3386 3093 3432 et
3121 3376 3507 3432 murmuratio-

1930 3489 2026 3528 nes
2052 3473 2317 3536 oriuntur,
2357 3470 2376 3510 1
2407 3488 2531 3527 cum
2559 3471 2805 3542 queritur
2825 3470 3022 3540 aliquis
3045 3469 3282 3524 deterius
3331 3484 3392 3523 se
3417 3483 3508 3524 ac-

1931 3565 2140 3633 cepisse
2163 3578 2324 3632 quam
2353 3563 2504 3633 prius
2534 3563 2817 3627 habuerat,
2843 3573 2881 3600 ιι
2917 3567 2972 3615 et
2998 3560 3275 3630 indignum
3305 3574 3364 3614 se
3389 3575 3510 3616 esse

1930 3664 1960 3693 ιι
1975 3654 2067 3724 qui
2090 3654 2164 3708 ita
2179 3652 2438 3708 vestiatur
2459 3652 2597 3706 sicut
2619 3651 2756 3705 alius
2777 3650 2947 3705 frater
2969 3649 3084 3719 ejus
3108 3648 3358 3714 vestitur,
3381 3648 3509 3705 hinc

1931 3763 2028 3803 vos
2061 3746 2286 3817 probate
2335 3754 2600 3816 quantum
2630 3742 2785 3798 vobis
2837 3741 2976 3797 desit
3004 3742 3058 3795 in
3105 3740 3196 3795 illo
3244 3740 3508 3796 interiore

1927 3884 2146 3954 loquax,
2187 3896 2446 3952 praeceps,
2467 3879 2626 3954 _nihil
2660 3879 3038 3954 cum_ratione
3085 3891 3270 3954 agens.
3303 3895 3322 3927 ι
3351 3877 3507 3954 Apud

1930 3948 2206 4010 auctorem
2232 3948 2816 4040 veterisuléltvmolqgici
2845 3967 2857 4003 :
2885 3952 3156 4040 Περπιρος,
3181 3949 3429 4038 φλύαρος..
3452 3948 3506 4040 id

1929 4037 2032 4092 est,
2063 4034 2324 4096 nugator;
2358 4033 2413 4078 et
2442 4019 2640 4077 ibidem
2665 4041 2678 4076 :
2699 4019 2844 4077 ὀθεν
2871 4019 2958 4076 καί
2989 4019 3359 4096 «impingat
3393 4022 3503 4096 ᾁντὶ

1929 4091 2033 4173 ςυῦ
2054 4091 2383 4173 inueniebam,
2413 4096 2640 4159 ἀτακτιῖ,
2671 4097 3034 4173 κατιτςαίρεται
3056 4091 3200 4160 prro}
3237 4091 3499 4173 ρλεικεὶας.

1927 4169 1983 4224 ld
2013 4159 2116 4233 est,
2152 4186 2170 4218 ι
2199 4166 2327 4221 inde
2358 4175 2413 4220 et
2444 4179 2728 4234 perperam
2753 4159 3007 4233 agit.'pro
3042 4159 3128 4228 eo,
3166 4159 3264 4234 qui
3299 4159 3502 4234 frustra

1930 4231 2134 4310 aliquid
2172 4247 2228 4292 et
2275 4231 2582 4308 petulanter
2621 4237 2752 4308 agit,
2782 4231 2875 4305 qui
2909 4231 3032 4288 cum
3078 4231 3304 4286 mollitie
3334 4231 3508 4286 extol-

1929 4309 2073 4364 litur.
2110 4329 2128 4362 ι

1943 4426 1947 4428 ν
1998 4380 2025 4420 ά
2056 4380 2251 4434 lnterr.
2284 4378 2410 4439 210,
2452 4385 2508 4432 et
2537 4392 2655 4446 cap.
2690 4375 2757 4430 75
2792 4372 2994 4446 Ruﬁni.

2003 4463 2025 4491 ε
2056 4452 2248 4505 lnterr.
2280 4448 2349 4502 50
2375 4447 2590 4518 Regula:
2603 4441 2770 4518 ibt-ev.
2796 4453 2858 4518 et
2888 4441 3068 4496 Ruﬁni
3101 4455 3220 4510 cap.
3254 4441 3341 4495 73.

2005 4521 2024 4560 τ
2065 4521 2198 4576 Vide
2227 4535 2390 4590 supra
2418 4515 2534 4587 cap.
2564 4517 2652 4581 7‘2,
2684 4515 2834 4590 §__22.

2003 4594 2028 4632 ε
2067 4590 2238 4644 Vestes
2286 4579 2501 4652 uestras,
2541 4579 2646 4642 etc.
2687 4579 2824 4640 "Haec
2848 4583 3030 4638 videre
3071 4588 3153 4652 est
3203 4581 3257 4652 in
3301 4579 3507 4651 Regula

1931 4664 1988 4719 S.
2029 4660 2315 4733 Augustini
2362 4649 2584 4723 excusa,
2609 4674 2730 4728 cap.
2760 4654 2851 4722 26,
2882 4663 2936 4709 et
2985 4653 3040 4708 in
3075 4649 3316 4721 ejusdem
3341 4649 3502 4722 epist.

1829 4791 1833 4794 .
1934 4735 2055 4790 109.

1999 4809 2024 4845 ιι
2057 4804 2123 4858 1η
2155 4820 2256 4858 uno
2287 4801 2486 4855 habete.
2518 4799 2596 4853 Ita
2626 4799 2679 4853 in
2700 4798 2819 4854 cod.
2855 4812 2952 4852 ms.
2987 4795 3184 4861 Corb.;
3215 4794 3269 4849 in
3299 4792 3502 4861 Regula

1933 4892 2150 4941 excusa,
2180 4876 2235 4928 in
2264 4889 2423 4927 unum
2456 4871 2710 4941 habeatis.
2764 4869 2820 4923 In
2847 4868 3100 4941 epistola,
3132 4867 3187 4919 in
3240 4881 3343 4917 uno
3391 4867 3506 4916 loco

1931 4938 2145 5010 habete,
2168 4957 2335 5008 recte,
2367 4952 2427 4996 ut
2455 4943 2506 4995 in
2531 4939 2637 4995 ﬁne
2663 4939 2880 5010 capituli
2914 4938 3092 5010 hujus.

2010 5022 2024 5058 ί
2057 5004 2180 5070 Non
2202 5015 2269 5070 ad
2297 5004 2383 5067 vos
2411 5012 2687 5082 pertineat.
2717 5004 2773 5064 Id
2789 5004 2997 5082 _est,_ne
3020 5005 3235 5082 solliciti
3257 5004 3396 5082 sitis.

2004 5087 2018 5138 i
2065 5086 2202 5151 Quid
2235 5085 2375 5139 vobis
2405 5075 2749 5135 induendum.
2786 5080 2862 5133 Ita
2913 5079 2965 5131 in
2993 5079 3112 5131 col.
3141 5075 3322 5151 _Corb.
3353 5085 3408 5151 et
3432 5075 3502 5151 _in

1933 5145 2101 5228 epist:
2120 5157 2304 5211 Recte.
2334 5155 2405 5207 At
2435 5154 2488 5206 in
2527 5151 2734 5222 Regula
2761 5164 2980 5213 excusa,
3013 5146 3151 5219 quod
3185 5145 3321 5200 vobis
3351 5145 3509 5199 indu-

1935 5237 2339 5351 melimSuimautem
2377 5293 2498 5347 hinc
2529 5293 2664 5346 inter
2689 5307 2796 5347 vos.
2838 5297 2946 5343 etc.
2977 5286 3102 5344 Haec
3139 5288 3406 5342 habentur
3451 5287 3506 5340 in

1937 5368 2139 5438 Regula
2188 5365 2246 5420 S.
2293 5363 2538 5428 Caesarii,
2575 5377 2691 5431 cap.
2722 5360 2809 5423 26,
2843 5359 2936 5414 sed
2978 5359 3372 5429 quodammodo
3403 5359 3504 5410 im-

1938 5448 2194 5563 “viiii:
2217 5508 2474 5580 queritur.
2506 5505 2563 5558 In
2593 5503 2777 5580 epist.,
2808 5513 2855 5556 et
2883 5501 3236 5580 conqueritur.

2008 5593 2052 5664 In.
2080 5567 2364 5648 Indig'num
2384 5594 2439 5631 se
2459 5591 2587 5629 esse.
2620 5567 2678 5629 Id
2712 5583 2813 5632 est,
2847 5567 3006 5627 vilem
3034 5578 3088 5625 et
3117 5569 3384 5640 ahjectum
3412 5567 3512 5621 ha-

1939 5653 2171 5788 begQui
2197 5721 2272 5774 ita
2297 5719 2561 5774 vestiatur.
2590 5714 2666 5771 Ita
2695 5715 2750 5769 in
2778 5715 2897 5770 cod.
2925 5713 3087 5788 Corb.
3118 5720 3172 5788 et
3207 5709 3366 5769 Vind.
3397 5705 3512 5788 Ad:

1939 5783 2113 5850 dende
2138 5800 2320 5862 tamen
2355 5787 2618 5862 particula
2673 5803 2798 5853 non,
2838 5795 2897 5840 ut
2924 5785 2977 5840 in
3001 5783 3204 5857 Regula
3226 5795 3425 5843 excusa
3450 5784 3512 5833 et

1939 5867 1996 5922 in
2029 5860 2275 5934 epistola.
