4066 6342
597 398 733 459 ιρι-ι

879 539 910 610 ς
938 534 1055 592 XV.
1085 564 1157 576 —
1186 531 1320 588 Item
1347 528 1580 600 ejusdem
1610 533 1748 599 (cap.
1777 526 1886 598 M).

668 710 694 739 ι
722 693 1052 752 Vestimenta
1095 683 1578 759 supersuliicientia
1609 681 1907 764 monachus
1935 696 2042 735 non
2085 693 2171 734 re-

596 787 792 857 quirat,
817 784 941 854 quia
968 798 1072 837 non
1097 779 1324 850 amplius
1349 792 1510 846 quam
1531 776 1596 829 ad
1621 774 1990 849 quotidianum
2014 788 2170 828 usum

597 878 764 933 abbas
783 876 1142 932 necessarium
1168 871 1383 934 viderit,
1415 875 1798 936 consequatur,
1831 867 2044 920 dicente
2069 866 2174 920 Do-

597 968 743 1022 mino
791 965 856 1019 ad
900 961 1234 1033 discipulos:
1270 959 1452 1030 Neque
1508 958 1642 1011 duas
1692 957 1894 1010 tunicas
1937 956 2173 1010 habeatis

599 1055 749 1128 (Luc.
778 1055 897 1125 vn),
926 1068 1060 1124 quas
1081 1053 1215 1107 duas
1240 1051 1450 1106 tunicas
1471 1049 1766 1116 intelligere
1787 1049 2046 1104 debemus
2066 1064 2174 1104 non

596 1163 841 1213 numero,
880 1148 972 1202 sed
996 1158 1216 1218 propter
1257 1145 1462 1200 hiemes
1500 1143 1854 1207 necessarias,
1881 1143 1909 1183 δ
1931 1152 1990 1198 ει
2012 1158 2175 1214 supra

596 1257 775 1306 usum,
804 1242 849 1295 si
890 1249 1180 1296 reservata:
1218 1239 1439 1304 fuerint,
1486 1239 1808 1308 computari.
1836 1239 2012 1309 Super
2044 1254 2173 1310 ergo

596 1333 641 1388 si
669 1332 796 1403 quid
838 1331 1022 1397 fuerit,
1056 1331 1335 1402 putabitur
1368 1330 1602 1385 alienum
1637 1349 1649 1383 :
1681 1332 1807 1385 dum
1846 1331 1975 1401 quid
2003 1343 2025 1370 ο
2051 1347 2174 1402 pos-

595 1439 777 1480 sessor
810 1439 1006 1478 avarus
1034 1423 1287 1487 includit,
1317 1421 1489 1492 magis
1526 1420 1697 1475 utitur
1722 1436 1847 1476 arca
1890 1438 2050 1490 quam
2074 1422 2174 1478 do-

593 1517 792 1570 minus.
824 1514 977 1582 Quod
1008 1523 1069 1568 ut
1095 1515 1310 1576 vitetur,
1342 1513 1611 1568 maximus
1640 1512 1794 1568 nobis
1821 1513 2012 1568 beatus
2031 1514 2176 1585 Apo-

593 1607 763 1663 stolus
797 1609 950 1664 testis
999 1607 1235 1677 assurgit
1275 1605 1363 1676 qui
1417 1605 1547 1660 dicit
1580 1624 1592 1660 :
1624 1605 1651 1646 ιι
1687 1605 1950 1661 Habentes
1982 1608 2187 1662 rictum

592 1710 640 1755 et
669 1703 906 1755 vestitum
923 1702 1003 1755 his
1028 1699 1257 1755 contenti
1277 1715 1479 1754 sumus.
1512 1699 1653 1754 Nam
1673 1702 1763 1771 qui
1787 1698 1966 1754 volunt
1989 1700 2174 1756 divites

592 1791 731 1860 ﬁeri,
764 1793 1001 1846 incidunt
1046 1793 1102 1846 in
1142 1793 1478 1846 tentationem
1521 1802 1568 1846 et
1615 1791 1857 1863 laqueum
1884 1791 2100 1857 diaboli,
2123 1803 2173 1847 et

593 1881 855 1936 desideria
886 1883 1072 1946 multa,
1105 1894 1153 1937 et
1185 1883 1418 1948 inutilia,
1452 1893 1500 1938 et
1532 1875 1738 1950 nociva,
1781 1901 1898 1954 qute
1937 1896 2174 1956 mergunt
2202 1875 2250 1935 Β

593 1971 851 2026 hominem
878 1973 933 2027 in
960 1975 1226 2028 interitum
1259 1983 1308 2028 et
1345 1974 1708 2046 perditionem.
1743 1975 1920 2028 Radix
1941 1977 2174 2030 omnium

595 2067 864 2120 malorum
881 2077 956 2121 est
998 2068 1276 2138 cupiditas,
1307 2085 1466 2139 quam
1486 2079 1780 2141 appetentes
1816 2079 2117 2124 erraverunt
2143 2087 2176 2126 a

593 2158 698 2227 ﬁde
726 2167 774 2211 et
799 2159 1131 2213 inseruerunt
1173 2176 1228 2214 se
1260 2159 1529 2214 doloribus
1584 2159 1783 2214 multis.
1816 2159 1893 2214 Tu
1919 2171 2116 2227 autem,
2145 2177 2176 2214 ο

593 2250 749 2304 homo
779 2249 899 2315 Dei,
917 2249 1029 2304 lucc
1054 2249 1197 2320 fuge,
1221 2261 1421 2304 sectare
1443 2267 1559 2304 vero
1574 2251 1841 2320 justitiam
1860 2291 1874 2315 ,
1911 2252 2174 2321 pietatem,

593 2343 772 2412 ﬁdem,
798 2343 1128 2410 charitatem,
1167 2345 1500 2414 patientiam,
1526 2344 1997 2399 mansuetudinem.
2023 2344 2179 2400 Certa

595 2435 786 2489 bonum
809 2446 1071 2491 certamen
1096 2436 1240 2506 ﬁdei,
1273 2438 1600 2508 apprehende
1630 2439 1789 2492 vitam
1825 2448 2096 2502 (eternam,
2121 2438 2178 2492 in

593 2545 698 2600 qua
722 2539 933 2584 vocatus
977 2540 1025 2583 et
1075 2529 1342 2598 confessus
1383 2531 1570 2584 bonam
1595 2531 1970 2600 confessionem
2001 2547 2178 2586 coram

597 2618 776 2673 multis
802 2620 1036 2684 testibus,
1076 2619 1319 2690 pnecipio
1349 2620 1442 2673 tibi
1469 2637 1646 2673 coram
1677 2619 1810 2685 Deo,
1843 2632 1866 2660 θ
1893 2620 1984 2691 qui
2015 2621 2180 2691 viviﬁ-

596 2719 680 2764 cat
703 2711 899 2772 omnia.
913 2721 959 2764 et
984 2708 1192 2764 Christo
1205 2711 1330 2765 Jesu
1353 2713 1443 2783 qui
1462 2713 1813 2766 testimonium
1843 2713 2067 2766 reddidit
2083 2713 2178 2767 sub

597 2801 790 2857 Pontio
818 2802 1017 2869 Pilato,
1040 2803 1228 2858 bonam
1259 2804 1657 2874 confessionem,
1681 2812 1739 2858 ut
1763 2821 1932 2859 serves
1958 2805 2181 2860 manda-

598 2905 709 2950 tum
732 2897 845 2951 sine
875 2895 1084 2951 macula
1118 2896 1566 2968 irreprehensibile
1611 2915 1773 2969 usque
1819 2899 1873 2952 in
1902 2899 2178 2953 adventum

598 2985 809 3040 Domini
841 2990 1006 3042 nostri
1027 2989 1153 3042 Jesu
1181 2987 1374 3043 Christi
1398 2989 1449 3060 (1
1481 2987 1615 3043 Tim.
1644 2989 1741 3060 vr).
1776 2988 1998 3046 Studete
2026 3005 2178 3062 ergo,

597 3075 818 3142 fratres,
847 3087 906 3131 ut
933 3077 1074 3148 quod
1100 3079 1167 3133 ad
1190 3095 1356 3133 unum
1389 3079 1683 3144 hominem,
1710 3078 1764 3134 id
1790 3087 1873 3133 est
1899 3079 1969 3134 ad
1996 3079 2181 3134 Timo-

669 3245 695 3274 ι
739 3231 1071 3304 Vestimenta,
1089 3241 1194 3289 etc.
1220 3233 1373 3304 Hunc
1401 3233 1578 3288 locum
1606 3234 1683 3289 ita
1699 3243 2035 3289 contractum
2058 3250 2178 3304 pro-
2205 3238 2249 3300 C

599 3304 706 3359 fert
750 3303 1080 3376 Sinaragdus
1113 3323 1126 3359 :
1165 3321 1186 3357 ι
1218 3303 1552 3360 Vestimenta
1608 3304 1876 3376 superﬂua
1926 3303 2176 3362 monachi

599 3390 706 3445 non
733 3375 1031 3445 requirant.
1060 3395 1079 3429 ι

669 3442 984 3517 ιἘιέιιρνα
1013 3463 1187 3512 usum,
1211 3448 1259 3502 si
1289 3455 1563 3503 reservata:
1603 3447 1818 3516 fuerint,
1861 3448 2174 3517 computari.

596 3513 677 3571 Ita
704 3516 848 3590 latine
871 3516 1044 3586 locum
1074 3519 1354 3590 emendavi
1389 3533 1455 3590 es
1478 3513 1793 3590 Sma’ragdo.

671 3583 1000 3660 FPossessor
1043 3606 1253 3642 avarus.
1293 3588 1447 3659 Apud
1491 3583 1872 3660 Smara'gdum,
1912 3605 2179 3660 possessor

603 3655 825 3720 alienus,
859 3674 961 3711 non
992 3659 1064 3713 ita
1089 3669 1255 3715 recte.

667 3725 694 3765 ιι
727 3725 988 3782 Habentes
1023 3731 1215 3784 victum
1255 3738 1302 3784 et
1348 3733 1607 3785 vestitum.
1656 3729 1714 3785 In
1763 3739 1912 3786 textu
1963 3731 2172 3799 Graeco,

600 3800 966 3873 σκκτςᾷισεξατᾳ,
991 3799 1041 3853 id
1053 3803 1545 3873 est_._operimenita;
1579 3811 1632 3856 et
1647 3802 1716 3855 ita
1745 3801 2025 3873 legendum
2050 3818 2177 3857 con-

600 3869 771 3942 tendit
800 3869 1090 3924 Cassianus
1131 3869 1224 3926 lib.
1245 3889 1270 3942 Vl
1307 3872 1374 3926 de
1423 3872 1616 3927 Habitu
1658 3869 1926 3936 monachi,
1957 3887 2076 3942 cap.
2102 3874 2174 3927 ὃς

605 3955 624 3988 ‹
660 3935 920 4012 Habentes
963 3951 1152 4012 autem
1200 3941 1446 3995 alimenta
1494 3953 1540 3996 et
1593 3935 1933 4012 aperimenta.
1992 3935 2176 4012 Operi-

597 4016 790 4080 menta,
827 4006 1018 4080 inquit,
1052 4026 1158 4062 non
1197 4013 1516 4076 vestimenta,
1547 4006 1696 4066 ut'in
1724 4006 2048 4080 quibusdam
2078 4013 2176 4066 La-

599 4076 728 4128 tinis
778 4076 1173 4151 exemplaribus
1225 4097 1331 4136 non
1369 4082 1584 4151 pr0pric
1633 4076 1940 4136 continetur
1989 4101 2000 4135 :
2054 4098 2177 4150 qua:

598 4161 796 4269 Sorpps
812 4149 1058 4216 operiant
1075 4159 1297 4215 tantum,
1324 4149 1430 4205 non
1445 4149 1566 4221 qua:
1591 4153 1820 4206 amictus
1843 4152 2009 4222 gloria
2032 4149 2178 4208 blan-

641 4232 726 4269 ian
747 4232 837 4268 .ur.
877 4238 895 4268 ι

641 4225 837 4269 tantur.
877 4238 895 4268 ι

674 4285 828 4352 σεραὶ
875 4289 1095 4358 viviﬁcat
1147 4293 1340 4346 omnia.
1391 4293 1467 4347 Ita
1519 4293 1574 4346 in
1631 4301 1781 4348 textu
1824 4291 2030 4358 Graeco,
2087 4302 2179 4351 τοῦ

598 4361 971 4438 {mango-Syro:
1005 4365 1077 4438 ςτά
1115 4366 1303 4419 πάντα.
1358 4361 1418 4419 in
1469 4364 1714 4420 versione
1768 4365 2060 4432 communi,
2089 4367 2180 4438 qui

591 4427 850 4498 justi/iuit
875 4433 1069 4485 omnia.

676 4498 698 4577 ς
732 4498 1105 4577 ςηρηιρενᾳιῑῃε.
1133 4505 1189 4560 ld
1217 4513 1318 4570 est,
1351 4505 1669 4577 elegantius,
1700 4507 1917 4564 cultius.

1629 383 1688 440 8.
1730 379 2094 439 BENEDICTI
2131 374 2422 434 ABBATIS
2459 371 2870 430 ANIANENSIS
2957 382 2960 383 '

2201 497 2492 566 Atheum,
2541 495 2830 559 scribitur,
2886 493 2954 550 ad
3003 509 3165 550 unam
3225 493 3710 570 congregationem
3764 506 3896 552 ae-

2175 613 2190 623 '
2269 596 2441 644 vetur.

3731 369 3892 427 1388

2537 699 2566 772 §
2599 699 2740 754 XVI.
2769 729 2841 739 -—-
2864 697 2996 754 Item
3034 699 3272 770 ejusdem
3315 700 3454 769 (cap.
3479 700 3573 768 32)

2342 813 2804 868 Vestimentorum
2846 811 3200 883 lragrantiam
3245 814 3332 869 vel
3369 815 3604 870 nimium
3647 826 3894 888 propter

2276 904 2567 959 elationem
2609 905 2858 967 nitorem,
2886 905 3182 960 monachus
3223 921 3329 960 non
3375 907 3601 962 studeat
3646 907 3890 976 habere,

2273 996 2366 1051 sed
2384 1011 2614 1066 sequens
2641 995 2832 1051 melius
2859 996 3174 1067 Apostolum
3202 998 3471 1052 dicentem
3500 998 3727 1053 :Bonus
3753 1003 3892 1053 odor

2271 1105 2454 1143 sumus
2503 1086 2698 1142 Christi
2746 1087 2875 1142 Jesu
2923 1088 3010 1160 (II
3053 1085 3176 1142 Cor.
3218 1088 3302 1159 ιι).
3334 1089 3585 1144 Colorem
3619 1091 3801 1145 etiam
3835 1093 3890 1146 in

2273 1183 2359 1238 bis
2381 1183 2581 1249 album,
2615 1183 2696 1238 vel
2721 1183 2882 1237 nimis
2910 1182 3085 1236 rufum
3113 1224 3128 1249 ,
3167 1199 3265 1253 per
3296 1199 3454 1254 quem
3484 1199 3637 1254 saepe
3669 1186 3891 1253 species

2272 1277 2514 1347 corporis
2546 1277 2611 1331 ad
2643 1277 2939 1347 perniciem
2982 1291 3134 1330 suam
3179 1277 3489 1332 videntibus
3516 1278 3888 1332 commenda-

2273 1377 2380 1433 tur,
2433 1369 2563 1423 vitet
2605 1384 2669 1422 ac
2709 1369 2907 1423 habere
2948 1383 3054 1422 non
3110 1367 3313 1421 ambiat
3348 1386 3360 1420 :
3398 1382 3464 1420 nc
3496 1375 3556 1422 et
3592 1367 3890 1437 jactanth

2273 1477 2384 1516 suae
2409 1477 2593 1516 secum
2642 1462 3010 1516 testimonium
3067 1461 3220 1523 ferat,
3254 1469 3308 1516 et
3338 1461 3501 1532 (quod
3547 1460 3726 1529 absit)
3757 1461 3888 1515 dum

2273 1549 2470 1625 corpus
2500 1556 2842 1610 vestimentis
2865 1556 2973 1609 cito
2997 1554 3380 1610 consumendis
3415 1555 3704 1609 adornare
3751 1564 3889 1609 tem-

2272 1649 2529 1718 poraliter
2547 1647 2810 1711 elaborat,
2841 1648 2907 1702 de
2945 1647 3140 1701 animas
3177 1663 3311 1710 sure,
3353 1662 3472 1717 quae
3514 1657 3738 1701 aeterna
3769 1663 3888 1702 esse

2274 1744 2542 1808 pOterant,
2574 1739 2907 1795 ornamentis
2946 1755 3050 1795 non
3081 1749 3254 1795 curet.
3281 1740 3494 1795 Etenim
3522 1741 3633 1795 ista
3676 1741 3888 1797 facien-

2276 1839 2359 1886 tes
2393 1831 2574 1886 taliter
2602 1830 2883 1902 Scriptura
2902 1831 3132 1903 castigat
3164 1851 3178 1887 :
3212 1830 3282 1886 In
3306 1833 3503 1887 amictu
3530 1835 3887 1888 vestimento-

2277 1940 2394 1976 rum
2436 1941 2498 1977 ne
2535 1923 2796 1994 glorieris,
2825 1932 2873 1978 et
2913 1925 2967 1978 in
2997 1924 3082 1978 die
3112 1923 3295 1994 gloria:
3329 1924 3439 1978 nali
3488 1924 3689 1979 extolli
3714 1925 3884 1993 (Eccl.

2276 2014 2376 2087 χι).
2444 2015 2520 2070 De
2557 2015 2939 2070 calceamentis
2984 2031 3115 2070 vero
3159 2016 3492 2085 reliquorum
3544 2032 3654 2072 vos
3703 2027 3887 2071 tenere

2279 2109 2567 2164 statuimus
2605 2110 3046 2165 consuetudinem
3095 2111 3508 2165 monachorum.
3548 2109 3670 2165 Sed
3703 2119 3758 2164 et
3786 2110 3888 2166 hoc

2280 2201 2578 2257 curandum
2607 2209 2710 2267 est,
2739 2217 2806 2258 ne
2832 2217 2929 2272 pes
2963 2202 3040 2256 ita
3075 2203 3145 2256 sit
3195 2202 3507 2272 ligamentis
3546 2201 3567 2240 τ
3599 2211 3884 2273 tempera-

2278 2293 2387 2347 tius
2425 2292 2750 2358 vinculatus,
2787 2295 2812 2334 ε
2850 2301 2910 2348 ut
2934 2308 3041 2347 non
3084 2291 3362 2361 jactantite
3403 2293 3625 2364 signum
3684 2295 3883 2351 multos

2280 2387 2540 2440 astrictus
2569 2387 2788 2450 habeat,
2817 2384 2911 2440 sed
2938 2386 3180 2439 sanctius
3226 2383 3442 2439 vinculo
3492 2384 3709 2439 laxiori
3738 2385 3883 2441 folle-

2280 2485 2419 2541 scat,
2463 2485 2523 2531 ut
2566 2477 2621 2531 in
2672 2477 2924 2532 omnibus
2969 2475 3290 2545 simplicitas
3337 2475 3700 2532 commendet
3751 2476 3878 2542 Deo,

2280 2584 2440 2639 quem
2465 2569 2582 2638 ejus
2604 2584 2790 2624 amore
2821 2583 3153 2640 possessum,
3177 2568 3462 2639 probatum
3496 2569 3699 2626 saeculi
3739 2571 3880 2626 vide-

2279 2662 2353 2717 rit
2377 2669 2823 2732 contemptorem.

2281 2795 2308 2868 §
2341 2794 2500 2852 XVII.
2538 2825 2609 2835 —
2647 2794 2726 2849 Ex
2760 2793 2980 2850 Rasum
3018 2809 3203 2850 sucu
3241 2794 3552 2852 Fauc'ruosr
3591 2794 3753 2868 (cap.
3787 2798 3877 2866 Δ).

2350 2909 2379 2948 h
2419 2907 2752 2963 Vestimenta
2781 2923 2889 2962 non
2917 2907 3084 2962 multa
3125 2922 3225 2964 nec
3259 2907 3530 2980 superﬂua
3569 2911 3705 2966 sint.
3741 2910 3878 2966 Dua-

2279 3002 2381 3057 bus
2416 3010 2626 3056 tantum
2661 3001 2907 3064 cucullis,
2942 3002 2957 3040 ί
2995 3000 3200 3067 villata,
3228 3009 3282 3056 et
3313 3000 3326 3050 ἱ
3371 3001 3637 3073 simplici,
3677 3013 3737 3058 et
3774 3019 3878 3060 uno

2280 3094 2516 3166 palliolo,
2553 3094 2580 3134 ι
2615 3093 2891 3162 ternisque
2929 3093 3160 3160 tunicis,
3198 3102 3254 3148 et
3295 3091 3314 3131 ι
3350 3095 3625 3148 staminiis
3663 3094 3876 3150 duabus

2352 3233 2381 3270 ιι
2433 3229 2766 3291 Vestimenta.
2807 3238 2913 3285 etc.
2957 3229 3083 3285 Hmc
3116 3229 3387 3285 habentur
3418 3231 3470 3284 in
3515 3230 3725 3291 Regula
3774 3247 3874 3287 ms.

2283 3301 2342 3356 S.
2383 3303 2671 3357 Fructuosi
2709 3302 3056 3356 Bracarensis
3094 3302 3485 3372 archiepiscopi
3519 3301 3636 3356 cod.
3686 3301 3874 3358 Crass.

2281 3373 2471 3429 eodem
2505 3374 2701 3442 capite.

2358 3446 2374 3485 ί
2427 3443 2639 3497 Villata.
2673 3442 2729 3497 In
2756 3444 2950 3504 hieme,
2983 3443 3037 3497 id
3065 3452 3164 3506 est,
3195 3443 3402 3498 villosa.

2355 3513 2368 3565 i
2418 3513 2672 3582 Simplici.
2703 3512 2758 3567 ιιι
2785 3523 3006 3585 testate,
3030 3515 3078 3568 id
3104 3523 3208 3577 est,
3235 3530 3376 3585 pura
3399 3523 3452 3568 et
3485 3515 3654 3570 tenui.

2353 3587 2380 3626 ιε
2418 3584 2699 3656 Ternisque
2732 3585 2940 3638 tunicis.
2984 3583 3321 3654 Sumpsit'ex
3350 3584 3552 3656 Regula
3583 3585 3641 3640 S.
3676 3585 3871 3643 lsidori

2279 3672 2709 3781 “Vinnium.
2748 3725 2827 3800 Ex
2859 3726 2944 3781 his
2971 3734 3119 3798 patet
3159 3743 3324 3800 quam
3364 3728 3737 3800 sitiantiquus
3768 3745 3871 3788 sta-

2280 3800 2581 3854 minearum
2623 3813 2754 3852 usus
2793 3799 2846 3851 in
2887 3796 3250 3853 monasteriis.
3293 3796 3585 3853 Stamineae
3609 3796 3758 3856 'sunt
3787 3821 3871 3858 ea-

2281 3871 2452 3925 misim
2474 3883 2568 3924 seu
2594 3867 2839 3923 interula:
2866 3867 3055 3934 laneze,
3081 3869 3274 3938 quibus
3302 3870 3596 3924 utebantur
3617 3875 3870 3929 monachi

2319 3957 2378 3996 ro
2396 3940 2552 4014 lineis
2575 3940 2687 4014 sibi
2705 3939 3028 4014 interdictis,
3053 3939 3624 4014 deAquibusMagister
3658 3959 3783 4014 cap.
3808 3947 3871 4001 80

2331 4011 2498 4080 egula:
2533 4024 2547 4062 :
2586 4028 2604 4060 ι
2643 4009 2852 4064 llabere
2881 4009 3077 4084 debent
3110 4009 3307 4084 fratres
3344 4011 3398 4064 in
3428 4009 3612 4084 hieme
3645 4009 3868 4084 ρειῐ-ειιιι.

2281 4097 2396 4136 ram
2431 4095 2674 4152 gressum
2695 4121 2711 4152 ,
2749 4080 3064 4152 staminiam
3089 4089 3151 4152 et_
3172 4083 3411 4134 tunicam
3442 4082 3606 4152 aliam
3645 4080 3870 4141 noctur-

2280 4149 2485 4207 nam.)
2521 4151 2578 4204 S.
2607 4150 2752 4205 Ardo
2787 4151 2840 4204 in
2871 4151 2992 4204 Vita
3033 4149 3089 4204 S.
3122 4150 3396 4206 Benedicti
3425 4151 3644 4208 abbatis
3674 4155 3866 4212 luden-

2281 4223 2356 4278 sis
2396 4241 2408 4277 :
2458 4240 2476 4272 ι
2526 4219 2805 4296 Concessit
2850 4221 3014 4296 etiam
3061 4223 3395 4296 necessitatis
3433 4237 3623 4296 causa,
3672 4238 3870 4296 praeter

2279 4310 2444 4364 quam
2473 4290 2829 4364 regujajuliet
2849 4333 2862 4355 ,
2894 4291 3030 4364 duas
3060 4292 3265 4364 scilicet
3292 4293 3591 4364 stamincas
3614 4290 3867 4352 et'fcino—

2280 4361 2434 4418 ralia.
2497 4361 2892 4416 {Guillelmus
2943 4361 3386 4417 Gemmeticensis
3429 4363 3523 4418 lib.
3586 4381 3647 4419 Ill
3706 4367 3863 4431 Hist.,

2280 4450 2401 4504 cap.
2435 4434 2469 4489 8
2500 4452 2512 4486 ε
2561 4452 2581 4484 ι
2618 4432 3002 4488 Verumtamen
3042 4433 3304 4487 cucullam
3341 4444 3397 4488 ct
3437 4436 3759 4493 staminiam
3802 4441 3864 4494 ab

2279 4522 2345 4561 eo
2363 4514 2692 4575 extorqueas
2713 4505 3242 4575 secum_asportavit;
3268 4523 3285 4556 ι
3311 4514 3366 4559 ει
3387 4520 3504 4575 cap.
3528 4504 3597 4575 l2
3619 4507 3864 4575 ejusdem

675 4571 711 4658 ιε.
729 4568 934 4658 .non
958 4572 1010 4625 in
1029 4568 1314 4658 jactantiwi
1341 4568 1545 4658 sigrium
1574 4568 1764 4658 multos
1792 4579 2052 4658 patricius
2073 4581 2175 4658 ha-
2199 4597 2253 4658 Ι)
2279 4576 2422 4658 libri.
2455 4568 2768 4657 Sig'ebertus
2877 4568 3081 4658 Chron.
3114 4589 3281 4658 agens
3305 4575 3369 4656 de
3395 4568 3629 4658 .eéordip
3648 4568 3863 4658 'ordinis

600 4639 732 4692 beat.
765 4637 1005 4720 Diximus
1029 4636 1199 4720 supra
1245 4647 1310 4720 in,
1339 4636 1526 4718 caligis
1559 4648 1756 4720 multas
1789 4647 2175 4720 fuissgligulas

600 4726 692 4764 seu
714 4717 1004 4783 corrigias,
1053 4717 1194 4783 quod
1243 4719 1404 4771 etiam
1448 4734 1513 4770 ex
1558 4719 1658 4772 hoc
1692 4719 1806 4773 loco
1837 4719 1894 4773 S.
1935 4717 2174 4776 Ferreoli

600 4777 953 4860 confirma-tur
985 4800 998 4836 :
1031 4777 1120 4860 qui
1151 4793 1328 4840 tamen
1372 4790 1509 4860 hanc
1541 4789 1895 4860 corrigiarum
1921 4789 2177 4860 multipli-

599 4852 815 4929 citatein
853 4852 1119 4929 improbat
1161 4865 1415 4926 tanquam
1454 4852 1729 4929 jactantia:
1769 4859 2001 4929 signum,
2031 4852 2176 4929 quod

597 4922 874 4996 proprium
905 4933 1024 4978 erat
1049 4922 1326 4991 laicorum,
1353 4922 1682 4996 qui'cultum
1707 4928 1760 4982 in
1790 4922 2176 4986 calceamentis

597 4992 933 5060 quaerebant.
963 5010 1070 5049 non
1101 5013 1231 5050 vero
1280 4992 1692 5069 monachorum,
1740 5002 1830 5068 qui
1863 4998 2178 5069 simplicita-

601 5071 707 5136 tem
755 5075 1059 5136 manentes
1103 5081 1302 5136 paucas
1350 5066 1541 5136 ligulas
1598 5066 2078 5133 adhibebantfita
2119 5080 2178 5127 ut

599 5130 970 5206 laxiorcaliga
1003 5130 1284 5191 follicaret.
1320 5130 1490 5204 Qu'etn
1514 5137 1808 5206 simplicem
1839 5130 2041 5195 cultum
2063 5142 2177 5198 suis

601 5206 882 5291 momzchis
911 5207 1153 5291 prmcipit
1177 5207 1235 5291 δε
1273 5206 1585 5291 Ferreolus.
1615 5209 1708 5291 Αι⁸
1730 5221 1918 5291 contra
1956 5212 2176 5291 damnat

603 5271 660 5348 S‘.
686 5271 1040 5348 Hieronymus
1075 5271 1125 5332 in
1153 5279 1310 5348 epist.
1353 5281 1418 5333 ad
1460 5280 1803 5334 Eustochium
1834 5281 1899 5336 de
1930 5284 2174 5338 custodia

601 5344 964 5419 virginiatis:
998 5367 1015 5398 ι
1045 5344 1199 5418 Apud
1223 5363 1359 5419 quos
1381 5348 1628 5404 atl'ectata
1661 5360 1786 5405 sunt
1810 5352 2013 5414 omnia,
2042 5352 2177 5408 laxae

601 5415 779 5490 manic
798 5435 846 5481 υ,
871 5418 1055 5490 caliga!
1077 5415 1407 5485 follicantes,
1432 5421 1601 5475 vestis
1630 5421 1886 5477 crassior.
1925 5443 1942 5473 ι
1974 5421 2079 5477 Sed
2101 5424 2175 5479 ibi

600 5489 777 5560 argum
803 5493 1062 5556 quosdam
1079 5492 1626 5560 pseudo-monachos,
1652 5493 1742 5559 qui
1770 5491 2175 5560 t'ollicationem,

600 5557 830 5632 luteast,
883 5557 1180 5632 laxitatem,
1208 5559 1520 5632 caligarum,
1573 5557 1855 5632 pluSquam
1903 5579 1999 5631 par
2035 5557 2172 5629 crat,

601 5628 946 5700 allectabm't,
992 5639 1049 5684 ut
1097 5631 1221 5685 inde
1268 5628 1502 5700 aliquam
1558 5628 1926 5687 sanctiinonim
1975 5628 2175 5689 famam

603 5698 701 5750 sibi
732 5700 1104 5761 conciliarent,
1136 5711 1191 5754 et
1212 5698 1556 5757 mulierculas
1577 5701 1824 5757 atl‘ectata
1846 5703 2022 5759 cultus
2053 5706 2178 5759 si-zn-

602 5766 840 5834 plicitate
865 5771 1193 5843 deciperent.
1223 5771 1288 5843 Et
1321 5771 1393 5824 ita
1420 5781 1644 5843 uterque
1678 5782 1894 5829 sanctus
1917 5776 2176 5832 concilia-

603 5845 712 5913 tur,
729 5850 848 5890 cum
872 5838 1005 5893 alter
1034 5839 1412 5913 milicationem
1431 5838 1782 5900 calcéamenti
1809 5846 2173 5913 commendat,

603 5903 744 5959 alter
769 5919 900 5960 vero
935 5909 1203 5976 reprobat.

2278 4645 2655 4702 Cistereiensis
2687 4663 2700 4698 :
2739 4663 2758 4695 ‹
2797 4645 3119 4714 Rejicienles
3147 4645 3406 4714 quidquid
3433 4645 3653 4714 Regulae
3690 4648 3860 4702 θεῖε-ιο

2275 4726 2455 4785 gatur,
2487 4716 2686 4770 foricas
2711 4715 2961 4769 videlicet
2986 4715 3258 4783 pelliceas.
3286 4716 3550 4769 estamina
3586 4716 3782 4842 ἕλῃς,
3813 4729 3862 4772 et

2275 4786 2613 4842 stamineasi.
2642 4787 2854 4842 canutia
2885 4800 3098 4842 quoque
3125 4795 3179 4839 et
3202 4785 3498 4840 femoralia.
3535 4807 3554 4839 ι
3619 4789 3661 4840 't
3685 4792 3755 4842 de
3784 4791 3858 4842 his

2275 4786 2613 4855 stamineas),
2642 4787 2854 4855 eaputia
2885 4800 3098 4854 quoque
3125 4795 3179 4839 et
3202 4785 3498 4855 femoralia.
3535 4807 3554 4839 ι
3591 4785 3661 4842 Et
3685 4785 3755 4842 de
3784 4791 3832 4842 hi

2275 4853 2654 4926 intelligendus
2682 4853 2768 4911 est
2792 4853 3061 4910 Arualdus
3098 4855 3190 4911 lib.
3225 4871 3261 4909 ιι
3293 4857 3358 4909 de
3386 4853 3443 4909 S.
3480 4856 3812 4912 Emmerano
3841 4877 3853 4912 :

2281 4945 2301 4980 ι
2338 4926 2518 4982 Lineis
2545 4927 2783 4998 camisiis
2812 4927 3102 4998 utebantur
3128 4927 3388 4991 seniores,
3417 4927 3507 4996 qui
3536 4927 3742 4982 habere
3773 4945 3856 4998 p0-

2276 5006 2474 5060 terant,
2506 4998 2686 5052 cmteri
2719 4997 2887 5051 laneis
2918 4997 3279 5052 induebantur
3300 4997 3371 5051 ob
3399 4998 3683 5065 penuriam
3717 4997 3855 5053 sciti-

2275 5079 2361 5124 cet
2389 5068 2726 5123 cilicinarum
2766 5073 3016 5122 vestium.
3053 5088 3071 5119 ι
3117 5066 3183 5120 Ει
3210 5067 3332 5122 add.
3368 5066 3394 5119 1
3429 5067 3664 5137 Capitul.
3697 5068 3852 5133 Lud.,

2275 5140 2360 5194 tit.
2390 5138 2462 5192 22
2490 5157 2502 5192 :
2542 5157 2559 5187 ‹
2593 5137 2842 5206 Alioquin
2884 5138 2999 5192 hmo
3033 5138 3254 5192 omnino
3288 5137 3570 5206 provideat
3599 5148 3659 5192 et
3688 5142 3855 5192 cami-

2275 5211 2384 5265 sias
2414 5209 2577 5271 duas,
2611 5218 2666 5262 et
2699 5209 2908 5263 tunicas
2937 5209 3098 5272 duas;
3139 5228 3157 5260 ι
3204 5224 3330 5261 nam
3367 5206 3518 5278 locus
3555 5207 3855 5278 intelligen-

2275 5281 2374 5335 dus
2400 5280 2465 5334 dc
2487 5278 2656 5333 laneis
2683 5278 2940 5338 camisiis.
2972 5293 3067 5332 seu
3091 5277 3374 5332 staminiis.
3412 5277 3647 5331 Camisia
3677 5277 3852 5334 autem

2274 5359 2356 5405 est
2386 5349 2632 5409 interula.
2671 5349 2725 5402 in
2755 5365 2858 5415 qua
2890 5349 3125 5402 dormire
3148 5347 3355 5410 solent.
3387 5362 3415 5401 a
3447 5350 3644 5412 camis,
3674 5350 3726 5402 id
3752 5359 3850 5415 est,

2275 5420 2430 5476 lectis
2459 5419 2742 5490 appellata.
2775 5418 2832 5474 S.
2859 5419 3096 5490 lsidorus
3120 5418 3243 5490 libr.
3277 5432 3388 5490 xit,
3416 5433 3535 5488 cap.
3562 5418 3636 5472 22
3663 5438 3674 5471 :
3713 5438 3731 5469 ε
3761 5419 3852 5490 (ἰδέ

2275 5490 2461 5546 misi-as
2489 5488 2768 5551 vocamus,
2799 5489 2940 5559 quod
2971 5490 3024 5543 in
3057 5490 3140 5544 his
3165 5488 3549 5559 dormiinuskin
3573 5490 3769 5553 carnis,
3799 5489 3847 5544 id

2275 5570 2386 5625 est,
2418 5561 2621 5615 stratis.
2659 5581 2676 5612 ι
2714 5557 2850 5614 Hinc
2878 5558 3435 5631 castigandmClossm
3468 5557 3843 5631 Basilicarum,

2275 5631 2574 5702 Καμὶσιογὸ
2608 5633 2689 5702 ἐπὶ
2717 5638 2957 5701 καμάτων
2993 5627 3177 5702 indis,
3215 5629 3370 5702 lege,
3392 5629 3419 5683 ὁ
3450 5632 3533 5684 ἐπὶ
3563 5637 3759 5697 atquin,
3797 5627 3846 5683 id

2275 5699 2390 5764 est,
2432 5721 2449 5752 ι
2487 5700 2722 5756 Camisia
2767 5699 2943 5756 tunica
2987 5699 3071 5756 est.
3113 5717 3216 5769 qua
3259 5702 3310 5753 in
3359 5699 3514 5769 lectis
3559 5702 3780 5754 utimur.
3820 5717 3838 5750 ι

2277 5773 2428 5842 Quod
2471 5787 2620 5827 cama
2664 5772 2834 5827 lectus
2874 5772 2974 5837 sit,
3019 5768 3216 5842 prmter
3256 5769 3315 5842 S_.
3358 5768 3619 5842 Isidorum
3659 5771 3844 5842 docent

2277 5839 2466 5915 glossze
2491 5841 2955 5915 Arabico-Latium
2979 5859 2992 5895 :
3019 5839 3216 5915 Πρωὶ»,
3241 5840 3302 5915 Δἰιί
3331 5850 3440 5915 σοι,Δ
3458 5841 3629 5915 lectis.
3657 5839 3843 5913 Papia!

2277 5908 2356 5969 iit
2377 5927 2495 5970 esse
2518 5912 2718 5970 lectum
2747 5914 2965 5972 brevem
2991 5929 3006 5968 :
3039 5908 3204 5968 Carna
3232 5910 3393 5966 lectus
3420 5910 3608 5967 breuis.
