4066 6342
205 398 232 450 4
245 394 357 450 249

1138 382 1532 446 CONCORDIA
1567 376 2024 438 RECULABUM.
2058 405 2134 419 —
2168 377 2321 434 CAP.
2361 376 2526 432 LXII.

3328 377 3469 438 1250

203 526 298 580 cn]
308 521 478 579 usque
504 503 848 562 necessitatis
874 503 1213 574 querimonia
1249 501 1562 558 sullicienda
1595 508 1698 554 est.
1730 497 1790 552 In
1816 502 1870 563 Α
1893 489 2076 545 abbati
2089 488 2397 556 refundant,
2418 500 2460 528 ω
2480 485 2860 558 incipientibus
2885 493 2981 542 aut
3002 487 3330 560 pauperibus
3347 505 3472 549 ero-

205 604 353 676 ipsis
381 615 593 672 quoque
627 597 899 655 calciariis
927 597 1031 652 hoc
1059 596 1350 651 videndum
1380 602 1497 660 est,
1528 600 1588 647 ut
1617 591 1796 646 hieme

203 694 436 768 pedules
477 691 736 755 calcient,
781 689 875 759 qui
913 687 1182 744 voluerint
1225 704 1256 742 a
1302 687 1390 742 die
1433 684 1796 741 Kalendarum

206 785 598 843 Novembrium
645 784 712 838 ad
760 782 1028 838 Kalendas
1074 780 1260 835 Maias.
1309 778 1552 848 Reliquis
1597 775 1798 832 aestivis

207 876 496 932 mensibus
521 875 814 945 caligarum
854 883 1060 927 tantum
1099 869 1306 926 solatiis
1336 868 1610 924 muniendi
1649 873 1795 924 sunt.

207 969 579 1026 Femoralium
610 983 740 1022 usus
768 967 1019 1036 cuiquam
1051 965 1444 1037 permittendus
1471 972 1588 1030 est,
1623 978 1647 1005 α
1684 979 1798 1019 ma-

211 1064 362 1119 xime
400 1063 485 1118 his
522 1061 614 1133 qui
658 1059 958 1116 ministerio
997 1057 1344 1127 implicantur
1381 1055 1588 1112 altaris.
1631 1055 1659 1094 b
1690 1052 1799 1108 Sed

211 1157 320 1212 hoc
346 1155 436 1225 qui
473 1155 693 1209 studere
721 1152 986 1215 noluerit,
1023 1149 1500 1220 reprehendendus
1532 1162 1637 1202 non
1669 1146 1796 1212 erit,

213 1260 238 1288 ο
267 1263 392 1303 cum
419 1263 560 1303 nunc
593 1262 763 1316 usque
795 1251 1006 1301 constet
1033 1243 1288 1314 pleraque
1317 1243 1462 1295 hunc
1492 1255 1646 1294 usum
1679 1253 1798 1292 mo-

212 1340 455 1396 nasteria
497 1341 661 1394 etiam
697 1337 724 1377 ἀ
756 1338 810 1390 in
853 1336 938 1390 his
983 1334 1292 1403 regionibus
1328 1348 1434 1386 non
1475 1332 1696 1386 habere.
1740 1328 1799 1382 In

211 1429 530 1487 stramentis
557 1435 870 1496 competens
907 1423 1211 1480 adhibenda
1240 1430 1325 1478 est
1355 1420 1664 1491 disciplina,
1700 1434 1800 1473 nec

213 1520 447 1590 amplius
471 1519 762 1589 quidquam
789 1518 855 1571 ab
877 1515 1059 1586 aliquo
1087 1515 1472 1584 requirendum
1502 1520 1603 1577 est,
1636 1526 1799 1580 quam

215 1627 385 1666 unum
414 1609 710 1681 stragulum
749 1621 772 1648 ο
810 1607 1226 1676 calbanemque,
1269 1604 1507 1658 villatam
1543 1602 1564 1640 ί
1598 1611 1799 1656 mattu-

216 1701 347 1768 lam,
400 1709 454 1757 et
499 1702 632 1757 duas
676 1700 886 1754 lanatas
928 1698 1092 1769 pelles
1131 1698 1381 1752 arietum.
1432 1694 1702 1764 Quidquid
1743 1693 1801 1748 in

215 1806 367 1853 veste
412 1797 496 1851 vel
541 1796 685 1852 cultu
724 1803 807 1850 est
851 1794 1262 1857 monachorum,
1306 1805 1414 1844 non
1451 1787 1801 1858 peculiariter

217 1887 360 1956 apud
387 1899 822 1955 unumquemque
847 1883 1152 1937 habendum
1177 1889 1281 1946 est,
1333 1879 1426 1934 sed
1457 1880 1482 1918 Β
1513 1877 1612 1933 sub
1638 1893 1800 1932 manu
1829 1861 1876 1921 Β

216 1977 380 2032 unius
407 1975 590 2030 fratris
611 1974 871 2045 spiritalis
893 1973 945 2026 in
968 1988 1072 2026 una
1098 1971 1232 2028 cella
1257 1969 1656 2026 recondendum
1682 1978 1798 2024 est:

218 2065 442 2136 quique,
487 2082 610 2120 cum
654 2064 946 2119 necessitas
988 2063 1313 2134 poposcerit,
1359 2061 1564 2130 petenti
1610 2061 1804 2129 cuique

218 2172 459 2227 congrua
490 2163 708 2210 statura:
734 2154 1027 2208 mutatoria
1057 2153 1275 2208 tribuet.
1309 2151 1465 2208 Unde
1497 2160 1552 2206 et
1589 2151 1805 2206 studere

219 2247 362 2301 idem
391 2255 574 2302 custos
598 2246 789 2310 debet,
829 2253 886 2299 ut
914 2260 1178 2304 summam
1208 2243 1263 2297 in
1295 2242 1382 2298 his
1409 2242 1648 2298 vestibus
1675 2238 1806 2294 deli-

217 2338 407 2409 gendis
439 2337 636 2391 habeat
671 2337 944 2391 solertiam
964 2377 978 2397 ,
1010 2343 1066 2390 et
1098 2335 1312 2404 cuique,
1346 2341 1406 2387 ut
1443 2334 1646 2388 dictum
1685 2339 1802 2398 est,

219 2438 345 2498 apta
370 2428 675 2482 distribuat.
716 2427 826 2482 Nec
853 2428 1140 2497 quisquam
1171 2427 1274 2480 hoc
1300 2439 1640 2480 murmurare
1665 2439 1804 2493 prae;

221 2527 429 2582 sumat,
466 2534 587 2573 cum
622 2519 723 2571 sibi
753 2519 1042 2572 distributa
1084 2515 1313 2571 aliorum
1345 2515 1612 2586 conspicit
1649 2514 1806 2568 indu-

223 2620 401 2666 menta
436 2610 641 2665 vestiri.
675 2609 890 2665 Subulze
921 2625 1074 2676 sane,
1103 2625 1234 2665 acus
1255 2619 1312 2665 et
1350 2608 1439 2662 ﬁla
1465 2609 1679 2664 diversa
1707 2622 1807 2677 pro

223 2707 577 2772 consuendis,
608 2707 635 2746 ιι
671 2706 1053 2772 emendandis,
1091 2705 1393 2761 sarciendis
1427 2704 1671 2759 vestibus
1706 2701 1807 2772 ipsi

224 2800 508 2856 tribuenda
559 2807 685 2854 sunt
731 2798 798 2853 ab
843 2797 1071 2864 abbate;
1113 2805 1168 2853 et
1209 2813 1332 2852 cum
1375 2796 1674 2851 necessitas
1710 2809 1810 2864 po-

223 2895 488 2964 poscerit,
526 2892 741 2948 lavandi
779 2899 943 2962 atque
970 2889 1293 2945 emendandi
1331 2889 1534 2944 habeat
1568 2894 1810 2958 potesta-

225 2998 355 3046 tem.
387 2987 658 3058 Quidquid
694 2988 747 3042 in
772 2986 1131 3052 vestimentis,
1163 2984 1537 3041 calciamentis
1565 2983 1649 3038 vel
1683 2984 1698 3023 i
1732 2981 1812 3037 le-

226 3081 411 3136 ctariis
438 3079 824 3134 monachorum
849 3087 1123 3133 vetustum
1151 3075 1285 3137 fuit,
1311 3076 1436 3130 dum
1464 3090 1601 3130 nova
1625 3072 1809 3145 perci-

224 3172 406 3244 piunt,
438 3179 606 3226 totum
635 3171 704 3225 ab
732 3171 924 3225 abbate
953 3171 1109 3224 detur
1136 3166 1481 3238 pauperibus.

461 3287 489 3358 §
527 3285 708 3341 XVIII.
745 3317 815 3327 ——
855 3284 988 3340 Item
1022 3285 1256 3355 ejusdem
1292 3282 1429 3354 (cap.
1467 3282 1576 3352 I8).

295 3378 516 3434 Lectula
566 3379 896 3450 singulorum
939 3378 1107 3433 abbas
1155 3387 1213 3432 et
1255 3377 1576 3447 praepositus
1624 3375 1708 3432 bis
1757 3374 1811 3430 in

225 3467 563 3522 hebdomada
602 3468 879 3522 revolvant
912 3475 969 3521 et
1011 3475 1445 3536 perscrutentur,
1490 3474 1552 3519 ut
1593 3465 1813 3519 videant

226 3572 298 3614 ne
326 3557 448 3625 quis
473 3556 800 3627 superﬂuum
828 3557 1028 3625 aliquid
1053 3557 1162 3610 illic
1188 3555 1270 3610 vel
1293 3555 1563 3609 occultum
1590 3554 1809 3609 habeat.

253 3649 280 3722 §
316 3649 454 3704 XIX.
493 3680 564 3690 —
607 3649 687 3704 Ex
731 3649 948 3722 Rasum
995 3664 1182 3722 sascfrt
1222 3647 1521 3702 AURELIANI
1559 3662 1790 3702 EPISCOPI

883 3717 1019 3790 (cap.
1055 3719 1168 3789 45).

303 3811 317 3862 i
366 3810 423 3866 Si
469 3812 599 3883 quid
637 3826 766 3867 vero
809 3809 1136 3881 superfuerit
1185 3809 1438 3880 expensis
1485 3817 1578 3863 aut
1626 3807 1814 3863 usibus

228 3903 458 3959 fratrum
492 3904 544 3957 in
585 3918 717 3957 auro
755 3913 846 3957 aut
884 3903 1148 3966 vestibus,
1189 3901 1272 3956 vel
1313 3900 1554 3964 cellario,
1593 3907 1814 3953 sanctus
1853 3919 1862 3927 ο

230 3997 394 4052 abbas
438 4012 535 4066 per
583 4013 776 4052 manus
813 3997 838 4037 ιι
875 3995 1201 4067 provisoris,
1249 4002 1343 4049 aut
1383 4009 1481 4064 per
1521 3992 1817 4064 quamlibet

231 4085 442 4143 ﬁdelem
467 4103 750 4157 personam
779 4087 1124 4160 pauperibus,
1149 4086 1451 4158 peregrinis
1473 4094 1566 4139 aut
1586 4084 1816 4155 captivis

229 4173 394 4245 faciat
422 4175 746 4250 dispensari.

625 4271 653 4343 ᾗ
689 4270 810 4326 XX.
848 4304 918 4315 —
957 4271 1093 4325 Item
1129 4270 1267 4341 (cap.
1300 4269 1414 4340 44).

304 4356 327 4399 ι
367 4357 697 4416 Vestimenta
729 4362 894 4416 etiam
916 4403 930 4427 ,
964 4377 1086 4416 cum
1116 4376 1254 4416 nova
1295 4358 1599 4429 accipiunt,
1632 4368 1817 4416 vetera

297 4501 327 4532 α
368 4490 599 4546 Maxime
641 4492 720 4546 his
766 4493 855 4560 qui
904 4492 1189 4546 ministerio
1227 4489 1566 4560 implicantur
1605 4489 1812 4544 altaris.

227 4557 473 4633 Justajd
499 4564 640 4632 quod
669 4557 977 4633 praecipitur
1005 4561 1177 4616 Exodi
1210 4557 1400 4616 xxvm.

299 4632 326 4671 δ
369 4629 474 4703 Sed
518 4629 614 4703 hoc
669 4629 759 4703 qui
810 4629 1034 4686 noluerit
1088 4633 1315 4686 studere.
1363 4632 1418 4686 ld
1467 4641 1550 4689 est
1579 4650 1592 4686 :
1625 4631 1730 4687 Sed
1767 4640 1815 4686 et

232 4701 329 4754 hoc
356 4701 443 4771 qui
473 4701 698 4756 noluerit
725 4704 1016 4756 observare.

303 4781 324 4809 ε
365 4770 496 4824 Cum
549 4790 684 4827 nunc
730 4790 891 4842 usque
938 4773 1814 4844 constetpleraque“monasteria.

232 4839 360 4913 Quae.
378 4851 515 4913 tunc
546 4851 704 4897 erant
729 4839 1022 4913 ordinisS.
1051 4839 1409 4897 Benedicti'in
1440 4842 1715 4913 Hispania.

300 4910 328 4950 ἀ
366 4911 432 4982 In
462 4913 542 4964 Itis
575 4913 889 4981 regionibus.
925 4912 1252 4982 llispanicis.

306 4993 330 5054 ξ
369 4981 770 5054 ςᾳιὺηῃεηιτμῳ.
805 4983 968 5052 Lege,
999 4981 1390 5053 galbanemque.

308 5051 327 5090 ί
371 5051 675 5123 ῌαιιιιιαηιζ
711 5052 765 5106 lJ
795 5051 903 5112 est,
936 5051 1155 5123 parvam
1187 5051 1431 5123 mattam:

307 5123 332 5199 β
373 5121 481 5199 Sub
512 5138 670 5199 manu
698 5124 852 5199 unius
879 5120 1063 5199 fratris
1092 5124 1365 5193 spiritalis.
1396 5120 1559 5178 Juxta
1587 5123 1822 5199 Regulas

238 5191 338 5248 SS.
365 5193 653 5263 Augustini
682 5201 736 5246 et
760 5191 980 5248 Ctesarii
1011 5191 1193 5263 supra.

242 5264 334 5388 wh
370 5262 749 5388 Entfndandis.
792 5264 946 5334 Apud
1006 5262 1379 5334 smaragdum,
1426 5272 1655 5331 tantum,
1694 5266 1822 5321 dan-

281 5351 346 5388 ιε.
383 5350 467 5387 ma
494 5351 542 5388 c.

281 5351 346 5397 ts,
383 5350 542 5390 male.

314 5407 330 5444 ί
375 5404 646 5476 Lectariis.
688 5404 844 5475 Apud
881 5405 1273 5476 Smaragdum,
1314 5404 1611 5472 electariis,
1654 5407 1816 5464 male.

239 5475 413 5554 Lege,
425 5475 600 5554 lectuli
608 5477 718 5530 riis.

312 5543 342 5595 ἴ
377 5543 433 5598 Si
453 5547 576 5617 quid
599 5563 715 5617 vero
735 5547 1048 5617 superfuerit
1071 5548 1304 5617 expensis
1329 5557 1421 5601 aut
1443 5547 1642 5602 usibus.
1667 5548 1824 5617 Apud

245 5615 594 5689 Smaragdum
621 5635 634 5670 :
666 5616 724 5672 Si
746 5619 871 5689 quid
894 5615 1210 5688 superfuerit
1233 5634 1296 5670 ex
1316 5619 1514 5671 usibus.
1545 5617 1686 5688 Lege
1711 5615 1730 5671 Ξ
1760 5617 1822 5672 Si

242 5687 364 5757 quid
389 5687 700 5758 superfuerit
731 5687 796 5743 ea:
822 5687 1064 5758 impensis
1091 5697 1179 5740 aut
1206 5689 1405 5758 usibus.

313 5758 340 5796 κ
381 5756 1026 5830 Ρνουὶεοιρἱεκὸίθρίιὶςείι]
1064 5757 1268 5829 Regula
1306 5758 1364 5830 S.
1401 5757 1647 5830 Cmsarii.
1681 5759 1823 5814 unde

247 5839 397 5882 suam
433 5827 660 5898 sumpsit
699 5827 756 5882 S.
791 5827 1378 5894 A'urelianusfmentio
1408 5828 1464 5882 III
1501 5829 1815 5897 provisor-is.

1837 3231 1884 3295 C

1898 584 2094 656 ganda.

2047 695 2078 768 ᾗ
2114 694 2254 750 XXI.
2294 725 2346 735 —
2402 694 2480 750 Ex
2515 694 2738 752 RBGULA
2773 695 3018 753 CASSIANI
3057 699 3194 768 (cap.
3218 696 3332 770 50).

1969 816 2000 846 ιι
2037 805 2276 861 Primum
2314 804 2382 862 de
2425 807 2610 862 habitu
2653 807 3038 862 monachorum
3088 807 3321 864 donante
3366 808 3480 866 Deo

1899 899 2161 954 sumimus
2183 900 2484 954 exordium.
2512 899 2739 972 Oportet
2761 917 2891 974 ergo
2917 901 3150 972 primum
3173 910 3233 955 ut
3262 902 3386 956 talis
3411 904 3484 958 sit

1901 989 2065 1044 vestis
2097 991 2369 1054 monachi,
2398 1006 2519 1061 qua:
2547 1006 2744 1062 corpus
2773 1001 3065 1064 contegens
3095 1001 3299 1046 tantum
3329 1007 3481 1048 vere-
3506 985 3510 992 ’

1899 1082 2151 1137 cundiam
2178 1083 2437 1139 nuditatis
2477 1085 2733 1156 repellat,
2771 1094 2826 1140 et
2866 1085 3084 1156 frigoris
3120 1086 3370 1140 retundat
3401 1087 3484 1142 in-

1891 1171 2095 1244 juriam
2114 1217 2127 1242 ,
2159 1191 2267 1231 non
2299 1193 2419 1247 qua:
2445 1179 2785 1233 occasionem
2812 1177 3069 1232 vanitatis
3096 1177 3333 1244 nutriat;
3366 1191 3485 1247 quae

1899 1265 1975 1321 ita
2005 1267 2126 1321 vilis
2155 1268 2253 1331 sit,
2286 1277 2347 1322 ut
2385 1269 2528 1322 nulla
2557 1268 2752 1323 coloris
2779 1267 2865 1322 vel
2892 1267 3297 1338 compositionis
3334 1268 3486 1322 novi-

1901 1367 2013 1414 tate
2055 1368 2198 1414 inter
2235 1368 2461 1415 caeteros
2504 1359 2702 1415 fratres
2742 1358 3013 1429 spiritales
3050 1360 3314 1414 habeatur
3352 1358 3485 1413 insi-

1900 1453 2020 1523 gnis
2049 1471 2060 1505 :
2106 1461 2161 1507 et
2205 1453 2280 1506 ita
2319 1453 2388 1506 ab
2422 1453 2679 1508 studiosis
2707 1451 3098 1523 superfluisque
3127 1452 3488 1507 accurationi-

1900 1543 2001 1598 bus
2039 1545 2233 1608 aliena,
2265 1553 2324 1599 ut
2363 1544 2542 1598 nullus
2581 1544 2779 1598 iterum
2818 1559 2916 1614 per
2954 1544 3218 1598 incuriam
3247 1541 3490 1598 collectis

1903 1641 1998 1686 aut
2043 1632 2306 1688 affectatis
2352 1634 2600 1688 sordibus
2643 1633 2714 1687 sit
2755 1632 3030 1688 deformis.
3076 1633 3358 1690 Postremo
3408 1631 3490 1687 sic

1902 1725 2008 1781 ista
2037 1727 2202 1781 vestis
2233 1727 2300 1780 ab
2334 1726 2493 1795 hujus
2532 1725 2716 1780 mundi
2756 1735 3042 1796 separetur
3081 1735 3296 1792 ornatu,
3334 1734 3394 1781 ut
3433 1725 3488 1780 in

1905 1819 2143 1873 omnium
2183 1833 2463 1874 servorum
2495 1817 2590 1873 Dei
2632 1819 2834 1873 cultum
2877 1820 3179 1874 communis
3218 1820 3306 1874 sit.
3352 1818 3491 1874 Nam

1903 1911 2165 1982 quidquid
2199 1911 2340 1966 inter
2361 1911 2592 1967 famulos
2622 1911 2716 1966 Dei
2744 1928 2850 1966 non
2879 1913 2948 1966 ab
2972 1913 3228 1966 omnibus
3251 1919 3490 1977 tenetur,

1904 2002 1999 2058 sed
2037 2001 2106 2057 ab
2142 2017 2248 2057 uno
2286 2002 2368 2057 vel
2401 2002 2589 2072 paucis
2625 2003 2992 2073 praesumitur,
3027 2012 3121 2056 aut
3164 2003 3492 2072 superﬂuum
3589 2075 3592 2078 ἢ

1904 2101 1999 2148 aut
2024 2093 2222 2148 elatum
2255 2103 2367 2160 est,
2410 2101 2464 2148 et
2504 2103 2726 2165 pr0pter
2757 2093 2858 2148 hoc
2895 2094 3114 2148 noxium
3138 2093 3491 2163 judicandum

1904 2194 2009 2250 est,
2031 2186 2173 2256 quod
2203 2187 2374 2256 magis
2395 2201 2524 2241 vero
2553 2202 2660 2241 non
2688 2185 2906 2240 virtutis
2933 2186 3192 2255 speciem,
3224 2185 3318 2242 sed
3344 2185 3495 2239 vani-

1827 2327 1832 2336 .
1907 2279 2033 2332 tatis
2068 2277 2325 2333 ostendit.
2368 2278 2730 2344 Quamobrem
2765 2287 2789 2312 °
2838 2277 3108 2332 cilicinam
3152 2292 3364 2347 quoque
3401 2293 3496 2333 vc.

1829 2413 1832 2417 ,
1906 2376 2043 2422 stem
2092 2367 2176 2422 vel
2218 2369 2666 2440 circumspectam
2703 2368 2954 2424 omnibus
2996 2378 3159 2439 atque
3202 2369 3492 2424 notabilem

1907 2457 2101 2514 Patres
2129 2460 2298 2514 nostri
2327 2461 2652 2516 omnimodis
2681 2459 3080 2524 refutaverunt,
3112 2459 3234 2528 quia
3275 2475 3381 2514 non
3409 2474 3496 2513 so-

1907 2547 2016 2602 lum
2059 2548 2203 2602 nulla
2247 2548 2457 2618 spiritui
2504 2549 2872 2604 emolumenta
2915 2548 3146 2612 oonfert,
3194 2549 3287 2602 sed
3332 2548 3498 2601 etiam

1909 2641 2160 2697 elationis
2197 2642 2432 2713 concipit
2471 2643 2786 2707 vanitatem,
2833 2649 2888 2696 et
2927 2656 3046 2711 quae
3092 2641 3160 2695 ad
3201 2640 3499 2696 necessarii

1909 2734 2090 2803 operis
2113 2733 2427 2789 exercitium
2455 2733 2610 2802 quasi
2634 2731 2887 2787 inhabilis
2915 2731 3128 2803 pigrum
3161 2745 3376 2801 semper
3399 2730 3500 2785 im-

1911 2826 2258 2897 peditumque
2281 2825 2610 2880 monachum
2637 2825 2847 2880 reddat.
2901 2824 3054 2891 Quod
3085 2824 3129 2879 si
3161 2823 3373 2894 aliquos
3397 2823 3502 2879 hac

1910 2926 2062 2972 veste
2103 2926 2196 2970 aut
2233 2917 2554 2987 quibusdam
2592 2917 2866 2972 damnosis
2901 2916 3136 2972 cultibus
3175 2932 3304 2972 usos
3334 2915 3503 2974 fuisse

1913 3017 2007 3064 aut
2045 3009 2351 3063 audivimus
2393 3017 2487 3068 aut
2522 3009 2787 3074 vidimus,
2831 3025 2938 3064 non
2980 3009 3101 3065 ideo
3139 3009 3360 3078 antiqua
3400 3008 3502 3064 Pa-

1913 3108 2058 3154 trum
2093 3101 2311 3156 decreta
2355 3108 2480 3155 sunt
2522 3101 2905 3172 relinquenda,
2942 3101 3068 3172 quia
3104 3101 3343 3172 generali
3385 3117 3503 3157 om-

1913 3194 2060 3248 nium
2085 3193 2456 3250 constitutioni
2487 3209 2783 3265 paucorum
2819 3211 2924 3250 non
2954 3194 3111 3250 debet
3135 3195 3374 3265 przeponi
3403 3209 3503 3250 nec

1914 3289 2266 3360 prmjudicare
2287 3288 2575 3344 sententia.
2593 3288 2716 3342 lllas
2736 3287 2877 3342 enim
2901 3286 3113 3356 regulas
3134 3287 3505 3341 indubitanter

1912 3388 1967 3436 et
1995 3381 2294 3435 indiscusse
2325 3395 2422 3448 per
2450 3380 2628 3433 omnia
2658 3393 2876 3432 servare
2905 3377 3185 3439 debemus,
3227 3391 3363 3445 quas
3396 3390 3504 3429 non

1913 3486 2207 3542 paucorum
2237 3471 2490 3526 voluntas
2521 3469 2715 3530 intulit,
2749 3470 2843 3523 sed
2872 3483 3008 3540 quas
3039 3468 3354 3538 antiquitas,
3388 3475 3506 3522 lan-

1915 3571 2091 3616 torum
2135 3568 2436 3632 temporum
2481 3567 2536 3613 et
2581 3573 2840 3614 numerus
2887 3565 3202 3612 sanctorum
3247 3555 3504 3611 concordi

1915 3653 2254 3708 institutione
2304 3651 2569 3706 definivit.
2623 3650 2850 3721 Oportet
2891 3665 3105 3720 quoque
3151 3649 3500 3716 monachum,

1918 3743 2074 3812 quasi
2101 3743 2325 3799 militem
2356 3741 2554 3798 Christi
2590 3741 2644 3796 in
2678 3740 3030 3811 apparatione
3062 3756 3254 3811 pugna:
3291 3754 3509 3809 semper

1914 3836 2151 3908 positum
2201 3835 2476 3907 cingulum
2527 3835 2816 3890 habentem
2865 3832 3126 3888 accinctis
3175 3832 3372 3887 lumbis
3417 3831 3504 3888 die

1917 3936 2190 3998 noctuque
2223 3925 2428 3999 iugiter
2463 3941 2802 3998 permanere,
2846 3925 2984 3981 sicut
3020 3924 3214 3990 Eliam,
3248 3923 3504 3989 Eliseum,

1916 4017 2178 4075 Joannem
2222 4034 2436 4089 quoque
2481 4027 2537 4095 et
2577 4018 2802 4073 Paulum
2840 4017 3066 4087 legimus
3107 4016 3259 4072 zonis
3294 4031 3508 4088 semper

1920 4111 2086 4168 fuisse
2117 4114 2392 4170 accinctos
2420 4132 2430 4166 :
2460 4125 2486 4164 ρ
2510 4114 2636 4185 quia
2666 4113 2967 4169 lumborum
2994 4111 3260 4167 accinctio
3288 4111 3508 4167 castita-

1920 4205 1988 4258 tis
2020 4205 2223 4261 indicat
2249 4205 2672 4273 continentiam,
2706 4220 2825 4277 quae
2855 4203 2990 4262 nihil
3019 4202 3317 4260 resolutum
3358 4202 3411 4257 in
3448 4216 3505 4256 se

1921 4294 2124 4351 habere
2150 4298 2505 4366 permittitur.

1919 4493 2012 4548 Ille
2041 4500 2158 4548 erat
2194 4493 2284 4562 qui
2316 4493 2619 4548 necessaria
2650 4493 2894 4557 emebat,
2925 4489 3221 4554 inferebat,
3249 4497 3499 4560 exporta-

1922 4565 2037 4635 bat,
2065 4563 2190 4635 l_i_tes
2217 4573 2271 4618 et
2297 4572 2492 4618 caetera
2524 4564 2737 4635 negotia
2768 4563 3114 4635 procumbat.

2001 4633 2019 4673 ι
2073 4631 2390 4687 Vestimenta
2413 4631 2731 4699 etiantfetc.
2767 4631 2891 4687 Ilaec
2919 4641 3130 4701 sumpta
3161 4639 3374 4686 suntex
3407 4631 3512 4685 Re-

1922 4705 2044 4776 gula
2078 4702 2136 4758 S.
2168 4704 2388 4760 Cmsarii
2410 4745 2435 4776 ,γ
2459 4697 2584 4774 cap.
2617 4703 2683 4776 41
2729 4719 2744 4757 :
2792 4721 2810 4753 ι
2855 4697 3182 4776 Indumenta
3213 4716 3342 4756 vero
3375 4701 3508 4776 ipsa,

1923 4772 2046 4831 cum
2091 4790 2228 4830 nova
2270 4772 2563 4844 accipiunt,
2605 4774 2649 4829 si
2687 4783 2868 4828 vetera
2913 4772 3220 4828 necessaria
3263 4789 3391 4844 non_
3416 4772 3510 4844 ha-

1921 4846 2172 4911 buerint,
2223 4842 2496 4900 abbatissa
2546 4844 2792 4900 refundat
2839 4845 3223 4914 pauperibust
3242 4842 3514 4914 antiinei-

1922 4917 2194 4986 pientibus
2233 4915 2314 4969 vel
2351 4915 2660 4985 junioribus
2700 4911 3083 4985 dispensanda.
3131 4934 3150 4965 ι
3193 4911 3300 4968 Sed
3339 4913 3453 4980 lege
3492 4925 3508 4964 :

1922 4987 2201 5040 abbatissm
2234 4987 2538 5056 refundunt.

1996 5069 2036 5096 ω
2074 5052 2472 5127 Incipientibus.
2519 5056 2642 5112 "me
2668 5072 2772 5111 vox
2813 5074 2918 5112 non
2945 5052 3318 5127 exstat‘apud
3363 5052 3513 5127 Sina:

1924 5122 2313 5196 ragdum,'sed
2352 5127 2684 5182 restituenda
2715 5142 2782 5180 ex
2823 5127 2909 5181 his
2939 5126 3070 5196 locis
3107 5122 3206 5179 SS.
3235 5122 3510 5196 Aureliani

1925 5193 2267 5252 et'Czesarii.
2330 5195 2657 5266 lncipientes
2714 5205 2842 5250 sunt
2888 5195 3104 5260 novitii,
3158 5207 3292 5264 quos
3337 5193 3510 5266 Gnaei

1921 5270 2212 5344 ἀρχσρίᾳυς
2243 5262 2469 5344 vocant,
2508 5267 2559 5322 id
2604 5276 2716 5330 est,
2741 5267 3104 5344 incipientes,
3147 5262 3214 5319 ab
3253 5267 3420 5337 ἀρχή,
3457 5262 3512 5317 id

1922 5336 2041 5404 c'st,
2069 5336 2311 5392 initium.
2345 5338 2421 5392 De
2445 5353 2548 5404 qua
2579 5352 2708 5392 voce
2739 5336 2899 5390 infra.

1995 5419 2023 5446 ι)
2062 5407 2302 5462 Primum
2346 5407 2410 5462 de
2455 5405 2655 5471 habitu,
2701 5415 2805 5461 etc.
2852 5405 2976 5461 Haec
3019 5413 3231 5476 sumpta
3277 5411 3402 5460 sunt
3444 5416 3512 5458 ex

1928 5479 2052 5534 libr.
2087 5495 2125 5542 ι,
2157 5495 2275 5549 cap.
2308 5479 2364 5543 5,
2393 5480 2458 5533 de
2486 5479 2671 5532 habitu
2699 5476 2970 5532 monachi.

2003 5558 2028 5585 ο
2067 5539 2360 5603 Ciliciitum'
2384 5565 2584 5618 quoque
2626 5557 2832 5612 vestem,
2882 5557 2986 5602 etc.
3033 5546 3176 5602 Idem
3219 5553 3401 5602 censet
3447 5539 3510 5600 ε.

1928 5619 2258 5693 Epiphanius
2285 5619 2669 5693 in_Synopsi._
2767 5687 2778 5693 Δ
2951 5633 2967 5693 '_
3054 5690 3062 5693 Α
3133 5689 3143 5693 _
3207 5688 3236 5693 __
3477 5683 3488 5693 .

2002 5687 2046 5744 ν’
2071 5690 2209 5755 Quia
2237 5687 2530 5744 lumborum
2557 5687 2810 5744 accinctio
2836 5689 3103 5750 castitatis_
3125 5688 3321 5742 indicat
3350 5687 3514 5740 conti-

1929 5761 2184 5816 nentiam.
2215 5761 2288 5831 AS.
2332 5760 2698 5831 Augustinus,
2740 5773 2903 5816 serm.
2942 5756 3370 5831 39,7de_verb‘is
3408 5755 3512 5831 Do-_

1932 5831 2065 5886 mini
2095 5848 2106 5882 :
2147 5849 2163 5883 t
2199 5829 2280 5886 Ad
2335 5824 2721 5889 con'tinentiam
2757 5831 2990 5902 pertinet
3027 5824 3130 5886 sint
3162 5827 3324 5883 lumbi
3361 5824 3512 5903 uestri
