4066 6342
229 451 238 460 ο
281 412 421 476 135⁸1

479 519 594 600 tu.
621 548 695 564 -
719 518 801 577 Ex
827 518 1052 577 Rncuu
1091 515 1358 577 Μλοιετιιι
1395 520 1536 593 (cap.
1560 517 1674 593 82).

359 631 387 660 ι
414 613 498 672 Ad
537 626 780 670 mensam
808 611 1021 666 abbatis
1067 611 1290 667 sedeant
1315 611 1579 677 seniores,
1609 607 1857 666 extranei

287 705 762 781 supervenientes,
797 702 826 744 ι»
864 702 952 758 vel
980 702 1190 758 vicibus
1220 713 1242 742 ο
1294 701 1491 758 fratres
1535 699 1814 774 psalterati
1840 739 1860 768 ,

287 842 548 892 mentum.
588 853 606 887 ι
645 831 809 904 ῐςιθῐη
840 830 1070 888 faciebat
1119 831 1176 904 S.
1229 832 1525 904 Eugendus
1566 833 1753 897 abbas,
1799 839 1862 888 ut

289 907 520 962 habetur
555 905 606 959 in
633 902 750 972 ejus
787 903 938 958 Actis
966 904 1104 972 apud
1129 902 1346 957 Suriuni
1372 919 1385 957 :
1426 922 1442 952 ι
1473 903 1584 968 Ille,
1615 903 1856 971 inquam,

289 977 456 1031 abbas
484 984 702 1031 sanctus
735 989 832 1044 nec
864 973 1162 1027 mensulam
1189 989 1340 1028 suam
1373 972 1464 1044 (ut
1492 973 1672 1028 facere
1692 986 1859 1044 quos-

286 1046 412 1102 dam
435 1061 606 1113 nuper
629 1043 874 1113 audivi),
923 1059 1024 1097 nec
1053 1045 1253 1098 victum
1280 1042 1516 1113 unquam
1556 1042 1860 1113 exceptavit

288 1112 619 1170 afratribus.
653 1135 671 1166 ι
725 1113 818 1168 His
864 1114 1088 1168 accedat
1133 1112 1448 1168 constitutio
1501 1114 1755 1167 abbatum
1804 1112 1860 1166 in

288 1189 492 1266 svnudo
517 1184 938 1266 Aquisgranensi
953 1185 1080 1266 _sub.
1091 1183 1361 1266 Ludovico
1373 1183 1482 1266 ΔΡίο
1513 1182 1857 1266 imperatore,

289 1249 376 1309 tit.
401 1256 469 1310 27
496 1273 510 1310 :
547 1272 566 1308 ι
583 1249 672 1312 ὐι
693 1249 864 1308 abbas
882 1253 968 1307 vel
991 1254 1258 1322 quispiam
1282 1249 1514 1322 fratrum
1551 1249 1860 1322 adiportam

291 1324 606 1380 monasterii
653 1339 778 1380 cum
805 1320 1238 1392 hospitibus—non
1291 1321 1586 1392 reficiatur.
1619 1321 1677 1374 In
1721 1320 1862 1392 refeg

289 1397 460 1450 ctorio
507 1403 684 1449 autem
727 1391 942 1447 omnem
969 1392 1048 1447 eis
1089 1391 1476 1446 humanitatem
1500 1391 1861 1446 manducandi

290 1473 347 1519 et
387 1463 604 1519 bibendi
641 1462 911 1517 exhibeat.
959 1461 1077 1531 Ipse
1107 1469 1284 1516 tamen
1339 1477 1404 1517 ea
1443 1463 1548 1516 cibi
1595 1469 1863 1531 potusque

290 1549 543 1589 mensura
589 1541 874 1590 contentus
921 1533 1012 1597 sit,
1033 1543 1196 1603 quam
1245 1531 1436 1603 reliqui
1465 1532 1664 1586 fratres
1717 1532 1864 1603 acci-

289 1605 520 1676 piunt.)
554 1603 738 1676 Neque
777 1603 902 1658 huic
935 1601 1088 1676 titulo
1123 1601 1445 1676 adversatur
1493 1602 1864 1673 sexagesimus

291 1672 579 1740 secundus,
610 1672 667 1729 in
695 1689 825 1744 quo
851 1673 1130 1744 statuitur,
1167 1690 1187 1722 ι
1227 1681 1286 1744 ut
1312 1672 1484 1728 laicus
1506 1672 1668 1744 causa
1713 1687 1862 1726 man-

293 1745 525 1801 ducandi
552 1753 608 1800 et
633 1741 851 1799 bibendi
887 1744 942 1798 in
989 1741 1337 1799 refectorium
1392 1758 1500 1797 non
1549 1743 1795 1797 ducatur.
1836 1762 1855 1795 ι

291 1813 427 1870 Nam
456 1815 543 1870 hic
593 1813 781 1869 titulus
815 1814 880 1868 ad
934 1813 1176 1883 hospites
1223 1813 1332 1868 non
1377 1821 1604 1883 spectat.
1652 1812 1862 1868 Nostrae

1207 399 1602 464 GONCORDIA
1638 397 2099 461 REGULARUM.
2129 392 2210 444 ῖ-
2241 393 2394 457 CAP.
2434 397 2617 456 LXIII.

2103 218 2136 231 "

3343 394 3348 398 ’
3383 391 3521 455 1258

1887 524 1940 586 Α
1963 533 2100 590 quos
2127 517 2356 574 voluerit
2379 517 2546 573 abbas
2569 521 2768 586 prater
2792 511 3141 584 Prmpositos,
3169 514 3262 586 qui
3287 517 3344 572 in
3373 519 3535 574 deca-

1959 609 2045 666 dis
2063 610 2174 666 suis
2203 609 2326 664 ideo
2365 610 2433 663 ad
2463 623 2590 662 suas
2621 620 2838 661 mensas
2873 604 3134 675 iubentur
3157 621 3277 662 esse
3301 623 3539 678 praesen-

1962 709 2064 768 tes,
2093 709 2154 756 ut
2171 715 2394 756 causam
2421 699 2538 766 Dei,
2567 699 2620 756 id
2633 705 2738 764 est,
2765 696 3154 752 taciturnitatis
3177 705 3234 753 et
3255 697 3539 768 gravitatis

1961 834 2008 889 si
2055 833 2297 888 additum
2343 831 2561 896 fuisset,
2615 831 2670 887 in
2710 829 3018 898 refectorio,
3047 829 3133 885 vel
3159 831 3288 901 quid
3337 831 3536 887 simile.

1960 904 2148 973 Itaque
2193 905 2368 974 primo
2418 903 2808 974 respondemus
2859 901 3014 970 juxta
3039 904 3395 974 _superiorem
3459 918 3539 957 re~

1961 970 2308 1045 sponsionem
2340 991 2406 1029 ex
2439 970 2720 1045 Butbardo
2743 973 2982 1045 allatam.
3027 970 3157 1038 Quae
3179 973 3324 1045 clara
3354 981 3448 1045 est
3472 987 3538 1026 ex

1959 1042 2142 1114 verbis
2169 1044 2406 1114 Magistri
2431 1085 2446 1108 ,
2475 1044 2587 1114 qui,
2617 1059 2742 1114 cap.
2781 1042 2850 1097 82
2882 1051 2938 1096 ut
2976 1057 3117 1111 smpe
3148 1042 3307 1108 alibi,
3339 1042 3540 1114 Optime

1963 1113 2022 1170 S.
2085 1112 2358 1169 Benedicti
2427 1112 2696 1168 mentem’
2732 1113 3162 1182 interpretatur,
3216 1127 3338 1166 cum
3403 1112 3479 1166 ait
3523 1129 3539 1164 :

1968 1203 1987 1236 ι
2037 1185 2117 1239 Ad
2147 1200 2389 1239 mensam
2441 1184 2653 1238 abbatis
2702 1184 2923 1238 sedeant
2972 1183 3242 1247 seniores,
3297 1182 3542 1236 extranei

1963 1255 2426 1324 supervenientes,
2462 1253 2548 1308 vel
2582 1254 2789 1324 vicibus
2837 1251 3032 1307 fratres
3081 1253 3359 1324 psaltcrati
3408 1267 3543 1324 quos

1964 1322 2196 1379 voluerit
2245 1324 2440 1387 abbas,
2502 1332 2700 1394 praeter
2753 1323 3116 1394 Praepositos,
3169 1323 3299 1391 quin
3337 1323 3391 1375 in
3447 1322 3544 1376 de-

1962 1395 2113 1450 cadis
2150 1395 2263 1449 suis
2307 1394 2430 1449 ideo
2460 1393 2529 1448 ad
2556 1409 2680 1448 suas
2733 1407 2946 1448 mensas
2973 1393 3232 1461 jubentur
3256 1407 3377 1447 esse
3407 1407 3545 1461 pra:-

1963 1474 2166 1529 sentes,
2223 1473 2282 1518 ut
2339 1479 2557 1520 causam
2607 1465 2732 1528 Dei,
2790 1464 2840 1518 id
2888 1472 3002 1529 est,
3057 1463 3445 1518 taciturnitatis
3492 1469 3544 1516 et

1963 1535 2247 1606 gravitatis
2288 1533 2638 1606 inhsusceptis
2669 1534 2782 1606 suis
2809 1534 3134 1606 custodiant.
3184 1555 3202 1585 ι
3239 1533 3362 1606 Ηῳο
3400 1531 3546 1586 clara

1963 1604 2130 1671 sunt',
2179 1613 2235 1659 et
2267 1604 2427 1660 nullis
2472 1604 2785 1674 ambagibus
2833 1605 3071 1660 involuta
3107 1621 3120 1657 :
3153 1604 3388 1674 maxime
3424 1618 3546 1674 cum

1964 1675 2212 1730 extranei
2275 1672 2714 1744 supervenientes
2758 1672 2913 1744 juxta
2986 1673 3225 1744 Magistri
3281 1673 3548 1744 Regulam

1965 1744 2197 1800 debeant
2228 1745 2282 1799 in
2313 1743 2601 1800 rcfectorio
2645 1761 2766 1798 cum
2793 1743 3049 1800 fratribus
3076 1743 3321 1807 reficere,
3362 1743 3420 1798 ut
3452 1760 3548 1798 su-

1968 1831 2064 1885 pra
2096 1823 2337 1870 notatum
2359 1823 2459 1885 est.
2494 1815 2810 1884 Respondeo
2836 1816 3071 1870 secundo
3099 1815 3276 1869 locum
3303 1830 3423 1885 esse
3467 1815 3550 1868 in-

291 1885 572 1941 sententice
613 1884 759 1940 favet
786 1883 1206 1956 Magistergqui,
1231 1884 1331 1938 etsi
1378 1890 1580 1938 statuat
1622 1898 1867 1956 mensam
1895 1883 1943 1943 B
1969 1883 2318 1956 telligendum
2344 1883 2411 1939 de
2442 1885 2547 1939 illis
2585 1883 2773 1940 diebus
2821 1885 2874 1939 in
2903 1885 3101 1956 quibus
3143 1885 3311 1956 abbas
3347 1883 3552 1955 frangit

293 1956 502 2038 abbatis
554 1965 614 2010 ut
646 1953 1251 2036 sanctus’Benedi’citus,
1283 1963 1460 2035 tamen
1503 1966 1628 2076 cap.
1652 1953 1746 2018 24,
1775 1953 1868 2008 ubi
1961 1953 2226 2037 jejunium
2253 1962 2476 2026 propter
2504 1955 2773 2024 hospites;
2806 1953 2939 2010 cum
2969 1956 3222 2037 nimirum
3251 1953 3448 2036 fratres
3471 1953 3553 2010 re.

293 2035 402 2078 amt
435 2027 502 2078 de
523 2025 724 2078 lectore
755 2023 1194 2078 hebdomadario.
1218 2025 1553 2078 statuitquid
1603 2023 1870 2078 exendum
1970 2026 2162 2078 ficiunt
2207 2025 2338 2078 hora
2377 2040 2550 2078 nona.
2581 2034 2637 2078 et
2688 2025 2856 2078 abbas
2904 2042 3026 2078 cum
3073 2026 3373 2078 hosmtibus
3413 2027 3550 2078 hora

291 2027 402 2096 agit
435 2027 502 2080 de
523 2025 724 2081 lectore
755 2023 1194 2089 hebdomadario,
1218 2023 1406 2096 statuit
1424 2023 1553 2094 quid

292 2092 364 2152 sit
415 2096 469 2150 in
510 2096 814 2162 refectorio,
865 2110 987 2150 cum
1044 2092 1742 2165 superveniunt—extranei.
1790 2092 1871 2148 Ne

292 2175 470 2221 autem
503 2167 626 2237 quis
655 2175 806 2236 putet
831 2165 970 2220 hanc
991 2162 1325 2237 novamiesse
1349 2162 1866 2237 interpretationem,

294 2233 602 2292 Butbardus
643 2233 896 2306 antiquus
923 2235 1158 2306 scriptor
1185 2236 1287 2290 hoc
1326 2233 1503 2305 caput
1518 2233 1747 2306 Regulae,
1775 2249 1872 2288 ex-

292 2322 498 2378 ponens
527 2309 604 2362 ait
631 2305 891 2378 quosdam
925 2307 980 2360 in
1009 2305 1073 2378 ea
1102 2321 1224 2361 esse
1249 2306 1499 2378 opinione
1529 2320 1542 2359 :
1576 2305 1864 2378 Quaeritur,

295 2375 490 2447 inquit,
523 2378 578 2432 in
621 2375 726 2432 hoc
772 2377 891 2432 loco
942 2376 1058 2447 ubi,
1089 2377 1268 2447 debet_
1296 2377 1490 2447 abbas
1517 2375 1867 2447 manducare,

295 2445 476 2502 utrum
509 2448 560 2502 in
589 2447 898 2512 refectorio,
925 2461 993 2500 an
1037 2445 1190 2502 foris.
1238 2445 1376 2500 Sunt
1407 2445 1517 2510 alii,
1561 2445 1651 2514 qui
1683 2445 1871 2498 dicunt

293 2515 452 2583 foris,
477 2517 568 2572 alii
596 2531 727 2573 vero
750 2519 915 2573 intus.
947 2517 1228 2584 Quomodo
1255 2530 1388 2586 ergo
1411 2515 1872 2586 dimitteredebet

295 2589 537 2643 seniores
573 2588 744 2654 duos,
786 2587 870 2642 vel
911 2583 1021 2641 tres
1073 2603 1195 2641 cum
1243 2583 1519 2648 fratribus,
1559 2584 1605 2639 si
1657 2584 1768 2639 illic
1811 2583 1869 2638 in

295 2658 587 2714 refectorio
630 2659 788 2714 debet
817 2657 1188 2712 manducare?
1223 2656 1324 2723 Qui
1352 2655 1740 2726 respondentes
1788 2655 1871 2726 di-

296 2739 425 2784 cunt
451 2748 463 2782 :
491 2729 782 2801 Propterea
804 2728 943 2801 dixit
971 2726 1030 2783 S.
1059 2727 1381 2801 Benedictus
1420 2725 1662 2801 seniores
1689 2725 1873 2801 dimit-

300 2808 436 2871 tere,
467 2795 615 2871 quia'
647 2809 772 2854 sunt
825 2799 952 2853 talia
984 2797 1302 2871 _refectoria,
1327 2799 1402 2871 ‘in
1445 2795 1639 2871 quibus
1684 2795 1873 2871 sedent

298 2867 515 2936 fratres,
547 2879 607 2924 ut
643 2878 865 2940 propter
889 2868 1286 2940 multitudinem
1318 2867 1650 2940 fratrum__ab
1677 2867 1872 2940 abbate

300 2957 406 2995 non
445 2935 661 3011 possint
699 2935 892 3004 videri,
923 2939 1086 2994 veluti
1143 2939 1198 2993 in
1245 2949 1448 3011 _sauctu
1480 2935 1712 3011 Gallo.)
1749 2938 1874 2991 Ilaec

301 3007 566 3068 sententia
619 3012 973 3081 confirmatur
1012 3007 1383 3081 exiregulaS.
1413 3007 1715 3081 Benedicti,
1750 3021 1870 3076 cap.

300 3083 369 3138 58
404 3101 416 3136 :
455 3101 472 3134 ι
510 3083 620 3138 Nec
643 3088 935 3153 prmsumat
961 3080 1034 3135 ibi
1058 3078 1252 3153 aliquis
1276 3080 1343 3135 de
1371 3079 1486 3148 ipsa
1507 3078 1757 3153 lectione,
1782 3085 1876 3130 aut

299 3149 769 3224 aliudiquidquam
789 3151 1083 3224 requirere,
1101 3149 1167 3206 ne
1189 3149 1586 3224 deturioccasio
1604 3149 1872 3224 maligno;

1636 2023 1870 2094 gendum

298 3224 408 3280 nisi
439 3217 583 3279 forte
621 3217 790 3278 'Prior
842 3217 1073 3292 voluerit
1122 3236 1221 3292 pro
1269 3219 1631 3276 aedificatione
1673 3217 1879 3288 aliquid
1905 3229 1950 3292 ρ

301 3295 542 3350 breviter
583 3295 782 3350 dicere.
820 3312 839 3346 ι
880 3292 980 3348 Ubi
1009 3291 1185 3362 Prior
1209 3307 1308 3362 pro
1336 3293 1533 3346 abbate
1560 3298 1878 3360 usurpatur,

301 3373 363 3435 ut
392 3380 555 3435 supra
595 3365 928 3435 declaratum
953 3371 1055 3418 est.
1085 3361 1264 3435 Sedisi
1290 3363 1763 3435 abbasAnunquam
1795 3374 1882 3414 re-

305 3432 529 3488 ficiat'in
552 3447 820 3492 conventu
848 3433 1098 3499 fratrum,
1114 3432 1239 3504 quia
1265 3448 1386 3502 cap.
1421 3433 1492 3487 53
1517 3433 1715 3504 dicitur
1739 3445 1882 3484 nun-

305 3520 468 3574 quam
514 3505 752 3574 hospites
795 3506 982 3558 deesse
1011 3500 1363 3574 mon‘asterid,
1396 3513 1490 3574 aut
1518 3500 1706 3556 saltem
1734 3514 1879 3564 raro,

309 3575 356 3628 si
394 3573 565 3644 locus
587 3572 1230 3644 sumaturbyperbolice,
1263 3572 1571 3644 absurdum
1587 3579 1732 3644 esset
1753 3584 1881 3644 per-

312 3643 528 3698 mittere
557 3643 657 3714 ipsi
683 3643 864 3699 abbati
892 3639 1093 3714 aliquid
1139 3643 1195 3697 in
1224 3641 1512 3714 refectorio
1541 3641 1610 3714 de
1653 3639 1885 3696 lectione

311 3714 512 3784 dicere,
559 3711 651 3784 qui
701 3711 1000 3784 nunquam;
1046 3719 1140 3768 aut
1175 3727 1300 3767 raro
1350 3712 1541 3784 debeat
1597 3711 1880 3784 interesse2

308 3781 593 3840 Praeterea
628 3785 673 3840 si
701 3781 974 3840 contraria
1021 3783 1287 3840 sententia
1332 3783 1494 3848 valet,
1541 3783 1726 3837 nescio
1755 3781 1886 3850 quid

309 3854 550 3934 deterius
583 3856 913 3934 monasterio
937 3855 1250 3934 contingere
1277 3854 1483 3934 possit,_
1505 3869 1629 3909 cum
1659 3852 1760 3934 ipsi
1790 3851 1888 3934 ab-

311 3924 423 3979 bati
459 3923 753 3980 fenestram
781 3927 847 3981 ad
882 3940 1097 3981 omnem
1127 3921 1403 3979 licentiam
1437 3921 1707 3994 ejusmodi
1729 3921 1886 3976 insti-

313 3995 450 4050 tutio
492 3995 820 4066 patefaciat:
852 3997 1010 4052 datur
1036 3996 1178 4050 enim
1209 3995 1261 4049 ei
1281 3993 1497 4050 occasio
1525 3993 1776 4066 quotidie
1796 4007 1888 4047 co-

312 4063 584 4121 messaiidi
629 4083 754 4122 cum
803 4067 1153 4122 saecularibus
1177 4107 1192 4131 ,
1251 4063 1582 4135 decoquendi
1607 4105 1622 4132 ,
1673 4063 1886 4134 oblign-

314 4137 517 4200 riendi,
576 4145 629 4191 et
657 4137 988 4208 dilapidandi
1039 4137 1178 4193 bona
1232 4136 1569 4208 monasterii,
1623 4143 1684 4208 ut
1711 4135 1888 4203 quoti-

312 4208 473 4278 diana
503 4216 648 4278 patet
676 4206 1010 4278 experientia
1041 4224 1054 4260 :
1107 4207 1250 4276 quod
1285 4206 1446 4278 etiam
1481 4206 1743 4278 pratulare
1792 4220 1888 4258 no-

316 4285 393 4332 tat
438 4276 631 4334 Pe‘trus
656 4276 988 4334 Venerabilis
1015 4278 1110 4332 lib.
1149 4293 1183 4341 I,
1240 4277 1397 4346 epist.
1455 4276 1542 4332 18.
1591 4276 1726 4346 Hinc
1769 4283 1888 4346 orta

313 4356 399 4402 est
447 4349 623 4404 omnis
667 4349 978 4405 monasticae
1028 4349 1152 4403 vita:
1182 4345 1508 4416 corruptela,
1559 4345 1888 4416 (livisioiilla

314 4416 579 4472 bonorum
630 4420 942 4476 monasterii
991 4420 1132 4473 inter
1182 4415 1432 4473 abbatem
1487 4425 1542 4472 et
1571 4415 1885 4482 monachos,

317 4504 442 4543 cum
476 4489 577 4544 sibi
606 4489 828 4546 abbates
852 4491 1172 4560 opimiorem
1201 4497 1278 4560 iet
1327 4489 1613 4560 meliorem
1640 4496 1888 4560 partem,

317 4574 478 4630 quam
526 4562 809 4618 occasione
833 4557 990 4630 hujus
1018 4559 1236 4629 capituli
1286 4574 1525 4614 mensam
1567 4557 1890 4630 abbatialem

317 4629 606 4700 appellant,
637 4629 1011 4702 seposuerunt.
1043 4631 1152 4685 Nec
1184 4630 1256 4702 _id
1305 4644 1391 4683 me
1435 4637 1635 4696 movet,
1667 4629 1810 4702 quod
1839 4629 1894 4683 in

318 4699 807 4768 constitutionibus,
834 4718 896 4772 ne
922 4703 980 4756 in
1015 4717 1147 4772 agro
1173 4699 1470 4772 Dominico,
1512 4716 1630 4772 cum
1679 4701 1748 4753 ad
1785 4714 1898 4754 mo-

320 4773 632 4838 nasterium,
667 4782 722 4827 et
774 4774 829 4826 in
880 4770 1227 4826 Benedictina
1271 4770 1366 4825 fiat
1420 4771 1621 4826 mentio
1669 4783 1900 4826 camerae

319 4841 550 4913 abbatis,
575 4844 628 4897 in
675 4858 783 4913 qua
810 4844 1002 4913 possit,
1030 4856 1175 4913 quos
1197 4841 1326 4894 velit
1372 4858 1440 4896 ex
1489 4841 1753 4913 fratribus
1783 4857 1900 4896 me-

320 4910 423 4966 lius
461 4910 770 4982 procurai'e.
803 4910 920 4967 Non
968 4910 1109 4968 enim
1163 4911 1592 4984 interpretantur
1639 4910 1900 4984 Regulam

321 4985 516 5056 summi
543 4985 846 5056 pontifices,
875 4985 970 5056 sed
1017 4984 1071 5038 id
1099 4983 1242 5052 quod
1282 4983 1482 5056 dudum
1522 4983 1900 5056 introductum

322 5052 517 5126 fuerat,
543 5050 603 5110 et
620 5070 762 5126 aegre
787 5054 945 5126 avelli
970 5050 1213 5126 poterat,
1233 5051 1482 5106 tolerant.
1511 5051 1736 5126 Cmteris
1767 5050 1903 5126 uilli-

326 5123 616 5181 cultatibus
668 5123 793 5182 mox
820 5123 1069 5180 satistiet.
1105 5124 1171 5178 Et
1200 5124 1318 5178 haec
1346 5124 1612 5177 sententia
1664 5123 1904 5176 vindicat

327 5192 384 5248 S.
414 5194 762 5251 Benedictum
793 5212 824 5251 a
850 5195 1142 5250 multorum
1183 5193 1402 5262 injuria,
1429 5193 1520 5263 qui
1568 5193 1753 5248 dicunt
1779 5208 1904 5261 pas-

325 5264 428 5318 sim
465 5281 532 5320 ex
577 5268 678 5322 hoc
724 5267 941 5338 Regulae
970 5265 1402 5338 capite__ruinam
1430 5263 1903 5338 _monasteriorum

325 5343 509 5391 natam
549 5353 692 5403 esse,
719 5333 843 5392 cum
886 5338 1010 5392 data
1036 5333 1121 5391 'sit
1147 5335 1368 5390 libertas
1395 5334 1681 5388 abbatibus
1726 5333 1906 5404 quoti-

327 5404 412 5477 die
441 5409 708 5477 epulandi.
738 5409 844 5464 Sed
879 5423 1004 5462 cum
1034 5408 1148 5462 haec
1173 5406 1396 5477 libertas
1417 5419 1524 5477 non
1550 5405 1696 5459 clare
1722 5411 1907 5477 pateat

327 5474 383 5552 iu
410 5473 510 5533 hoc
535 5480 732 5552 capite,
759 5480 854 5536 sed
893 5487 1102 5552 tantum
1144 5493 1213 5532 ex
1239 5475 1767 5552 quibusdam-verbis
1795 5473 1906 5530 col-

325 5544 548 5619 ligatur,
570 5544 739 5606 satius
767 5559 852 5606 est
902 5551 1052 5618 sequi
1080 5544 1325 5619 nostram
1353 5546 1696 5611 sententiam,
1740 5560 1905 5618 quam

328 5617 535 5676 tantam
575 5620 824 5691 injuriam
855 5620 914 5677 S.
945 5617 1233 5675 Benedicto
1263 5617 1462 5673 facere.

331 5770 423 5814 res
449 5764 533 5811 est
555 5754 636 5828 (ut
663 5755 816 5828 aiunt
848 5753 1211 5828 adversarii);
1257 5766 1383 5828 nam
1409 5749 1532 5828 inde
1566 5749 1772 5806 clarum
1804 5758 1906 5828 _est

333 5829 514 5884 abbati
555 5821 664 5884 non
710 5827 1059 5883 reficiendum
1113 5821 1234 5881 esse
1285 5822 1340 5878 in
1384 5821 1574 5877 eodem
1611 5839 1736 5878 cum
1795 5823 1907 5878 fra-

341 5899 516 5960 tribus
559 5899 710 5967 Ioco;
762 5897 858 5955 sed
911 5897 1109 5954 clarior
1153 5900 1302 5956 esset
1347 5893 1465 5954 ilth
1498 5899 1900 5966 consequentia,

627 5993 905 6056 eraon.
949 5979 1127 6055 CIII.

1970 2025 2162 2080 ficiunt
2207 2025 2338 2080 hOra
2377 2040 2550 2091 nona,
2581 2034 2637 2079 et
2688 2025 2856 2081 abbas
2904 2042 3026 2081 cum
3073 2025 3373 2094 hospitibus
3413 2027 3550 2080 hora

1968 2104 2142 2152 sexta.
2177 2094 2328 2150 Tunc
2352 2096 2496 2151 enim
2527 2095 2765 2150 dimittet
2787 2112 2953 2151 unum
2980 2104 3072 2151 aut
3101 2097 3234 2150 duos
3277 2110 3344 2150 ex
3371 2097 3552 2150 senio-

1971 2167 2140 2231 ribus,
2166 2166 2256 2236 qui
2283 2166 2417 2221 hora
2443 2181 2584 2221 nona
2625 2165 2874 2221 reficiant
2897 2182 3022 2220 cum
3044 2165 3302 2221 fratribus
3329 2177 3554 2236 propter

1971 2237 2314 2362 discijillinam
2345 2255 2358 2290 :
2388 2236 2513 2307 quia
2546 2243 2676 2290 tunc
2696 2237 2861 2291 abbas
2881 2237 2995 2305 jam
3022 2235 3316 2291 refectione
3340 2235 3455 2290 sum
3500 2246 3554 2290 ta

1971 2322 2095 2362 cum
2160 2306 2426 2362 osnitibus
2472 2322 2579 2362 non
2609 2307 2859 2362 intererit
2904 2307 3215 2362 refectorio.
3250 2305 3436 2362 Neaue
3462 2253 3554 2362 gis

1971 2322 2095 2362 cum
2110 2305 2426 2377 hospitibus
2472 2322 2579 2362 non
2609 2307 2859 2377 intererit
2904 2307 3215 2362 refectorio.
3250 2305 3436 2376 Neque
3464 2305 3556 2362 his

1971 2379 2152 2433 obstat
2180 2375 2323 2448 quod
2365 2394 2486 2449 cap.
2517 2377 2586 2432 53
2613 2375 2810 2449 fratres
2849 2377 3176 2448 jejuniorum
3209 2375 3556 2449 consuetudii-
3581 2407 3594 2418 ι

1971 2462 2095 2530 nem
2141 2449 2396 2530 prosequi
2433 2448 2723 2530 ’debeant._
2752 2448 2887 2502 Nam
2925 2449 3041 2504 haec
3073 2449 3148 2530 ita
3198 2448 3554 2530 intelligenda

1971 2527 2119 2583 sunt,
2145 2518 2188 2571 si
2222 2534 2328 2588 non
2369 2527 2634 2573 vocentur
2658 2518 2724 2572 ad
2770 2533 3010 2574 mensam
3051 2519 3282 2581 abbatis,
3322 2518 3406 2572 cui
3464 2533 3560 2588 po-

1972 2595 2144 2658 testas
2174 2587 2419 2643 absoluta
2455 2589 2571 2658 hoc,
2609 2589 2785 2657 capite
2833 2589 3150 2644 conceditur
3191 2587 3495 2658 quemlibet
3522 2603 3555 2643 ο

1971 2656 2234 2714 fratribus
2257 2659 2484 2714 vocandi
2509 2657 2577 2712 ad
2604 2656 2848 2714 mensam
2878 2675 3030 2714 suam
3059 2659 3176 2713 sine
3204 2656 3312 2713 ullo
3346 2658 3560 2713 dierum

1973 2729 2305 2800 discrimine.
2335 2729 2564 2798 Quidam
2589 2729 2872 2800 objiciunt,
2899 2730 3042 2800 quod
3065 2729 3122 2784 S.
3141 2728 3358 2783 Maurus
3375 2728 3561 2800 'I‘beo-

1973 2799 2258 2855 debertum
2284 2815 2465 2869 regem
2487 2799 2736 2854 convivio
2757 2799 2969 2869 excepit
2989 2800 3044 2855 in
3070 2801 3230 2854 domo
3260 2799 3555 2869 hospitum.

1973 2869 2178 2925 Verum
2199 2870 2414 2938 quidem
2451 2878 2552 2931 est,
2572 2869 2666 2922 sed
2689 2885 2794 2925 non
2818 2869 2944 2925 inde
2967 2870 3307 2925 concluditur
3330 2869 3388 2924 S.
3416 2870 3562 2923 Mau-

1974 2955 2096 2997 rum
2121 2954 2153 2994 a
2182 2955 2277 3010 sua
2294 2939 2712 3010 congregatione
2753 2949 3062 3010 separatum
3093 2955 3214 2994 cum
3265 2954 3405 3010 rege
3428 2955 3560 3009 epu-

1976 2956 2096 2997 rum
2121 2956 2153 2994 a
2182 2956 2277 2994 sua
2294 2956 2712 3064 congregatione
2753 2956 3062 3010 separatum
3093 2956 3214 2994 cum
3265 2956 3388 3010 rege
3428 2956 3560 3009 epu-

1976 3010 2146 3066 latum
2175 3009 2361 3066 fuisse.
2437 3010 2450 3063 i
2499 3024 2626 3064 vero
2653 3025 2758 3065 non
2796 3011 2947 3066 duxit
2992 3025 3172 3080 regem
3222 3011 3275 3065 in
3326 3009 3560 3065 refecto—

1977 3081 2142 3145 rium,
2174 3081 2226 3152 id
2254 3081 2570 3152 contingere
2600 3081 2789 3148 potuit,
2817 3082 2944 3152 quia
2970 3081 3121 3137 locus
3151 3081 3375 3136 minime
3402 3089 3563 3152 aptus

1981 3160 2098 3207 erat
2127 3151 2194 3206 ad
2221 3166 2402 3222 regem
2430 3151 2800 3222 accipiendum
2828 3151 2950 3207 cum
3001 3167 3100 3206 suo
3133 3152 3415 3208 comitatu.
3449 3151 3561 3221 Op-

1981 3230 2190 3348 Bonum
2217 3219 2383 3277 etiam
2411 3219 2619 3292 quod’S
2685 3221 3052 3278 Columbanus
3097 3239 3203 3278 non
3237 3219 3563 3277 intromitte-

2019 3302 2075 3346 at
2097 3294 2338 3348 bosnites
2362 3293 2650 3348 satculares
2675 3293 2728 3346 in
2758 3293 3014 3347 interiora
3045 3293 3380 3347 monasterii.
3417 3291 3563 3346 Con-

2019 3302 2075 3346 at
2097 3294 2338 3363 hospites
2362 3291 2650 3348 saiculares
2675 3293 2728 3363 in
2754 3293 3014 3363 interiora
3045 3293 3380 3363 monasterii.
3417 3291 3564 3346 Con-

1983 3364 2116 3420 cedo
2141 3360 2380 3432 quidem,
2410 3363 2504 3418 sed
2534 3377 2640 3416 non
2676 3362 2800 3417 inde
2829 3361 3031 3418 eﬂicics
3061 3360 3122 3415 S.
3170 3361 3562 3432 Columbanum

1982 3431 2226 3489 seorsum
2253 3449 2284 3486 a
2306 3449 2402 3487 sua
2429 3432 2844 3501 congregatione
2889 3447 3012 3488 cum
3053 3431 3314 3501 ejusmodi
3343 3431 3568 3500 hospiti-

1982 3504 2085 3558 bus
2134 3518 2368 3573 semper,
2402 3509 2497 3556 aut
2532 3501 2850 3573 plerumque
2897 3503 3216 3573 comedisse.
3273 3501 3567 3573 Opponnnt

1983 3573 2227 3630 etiamid
2252 3571 2412 3628 valde
2459 3571 2858 3628 incommodum
2908 3587 3028 3628 esse
3057 3571 3430 3636 fratribus,’si
3467 3587 3570 3625 sae-

1983 3644 2390 3716 piusihnspites
2439 3659 2561 3698 cum
2590 3643 2688 3716 eis
2716 3643 3025 3716 comedunt.
3083 3641 3205 3716 Sed
3232 3643 3567 3716 contrarium

1985 3713 2299 3786 quotidiana
2334 3722 2484 3786 patet
2509 3714 2860 3786 experientia.
2890 3713 2959 3769 Et
2985 3715 3030 3769 si
3079 3713 3208 3786 quid
3237 3713 3568 3786 incommodi

1986 3783 2112 3842 inde
2141 3783 2390 3856 emergit,
2421 3784 2550 3840 illud
2579 3783 2779 3841 ‘Ininus
2801 3793 2903 3850 est,
2928 3783 3108 3856 quam‘
3131 3785 3174 3840 si
3209 3783 3392 3856 abbati
3431 3799 3571 3856 nun:-

1986 3872 2150 3928 quam
2205 3853 2316 3910 aut'
2347 3857 2522 3928 rarius
2542 3871 2803 3928 cumisua
2844 3853 3262 3928 congregatione
3302 3853 3572 3928 reficienti

1987 3925 2146 3982 detur
2215 3927 2433 3982 occasio
2501 3926 2832 3996 dilapidandi
2884 3925 3025 3982 bona
3083 3925 3396 3982 monasterii
3445 3941 3570 3980 cum

1988 3997 2174 4063 laicis;
2209 3997 2470 4053 fratribus
2512 4013 2644 4053 vero
2673 3997 3046 4054 murmurandi
3068 4039 3082 4062 ,
3119 4007 3175 4054 et
3208 3996 3487 4051 remissius
3515 3996 3574 4050 in

1987 4078 2176 4125 sancto
2205 4069 2483 4194 proposito
2535 4069 2763 4139 agendi?
2789 4069 2919 4136 Quae
2965 4069 3124 4125 facile
3162 4069 3306 4124 inter
3349 4082 3575 4123 vescen-

1987 4139 2116 4194 dum
2167 4155 2201 4194 ο
2241 4149 2459 4194 repunt.
2486 4140 2723 4194 maxime
2752 4140 2797 4194 si
2828 4139 2905 4194 illi
2959 4139 3240 4194 nrzelatum
3293 4152 3570 4194 nunquam

1987 4139 2116 4195 dum
2167 4139 2459 4213 obrepunt,
2486 4140 2725 4213 maxime
2752 4140 2797 4213 si
2828 4139 2905 4213 illi
2958 4139 3240 4210 prmlatum
3293 4152 3570 4213 nunquam

1988 4219 2083 4265 aut
2117 4226 2244 4266 raro
2274 4207 2328 4265 in
2360 4211 2649 4266 refectorio
2677 4208 2896 4267 videant
2924 4207 3085 4266 :cum
3115 4213 3279 4265 etiam
3306 4207 3571 4278 ejusmodi

1990 4281 2234 4352 seniores
2259 4281 2328 4335 ob
2358 4281 2698 4352 disciplinam
2726 4281 2902 4336 relicti
2931 4296 3204 4352 nunquam
3229 4280 3362 4334 satis
3389 4287 3574 4332 aucto-

1991 4351 2169 4406 ritatis
2203 4352 2271 4408 ad
2305 4366 2400 4407 eos
2433 4351 2856 4422 compescendos
2893 4351 3130 4405 habituri
3158 4351 3286 4404 sint.

2064 4457 2093 4486 ι
2124 4444 2207 4523 4d
2232 4460 2465 4523 mensam
2507 4443 2710 4523 nubat}:
2729 4483 2744 4505 ,
2776 4451 2879 4523 eic.
2908 4440 3036 4496 Haec
3055 4440 3329 4523 habentur
3350 4439 3406 4494 in
3432 4439 3571 4510 Reg.
3665 4512 3684 4523 ι

1995 4531 2098 4571 ms.
2139 4515 2398 4584 Magistri,
2423 4515 2524 4570 cod
2544 4512 2705 4569 Corb.
2731 4513 2922 4567 eodem
2951 4512 3147 4582 capite.

1917 4577 1972 4638 Ι)
2068 4606 2098 4648 δ
2137 4577 2466 4659 vcinam.
2495 4602 2556 4658 In
2585 4603 2704 4658 cod.
2737 4602 2896 4658 Vind.
2927 4577 3166 4668 additur,
3196 4600 3400 4655 alienis.

2072 4709 2094 4738 ο
2131 4696 2352 4752 Fratres
2379 4695 2670 4768 psalterati.
2700 4694 2758 4768 In
2785 4693 2905 4768 cod.
2937 4693 3097 4768 Vind.
3144 4693 3317 4768 deest,
3345 4696 3407 4750 τὸ
3435 4693 3582 4768 psal-

2000 4770 2175 4826 terati.
2206 4763 2495 4824 Psalterati
2547 4775 2674 4822 sunt
2717 4767 2775 4831 ii,
2809 4765 2902 4836 qui
2948 4764 3263 4836 psalterium
3314 4763 3580 4836 memoria

2001 4850 2207 4905 tenent,
2239 4851 2299 4895 ut
2341 4839 2475 4894 satis
2503 4837 2674 4908 liquet
2720 4853 2786 4892 ex
2826 4833 3022 4908 eadem
3067 4834 3283 4908 Regula
3314 4833 3577 4901 Magistri,

2002 4911 2220 4982 cap.75'l
2251 4929 2264 4964 :
2302 4929 2321 4962 ‹
2365 4909 2422 4982 Si
2451 4905 2581 4964 vero
2610 4909 2664 4962 in
2691 4905 3464 4982 viam_longiorem_’dirigaiur,
3496 4918 3580 4982 co-

2003 4974 2238 5039 diéulum
2285 4979 2556 5036 modicum
2608 4995 2731 5034 cum
2805 4974 3075 5047 aliquibus
3125 4974 3462 5047 lectionibus
3515 4974 3581 5047 de

2003 5053 2334 5109 monasterio
2375 5065 2560 5106 secum
2612 5057 2810 5120 portet,
2863 5044 2923 5102 ut
2975 5045 3167 5120 quavis
3214 5045 3346 5099 hora
3370 5044 3442 5120 _in
3489 5045 3580 5098 via

2004 5122 2399 5193 repausaverit,
2449 5114 2849 5193 aliquantulum
2860 5114 3074 5193 _tanien
3131 5115 3273 5193 legat
3318 5129 3346 5193 :_
3368 5114 3441 5168 ita
3479 5123 3581 5193 _ta-

2004 5184 2151 5258 men,
2184 5193 2231 5247 si
2257 5184 2422 5263 fuerit
2445 5184 2789 5263 psalteratus.
2818 5188 2876 5243 Si
2907 5203 3039 5263 vero
3075 5184 3392 5263 nun’fuerit,
3424 5184 3581 5263 tabu-

2005 5263 2086 5318 las
2112 5255 2147 5317 a'
2168 5260 2374 5330 majore
2427 5255 2795 5333 superpositas
2840 5258 3060 5328 psalmis
3091 5256 3247 5333 (Lege
3267 5297 3281 5321 ,
3301 5271 3432 5333 _cum
3477 5255 3581 5309 ali-

2006 5333 2208 5406 quibus
2234 5325 2456 5406 psalmis
2479 5325 2512 5405 )’
2548 5325 2731 5406 sécum
2775 5325 2977 5400 portet,
3009 5335 3070 5406 ut
3101 5325 3582 5406 'ad'_refectionem

2004 5395 2349 5477 prandii-aut
2379 5403 2447 5459 ad
2479 5395 2818 5458 mansionem
2847 5398 3062 5477 quando
3106 5397 3444 5477 applicuerit,
3479 5395 3583 5477 gali-

2006 5467 2347 5547 quantulum,
2372 5483 2640 5547 quantum
2693 5467 3023 5547 eccuri'erit,
3064 5467 3242 5524 tamen
3271 5467 3583 5547 mediteiur,

2005 5535 2069 5602 tit
2101 5535 2342 5616 quotidie
2372 5535 2590 5616 Regula:
2619 5543 2807 5616 reddat
2831 5541 2974 5611 quod
2987 5555 3160 5616 _suum
3183 5546 3286 5596 est.
3319 5557 3338 5591 ι
3372 5535 3582 5616 Psalte-_-

2008 5607 2277 5689 rati-ergo,
2293 5607 2554 5689 suntfqui
2579 5607 2892 5689 psalterium
2918 5610 3146 5689 caiieut;
3177 5625 3285 5664 non
3305 5607 3582 5689 psalterati

2006 5703 2158 5754 vero,
2190 5679 2282 5759 qui
2315 5679 2460 5759 illudi
2482 5679 2726 5740 nondum
2757 5681 2940 5759 pie_ne_
2967 5681 3269 5759 didicerunt
3298 5679 3435 5759 :‘qui
3475 5693 3581 5732 non

2008 5749 2368 5814 admittuntur
2395 5755 2465 5813 ad
2490 5768 2734 5813 mensam
2758 5749 2974 5810 abbatis
2994 5793 3010 5822 ,
3052 5751 3178 5823 quia
3205 5758 3268 5808 ut
3290 5749 3582 5822 plurimum

2003 5832 2247 5905 jnniores
2281 5837 2426 5886 sunt.

3065 5977 3144 6046 1ιο
