4066 6342
305 419 441 484 1265

1227 407 1613 469 CONCORDIA
1646 411 2107 470 REGULARUM.
2147 442 2216 456 σ-
2254 413 2404 472 CAP.
2447 415 2606 472 LXV.

3405 425 3545 483 1266

291 549 398 607 non
433 539 608 605 potes,
634 528 774 586 liber
794 524 1028 584 discede.
1059 522 1118 579 Si
1146 521 1320 580 adhuc
1346 511 1576 587 steterit,
1613 531 1742 578 tunc
1762 522 1864 576 du-
1891 525 1944 587 Α
1968 523 2072 578 sibi
2099 525 2359 596 imperata
2389 543 2634 594 servare;
2668 527 2696 568 δ
2734 535 2862 584 tunc
2889 528 3184 600 recipiatur
3214 548 3270 590 in
3308 549 3542 610 congre-

292 634 446 680 catur
470 623 523 676 in
554 637 714 692 supra
735 619 935 674 dictam
962 615 1150 671 cellam
1187 615 1512 669 novitiorum
1532 654 1547 679 ,
1578 623 1630 668 et
1663 615 1861 669 iterum

291 714 548 790 probetur
599 713 654 767 in
699 711 845 768 omni
875 708 1156 780 patientia.
1190 706 1257 761 Et
1303 713 1426 776 post
1468 721 1563 761 sex
1595 707 1864 762 mensium

292 808 550 862 circulum
578 805 850 876 relegatur
867 804 917 857 ei
943 801 1168 872 Regula,
1192 811 1253 854 ut
1282 800 1418 854 sciat
1444 801 1512 854 ad
1537 800 1666 871 quid
1693 801 1865 871 ingre—

292 899 456 953 ditur.
487 898 554 952 Et
579 898 622 952 si
655 897 834 952 adhuc
858 902 987 959 stat,
1017 901 1138 964 post
1163 899 1394 962 quatuor
1433 907 1646 948 menses
1669 893 1863 947 iterum

291 990 339 1044 ci
374 990 584 1060 legatur
613 1001 638 1029 α
672 989 860 1043 eadem
889 985 1124 1058 Regula;
1156 992 1211 1038 et
1237 984 1283 1040 si
1325 983 1511 1038 habita
1543 999 1728 1039 secum
1770 983 1864 1039 de-

291 1081 610 1136 liberatione
636 1079 948 1151 promiserit
973 1092 1032 1132 se
1053 1075 1235 1133 omnia
1257 1075 1549 1140 custodire,
1579 1081 1634 1129 et
1669 1082 1865 1131 cuncta

291 1211 521 1283 quorum
552 1221 636 1270 est
671 1214 895 1286 spiritus
919 1209 1284 1282 appetentium
1315 1209 1478 1264 vitam
1509 1210 1864 1266 monasticam

331 1286 455 1340 roha
463 1301 540 1340 re.

291 1301 638 1408 “Tulli-(fdem
687 1352 906 1424 Regula.
957 1353 1037 1424 Ita
1088 1353 1256 1424 apud
1285 1349 1645 1424 Smaragdum
1695 1359 1751 1407 et
1803 1351 1863 1407 8.

292 1426 648 1490 Dunstanum,
677 1421 836 1495 vulgo
861 1425 918 1479 τὸ
941 1421 1504 1495 εαάειη’ᾱεεὶἀει“ειιιτ.

363 1495 390 1534 δ
440 1495 583 1549 Tunc
618 1491 898 1565 recipiatur
939 1493 1442 1565 inicongreggtione.
1487 1491 1644 1565 Anno
1681 1492 1868 1549 videli-

291 1572 376 1620 cet
401 1565 636 1630 evoluto,
663 1561 754 1634 qui
783 1565 972 1619 unicus
994 1561 1155 1618 datur
1176 1561 1296 1617 a'S.
1330 1561 1623 1634 Benedicto
1649 1565 1716 1619 ad
1748 1579 1870 1633 pro-

291 1635 588 1698 bationem,
615 1631 762 1691 ut‘ex
785 1634 889 1690 hoc
912 1633 1088 1704 capite
1121 1641 1307 1689 notum
1331 1641 1441 1704 est,
1465 1631 1618 1704 cujus
1652 1631 1868 1690 institu-

293 1707 454 1762 tionis
484 1722 516 1760 a
558 1705 616 1760 8.
655 1705 946 1760 Benedicto
966 1701 1142 1776 facta:
1179 1703 1379 1776 m_entio
1416 1701 1473 1756 fit
1510 1703 1562 1757 in
1602 1705 1868 1776 rescripto

291 1777 581 1832 Alexandri
598 1776 647 1848 ll
671 1791 820 1848 papae
845 1776 913 1830 ad
938 1775 1180 1848 Udonem
1207 1773 1603 1848 Trevirensem,
1625 1783 1680 1830 et
1699 1773 1868 1830 Theo-

292 1848 535 1904 doricum
564 1844 966 1903 Verdunensem
992 1847 1272 1916 episcopos
1305 1844 1680 1916 apud_Ivonem
1702 1861 1755 1914 p.
1787 1862 1860 1912 vi,

290 1891 564 1987 agitis,
585 1891 966 1982 suum:
989 1891 1865 1987 ﬁﬁlsfcﬁjiftliéinfﬁéééciii
1893 1891 1941 1952 Β

327 1984 447 2044 sere
479 1988 708 2056 spatium
735 1987 795 2042 S.
827 1984 1094 2042 Caesarius
1125 2001 1244 2056 cap.
1285 1984 1319 2056 5
1359 2000 1523 2055 supra
1558 1984 1753 2052 citato;
1801 1986 1860 2043 S.

335 2003 447 2044 sere
479 2002 708 2056 spatium
735 2002 795 2042 8.
827 2002 1094 2042 uesanus
1125 2002 1188 2041 ca
1231 2026 1244 2040 .
1285 2002 1319 2038 ο
1359 2002 1523 2055 supra
1558 2002 1753 2052 enato;
1801 2002 1860 2043 δ.

335 2058 575 2114 erreolus
587 2073 712 2129 cap.
738 2056 772 2111 5
797 2073 906 2112 suae
931 2002 1248 2129 Regulag.
1271 2054 1599 2129 Fructuosus
1621 2058 1860 2129 archiep.

291 2145 410 2199 cap.
438 2129 498 2183 2t
520 2169 538 2194 ,
567 2126 898 2184 Fructuosus
923 2126 1061 2183 alter
1085 2144 1134 2183 ε.
1169 2126 1263 2199 I8;
1306 2126 1558 2199 Magister
1595 2142 1713 2198 cap.
1756 2126 1860 2199 90;

288 2196 571 2270 ct'Regula
598 2199 982 2254 Tarnatensis:
1010 2218 1028 2249 ‹
1051 2199 1115 2253 Ει
1138 2198 1242 2252 nisi
1270 2196 1484 2270 expleto
1512 2196 1864 2270 anno—nullus

290 2267 500 2340 mutare
549 2270 790 2325 habitum
833 2270 1239 2340 permittatur.»
1304 2267 1450 2340 Idem
1498 2269 1754 2340 statuitur
1809 2269 1864 2324 in

290 2354 444 2395 conc.
471 2339 745 2395 Aurelian.
778 2337 852 2403 v,_
871 2356 988 2410 cap.
1014 2341 1118 2410 I9,
1161 2339 1226 2396 de
1255 2337 1446 2409 puellis
1477 2339 1560 2410 vel
1591 2355 1710 2409 qua:
1734 2355 1863 2409 pro-

287 2409 407 2480 pria
437 2410 707 2464 voluntate
731 2408 1118 2480 monasterium
1145 2408 1422 2480 expetunt,
1455 2408 1548 2480 vel
1567 2408 1865 2479 a’parenti-

287 2476 390 2534 bus
425 2480 742 2534 offeruntur.
781 2479 837 2534 8.
877 2480 1131 2542 Isidorus,
1172 2476 1291 2548 cap.
1322 2476 1641 2548 47Regulm,
1668 2481 1864 2548 proba-

288 2549 490 2604 tionem
518 2549 788 2605 contraxit
824 2551 891 2605 ad
933 2550 1202 2603 trimestre
1242 2547 1498 2618 Spatium.
1545 2547 1714 2613 Alias,
1749 2565 1864 2605 ma-

287 2619 433 2675 xime
460 2620 516 2675 in
550 2619 792 2685 Oriente,
824 2629 935 2676 tres
961 2619 1088 2674 anni
1119 2616 1864 2690 conce‘debanturiantequam

287 2690 647 2746 ascriberetur
681 2690 932 2746 novitius'
954 2691 1007 2745 in
1045 2704 1328 2745 numerum
1363 2689 1770 2756 monachorum,
1804 2699 1866 2746 ut

288 2759 516 2832 habetur
534 2762 595 2817 C.
625 2759 912 2832 L.7Servis,
939 2760 965 2832 §
994 2776 1210 2832 uerum._
1253 2757 1330 2813 De
1359 2758 1639 2832 Episcopis
1663 2768 1718 2816 et
1745 2761 1866 2816 Cle.

289 2830 434 2895 ricis,
473 2839 578 2886 etc.
622 2854 640 2883 ι
670 2829 960 2910 Yerumnet'
980 2831 1025 2910 si
1065 2830 1309 2910 legitimo
1345 2829 1607 2910 probatus
1645 2832 1862 2910 eriperi-

286 2910 468 2970 rneuto
492 2902 787 2956 monachus
813 2899 1095 2965 efficiatur,
1125 2899 1318 2955 evadet
1341 2899 1527 2970 jugum
1560 2899 1860 2958 servitutis.

287 2968 494 3041 Debent
522 2973 668 3027 enim
699 2987 795 3041 per
833 2971 1120 3026 triennium
1153 2968 1442 3040 antequam
1483 2971 1732 3026 monachi
1755 2972 1865 3026 efIi.

287 3040 498 3096 ciantur
545 3043 599 3098 in
642 3040 972 3096 menasterio
1016 3056 1364 3110 permanere;
1407 3050 1593 3109 postea
1641 3058 1771 3098 vero
1817 3043 1863 3099 si

287 3113 536 3169 monachi
568 3113 695 3168 facti
734 3111 953 3177 fuerint,
991 3111 1146 3166 liberi
1172 3120 1350 3166 erunt.
1375 3131 1392 3163 ι
1433 3111 1580 3167 Idem
1607 3113 1865 3170 statuitur

287 3179 507 3238 Novella
558 3183 592 3237 5
619 3182 906 3239 Iustiniani
937 3182 1299 3253 imperatOris,
1336 3196 1456 3251 cap.
1497 3181 1532 3236 2
1563 3202 1574 3237 :
1610 3202 1628 3234 ε
1675 3183 1863 3240 Sanci-

1963 615 2197 686 gatione,
2228 627 2249 655 ο
2277 617 2455 672 sciens
2497 633 2555 672 se
2592 617 2710 690 lege
2735 619 2954 691 Regulae
2987 623 3358 693 constitutum,
3397 629 3543 699 quod

1963 724 2030 764 ex
2065 709 2154 762 illa
2199 707 2294 764 die'
2336 726 2445 765 non
2500 711 2663 766 liceat
2707 713 2889 783 egredi
2929 715 2996 769 de
3041 719 3392 786 monasterio,
3438 737 3542 780 nec

1962 800 2159 856 collum
2185 810 2440 858 excutere
2467 803 2533 858 de
2563 803 2663 858 sub
2683 803 2813 876 jugo
2846 805 3084 876 Regulre,
3120 824 3283 879 quam
3309 811 3412 868 sub
3432 819 3543 869 tam

1963 909 2180 949 morosa
2206 894 2597 952 deliberatione
2627 896 2780 952 licuit
2806 897 2857 953 ei
2880 897 2907 938 (ι
2939 914 3226 967 excusare,
3249 913 3342 958 aut
3365 906 3543 961 susci-

1962 999 2112 1056 pere.
2141 997 2166 1025 °
2210 984 2598 1057 Suscipiendus
2620 996 2801 1044 autem
2845 989 2900 1044 in
2927 991 3170 1047 oratorio
3209 1007 3395 1050 coram
3417 1008 3541 1052 om-

1963 1078 2122 1134 nibus
2155 1077 2176 1117 ί
2213 1080 2493 1150 promittat
2519 1081 2585 1136 de
2606 1080 2899 1138 stabilitate
2925 1099 3021 1138 sua
3048 1087 3072 1124 ⁸
3101 1093 3158 1139 ει
3185 1090 3546 1146 conversione

1964 1217 2108 1291 sent,
2139 1226 2202 1266 ac
2237 1212 2348 1291 suis
2386 1211 2553 1291 rebus
2577 1213 2814 1284 perfecte
2850 1217 3275 1291 renuntiassent,
3310 1222 3546 1291 propriis

1963 1282 2112 1337 exuti
2157 1283 2396 1337 vestibus
2431 1282 2618 1338 habitu
2657 1285 2972 1341 monachico
3014 1289 3083 1343 ah
3126 1282 3326 1346 abbate
3361 1282 3545 1348 coram

1963 1351 2223 1432 fratribus
2265 1352 2639 1432 induebamur.
2697 1354 2754 1410 Si
2803 1371 2931 1411 vero
2977 1373 3236 1427 processu
3285 1363 3546 1432 temporis

1963 1438 2058 1479 eos
2086 1423 2152 1498 in'
2170 1428 2358 1477 sancto
2385 1425 2660 1498 proposito
2688 1442 2794 1480 non
2831 1423 2994 1496 posse
3016 1438 3259 1498 perstare
3295 1423 3544 1486 animad-

1964 1493 2401 1572 vertissentjex’
2435 1495 2668 1572 quadam
2727 1493 3310 1572 murmurat-inuisae!
3365 1518 3545 1572 parvze

1966 1511 2256 1548 vertissent
2282 1511 2378 1574 ,ει
2435 1511 2668 1616 quanam
2727 1511 3167 1554 murmuratioms
3225 1511 3310 1556 vel
3365 1518 3545 1572 parvae

1966 1563 2347 1634 inobedientlae
2385 1578 2540 1634 cupa
2559 1605 2574 1629 ,
2609 1581 2704 1621 eos
2734 1567 2896 1622 rebus
2923 1569 3235 1625 monasticis
3264 1581 3456 1627 exutos
3493 1581 3550 1627 et

1967 1635 2080 1708 suis
2110 1633 2325 1708 indutos
2349 1633 2670 1708 ejiciehant;
2701 1637 2746 1691 si
2775 1653 2902 1693 vero
2929 1639 3064 1693 nihil
3087 1639 3350 1708 ejusmodi
3382 1644 3436 1697 in
3467 1643 3548 1698 cis

1968 1703 2467 1828 deprehendissent,
2507 1706 2879 1772 admittebant,
2915 1703 3211 1780 eorumque
3237 1722 3414 1769 vestes
3450 1729 3550 1767 sa:-

1969 1791 2034 1828 cu
2059 1790 2180 1828 ares
2211 1775 2542 1828 Dauneribus
2577 1779 2891 1828 eroszabant.
2931 1778 3041 1828 Nec
3081 1791 3256 1828 tamen
3303 1782 3408 1828 illis
3434 1782 3548 1828 tm-

1969 1775 2180 1857 culares
2211 1775 2558 1857 pauperibus
2577 1779 2891 1857 erogabant.
2930 1778 3041 1857 Nec
3081 1775 3257 1857 tamen
3303 1782 3408 1838 illis
3433 1782 3548 1857 fraj

1969 1853 2111 1900 trum
2162 1846 2561 1920 congregationi
2611 1846 2950 1920 commisceri
2987 1852 3402 1920 permittebant,
3455 1853 3552 1908 sed

1967 1931 2064 1989 eo_s_
2087 1915 2308 1989 seniori,
2331 1917 2436 1989 qui
2475 1931 2584 1972 non
2629 1919 2817 1989 procul
2854 1935 2885 1974 a
2928 1915 3239 1977 monasterii
3284 1915 3550 1979 vestibulo

1967 1987 2157 2061 cellam
2192 1987 2440 2061 habebat,
2479 1995 2534 2043 et
2561 1987 2748 2044 curam
2787 1991 3056 2061 hospitum
3095 1994 3340 2061 gerebat,
3369 1995 3552 2049 trade-

1965 2057 2117 2140 bant,
2148 2064 2216 2139 ut.
2233 2058 2612 2140 anno_integro
2635 2075 2758 2114 cum
2776 2057 2920 2116 omni
2945 2057 3246 2140 humilitate
3266 2057 3552 2133 et'patien-

1965 2128 2040 2183 tia
2079 2127 2347 2204 servirent
2379 2127 2680 2204 hospitibus
2702 2149 2714 2184 :
2739 2146 2846 2204 quo
2885 2130 3144 2198 revoluto,
3190 2133 3236 2188 si
3272 2127 3392 2204 qua:
3427 2150 3552 2190 sua-

1965 2199 2537 2274 rum_partium_eran_t
2565 2201 2617 2274 in
2643 2199 3120 2274 hospitiostrenue
3144 2199 3383 2274 egissent
3405 2245 3421 2268 ,
3453 2206 3547 2260 uni

1963 2283 2033 2343 ex
2069 2269 2286 2324 decanis
2316 2269 2614 2343 disciplinis
2654 2269 2985 2343 spiritalibus
3011 2269 3281 2329 imbuehdi
3308 2276 3551 2331 commit-

1966 2339 2234 2402 tebantur,
2265 2347 2326 2394 ut
2350 2338 2468 2394 fuse
2495 2338 2990 2400 narrat'Cassianus
3016 2343 3139 2398 libr.
3164 2360 3219 2399 ιν
3244 2345 3310 2400 de
3335 2345 3550 2401 Institu-

1965 2410 2035 2464 tis
2063 2409 2530 2485 Renuntiantium,
2555 2413 2818 2485 capitibus
2843 2413 2900 2479 5,
2928 2413 2962 2467 4
2998 2421 3053 2468 ει
3077 2428 3172 2485 seq

2037 2490 2059 2518 ο
2107 2477 2394 2553 _Scieu5_se_
2427 2477 2788 2553 lege_Regula:
2833 2477 3191 2538 constitutum.
3241 2484 3402 2540 Varie
3444 2485 3549 2540 hoc

1964 2549 2265 2622 membrum
2296 2548 2510 2620 legitur.
2547 2551 2605 2605 In
2628 2548 2859 2622 vulgatis
2881 2570 2986 2608 non
3013 2563 3095 2609 est
3116 2555 3173 2609 τὸ
3192 2571 3266 2619 se,
3290 2555 3342 2609 in
3365 2555 3550 2610 multis

1965 2619 2085 2690 aliis
2114 2619 2365 2690 habetur,
2393 2635 2457 2675 ex
2487 2636 2594 2690 quo
2621 2619 2926 2677 faciendum
2948 2631 3031 2678 est
3059 2625 3302 2689 verbum,
3333 2641 3463 2688 esse,
3495 2633 3552 2680 et

1963 2689 2282 2763 legendum:
2308 2689 2491 2763 Sciens
2520 2708 2630 2746 esse
2656 2691 2765 2763 lege
2791 2691 3004 2763 Regula:
3032 2695 3390 2748 constitutum.

2033 2759 2061 2821 si
2115 2759 2405 2815 Excusare.
2453 2760 2665 2830 Optima
2692 2759 2885 2817 lectio:
2914 2762 2992 2818 Ita
3014 2779 3203 2819 omnes
3223 2764 3437 2820 codices
3458 2781 3552 2820 no-

1965 2831 2061 2886 stri
2093 2845 2223 2901 mss.
2262 2845 2383 2901 cum
2421 2830 2631 2886 Kerone
2661 2833 2712 2885 in
2743 2833 3076 2901 expositione
3109 2833 3420 2890 Alamanica
3452 2852 3550 2890 vo-

1965 2899 2289 2973 cabulorum
2311 2899 2527 2971 Regula:
2553 2901 2611 2956 S.
2643 2899 2936 2957 Benedicti.
2979 2902 3293 2973 Smaragdo,
3321 2903 3378 2959 S.
3406 2906 3551 2959 Dun-

1964 2979 2120 3028 stano
2158 2978 2214 3024 et
2247 2970 2689 3034 Turrecrcmata;
2723 2979 2778 3026 et
2814 2988 3064 3028 excusare
3106 2970 3208 3030 hoc
3247 2973 3365 3028 loco
3406 2974 3547 3032 idem

1963 3048 2082 3108 est,
2135 3039 2278 3111 quod
2327 3058 2610 3118 recusare:
2634 3040 2836 3118 G_loss:e
2878 3053 3091 3118 veteres
3123 3062 3135 3097 ;
3177 3051 3546 3118 gapgnot'ltm.

1964 3128 2174 3186 eremo,
2201 3112 2929 3186 recuso.Pontiuspiaconus
2951 3115 3003 3186 in
3030 3112 3152 3169 Vita
3177 3114 3234 3170 S.
3251 3112 3545 3186 Cypriani:

1971 3201 1990 3236 ι
2010 3183 2186 3265 Magis.
2209 3182 2363 3265 enim
2397 3183 2864 3265 dignusieffic’itur,
2893 3183 2985 3255 qui
3007 3182 3552 3265 quod__merét‘nr,.ex-

286 3267 410 3308 mus
452 3270 580 3326 ergo
622 3270 806 3310 sacras
840 3247 1126 3327 sequentes
1161 3253 1375 3324 regulas
1401 3247 1480 3308 eis
1506 3253 1596 3322 qui
1628 3255 1863 3327 singula-
1890 3247 1934 3309 C
1967 3247 2159 3327 cusatL
2173 3254 2227 3308 id
2252 3261 2354 3317 est,
2392 3247 2625 3327 recusat.
2653 3275 2670 3306 ι
2714 3253 2774 3327 8.
2811 3247 3107 3327 Gregorius
3142 3247 3473 3327 TuronettSis
3495 3259 3550 3312 in

288 3337 404 3377 rem
444 3327 906 3380 conversationem
942 3325 1263 3394 profitentur
1305 3332 1700 3395 nonprompte
1722 3325 1865 3381 'mox

287 3408 329 3464 a
355 3396 817 3450 reverendissimis
843 3393 1160 3464 praesulibus
1185 3393 1573 3450 venerabilium
1605 3393 1869 3452 monaste-

288 3463 490 3536 riorum
545 3465 784 3518 habiturn
837 3463 1114 3536 percipere
1170 3464 1578 3536 monachalem;
1627 3465 1720 3536 sed
1769 3481 1867 3536 per

288 3533 580 3588 triennium
603 3543 793 3598 totum,
819 3534 934 3587 sive
955 3533 1111 3588 liberi
1141 3534 1267 3598 sint,
1296 3534 1411 3586 sive
1439 3533 1607 3597 servi,
1638 3533 1866 3592 tolerare

285 3601 525 3658 nondum
582 3604 821 3660 hzbitum
879 3603 1237 3658 monasticam
1287 3612 1678 3672 promerentes.
1717 3625 1736 3656 ι
1799 3607 1867 3662 Et

285 3673 448 3743 paulo
497 3683 663 3744 post:
705 3673 810 3728 «Et
857 3673 981 3727 dum
1033 3673 1264 3744 triennio
1315 3681 1426 3744 toto
1473 3676 1867 3744 permanserint

286 3743 518 3813 Optimos
543 3745 862 3814 semetipsos
887 3751 944 3799 et
980 3743 1284 3799 tolerabiles
1314 3743 1435 3799 aliis
1465 3743 1743 3801 monachis
1773 3748 1865 3803 de-

287 3823 654 3870 monstrantes
668 3815 766 3888 hos
781 3814 1131 3888 monasticam
1147 3814 1443 3888 promereri
1474 3826 1676 3888 vestem
1701 3826 1864 3888 atque

289 3892 588 3956 tonsuram.
611 3907 630 3937 ι
671 3885 814 3941 Idem
829 3885 1863 3956 statuitsynodusConstantinopolitana

285 3955 456 4030 prima
485 3996 504 4030 ί,
547 3964 601 4030 ει
637 3957 872 4030 secunda
907 3971 1026 4010 can.
1058 3953 1104 4010 ’5
1135 3973 1148 4009 :
1175 3954 1388 4030 Ὠρισεν
1423 3953 1507 4012 οὖν
1543 3953 1643 4014 διοῖ
1658 3965 1807 4016 τοῦτο
1833 3964 1862 4022 ἠ

285 4025 404 4100 ἁγία
429 4026 639 4114 surcido;
665 4027 853 4117 ζιηδὲνα
883 4033 976 4082 τοῦ
1012 4025 1293 4115 μοναχοξόὗ
1329 4031 1690 4117 καξταξιοῦσθαι
1723 4036 1864 4117 0:173-

285 4099 466 4174 μάτρς,
503 4102 629 4174 inpia
659 4099 718 4155 ἂν
742 4108 833 4174 τῆς
873 4099 1322 4174 spatiarer/fove;
1365 4102 1441 4174 u';_
1478 4107 1663 4174 πεῖραν
1692 4099 1862 4174 quia;

284 4169 477 4239 ἁφεθδὶς
498 4167 734 4240 δόκίμους
756 4167 940 4228 αὐτοὺς
964 4172 1047 4224 καὶ
1067 4167 1232 4234 aside;
1253 4177 1344 4241 τῆς
1363 4167 1665 4241 vultuum;
1687 4172 1862 4241 βιοτῆς

285 4239 612 4308 καταστήσῃ.
645 4241 702 4296 Id
743 4249 846 4304 est,
885 4258 902 4290 ι
925 4247 1208 4308 propterea
1253 4239 1418 4308 igitur
1455 4239 1695 4294 decrevit
1738 4257 1863 4296 san-

285 4317 371 4363 cta
400 4297 654 4381 synodus,
704 4320 763 4364 ut
805 4297 963 4381 nemo
992 4297 1242 4364 monachi
1272 4297 1458 4364 habitu
1489 4310 1681 4381 dignus
1711 4323 1863 4380 pute-

286 4386 391 4450 tur,
427 4380 740 4449 priusquam
769 4379 983 4434 triennii
1021 4388 1234 4450 tempus
1262 4381 1341 4434 eis
1376 4381 1442 4434 ad
1470 4379 1860 4450 experientiam

284 4448 529 4520 relictum
560 4448 654 4506 ens
683 4451 938 4520 probatos
963 4459 1018 4504 et
1040 4449 1230 4520 dignos
1263 4465 1382 4505 esse
1420 4451 1510 4506 tali
1543 4448 1653 4504 vita
1681 4461 1862 4506 osten-

283 4519 442 4592 derit.
468 4541 484 4571 ι
527 4521 603 4576 De
641 4519 829 4576 eadem
867 4536 926 4575 re
967 4521 1078 4592 agit
1108 4519 1336 4592 Photins
1369 4522 1423 4576 in
1459 4521 1857 4590 Nomocanone,

1969 3325 2109 3382 Vitis
2127 3324 2371 3387 Patrum,
2401 3340 2522 3394 cap.
2552 3324 2584 3378 5
2613 3342 2626 3377 :
2658 3343 2676 3374 ‹
2703 3323 2853 3388 Quod
2883 3323 2972 3378 ille
3001 3325 3226 3394 diversis
3256 3326 3429 3379 modis
3452 3342 3549 3380 cx-

1969 3410 2165 3466 cnsans
2185 3393 2475 3466 _asser_e_bat
2497 3394 2598 3448 hoc
2623 3410 2728 3466 non
2753 3408 2910 3462 posse
2945 3393 3078 3466 fieri.
3102 3413 3120 3444 ›
3173 3394 3399 3466 Rufinus
3425 3410 3546 3466 cap.
3607 3417 3622 3432 -

1967 3465 2038 3518 42
2070 3463 2302 3517 lnstitut.
2333 3462 2541 3517 Monast
2565 3481 2577 3517 :
2608 3462 2708 3534 (Si
2743 3472 2921 3518 autem
2949 3463 3086 3534 ratio
3109 3472 3192 3534 est
3217 3463 3416 3532 aliqua,
3441 3462 3550 3534 qua

1968 3535 2071 3589 sibi
2108 3541 2254 3588 recte
2291 3547 2551 3604 excusare
2589 3533 2838 3604 videatur
2860 3549 3005 3604 ropus
3040 3533 3170 3587 illud
3203 3536 3344 3604 quod
3385 3533 3551 3591 excu-

1969 3613 2071 3661 sat.
2096 3624 2154 3685 Dn
2176 3604 2322 3685 Ergo
2351 3603 2663 3685 in-vulgatis
2691 3603 2831 3658 male
2843 3603 3080 3685 legitur,
3110 3603 3368 3685 recusare.

2043 3687 2066 3714 θ
2117 3673 2490 3745 Suscipiendus
2534 3673 2598 3745 in
2657 3673 2925 3745 oratorio.
2985 3674 3152 3729 Recte
3207 3674 3259 3729 in
3311 3677 3550 3731 oratorio

1966 3743 2288 3812 emittuntur
2314 3753 2439 3798 vota
2466 3762 2478 3797 :
2503 3743 2627 3814 quia
2657 3744 2806 3799 locus
2836 3759 2991 3799 sacer
3014 3753 3096 3800 est
3119 3761 3133 3809 ;
3161 3752 3216 3799 et
3239 3745 3328 3815 qui
3361 3746 3552 3801 solem-

1966 3833 2088 3873 nem
2127 3815 2324 3870 emittit
2362 3815 2751 3884 professionem
2794 3815 2903 3869 Deo
2949 3830 3007 3870 se
3051 3824 3355 3870 consecrat.
3404 3815 3548 3871 Idem

1967 3887 2154 3944 statuit
2181 3885 2237 3958 8.
2271 3886 2600 3958 Fructuosus
2627 3885 3063 3958 archiepiscopus
3089 3901 3205 3955 cap.
3235 3887 3294 3958 ει
3332 3886 3550 3958 Regula».

1965 3975 2114 4015 sum:
2149 3977 2165 4007 ‹
2189 3957 2414 4027 Expleto
2439 3973 2580 4028 anno
2613 3956 2872 4028 probatus
2910 3958 3149 4028 moribus
3182 3964 3236 4009 et
3276 3956 3550 4028 laboribus

1964 4031 2234 4092 elimatus,
2265 4026 2516 4098 percepta
2547 4026 2852 4082 in'ecclesia
2877 4027 3284 4094 benedictione,
3315 4027 3546 4084 fratrum

1963 4100 2220 4157 societate
2246 4100 2492 4153 donetur.
2515 4119 2532 4150 ι

2039 4170 2060 4209 ί
2107 4169 2388 4224 Promittat
2413 4168 2476 4224 de
2496 4168 2778 4224 stabilitate
2799 4185 2916 4222 sua.
2962 4166 3241 4224 Stabilitas
3267 4167 3356 4224 illa
3385 4178 3470 4225 est
3491 4169 3545 4224 in

1963 4240 2410 4311 congregatione,
2442 4248 2502 4311 ut
2531 4239 2654 4293 alibi
2690 4238 2748 4293 S.
2779 4237 3102 4311 Benedictus
3134 4239 3408 4311 loquitur,
3444 4241 3547 4295 hoc

1961 4308 2150 4377 estfin
2173 4308 2429 4364 emnobio
2462 4309 2690 4363 fratrum
2723 4311 2775 4362 in
2804 4308 3192 4363 communitate
3211 4308 3541 4373 viventium;

1959 4398 2060 4453 per
2099 4395 2260 4453 quam
2295 4380 2600 4434 excluditur
2627 4389 2801 4433 status
2831 4377 3173 4453 eremiticus,
3202 4378 3294 4453 qui
3325 4379 3542 4448 quidem

1962 4447 2292 4506 mena—sticus
2321 4459 2426 4515 est,
2455 4464 2561 4504 non
2599 4457 2778 4502 tamen
2806 4447 3146 4509 cmnobialis;
3167 4449 3247 4502 .ad
3276 4447 3433 4517 quem
3467 4457 3545 4502 ta-

1961 4538 2084 4577 men
2114 4521 2412 4574 monachus
2449 4520 2503 4573 in
2542 4517 2954 4588 congregatione
2982 4518 3176 4589 vivens
3213 4518 3419 4573 traduci
3450 4535 3546 4589 po-

284 4590 348 4669 tit
376 4607 438 4654 u,
471 4607 589 4669 cap:
622 4592 674 4646 5.
715 4593 771 4646 In
801 4607 956 4646 conc.
984 4587 1358 4647 A'urclianensi
1388 4608 1440 4656 v,
1469 4609 1589 4647 can.
1618 4587 1860 4669 i9,_san;
1883 4597 1936 4657 D
1963 4601 2086 4648 test.
2137 4589 2247 4669 Nec
2281 4590 2441 4669 solvit
2469 4589 2621 4669 priiis
2640 4596 2838 4669 votum
2861 4603 2876 4640 :
2901 4588 3026 4669 quia
3066 4587 3248 4669 liceta
3275 4596 3418 4669 statu
3445 4587 3545 4645 ini-

281 4661 698 4725 ctimonialibus,
741 4677 860 4730 qua:
900 4677 1006 4715 non
1041 4671 1301 4730 perpetuo
1339 4671 1587 4718 tenentur
1616 4663 1855 4729 inclusa},

281 4732 616 4804 probationis
636 4732 942 4804 triennium
978 4740 1103 4804 ante
1141 4732 1358 4788 habitus
1381 4734 1738 4804 sumptionem
1767 4734 1861 4804 de-

282 4800 542 4874 cernitur.
589 4802 749 4874 Idem,
779 4800 1042 4874 triennale
1081 4804 1312 4874 spatium
1348 4800 1721 4874 pmsériptum
1759 4803 1860 4874 fuit

283 4871 340 4926 8.
379 4873 669 4928 Pachomio
707 4873 774 4928 ab
814 4871 1035 4940 angelo,
1072 4881 1133 4926 ut
1165 4871 1364 4943 videre
1386 4882 1469 4927 est
1510 4871 1650 4943 apud
1693 4873 1861 4929 Palla-

280 4943 448 5008 dium,
467 4959 584 5013 cap.
610 4944 679 4998 58
704 4961 716 4996 :
739 4943 832 4998 Τὸν
860 4944 1028 5015 μέντοι
1057 4941 1336 4998 εἰσελθόντα
1363 4945 1444 5015 εἶς-
1463 4941 1601 5008 ἆπὰξ
1643 4953 1860 5015 συμμεῖ-

277 5019 617 5088 γᾳι-οιὺτοῖς,
661 5017 744 5070 ἐπὶ
787 5013 1010 5088 τριετίαν
1052 5016 1122 5073 εἰς
1175 5015 1344 5088 air/cibo:
1387 5013 1682 5088 cide-rantur)
1713 5013 1856 5088 δέξῃ,

279 5086 402 5159 aias
431 5083 794 5159 ἕργοτικώτιρα
820 5082 965 5158 ’ἔργα
996 5082 1223 5159 «cingere
1265 5083 1428 5144 οὕτως
1462 5087 1532 5146 εἰς
1563 5084 1626 5159 to
1654 5082 1858 5159 ρ’τὰδιὸν

281 5153 561 5225 fugat-Itiro;
589 5153 832 5226 μετάἒήγ
858 5153 1098 5226 ⁸ἰνριιτίαν.
1123 5153 1177 5207 ld
1205 5161 1308 5216 est,
1346 5175 1363 5203 ς
1387 5170 1510 5226 eum
1535 5153 1626 5224 qui
1652 5154 1859 5226 illgI‘CS-f

280 5223 373 5281 sus
421 5235 504 5280 est
550 5223 617 5278 ad
659 5223 826 5279 semel
871 5223 1195 5293 manendum
1240 5239 1361 5279 cum
1401 5224 1526 5288 illis,
1554 5223 1743 5293 usque
1790 5225 1857 5280 ad

282 5297 568 5352 triennium
603 5311 709 5349 non
755 5292 1014 5360 suscipies
1049 5295 1116 5347 ad
1157 5303 1426 5349 certamen
1462 5309 1641 5348 rerum
1663 5292 1859 5348 ’secre-

281 5369 508 5430 tim'um;
556 5365 648 5421 sed
685 5381 806 5420 cum
847 5361 1144 5434 difﬁciliora
1176 5379 1336 5434 opera
1375 5365 1582 5428 fecerit,
1623 5363 1700 5418 sic
1735 5372 1857 5434 post

282 5437 571 5493 triennium
619 5437 838 5493 accedat
879 5433 946 5488 ad
987 5433 1242 5489 stadium.
1267 5455 1284 5486 ι
1341 5435 1494 5502 Quod
1537 5433 1747 5505 spectat
1787 5435 1855 5489 ad

280 5509 414 5563 alios
443 5505 659 5576 Egypti
700 5505 990 5576 monachos
1025 5507 1160 5560 ratio
1201 5507 1305 5560 alia
1347 5505 1627 5576 fuitcirca
1661 5505 1857 5576 proba-

280 5577 442 5634 tionis
467 5575 719 5646 spatium.
753 5576 868 5632 Non
901 5575 1044 5630 enim
1083 5576 1354 5631 candidati
1397 5575 1548 5646 prius
1583 5575 1724 5647 apud
1761 5589 1856 5647 eos

280 5644 698 5704 admittebantur
727 5647 782 5701 in
805 5647 1188 5704 monasterium
1218 5662 1380 5717 quam
1397 5644 1592 5702 decem
1618 5644 1750 5717 dies,
1770 5644 1855 5701 vel

280 5719 509 5790 amplius
536 5718 893 5790 excubassent
917 5733 1021 5790 pro
1035 5716 1248 5790 foribus
1270 5717 1583 5790 monasterii
1611 5716 1854 5772 omnium

279 5787 510 5871 fratrum
535 5787 772 5871 ludibrio
801 5787 1051 5871 expositi,
1081 5789 1174 5871 qui
1201 5803 1294 5844 eos
1333 5789 1509 5870 dedita
1535 5802 1854 5871 operacon-

280 5859 440 5918 viciis
468 5857 913 5928 proscindebant;
953 5876 1075 5930 quae
1100 5857 1158 5917 ei
1195 5875 1350 5930 aequo
1386 5857 1853 5930 animo'pertulis-

1960 4679 2064 4718 nus
2089 4660 2328 4732 perfecto
2354 4661 2422 4732 ad
2447 4658 2826 4732 perfection-ni
2858 4658 3088 4732 migrare
3112 4675 3127 4724 ;
3156 4668 3209 4714 et
3229 4659 3320 4732 qui
3345 4670 3504 4732 vovet
3525 4700 3541 4722 .

1960 4749 2068 4788 non
2089 4726 2170 4787 ita
2195 4747 2253 4787 se
2278 4726 2550 4800 astringit,
2577 4737 2635 4784 ut
2662 4743 2760 4798 per
2780 4726 3039 4800 ejusmodi
3067 4726 3263 4800 votum'
3281 4730 3540 4800 impedia—

1960 4815 2070 4869 tur,
2119 4801 2405 4883 quominus
2449 4798 2516 4854 ad
2565 4806 2788 4883 statum“
2807 4798 3189 4883 perfectiorem.
3229 4798 3544 4883 Deo’inspi-

1959 4867 2113 4928 rante
2137 4867 2435 4942 aliquando
2495 4869 2717 4939 gradum
2763 4867 2952 4936 faciat;
2996 4870 3193 4942 alioqui
3233 4879 3418 4942 votum
3459 4867 3542 4925 in-

1960 4953 2144 5014 eptum
2177 4940 2339 4998 esset.
2376 4940 2645 4995 Praeterea
2691 4940 3216 5014 statu_s__ceenobialis
3257 4940 3542 4994 ordinatur

1959 5007 2025 5068 ad
2051 5014 2411 5073 eremiticum,
2437 5019 2626 5073 estque
2661 5009 2748 5063 via
2777 5009 2844 5063 ad
2877 5007 3045 5073 illum,
3079 5018 3134 5063 ut
3164 5019 3346 5064 notum
3365 5019 3449 5064 est
3471 5028 3538 5066 ex

1958 5085 2132 5152 capite
2169 5084 2352 5154 primo
2382 5079 2628 5154 Regulze:
2655 5080 2914 5154 et‘sicin
2951 5079 3194 5154 cmnolno
3229 5079 3428 5154 debent
3460 5081 3540 5135 vi-

1957 5149 2085 5208 vere
2108 5149 2378 5217 monachi,
2408 5149 2774 5221 ut’aliqnando
2795 5149 2916 5221 vitae
2937 5150 3226 5221 eremiticm
3245 5150 3392 5220 digni
3416 5166 3540 5206 eva-

1958 5225 2110 5279 dant.
2154 5222 2420 5278 Prmterea
2449 5219 2802 5291 cummﬂegula
2828 5219 3087 5291 ejusmodi
3121 5219 3323 5291 statum
3359 5235 3538 5276 emno-

1956 5293 2086 5348 bitis
2117 5293 2395 5363 permittat
2427 5299 2479 5347 et
2514 5289 2794 5363 proponat,
2825 5289 2872 5363 is
2896 5290 3195 5363 non__violat
3219 5299 3400 5363 votum
3432 5301 3538 5346 sta-

1955 5360 2184 5418 bilitatis
2219 5363 2274 5416 in
2301 5362 2736 5433 congregatione,
2761 5360 2866 5433 qui
2907 5360 2974 5414 de
3010 5360 3224 5433 licentia
3262 5362 3468 5433 praelati
3505 5379 3538 5416 a

1957 5378 2184 5418 mutans
2219 5379 2274 5416 in
2301 5378 2736 5485 congregatione,
2777 5378 2866 5428 qui
2907 5378 2974 5414 ae
3010 5378 3224 5415 ncenna
3262 5378 3468 5433 praelati
3505 5379 3536 5416 a

1957 5443 2100 5489 statu
2126 5433 2446 5489 emnobitico
2468 5448 2496 5485 a
2562 5430 2898 5485 eremiticum
2920 5431 3236 5485 traducitur.
3292 5431 3434 5496 Dixi,
3468 5433 3536 5486 de

1955 5504 2168 5560 licentia
2193 5503 2419 5574 praelati.
2461 5501 2594 5574 Nam
2623 5499 2828 5574 praelati
2861 5508 2945 5553 est
2966 5497 3228 5574 judicare,
3258 5516 3335 5574 an_
3353 5516 3535 5556 emno—

1956 5575 2068 5632 hita
2104 5575 2175 5631 sit
2196 5571 2492 5629 eremitica:
2517 5571 2639 5626 vitae
2670 5571 2892 5625 idoneus
2911 5571 3071 5635 ,etad
3089 5571 3231 5624 illam
3255 5585 3284 5625 a
3310 5571 3420 5626 Deo
3440 5587 3532 5629 vo.

1954 5655 2043 5725 tus
2068 5664 2081 5700 :
2108 5661 2175 5725 ne
2201 5642 2630 5725 specieipietatis
2660 5649 2716 5696 et
2752 5641 2939 5696 umbra
2964 5656 2996 5696 a
3024 5641 3264 5696 daemone
3299 5641 3533 5714 decipia-

1953 5724 2066 5778 tur,
2097 5723 2157 5772 ut
2184 5712 2251 5773 de
2278 5712 2462 5770 multis
2485 5712 2698 5785 legitur.

2028 5790 2055 5828 ⁸
2090 5787 2158 5842 Ει
2185 5789 2514 5841 conversione
2539 5782 2742 5838 morum
2764 5799 2997 5838 suorum.
3046 5782 3184 5848 Quid
3205 5782 3274 5838 sit
3301 5797 3528 5839 conver-

1956 5857 2036 5915 sio
2060 5873 2269 5916 morum
2298 5855 2555 5928 praeclare
2586 5853 2744 5911 docet
2777 5853 2837 5910 S.
2873 5853 3156 5912 Anselmus
3181 5853 3413 5926 eleganti
3439 5853 3531 5910 illo
