4066 6342
282 385 415 446 1273

1197 383 1585 448 ῦοΝϐῢΙωΙΑ
1623 389 2079 453 REGULARUM.
2116 423 2190 442 —
2224 396 2379 455 CAP.
2413 395 2575 457 LXV.

3389 412 3525 474 1274

271 512 337 553 ac
367 461 620 568 psalmos,
659 503 688 538 ι
715 493 1175 589 quantospoterit
1195 495 1454 589 ediscere,
1482 505 1537 553 et
1565 499 1850 572 diligenter
1873 506 1928 569 Α
1950 504 2167 576 accipiet
2209 505 2506 578 centuplum
2530 507 2586 562 in
2609 511 2853 579 praesenti
2889 518 3139 585 tempore,
3175 526 3224 571 et
3265 518 3319 574 in
3345 519 3524 589 futuro
3563 497 3566 502 l

271 587 356 644 sui
383 588 807 658 experimentum
845 587 1026 653 dabit,
1071 587 1098 628 1³
1140 601 1210 643 ne
1245 588 1383 644 forte
1406 589 1532 646 mali
1569 593 1844 663 quippiam

270 675 460 733 fecerit
489 689 512 718 ο
542 685 600 733 et
641 679 887 734 turbatus
926 679 995 734 ad
1037 679 1228 734 horam
1271 680 1468 736 timore
1513 682 1840 749 discesserit,

270 777 364 824 aut
387 767 416 808 τι
441 769 541 823 sub
581 769 772 839 aliqua»
800 777 1067 840 potestate
1103 770 1196 826 sit.
1240 771 1308 826 Et
1331 780 1512 827 utrum
1558 774 1728 843 possit
1758 789 1846 830 re-

269 859 521 916 nuntiare
565 861 880 932 parentibus
913 863 1028 919 suis
1050 903 1066 929 ,
1113 871 1168 920 et
1195 865 1469 936 propriam
1497 873 1844 922 contemnere

267 947 599 1004 facultatem.
632 948 691 1005 Si
718 951 864 1005 enim
887 951 1122 1008 viderint
1152 961 1335 1023 aptum
1361 953 1430 1008 ad
1453 956 1654 1020 omnia,
1683 957 1844 1012 doce-

265 1035 413 1091 bitur
437 1047 493 1094 et
518 1037 754 1108 reliquas
782 1041 1098 1096 monasterii
1127 1040 1468 1114 disciplinas,
1502 1060 1637 1115 quas
1661 1043 1842 1103 facere

263 1127 486 1197 debeat,
537 1131 838 1202 quibusque
865 1134 1071 1190 servire
1114 1135 1229 1190 sive
1254 1136 1308 1190 in
1347 1136 1572 1192 collecta
1597 1137 1840 1192 omnium

260 1218 513 1287 fratrum,
544 1223 657 1278 sive
681 1234 706 1264 ο
735 1223 787 1278 in
813 1224 972 1279 domo
1002 1225 1088 1280 cui
1133 1225 1425 1281 tradendus
1448 1233 1548 1290 est,
1594 1227 1708 1282 sive
1734 1225 1754 1264 ί
1783 1227 1838 1283 in

258 1314 514 1370 vescendi
564 1315 782 1382 ordine,
823 1324 882 1369 ut
925 1317 1220 1372 instructus
1263 1327 1426 1386 atque
1474 1317 1748 1388 perfectus
1782 1319 1838 1375 in

240 1405 408 1473 omni
454 1420 616 1475 opere
652 1406 792 1461 bono
831 1406 1088 1464 fratribus
1133 1407 1435 1479 copuletur.
1483 1409 1634 1467 Tunc
1668 1411 1838 1467 nuda-

257 1494 396 1550 bunt
419 1510 544 1550 eum
566 1496 906 1552 vestimentis
932 1497 1304 1563 saecularibus,
1325 1505 1382 1554 et
1406 1497 1628 1554 induent
1648 1499 1838 1558 habitu

257 1587 669 1655 monachorum,
704 1589 1020 1659 tradentque
1045 1589 1287 1654 ostiario,
1321 1597 1381 1644 ut
1407 1590 1672 1647 oratibnis
1701 1600 1838 1648 tem-

253 1693 386 1750 pore
415 1680 647 1735 adducat
692 1695 816 1735 eum
842 1680 898 1735 in
942 1689 1235 1751 conspectu
1272 1682 1554 1749 omnium;
1601 1684 1838 1740 sedebit-

253 1785 358 1841 que
379 1771 435 1828 in
463 1772 582 1828 loco
609 1773 698 1828 ubi
724 1773 773 1830 ei
801 1782 1129 1845 praeceptum
1159 1773 1342 1830 fuerit.
1374 1775 1704 1831 Vestimenta
1731 1793 1834 1832 au-

1941 597 2137 653 swculo
2186 600 2344 653 vitam
2400 609 2651 655 teternam
2700 601 2895 674 (Marc.
2945 605 3025 678 x).
3072 617 3100 659 τι
3139 607 3525 670 Verumtamen

1943 703 2051 744 non
2075 698 2291 760 oportet
2312 706 2435 747 eum
2461 692 2548 747 his
2569 693 2662 763 qui
2693 693 2795 750 sibi
2824 711 2944 767 quae
2967 711 3064 752 sua
3091 707 3217 755 sunt
3237 700 3522 774 denegant,

1942 781 2221 848 resistere,
2244 781 2336 837 sed
2362 782 2522 838 fidem
2549 782 2749 853 facere,
2770 789 3080 858 protestari,
3108 800 3165 846 et
3184 793 3522 862 denuntiare,
3564 797 3570 802 ’

1940 869 2070 940 quia
2106 871 2373 943 sacrilegii
2407 874 2611 930 crimen
2660 874 2978 946 incurrunt,
3026 882 3320 938 secundum
3373 898 3525 938 man-

1939 959 2127 1016 datum
2181 955 2392 1018 Domini
2427 965 2698 1022 dicentis:
2730 966 2869 1034 Quia
2912 971 2959 1024 si
2993 981 3170 1040 peccat
3193 973 3248 1028 in
3284 983 3334 1029 te
3358 975 3526 1046 frater

1940 1061 2082 1120 tuus,
2129 1055 2261 1110 uade
2289 1065 2337 1112 et
2381 1073 2544 1128 argue
2594 1075 2711 1114 eum
2734 1059 2954 1132 (Matth.
2975 1063 3155 1137 xvm).
3207 1064 3274 1120 Et
3295 1065 3518 1137 reliqua.
3558 1072 3564 1077 ’

1938 1145 2150 1203 Iudicio
2192 1163 2324 1204 vero
2381 1150 2620 1220 experiri
2670 1152 2736 1207 de
2763 1153 2850 1209 his
2887 1155 3028 1225 apud
3075 1153 3287 1223 iudices
3340 1157 3521 1212 saeculi

1939 1237 2130 1294 abnuit
2155 1239 2430 1312 religionis
2460 1242 2754 1298 auctoritas
2801 1257 2901 1312 per
2948 1243 3002 1300 id
3029 1244 3172 1315 quod
3197 1245 3336 1301 dixit
3380 1245 3523 1317 Apo-

1937 1330 2154 1386 stolus:
2204 1331 2376 1386 Audet
2393 1331 2582 1404 aliquis
2629 1345 2852 1390 uestrum
2891 1339 3162 1408 negotium'
3189 1339 3384 1394 habens
3427 1340 3524 1394 ad-

1937 1437 2114 1476 versus
2137 1421 2299 1475 alium
2318 1422 2558 1494 judicari
2599 1425 2741 1496 apud
2770 1425 3010 1497 injustas,
3036 1437 3086 1484 et
3113 1445 3215 1484 non
3241 1429 3383 1501 apud
3403 1446 3527 1485 san-

1935 1523 2048 1570 ctos
2095 1515 2148 1586 (I
2170 1515 2294 1570 Cor.
2319 1515 2418 1590 vt).
2450 1517 2518 1573 Et
2549 1534 2800 1574 rursum:
2829 1531 2850 1560 τ
2879 1521 3017 1589 Quia
3036 1523 3156 1595 jam
3181 1525 3388 1597 quidem
3416 1541 3525 1578 om-

1937 1607 2062 1664 nino
2099 1608 2348 1664 delictum
2385 1620 2460 1665 est
2505 1610 2560 1664 in
2589 1611 2745 1678 vobis,
2777 1613 2903 1686 quia
2919 1615 3133 1686 judicia
3164 1617 3365 1674 habetis
3386 1619 3526 1674 inter

1935 1713 2028 1755 eos
2044 1697 2254 1771 (Ibid).

2147 1788 2175 1862 §
2198 1787 2331 1845 VIII.
2359 1820 2429 1830 —
2457 1790 2544 1846 Ea:
2579 1793 2763 1848 eadem
2791 1794 2992 1868 Regula
3037 1796 3176 1870 (cap.
3203 1798 3238 1855 6
3271 1799 3341 1872 ει).

253 1869 360 1916 tem
405 1877 524 1961 quae
553 1879 736 1919 secum
771 1864 1039 1961 detulerat
1073 1866 1350 1961 accipient
1375 1867 1491 1961 qui
1524 1867 1650 1924 huic
1677 1867 1726 1922 ei
1753 1869 1832 1924 rei
1859 1872 1912 1933 B
2011 1878 2274 1953 lnterrog.
2315 1881 2374 1937 Si
2413 1892 2626 1954 oportet
2678 1864 2883 1944 omnes
2909 1890 3001 1961 qui
3045 1864 3272 1947 veniunt
3298 1864 3378 1948 'ad
3417 1907 3549 1950 nos

248 1953 522 2021 przepositi
551 1963 698 2020 sunt,
727 1964 784 2011 et
811 1955 1050 2012 referent
1071 1958 1127 2012 in
1153 1960 1178 1998 ⁸
1209 1958 1611 2028 repositorium,
1649 1967 1836 2017 erunt-

248 2057 355 2114 que
380 2045 435 2100 in
461 2055 729 2116 potestate
752 2049 1015 2120 principis
1036 2051 1064 2090 ιι
1091 2051 1566 2108 monasteriorum.

683 2139 711 2212 ᾗ
751 2141 837 2196 Vl.
865 2171 936 2182 —
959 2141 1095 2197 Item
1145 2143 1283 2216 (cap.
1312 2144 1388 2215 1).

323 2231 341 2273 ί
379 2230 480 2298 Qui
507 2229 520 2282 i
561 2231 710 2288 rudis
737 2232 764 2272 ι
792 2233 846 2287 in
871 2232 1150 2290 collectam
1175 2243 1486 2291 sanctorum
1506 2235 1831 2308 ingreditur,

243 2331 301 2379 et
326 2337 485 2394 quem
511 2337 608 2394 per
627 2324 875 2381 ordinem
903 2323 1109 2394 janitor
1134 2327 1202 2383 ab
1227 2327 1366 2382 ostio
1401 2327 1718 2384 monasterii
1750 2328 1833 2383 in-

243 2416 544 2471 troduxerit
571 2423 626 2471 et
654 2417 842 2472 sedere
873 2416 1061 2472 fecerit
1108 2416 1127 2455 ι
1177 2418 1233 2472 in
1260 2425 1527 2474 conventu
1578 2417 1844 2487 fratrum,

243 2524 349 2565 non
382 2508 566 2564 licebit
605 2510 655 2564 ei
704 2510 926 2565 sedendi
960 2509 1139 2566 locum
1176 2510 1261 2566 vel
1302 2509 1550 2567 ordinem
1594 2518 1822 2576 mutare,

242 2613 283 2642 ω
307 2603 476 2658 donec
506 2618 630 2658 eum
660 2601 971 2658 transferat.

348 2694 375 2767 §
402 2694 511 2750 Vll.
548 2725 618 2736 -
645 2695 724 2750 Ex
754 2695 975 2752 Recens
1001 2711 1189 2752 SANC'I'I
1219 2697 1440 2753 Bssun.
1473 2697 1613 2770 (cap.
1653 2698 1732 2770 5).
1825 2749 1878 2788 ,Ἢ

314 2787 572 2860 lnterrog.
604 2799 630 2826 ιι
664 2787 721 2844 Si
751 2797 968 2859 oportet
992 2804 1116 2845 eum
1148 2790 1240 2860 qui
1277 2791 1448 2846 servis
1484 2791 1580 2845 Dei
1631 2792 1828 2848 sociari
1873 2787 1888 2809 7'

239 2882 373 2949 vult,
403 2883 706 2954 relinquere
734 2881 1105 2938 indill‘erenter
1136 2883 1453 2954 propinquis
1488 2884 1602 2940 suis
1623 2885 1828 2956 portio-

238 2991 361 3032 nem
392 2975 712 3032 facultatum
741 2992 984 3043 suarum,
1039 2983 1064 3012 °
1088 2976 1318 3033 Domino
1345 2977 1598 3034 dicente:
1654 2977 1826 3034 Vende

238 3070 414 3124 omnia
439 3078 552 3136 tua,
583 3079 631 3124 et
660 3070 730 3124 da
750 3070 1084 3140 pauperibus,
1117 3079 1166 3124 et
1198 3069 1409 3125 habebis
1439 3071 1744 3126 thesaurum
1765 3071 1822 3126 in

237 3163 399 3229 ets-lis,
421 3173 470 3218 et
494 3164 629 3230 ueni,
654 3174 702 3219 et
727 3181 940 3236 sequere
967 3181 1047 3219 me
1075 3163 1292 3236 (Matth.
1316 3165 1452 3237 xix).
1481 3166 1548 3221 Et
1574 3167 1769 3223 iterum
1803 3185 1816 3223 :

1933 1971 2232 2042 suscipere,
2261 1981 2356 2027 aut
2381 1988 2502 2028 cum
2531 1975 2872 2045 probatione,
2901 1987 2997 2034 aut
3023 1981 3200 2052 qualis
3234 1982 3337 2037 ista
3359 1981 3524 2040 debet

1931 2076 2055 2118 esse
2086 2063 2360 2134 probatio,
2421 2080 2546 2121 cum
2583 2067 2677 2123 Dei
2699 2067 2984 2126 clementia
3020 2086 3211 2128 omnes
3230 2081 3410 2141 vocet,
3465 2082 3525 2130 et

1852 2205 1854 2208 ,
1931 2171 2031 2226 per
2058 2155 2205 2211 illam
2227 2157 2668 2228 praedicationem
2691 2175 2798 2231 qua
2824 2162 3023 2219 dicitur
3052 2182 3066 2219 :
3110 2163 3290 2222 Venite
3311 2167 3380 2221 ad
3412 2184 3516 2234 me,

1932 2263 2129 2312 omnes,
2177 2250 2267 2320 qui
2307 2249 2560 2306 laboratis
2594 2261 2644 2307 et
2687 2256 2891 2309 onerati
2954 2257 3098 2321 estis,
3146 2266 3197 2311 et
3254 2275 3348 2330 ego
3392 2259 3545 2328 reﬁ-'

1931 2341 2069 2395 ciam
2120 2359 2208 2397 ros
2250 2343 2472 2415 (Matth.
2521 2346 2650 2420 xi)?
2694 2378 2766 2390 —
2833 2348 2990 2421 Resp.
3035 2349 3152 2406 Non
3198 2359 3281 2406 est
3310 2352 3521 2422 absque

1930 2433 2244 2490 discrimine
2281 2435 2516 2505 abjicere
2570 2440 2880 2510 quempiam
2933 2440 3242 2496 venientem
3283 2443 3350 2497 ad
3389 2457 3514 2498 nos.

1931 2525 2319 2582 Verumtamen
2352 2541 2528 2597 neque
2553 2529 2845 2585 immundis
2869 2530 2948 2602 (ut
2968 2531 3141 2604 aiunt)
3175 2533 3405 2604 pedibus
3430 2533 3517 2588 in-

1928 2612 2258 2684 dulgendum
2300 2624 2388 2670 est
2416 2617 2645 2674 introire
2675 2621 2986 2691 quempiam
3022 2622 3078 2676 in
3131 2632 3374 2678 sanctam
3419 2623 3517 2680 do-

1928 2703 2196 2772 ctrinam;
2248 2706 2342 2761 sed
2381 2707 2523 2764 sicut
2552 2710 2814 2766 Dominus
2846 2718 3034 2766 noster
3069 2709 3229 2768 Jesus
3259 2711 3514 2770 Christus

1921 2791 2178 2863 juvenem
2222 2797 2371 2852 illum
2419 2799 2513 2868 qui
2557 2801 2626 2855 ad
2670 2816 2730 2856 se
2765 2810 3012 2869 venerat,
3067 2802 3423 2875 interrogavit
3445 2805 3518 2860 de

1926 2885 2108 2958 priore
2129 2887 2240 2941 vita
2269 2903 2367 2943 sua
2401 2907 2414 2944 :
2446 2897 2502 2944 et
2529 2905 2654 2945 cum
2679 2891 2922 2948 audisset
2942 2893 3068 2962 quia
3097 2901 3245 2948 recta
3267 2893 3316 2949 ei
3340 2903 3516 2950 trans-

1927 2988 2050 3035 acta
2090 2988 2254 3048 esset,
2315 2982 2459 3051 quod
2501 2983 2688 3039 deerat
2716 2985 2764 3040 ei
2812 2986 3065 3060 praecepit
3095 2986 3431 3058 adimplere:
3458 2996 3516 3044 et

1926 3072 2002 3128 ita
2032 3074 2250 3130 domum
2273 3072 2441 3144 jussit
2459 3090 2583 3130 eum
2622 3077 2773 3147 sequi
2805 3092 2884 3133 se.
2922 3077 3001 3132 lta
3031 3077 3198 3134 etiam
3227 3094 3328 3134 nos
3350 3094 3512 3150 opor-

1927 3172 2006 3220 tet
2047 3166 2322 3237 inquirere
2349 3166 2416 3222 dc
2454 3167 2723 3237 praeterita
2743 3167 2854 3223 vita
2881 3175 2936 3224 et
2964 3169 3400 3237 conversatione,
3429 3184 3501 3226 ne

251 3253 462 3310 Vcndite
481 3257 658 3310 omnia
675 3233 1031 3328 qum—habetis,
1055 3233 1104 3311 et
1127 3257 1248 3312 date
1269 3233 1646 3329 eleemosynam
1663 3258 1815 3331 (Luc.
1846 3233 1893 3298 (ἶ
1925 3258 2064 3314 forte
2089 3233 2342 3314 simulata
2367 3233 2489 3330 quis
2534 3267 2716 3315 mente
2761 3269 2818 3314 et
2857 3258 3036 3315 fallaci
3064 3260 3249 3316 animo
3292 3233 3516 3320 accedat

233 3343 334 3415 xu)
360 3347 383 3398 ?
414 3344 572 3418 Resp.
610 3347 862 3402 Arbitror
897 3348 1115 3418 quidem
1140 3349 1286 3419 quod
1317 3350 1362 3404 is
1395 3351 1486 3420 qui
1511 3352 1722 3407 accedit
1752 3353 1820 3408 ad

235 3437 331 3492 Dei
348 3437 631 3492 servitium
646 3455 751 3492 non
763 3438 956 3494 debeat
971 3447 1316 3495 contemnere
1345 3448 1399 3493 ct
1420 3451 1480 3494 ut
1503 3441 1632 3496 libet
1650 3441 1819 3496 relin-

233 3544 404 3603 quere
428 3545 491 3585 ea
515 3545 634 3600 quae
659 3531 764 3584 sibi
794 3539 1128 3600 competunt,
1154 3543 1180 3582 ρ
1196 3533 1290 3587 sed
1315 3539 1520 3587 temnet
1538 3533 1739 3597 omnia,
1773 3533 1820 3588 si

233 3622 354 3680 fieri
385 3629 582 3693 potest,
633 3637 756 3677 cum
785 3637 995 3677 summa
1040 3622 1316 3694 diligentia
1356 3631 1651 3693 assumpta,
1704 3630 1823 3677 tan-

232 3729 398 3786 quam
423 3729 487 3770 ea
515 3730 636 3785 qua:
659 3714 774 3785 jam
803 3728 834 3767 a
862 3713 1091 3770 Domino
1118 3722 1432 3770 consecrata
1473 3725 1618 3779 sunt,
1649 3729 1822 3784 quan-

233 3817 350 3865 tum
397 3807 516 3865 fieri
555 3815 755 3880 potest,
813 3807 1208 3862 rationabiliter
1251 3808 1589 3879 dispensare,
1640 3807 1820 3863 sciens

233 3903 360 3972 quia
389 3916 495 3956 non
521 3909 604 3955 est
630 3901 834 3970 absque
863 3899 1103 3970 periculo
1133 3899 1187 3953 in
1214 3914 1378 3969 opere
1405 3898 1499 3953 Dei
1529 3913 1691 3969 agere
1724 3911 1821 3952 ne-

229 3992 515 4066 gligenter.
569 3992 626 4047 Si
663 4006 791 4047 vero
827 3989 1116 4062 propinqui
1152 3989 1268 4058 ejus
1296 3989 1381 4044 vel
1411 3998 1663 4061 parentes
1690 4004 1820 4044 con-

231 4097 319 4145 tra
367 4086 528 4142 ﬁdem
553 4087 803 4151 veniant,
853 4084 1012 4140 debet
1039 4099 1229 4139 rursus
1269 4083 1580 4139 meminisse
1604 4081 1818 4138 Domini

231 4180 463 4237 dicentis
489 4197 502 4234 :
533 4177 674 4244 Quia
713 4194 815 4232 non
837 4187 910 4233 est
931 4178 1022 4248 qui
1052 4176 1318 4248 reliquerit
1340 4175 1553 4230 domum
1592 4187 1682 4230 aut
1706 4175 1817 4245 fra-

231 4279 359 4338 tres,
390 4281 479 4325 aut
505 4279 726 4342 patrem,
770 4277 862 4323 aut
890 4278 1130 4333 matrem,
1157 4277 1246 4322 aut
1276 4283 1512 4333 uxorem,
1541 4276 1632 4321 aut
1651 4266 1813 4336 ﬁlios,

229 4373 324 4419 aut
351 4379 503 4434 agros
526 4370 737 4434 propter
753 4377 854 4429 me,
879 4369 928 4416 et
955 4369 1166 4433 propter
1187 4358 1551 4430 Euangelium,
1591 4359 1682 4431 qui
1709 4374 1814 4413 non

302 4533 329 4561 ι
355 4519 614 4586 Quantos,
645 4518 704 4575 ld
730 4525 832 4583 est,
861 4524 1021 4590 quot;
1053 4523 1133 4583 ut,
1167 4522 1367 4581 tantos,
1397 4521 1494 4580 tot,
1521 4511 1589 4569 de
1613 4512 1810 4584 quibus

226 4606 444 4718 8"‘iriie
469 4662 604 4752 fo‘rte
625 4659 753 4752 rutili
800 4660 1067 4752 quippiam
1094 4658 1294 4752 (egerit.
1340 4655 1401 4752 In
1437 4654 1641 4726 Regula
1669 4655 1812 4712 edita

226 4749 338 4790 non
368 4742 451 4789 est
470 4730 536 4790 ’τό
573 4731 717 4794 mali,
747 4730 840 4787 sed
874 4730 1265 4786 restituendum
1294 4737 1398 4783 est.

304 4817 325 4842 ε
362 4804 427 4858 Et
454 4803 692 4858 turbatus
720 4803 789 4855 ad
814 4801 999 4855 horam
1026 4801 1232 4865 timore,
1261 4805 1367 4854 etc.
1399 4797 1542 4868 Lege
1565 4837 1581 4864 ,
1627 4807 1676 4853 et
1701 4806 1813 4852 tur-

228 4875 381 4929 batus
407 4877 590 4930 timore
627 4873 694 4926 ad
726 4873 934 4936 horam,
961 4879 1066 4925 etc.

298 4945 326 4984 (ι
359 4946 469 5016 Sub
497 4945 676 5016 aliqua
703 4952 975 5016 potestate.
1003 4941 1060 4996 ιιι
1091 4947 1197 5004 est,
1223 4953 1433 5016 servus.

304 5028 328 5056 ε
364 5015 432 5071 In
459 5008 612 5069 domo
634 5008 722 5091 cui
751 5012 1166 5091 tradendusﬂes-t‘.
1224 5009 1281 5091 id
1307 5016 1410 5090 est,
1463 5008 1518 5062 in
1568 5008 1728 5091 domo
1757 5011 1813 5064 in

227 5103 334 5159 qua
367 5102 589 5161 manere
617 5085 810 5161 debeat
835 5102 848 5161 ξ
881 5084 1007 5161 quia
1035 5081 1094 5137 S.
1121 5081 1812 5161 Pachomiimonasterium

229 5150 328 5231 suo
354 5157 667 5231 continebat
705 5150 915 5231 ambitu
941 5153 1130 5231 plures
1155 5152 1364 5214 domos,
1402 5150 1454 5204 in
1493 5150 1688 5231 quibus
1724 5150 1816 5231 ba-

228 5227 471 5313 bitabant
501 5228 698 5282 fratres
718 5227 818 5282 sub
847 5223 1075 5296 singulis
1099 5223 1382 5278 domorum
1405 5223 1728 5290 prmpositis,
1755 5228 1816 5276 ut

228 5300 388 5356 toties
418 5301 620 5356 dictum
641 5306 742 5354 est.

305 5369 324 5410 ί
352 5371 418 5426 In
440 5369 676 5425 vescendi
700 5367 902 5422 ordine.
932 5365 989 5421 Id
1015 5372 1118 5430 est,
1143 5363 1196 5418 in
1228 5361 1539 5428 refcctorio,
1567 5370 1628 5417 ut
1653 5361 1809 5417 artic.

227 5440 264 5497 2
293 5440 533 5511 ejusdem
558 5441 776 5512 Regulae
805 5455 816 5493 :
857 5436 927 5491 Et
955 5437 1010 5492 in
1051 5434 1288 5492 uescendi
1331 5435 1515 5489 ordine
1563 5433 1813 5504 corripie-

224 5521 335 5625 m;
364 5584 767 5655 Repositorium.
793 5581 891 5655 Est
917 5577 1234 5655 vestiarium
1261 5578 1367 5655 hoc
1387 5575 1527 5633 loco.

300 5655 330 5730 ll
357 5648 1008 5730 Monasteriorum._l-.ege,
1042 5648 1351 5730 Monasterii
1535 5727 1543 5730 _
1591 5725 1600 5730 Δ
1633 5717 1646 5730 ⁸

307 5728 320 5767 ί
355 5727 459 5792 Qui
491 5727 658 5790 rudis,
681 5734 786 5780 etc.
827 5717 952 5780 Hoc'
963 5721 1259 5793 capitulum
1287 5731 1394 5778 non
1431 5725 1609 5778 exstat
1632 5717 1688 5776 in
1714 5717 1814 5777 Re-

226 5797 352 5872 gula
366 5796 440 5872 _S.
464 5795 744 5872 Pachumii
772 5795 938 5872 edita.

302 5871 316 5922 i
354 5868 540 5926 Rudis.
572 5866 629 5924 ld
655 5873 759 5936 est,
790 5865 1042 5924 novitius.

1923 3351 1992 3406 ad
2021 3366 2140 3408 nos.
2175 3349 2327 3418 Quod
2359 3351 2436 3405 ita
2467 3351 2684 3405 domum
2726 3349 3083 3421 dignoscitur,
3133 3351 3179 3406 si
3201 3351 3360 3407 facile
3389 3367 3510 3407 om-

1924 3455 2048 3494 nem
2091 3439 2334 3493 laborem
2377 3440 2644 3509 corporis,
2689 3439 2782 3510 qui
2814 3439 3132 3512 injungitur,
3169 3439 3332 3508 ferat,
3359 3451 3414 3498 et
3443 3443 3512 3499 ad

1923 3530 2233 3586 castitatem
2262 3530 2388 3584 vita:
2414 3545 2614 3600 pronus
2635 3529 2928 3586 inclinatur
2955 3547 2968 3586 :
2997 3531 3081 3586 vel
3113 3531 3157 3586 si
3181 3530 3345 3586 etiam
3377 3531 3512 3588 deli-

1921 3629 2068 3678 ctum
2091 3621 2310 3693 aliquod
2329 3637 2508 3687 suum,
2536 3638 2659 3678 cum
2683 3623 3048 3696 interrogatus
3088 3622 3274 3690 fuerit,
3298 3639 3504 3694 nequa-

1922 3725 2087 3782 quam
2115 3710 2470 3782 pronuntiare
2491 3709 2862 3777 confunditur,
2912 3719 2968 3766 ct
3001 3711 3266 3767 medelam
3298 3712 3502 3780 delicti,

1922 3817 2044 3874 quae
2097 3803 2336 3860 adhibita
2385 3801 2568 3868 fuerit,
2617 3803 2858 3875 graviter
2911 3803 3183 3859 assumit:
3217 3812 3294 3870 et,
3342 3805 3388 3862 si
3436 3806 3505 3861 ad

1920 3909 2137 3952 omnem
2173 3886 2533 3950 humilitatem
2573 3895 2778 3966 absque
2816 3894 2930 3949 ulla
2953 3894 3234 3951 iracundia
3280 3896 3508 3953 inclina-

1921 3994 2029 4050 tur,
2093 4000 2158 4040 ac
2196 3985 2478 4042 vilioribus
2525 3996 2581 4043 et
2619 3987 3005 4058 abjectioribus
3039 3987 3285 4044 artificiis
3323 3988 3392 4062 (si
3429 3989 3506 4046 ita

1848 4083 1851 4085 ’
1919 4080 2058 4134 ratio
2095 4079 2425 4150 poposcerit)
2456 4080 2597 4135 tradi
2623 4096 2683 4137 se
2711 4095 2818 4136 non
2839 4089 3178 4151 aspernatur.
3210 4081 3346 4138 Cum
3373 4096 3506 4153 ergo

1918 4186 1986 4228 ex
2017 4171 2102 4227 bis
2135 4172 2362 4244 singulis
2381 4171 2722 4227 documentis
2751 4170 2918 4227 fuerit
2944 4173 3346 4244 comprobatus,
3375 4174 3504 4244 quia

1917 4261 2074 4319 ﬁrma
2107 4273 2308 4328 mente,
2337 4270 2394 4318 et
2415 4262 2597 4318 stabili
2641 4263 2888 4329 consilio,
2932 4279 2997 4341 ac
3025 4271 3276 4336 prompto
3320 4264 3504 4321 animo

1917 4355 2012 4421 sit,
2065 4363 2195 4410 tunc
2222 4354 2426 4426 suscipi
2446 4369 2573 4410 eum
2599 4355 2773 4411 decet.
2816 4355 2884 4411 Et
2921 4356 3237 4426 priusquam
3285 4355 3502 4426 corpori

1986 4515 2013 4554 Ιι
2047 4513 2114 4569 In
2137 4510 2406 4570 collectam
2433 4520 2758 4566 sanctorum.
2789 4508 2844 4564 ld
2863 4519 2969 4576 est,
3004 4509 3060 4565 in
3090 4509 3395 4568 ecclesiam.

1836 4590 1891 4651 D
1992 4584 2011 4624 ι
2045 4585 2112 4639 1η
2149 4593 2400 4639 conventu
2443 4583 2688 4653 fratrum.
2725 4579 2855 4636 Sive
2899 4580 2956 4636 in
2990 4580 3253 4648 ecclesia,
3289 4581 3406 4638 sive
3446 4581 3503 4640 in

1916 4655 2230 4782 regob‘iiiié
2263 4742 2382 4782 eum
2406 4722 2714 4794 transferat.
2750 4721 2986 4791 ianitor,
3013 4723 3083 4780 ad
3122 4722 3289 4779 alium
3321 4721 3503 4782 locum

1910 4797 2180 4854 videlicet.

1985 4880 2012 4908 ιι
2043 4868 2104 4924 Si
2129 4875 2328 4940 oportet
2353 4882 2519 4940 eum,_
2542 4872 2655 4940 etc.
2689 4863 3115 4940 Hteehabentur
3140 4865 3280 4934 apud
3307 4863 3365 4920 S.
3400 4865 3504 4940 Ba:

1913 4939 2115 5005 silium,
2160 4934 2357 4994 interr.
2406 4939 2440 4992 9
2485 4935 2678 5007 Regul.
2732 4934 2904 4992 fusius
2937 4937 3350 5006 disputatarum,
3407 4935 3502 4990 sed

1913 5011 2505 5088 valdeJiiccontracta.
2635 5085 2643 5088 _
2750 5075 2795 5088 η
2928 5087 2934 5088 ί
3011 5075 3045 5088 Δ,
3183 5074 3195 5088 ,
3381 5074 3460 5088 _,

1985 5089 2010 5116 ο
2049 5080 2274 5135 Domino
2308 5081 2547 5144 dicente,
2596 5085 2701 5132 etc.
2750 5075 2878 5132 Haec
2920 5075 3235 5134 testimonia
3271 5083 3401 5132 sunt
3445 5075 3502 5130 in

1914 5152 2264 5220 responsione
2290 5151 2343 5204 in
2369 5157 2516 5220 textu
2545 5146 2755 5220 Graeco.

1988 5216 2021 5273 πῖ
2055 5222 2160 5278 Sed
2185 5230 2399 5292 temnet.
2439 5219 2600 5292 Lege,
2629 5219 2720 5274 sed
2746 5217 3040 5292 contendet.
3082 5216 3218 5292 _Nam
3263 5216 3318 5271 in
3346 5223 3499 5292 textu

1913 5291 2111 5370 Graeco
2137 5300 2249 5370 est_,_
2283 5289 2409 5348 ἀλλὰ
2437 5286 2731 5370 rapiebat,
2761 5287 2816 5343 id
2845 5297 2952 5356 est,
3003 5289 3100 5345 sed
3129 5286 3494 5352 contendere;

1915 5364 2115 5434 alioqui
2141 5364 2319 5419 nullus
2343 5371 2427 5418 est
2451 5364 2664 5418 sensus.

1983 5446 2011 5486 (ι
2040 5429 2430 5490 Verumtamen
2470 5449 2572 5487 non
2619 5437 2838 5502 oportet,
2881 5437 2987 5486 etc.
3039 5429 3165 5486 Haec
3189 5430 3274 5502 ita
3312 5443 3498 5502 emen-

1913 5506 2070 5572 davi,
2126 5506 2254 5578 quia
2312 5504 2468 5560 valde
2521 5499 2775 5573 corrupta
2841 5509 3000 5556 erant
3061 5501 3114 5558 in
3175 5499 3494 5563 Concordiae

1915 5579 2195 5715 coi'céiua
2229 5647 2348 5719 jam
2378 5645 2593 5719 quidem
2637 5647 2871 5710 omnino,
2904 5652 3011 5701 etc.
3049 5642 3152 5700 Hic
3174 5643 3344 5716 locus
3381 5657 3489 5700 non

1913 5727 2090 5778 exstat
2118 5721 2171 5775 in
2191 5725 2341 5776 textu
2364 5721 2554 5773 Graeco

1986 5803 2011 5833 ι
2049 5789 2312 5862 lnterrog.
2349 5787 2383 5844 6
2409 5787 2543 5859 Reg.
2567 5786 2740 5845 fusius
2759 5787 2897 5861 disp.
