4066 6342
266 412 405 498 ea

1188 441 1574 504 CONCORDIA
1612 433 2068 498 REGULARUM.
2109 467 2180 479 —
2216 435 2366 494 CAP.
2408 434 2568 492 LXV.

3371 431 3512 486 1289.

229 563 321 609 -ει
363 550 421 610 in
481 547 622 610 bello
665 567 737 610 ne
784 561 1106 627 pergerent,
1159 559 1543 628 prohibuisse:
1576 556 1637 612 Si
1683 557 1827 628 quis,
1859 551 2192 623 Ajustilicat
2218 527 2310 606 aut
2338 549 2693 614 condemnat,
2725 555 2780 602 et
2807 547 3181 602 universorum
3207 544 3366 600 linem
3395 548 3513 616 ipse

259 645 459 716 inquit,
486 645 541 701 in
572 646 729 701 corde
776 647 996 718 pavidus
1042 655 1157 715 est,
1189 666 1293 703 non
1313 650 1614 720 egrediatur
1635 648 1698 702 ab
1728 646 1835 702 bel-

255 735 393 801 lum,
414 735 594 802 vadat,
617 745 668 792 et
686 747 975 793 revertatur
997 739 1054 793 in
1089 739 1302 794 domum
1331 756 1484 794 suam
1511 757 1524 790 :
1559 756 1622 794 ne
1652 754 1836 810 pavere

225 825 425 895 faciat
459 826 622 882 corda
665 827 892 897 fratrum
938 845 1193 895 suorum,
1245 831 1381 884 sicut
1406 839 1454 884 et
1498 832 1608 901 ipse
1653 829 1836 884 timore

252 917 564 987 perterritus
592 927 688 972 est.
725 918 801 974 De
827 918 1025 974 talibus
1059 919 1113 974 in
1163 919 1454 991 Evangelio
1478 918 1694 974 Veritas
1721 919 1830 972 ait:

256 1003 436 1070 Quam
457 1006 664 1077 diﬁicilc
703 1016 800 1074 est,
827 1008 918 1079 qui
944 1008 1191 1080 pecunias
1215 995 1426 1074 habent,
1448 1010 1646 1063 intrare
1669 1009 1724 1062 in
1750 1021 1832 1061 re-

223 1154 226 1157 _
254 1112 421 1166 gnum
450 1095 730 1154 calorum!
755 1097 968 1169 (Matth.
993 1099 1131 1170 xxx.)
1152 1098 1294 1154 Nihil
1329 1100 1472 1155 enim
1500 1100 1566 1154 de
1588 1097 1834 1168 pristinis

255 1187 606 1245 facultatibus
646 1190 758 1246 suis
785 1203 812 1232 ο
849 1191 906 1246 in
938 1191 1186 1246 eumdem
1214 1191 1392 1247 locum
1415 1190 1506 1246 ubi
1537 1190 1746 1262 ingredi
1773 1203 1833 1245 se

253 1279 396 1349 petit
438 1280 820 1336 monasterium
885 1280 969 1336 vel
1013 1297 1152 1336 unus
1207 1296 1460 1336 nummus
1510 1281 1832 1350 recipiatur,

255 1370 356 1424 sed
403 1369 517 1440 ipse
551 1385 711 1424 manu
761 1385 859 1426 sua
885 1379 1081 1426 cuncta
1129 1371 1458 1441 pauperibus
1505 1379 1727 1441 eroget;
1778 1379 1834 1426 et

252 1463 598 1530 postmodum
627 1462 657 1502 δ
679 1463 822 1532 quod
850 1464 1110 1534 probatus
1147 1464 1480 1519 monasterio
1501 1465 1602 1519 sub
1629 1463 1832 1535 Regula

254 1550 632 1608 introducatur
657 1570 670 1607 :
695 1561 750 1609 et
800 1569 942 1610 anno
990 1554 1202 1625 integro
1249 1570 1281 1609 a
1328 1554 1540 1610 cunctis
1573 1553 1833 1611 fratribus

253 1661 332 1706 ex
365 1645 632 1702 industria
673 1644 934 1702 conviciis
984 1647 1387 1716 comprobetur.
1435 1645 1504 1700 Et
1543 1654 1831 1716 postquam

253 1738 516 1810 probatus
537 1737 591 1792 in
606 1737 818 1794 cunctis
828 1736 1085 1794 obediens
1106 1737 1287 1803 fuerit,
1310 1745 1366 1792 et
1387 1753 1494 1793 non
1509 1747 1531 1777 ο
1552 1737 1606 1792 in
1627 1737 1832 1808 plumbi

253 1828 455 1884 lamina
488 1827 740 1896 mollitus,
785 1829 878 1885 sed
906 1845 1033 1884 acer
1063 1829 1438 1900 perduraverit
1476 1839 1536 1885 ut
1584 1830 1793 1886 ferrum
1813 1871 1829 1896 ,

1938 642 2284 707 considerat;
2323 649 2386 695 ut
2415 655 2516 696 nec
2543 647 2814 711 peccator,
2853 639 2899 694 si
2939 637 3153 692 fortiter
3186 637 3507 707 ingemiscit,

1937 734 2190 803 desperet
2235 731 2482 796 veniam,
2529 744 2628 786 nec
2659 727 2838 798 justus
2874 729 2940 784 de
2977 727 3193 798 propria
3229 728 3516 782 sanctitate

1937 821 2192 878 conﬁdat.
2242 819 2387 875 Nihil
2429 819 2683 890 prodest,
2719 819 2764 874 si
2815 817 3009 886 aliquis
3043 817 3108 871 de
3147 831 3313 887 regno
3353 815 3514 872 hodie

1940 913 2269 978 subtractus,
2299 927 2331 965 a
2355 911 2508 982 regni
2530 909 2769 980 potentia
2797 908 3046 964 exclusus
3064 949 3079 975 ,
3106 907 3250 964 ferro
3283 908 3515 962 constri-

1936 1010 2056 1058 ctus
2079 1002 2240 1057 hodie
2270 1001 2472 1056 carceri
2514 1011 2597 1056 est
2623 1001 2996 1072 mancipatus:
3038 1001 3110 1056 ita
3140 999 3274 1055 nihil
3300 1001 3510 1066 obstat,

1937 1095 1983 1151 si
2011 1095 2171 1150 hodie
2199 1110 2229 1148 a
2262 1108 2478 1150 carcere
2505 1095 2628 1164 quis
2656 1094 2880 1164 rapitur,
2917 1101 2971 1148 et
3002 1093 3056 1148 in
3100 1093 3264 1164 regali
3307 1093 3512 1149 honore

1936 1184 2320 1239 constituitur:
2361 1185 2540 1240 nullus
2568 1185 2618 1238 ei
2646 1184 2832 1239 sordes
2857 1184 3091 1239 carceris
3125 1184 3384 1252 imputat;
3417 1184 3511 1238 sed

1935 1273 2039 1330 hoc
2065 1274 2236 1330 solum
2266 1275 2445 1330 laudat
2465 1276 2607 1346 quod
2647 1277 2700 1331 in
2724 1293 2789 1333 eo
2828 1279 3077 1332 miratur.
3108 1277 3199 1333 Sic
3231 1276 3360 1331 nihil
3389 1292 3514 1346 pro-

1936 1365 2057 1420 dest
2074 1363 2222 1434 justo
2246 1366 2384 1420 bene
2411 1367 2611 1432 vivere,
2627 1377 2681 1422 et
2709 1368 2850 1422 male
2869 1369 3033 1423 vitam
3061 1366 3247 1422 finire:
3279 1368 3352 1421 ita
3395 1382 3513 1420 ma-

1937 1472 2100 1528 gnum
2127 1457 2325 1512 bonum
2367 1465 2449 1512 est
2473 1459 2743 1527 peccatori
2783 1459 2850 1513 ad
2887 1458 3259 1528 paenitentiam
3295 1458 3510 1522 redire;

1937 1549 2065 1603 olim
2093 1548 2234 1604 male
2259 1550 2461 1615 vivere,
2487 1556 2544 1604 et
2574 1549 2918 1619 postmodum
2943 1551 3079 1605 bene
3107 1549 3283 1613 finire,
3311 1564 3341 1602 a
3369 1548 3515 1602 nullo

1937 1647 2209 1694 retroacta
2251 1647 2472 1709 peccata
2513 1639 2776 1710 imputata
2803 1639 3027 1696 habere.
3067 1637 3349 1693 Credimus
3367 1637 3516 1707 judi-

1935 1745 2077 1796 cem,
2107 1729 2321 1800 qualem
2350 1730 2405 1784 in
2438 1729 2544 1784 line
2584 1731 2869 1796 invenerit,
2908 1731 3071 1786 talem
3102 1745 3389 1795 coronare,
3423 1739 3515 1784 aut

1937 1829 2085 1878 certe
2111 1823 2384 1876 damnare.
2418 1821 2487 1877 Et
2513 1822 2760 1892 quamvis
2793 1823 2903 1876 sint
2926 1823 3109 1894 gravia
3146 1821 3367 1887 delicta,
3408 1837 3514 1876 non

250 1919 592 1989 postmodum
616 1926 844 1974 exuatur
874 1918 1224 1976 saecularibus
1268 1920 1530 1986 vestibus,
1555 1928 1611 1976 et
1638 1919 1830 1975 indua-
1858 1914 1906 1974 B
1933 1921 2020 1968 est
2062 1923 2241 1968 tamen
2272 1913 2414 1970 illico
2454 1912 2522 1969 de
2562 1914 2656 1968 Dei
2688 1915 3056 1970 misericordia
3098 1914 3512 1985 desperandum.

252 2017 346 2065 tur
388 2009 698 2066 monasterii
743 2010 1009 2081 religiosis
1052 2009 1415 2080 simplicibus,
1459 2018 1516 2065 et
1551 2012 1836 2066 adnotetur

251 2100 282 2141 ἀ
313 2102 370 2155 in
394 2109 576 2172 pacto,
601 2116 726 2158 cum
754 2100 1015 2157 fratribus
1034 2141 1050 2168 ,
1078 2109 1135 2158 et
1170 2102 1318 2157 vivat
1347 2101 1493 2158 inter
1537 2103 1834 2160 monachos

252 2190 515 2261 probatus
542 2200 598 2246 et
627 2192 743 2268 ipse
780 2192 1096 2248 monachus.

601 2283 630 2355 §
658 2283 799 2339 XVI.
827 2314 898 2326 —
929 2283 1061 2340 Item
1089 2285 1199 2356 ipse
1228 2285 1367 2356 (cap.
1403 2286 1514 2358 l9).

335 2386 359 2414 ο
388 2373 492 2440 Qui
507 2373 860 2445 gravioribus
887 2373 1060 2445 culpis
1084 2389 1144 2430 se
1167 2373 1458 2445 deliquisse
1482 2381 1833 2446 cognoscunt,

251 2463 490 2532 primum
523 2477 617 2518 eos
649 2470 900 2533 optamus
943 2463 1161 2534 Regulae
1195 2465 1332 2520 colla
1370 2466 1692 2521 submittere
1736 2465 1838 2522 sub

255 2551 640 2623 probatissimo
686 2551 901 2619 abbate,
947 2553 1001 2607 in
1049 2555 1380 2611 monasterio
1428 2555 1728 2622 desudare,
1780 2563 1838 2612 et

255 2651 450 2700 cuncta
493 2651 760 2700 retroacta
798 2655 1020 2715 peccata
1062 2654 1317 2716 tanquam
1352 2654 1585 2717 agrotos
1627 2647 1835 2703 medico

254 2735 485 2808 spiritali
517 2737 715 2792 seniori
752 2737 1101 2793 manifestare
1121 2779 1137 2804 ,
1165 2746 1220 2794 et
1245 2739 1387 2794 sicut
1409 2740 1620 2810 publice
1645 2755 1838 2810 pecca-

253 2835 482 2894 verunt,
525 2826 739 2898 publice
768 2829 1061 2898 paenitere,
1097 2837 1153 2884 et
1187 2829 1498 2899 ptenitenda
1538 2830 1682 2885 ultro
1724 2846 1834 2886 non

255 2919 634 2975 committere:
674 2919 921 2974 timorem
952 2919 1020 2975 de
1054 2919 1348 2990 supplicio,
1379 2934 1620 2975 amorem
1646 2921 1714 2975 de
1751 2935 1838 2976 re-

256 3025 382 3083 gno,
415 3025 564 3082 spem
587 3009 654 3066 de
683 3011 1051 3068 misericordia
1082 3012 1302 3077 habere,
1339 3020 1396 3068 et
1430 3027 1708 3082 nunquam
1735 3012 1834 3068 de-

256 3116 493 3174 sperare,
528 3101 549 3142 τ
581 3102 707 3173 quia
733 3102 786 3158 in
813 3102 1004 3158 ultimo
1024 3111 1107 3159 est
1127 3111 1368 3160 extrema
1388 3105 1513 3160 vita:
1532 3103 1835 3174 justiﬁeare

259 3201 352 3248 aut
377 3193 751 3250 condemnare.
787 3193 1060 3266 Scriptum
1083 3203 1171 3251 est
1204 3195 1347 3250 enim
1373 3212 1388 3249 :
1427 3193 1549 3266 Ipse
1569 3193 1834 3266 judicabit

1938 2001 2171 2072 Liquido
2210 2017 2340 2074 ergo
2375 2006 2750 2074 cognoscimus
2777 2005 3092 2074 publicanos
3119 2013 3173 2060 et
3203 2014 3517 2075 peccatores

1938 2094 2090 2148 nullo
2126 2096 2463 2164 prtecedente
2502 2097 2730 2162 merito,
2776 2097 2867 2167 qui
2908 2097 3073 2152 futuri
3113 2113 3210 2168 per
3248 2098 3514 2165 justitiam

1937 2196 2096 2242 erant
2133 2187 2457 2254 damnandi,
2506 2189 2738 2260 gratuita
2778 2189 3124 2244 miseratione
3166 2204 3264 2258 per
3299 2189 3516 2245 brevem

1938 2280 2313 2351 paenitentiam
2342 2296 2461 2336 esse
2485 2282 2809 2352 redemptos.
2843 2280 2948 2337 Sed
2975 2298 3082 2338 non
3112 2286 3196 2338 es't
3224 2282 3277 2337 in
3304 2283 3386 2338 eis
3408 2292 3514 2338 tam

1943 2368 2338 2424 consideranda
2364 2386 2616 2427 mensura
2650 2372 2908 2442 temporis
2935 2387 3096 2442 quam
3133 2373 3348 2429 doloris.
3378 2373 3518 2445 Agat

1937 2473 2069 2530 ergo
2115 2461 2485 2532 unusquisque
2530 2463 2747 2534 dignam
2800 2463 3170 2534 paenitentiam
3222 2467 3516 2521 secundum

1939 2552 2225 2623 qualitates
2253 2554 2554 2624 culparum,
2587 2565 2649 2610 ut
2671 2556 2792 2626 quis
2822 2559 2847 2597 Β
2873 2558 2928 2611 in
2958 2573 3066 2627 quo
3089 2557 3286 2613 delicto
3314 2573 3373 2614 se
3398 2573 3518 2614 esse

1939 2646 2216 2717 cognoscit
2244 2661 2417 2714 reum,
2446 2647 2511 2702 de
2539 2661 2605 2703 eo
2641 2647 2836 2703 delicto
2863 2663 3085 2705 necesse
3117 2657 3201 2705 est
3227 2638 3518 2706 observare

1935 2736 2173 2806 primum
2200 2738 2492 2792 secundum
2531 2736 2776 2792 instituta
2811 2753 3078 2794 canonum
3095 2780 3110 2805 ,
3136 2739 3164 2781 ιι
3190 2739 3248 2794 1n
3275 2739 3392 2811 lege
3421 2741 3518 2806 ha-

1937 2826 2102 2882 betur
2136 2836 2196 2882 ut
2237 2829 2359 2898 quis
2396 2829 2482 2884 cui
2523 2837 2783 2899 quantum
2812 2829 3059 2886 intulerit
3095 2831 3379 2897 damnum,
3425 2841 3518 2886 aut

1938 2917 2131 2975 fecerit
2149 2921 2372 2984 caedem,
2401 2928 2494 2974 aut
2514 2920 2866 2975 commoverit
2897 2920 3158 2976 ultionem
3179 2960 3193 2988 ,
3212 2919 3410 2989 iudicis
3434 2921 3518 2976 di-

1938 3009 2171 3065 rimatur
2196 3008 2434 3079 judicio,
2478 3018 2533 3066 et
2577 3011 2641 3067 de
2681 3011 3069 3067 numerositate
3111 3009 3403 3067 solidorum
3448 3013 3518 3068 ad

1938 3115 2094 3157 suum
2119 3101 2408 3157 reducatur
2428 3100 2744 3158 arbitrium:
2768 3116 2836 3157 ne
2862 3100 3092 3158 fortasse
3112 3115 3340 3172 persona
3363 3101 3517 3157 dam-

1937 3200 2030 3247 net
2055 3207 2405 3265 oppressum,
2448 3202 2505 3250 et
2545 3194 2637 3264 qui
2671 3193 2830 3268 legali
2872 3209 3103 3251 censura
3142 3195 3513 3251 centenarium

256 3291 486 3338 extrema
515 3292 688 3338 terrm.
721 3262 1167 3356 Unumquemque
1192 3262 1549 3341 Dominusv'in
1570 3262 1696 3342 vflne
1739 3293 1833 3340 aut
1859 3262 1904 3328 Ο
1934 3262 2170 3343 habebat
2197 3287 2476 3344 incurrere
2500 3262 2777 3355 damnum,
2820 3286 3032 3343 tertiam
3062 3287 3290 3343 reddat:
3325 3289 3342 3329 ί
3371 3289 3515 3357 quod

327 3411 456 3488 {In
480 3414 953 3488 eumdemjocum,
999 3417 1089 3488 ubi
1113 3418 1347 3488 ingredi,
1376 3434 1430 3471 se
1477 3417 1601 3488 petit
1648 3433 1834 3472 mona-

258 3483 492 3564 sterium.
521 3484 683 3554 Lege,
710 3484 779 3540 In
803 3487 1006 3554 eodem,
1035 3486 1123 3540 ubi
1149 3483 1350 3557 ingredi
1379 3502 1434 3541 se
1466 3483 1627 3556 petit,
1654 3502 1834 3540 mona-

257 3563 435 3608 sterio.
684 3601 686 3604 ,

331 3623 358 3664 ι’
385 3621 540 3696 Quod
566 3623 835 3696 probatus.
865 3625 1370 3696 Vocabulumun
1395 3624 1677 3696 redundat.

331 3705 358 3816 Ξ
387 3693 452 3816 li:
475 3693 673 3764 plumbi
695 3694 892 3750 lamina
910 3736 926 3763 ,
963 3704 1070 3754 etc.
1099 3696 1180 3752 Ex
1204 3693 1406 3769 Regula
1431 3695 1487 3752 S.
1519 3695 1830 3766 Benedicti,

258 3779 464 3910 (2.1:;
479 3843 650 3910 pacto.
676 3835 904 3910 Videtur
944 3836 1258 3910 legendum,
1307 3838 1364 3910 in
1396 3837 1632 3910 pittacia.
1661 3837 1834 3910 Pitta-

261 3906 424 3976 cium,
452 3920 547 3961 seu
574 3906 882 3975 pictacium.
915 3906 1231 3976 est'hrevis,
1271 3906 1496 3973 tabella,
1523 3909 1828 3964 matricula.

261 3975 462 4050 Ciossae
489 3987 698 4050 veteres
720 3995 736 4050 _:
765 3980 1376 4050 mra-inmmpittacium,
1409 3979 1592 4033 brevis.
1630 3979 1833 4036 Glossa:

260 4046 492 4119 Isidori:
535 4043 842 4119 Pittacium,
879 4043 1097 4119 epistola
1127 4050 1288 4105 brevis
1309 4043 1606 4104 etmodica.

335 4128 357 4156 ε
391 4116 494 4182 Qui
521 4116 844 4187 gravioribus
883 4116 1081 4189 culpis,
1127 4129 1234 4191 etc.
1276 4120 1393 4174 Non
1423 4122 1591 4175 modo
1613 4122 1831 4191 quales-

261 4202 471 4262 cunque
491 4198 823 4262 peccatores,
863 4191 959 4262 sed
980 4191 1146 4262 etiam
1185 4190 1223 4262 ii
1263 4191 1354 4262 qui
1385 4190 1689 4262 graviorum
1715 4209 1833 4249 sce-

262 4258 432 4313 lerum
457 4258 784 4312 conscientia
814 4259 1176 4326 stimulantur,
1211 4261 1267 4316 in
1283 4258 1685 4316 monasterium
1731 4264 1829 4317 ad-

264 4328 507 4401 mittendi
537 4336 682 4401 sunt,
698 4330 755 4401 _si
785 4344 897 4401 non
916 4330 1167 4401 simulata
1189 4339 1496 4386 erratorum
1514 4333 1831 4401 paenitentia

265 4399 550 4472 ducuntur.
583 4398 832 4472 Christus
853 4399 1082 4472 clamat:
1106 4400 1286 4472 Venite
1313 4401 1381 4454 ad
1410 4398 1718 4472 me,'oimues
1743 4404 1832 4472 qui

265 4467 509 4523 laboratis
530 4476 578 4542 ei
602 4471 802 4542 onerati
824 4471 1038 4542 estis,“
1057 4487 1149 4542 ego
1175 4471 1406 4542 reﬁciam
1432 4487 1537 4542 vos.
1562 4467 1835 4527 Laboran-

266 4546 343 4594 tes
383 4547 506 4593 sunt
541 4538 578 4592 ii
613 4540 704 4608 qui
734 4538 1104 4596 mediocribus
1121 4538 1266 4597 vitiis
1293 4540 1472 4596 ail‘ecti
1503 4549 1667 4606 sunt;
1703 4557 1833 4598 one-

264 4608 517 4682 rati,_qui
547 4609 809 4664 scelerum
829 4611 1075 4682 pondere
1097 4621 1445 4682 premuntur,
1480 4619 1534 4682 et
1563 4611 1831 4668 incurvati

265 4625 386 4673 rati,
426 4625 517 4678 qui
547 4625 809 4664 scelerum
828 4625 1075 4732 1pondere
1097 4625 1445 4682 premuntur,
1480 4625 1534 4666 et
1563 4625 1830 4668 incurvat:

265 4679 362 4734 sub
392 4678 536 4734 fasce
561 4688 798 4749 gemunt.
829 4748 836 4749 ί
875 4695 944 4734 on
971 4683 1330 4737 obserandum
1359 4689 1444 4737 est
1460 4681 1755 4738 claustrum
1779 4684 1830 4738 ei

264 4750 346 4804 cui
376 4749 518 4822 Deus
541 4748 717 4818 aperit
740 4748 956 4804 ccelum.
992 4750 1240 4822 Christus
1277 4753 1390 4822 ipse
1427 4751 1744 4822 publicanos
1775 4761 1832 4808 et

263 4818 624 4889 conclamatas
666 4826 981 4889 peceatores
1018 4821 1084 4876 ad
1113 4837 1172 4876 se
1210 4818 1445 4878 vocavit:
1481 4821 1541 4876 ln
1581 4823 1832 4879 Historiis

265 4888 722 4962 ecclesiasticiset
751 4889 886 4962 Vitis
921 4888 1142 4944 Patrum
1176 4891 1404 4962 legimus
1430 4891 1740 4962 profligatos
1777 4903 1832 4950 et

262 4959 499 5030 perditos
525 4959 1102 5030 homines,immanes
1129 4959 1448 5030 parricidas
1470 4970 1526 5016 et
1558 4959 1797 5018 latrones
1814 5003 1830 5030 ,

267 5028 316 5083 et
341 5028 657 5099 proscripta:
685 5028 938 5099 libidinis,
963 5028 1150 5099 lupas,
1192 5031 1262 5085 ad
1300 5028 1573 5086 Christum
1616 5028 1834 5088 tandem

266 5098 899 5168 conversos’pcenitentiae
924 5098 1191 5155 beneﬁcio
1221 5101 1276 5154 in
1312 5101 1683 5156 sanctissimos
1707 5115 1834 5156 eva-

268 5170 419 5242 sisse.
451 5166 515 5242 lii
546 5166 672 5242 sunt
699 5168 934 5242 thesauri
959 5169 1237 5242 bonitatis,
1267 5170 1540 5242 patientiae
1566 5179 1621 5226 et
1648 5171 1832 5242 longa-

268 5239 524 5310 nimitatis
549 5237 665 5304 Dei,
689 5239 781 5308 qni
803 5239 1027 5310 divesﬁin
1046 5255 1236 5296 omnes
1256 5237 1349 5310 qui
1375 5240 1627 5296 invocant
1648 5237 1794 5296 illum
1811 5282 1828 5309 ,

269 5309 642 5381 cujus‘manus
665 5325 771 5365 non
801 5317 884 5364 est
913 5309 1227 5366 abbreviata
1249 5309 1286 5375 ,’
1306 5310 1461 5380 cujus
1503 5326 1636 5381 opus
1664 5311 1829 5366 mise-

270 5378 525 5452 ricordia,
556 5380 716 5452 _cujus
742 5394 874 5435 sane
913 5395 1020 5452 non
1063 5388 1146 5436 est
1177 5378 1472 5452 numerus:
1513 5378 1638 5436 nam
1667 5382 1831 5452 mise-

272 5448 642 5532 rationesejus
663 5466 825 5532 super
836 5451 1030 5532 omnia
1048 5466 1212 5521 opera
1231 5448 1365 5532 ejus.
1393 5450 1829 5532 Prinstantissimi

270 5529 355 5594 est
378 5519 569 5594 medici
611 5519 914 5594 deploratos
946 5519 1138 5594 curare
1172 5523 1418 5594 _morbos,
1458 5522 1832 5582 humanissimi

271 5587 561 5645 Salvatoris
582 5605 648 5645 ex
674 5587 889 5648 sentina
931 5599 986 5646 et
1023 5591 1271 5662 pollubro
1311 5594 1565 5647 vitiorum
1591 5599 1834 5662 peccato-

272 5675 356 5734 res
382 5662 700 5734 extrahere;
731 5662 1248 5734 magniﬁcentissimi
1289 5665 1430 5734 regis
1459 5670 1543 5718 est
1572 5663 1834 5718 suscitare

274 5731 504 5804 de__terra
526 5730 757 5800 inopem,
780 5730 843 5788 et
860 5732 928 5804 de
950 5741 1188 5804 stercore
1211 5730 1420 5804 erigere
1439 5748 1750 5804 pauperem,
1774 5741 1837 5787 ut

273 5801 490 5874 collocat
509 5815 632 5854 eum
654 5816 774 5874 _cum
794 5803 1128 5874 principibus

273 5809 490 5855 collocat
509 5815 632 5854 eum
654 5816 774 5855 cum
794 5809 1128 5874 principibus
1136 5809 1330 5929 ἔμιιὶ
1357 5809 1459 5858 sui.
1490 5823 1507 5854 ι
1528 5809 1703 5870 Quare
1726 5818 1835 5858 non

261 5880 352 5951 est
376 5871 766 5944 desperandum
807 5872 876 5931 de
909 5873 1084 5930 malis.
1209 5875 1243 5931 d
1277 5889 1377 5946 pro
1410 5876 1566 5948 ipsis,
1607 5881 1668 5930 ut
1707 5873 1835 5931 boni

1209 5873 1243 5931 d
1277 5889 1377 5946 pro
1410 5876 1566 5948 ipsis,
1607 5881 1668 5930 ut
1707 5873 1837 5931 boni

1935 3413 2089 3480 ﬁant,
2126 3415 2418 3470 studiosius
2459 3413 2886 3485 supplicandum,
2920 3413 3048 3484 quia
3091 3429 3351 3485 numerus
3386 3429 3510 3470 san-

1935 3494 2146 3540 ctorum
2177 3485 2244 3539 de
2273 3499 2499 3540 numero
2528 3484 2743 3554 semper
2766 3492 2850 3540 est
2879 3493 3069 3540 auctus
3098 3484 3386 3554 impiorum
3413 3526 3428 3550 ,
3482 3501 3502 3539 ι

1934 3555 2110 3624 inquit
2131 3554 2188 3610 S.
2214 3555 2446 3624 PrOSper
2466 3562 2604 3610 sent.
2640 3553 2760 3609 184.
2783 3554 2868 3626 _Ne
2899 3570 3026 3626 vero
3050 3553 3512 3626 propudiosipec-

1933 3635 2379 3697 calorummores
2410 3626 2714 3697 religiosam
2743 3624 2911 3697 vitam
2945 3625 3029 3680 vel
3054 3624 3264 3697 leviter
3308 3624 3512 3697 labefa-

1935 3705 2087 3752 ctare
2107 3695 2342 3760 valeant,
2377 3695 2531 3766 circa'
2549 3710 2738 3766 eorum
2768 3695 2947 3766 studia
2976 3697 3068 3766 qui
3095 3695 3402 3766 religiosam
3428 3696 3512 3766 vi-

1935 3775 2047 3822 tam
2088 3773 2375 3837 appetunt,
2407 3765 2540 3837 haec
2566 3762 2855 3837 statuit_S.
2899 3762 3131 3821 Basilius
3176 3762 3508 3837 observanda

1932 3835 2235 3892 interriti)
2283 3835 2468 3908 Begu].
2519 3835 2690 3891 fusius
2733 3835 3128 3906 disputatarum
3162 3835 3273 3908 ;_ll_i
3326 3837 3508 3908 qui'in

1934 3909 2131 3964 saeculo
2160 3909 2325 3962 vitam
2368 3905 2617 3962 sanctam
2662 3905 2905 3978 egerunt,
2937 3916 3063 3962 sunt
3104 3905 3359 3978 religioni
3393 3922 3509 3960 rua-

1932 3978 2078 4034 xime
2118 3978 2331 4049 idonei.
2361 3978 2427 4032 lli
2468 3991 2595 4032 vero
2640 3977 2732 4049 qui
2772 3977 2838 4049 in,
2870 3978 3126 4049 vitiorum
3170 3977 3506 4049 situ_et4p:e-

1934 4050 2063 4106 dore
2097 4047 2337 4104 immersi
2363 4056 2540 4113 erant,
2581 4055 2636 4103 et
2661 4046 2715 4102 ii
2756 4048 2847 4117 qui
2888 4047 3120 4104 mediam
3141 4046 3297 4118 quasi
3341 4046 3508 4101 vitam

1932 4121 2076 4176 inter
2109 4121 2310 4176 bonum
2347 4128 2401 4174 et
2443 4118 2640 4174 malum
2670 4119 2945 4184 tenebant,
2981 4128 3107 4174 sunt
3147 4117 3363 4188 quidem
3393 4133 3512 4172 sus-

1933 4192 2202 4261 cipiendi;
2258 4191 2352 4246 sed
2393 4190 2708 4261 explorandi
2757 4203 2958 4261 eorum
2996 4205 3207 4261 morum
3256 4198 3310 4242 et
3361 4189 3510 4261 inge-

1933 4258 2043 4330 nia,
2073 4279 2141 4317 an
2183 4263 2402 4317 levitate
2437 4258 2671 4332 quadam
2716 4260 2882 4332 animi
2933 4258 3092 4316 facile
3131 4260 3186 4313 in
3231 4258 3504 4332 contraria

1931 4328 2109 4388 studia
2135 4340 2188 4387 et
2207 4332 2432 4387 consilia
2454 4328 2756 4386 inutentur.
2794 4329 2909 4384 Non
2936 4339 3065 4384 sunt
3091 4338 3268 4383 tamen
3303 4328 3370 4380 ab
3394 4328 3509 4396 ipso

1930 4402 2116 4457 limine
2144 4402 2488 4472 dcspcrandi,
2505 4402 2630 4470 quia
2656 4396 2801 4472 nulla
2821 4406 2906 4454 est
2931 4407 3038 4472 iam
3070 4399 3369 4472 inveterata
3390 4412 3511 4466 pec-

1933 4473 2104 4527 candi'
2138 4468 2467 4527 consuetudo
2510 4468 2632 4541 qua:
2673 4469 2768 4524 Dei
2804 4468 2981 4541 gratia
3026 4468 3310 4541 et_timore
3348 4475 3511 4537 atque

1931 4542 2135 4597 laboris
2171 4541 2489 4597 assiduitate
2529 4535 2637 4594 non
2667 4535 3034 4608 pervincatur.
3074 4535 3377 4608 Periculum
3423 4535 3510 4608 est

1855 4612 2240 4678 Diaciendum
2289 4626 2382 4666 eos
2420 4605 2722 4668 exercendo
2767 4606 3071 4678 durioribus
3110 4605 3401 4662 laboribus.
3451 4607 3508 4663 Si

1935 4683 2065 4754 quid
2091 4683 2263 4754 inesse
2295 4683 2349 4736 in
2391 4681 2480 4754 eis
2505 4678 2821 4754 constantia:
2865 4677 3373 4754 animadvertimus,
3417 4679 3512 4754 ad:

1937 4747 2185 4808 mittendi
2223 4760 2386 4816 sunt;
2439 4751 2523 4806 sin
2571 4749 2787 4814 minus,
2838 4749 3188 4818 repudiandi:
3224 4764 3292 4803 ne
3329 4747 3511 4803 czeteri

1939 4822 2138 4879 fratres
2181 4837 2367 4878 eorum
2402 4819 2722 4889 contagidne
2764 4827 2821 4874 et
2863 4819 3138 4890 porrigine
3183 4819 3509 4888 coinquinati

1938 4894 2340 4950 contabescant.

2015 4963 2036 5003 ί
2069 4961 2208 5033 Quia
2236 4963 2289 5016 in
2318 4962 2501 5016 ultimo
2529 4960 2818 5033 estiLege,
2853 4959 3061 5033 quiain
3088 4958 3340 5033 altissimo
3367 4970 3464 5014 est.

2015 5034 2040 5073 8
2075 5031 2140 5115 U_t
2171 5034 2296 5115 quis
2325 5034 2381 5088 in
2409 5030 2768 5115 quo_delicio_'2
2805 5038 2909 5115 etc.
2941 5030 3150 5115 ldo‘est,
3193 5030 3268 5115 in_
3293 5045 3508 5115 reorum

1937 5099 2313 5159 emendatione
2337 5099 2630 5158 secundum
2665 5100 2842 5156 delicti
2873 5099 3188 5169 qualitatem
3218 5101 3511 5156 observan-

1937 5173 2065 5229 dum
2080 5180 2172 5242 est
2195 5173 2322 5242 quid
2353 5180 2593 5228 statuant
2626 5185 2882 5242 canones.

2006 5244 2036 5284 ιι
2067 5241 2135 5296 1η
2159 5237 2268 5313 ιερε
2296 5243 2534 5308 habetur,
2557 5251 2664 5298 etc.
2701 5240 2904 5296 Sensus
2939 5247 3053 5313 esi:
3080 5237 3138 5295 Si
3163 5239 3286 5310 quis
3312 5238 3381 5294 ob
3407 5255 3511 5294 cre-

1937 5313 2060 5369 dem
2087 5328 2180 5368 seu
2209 5310 2611 5383 percussionem
2639 5319 2853 5383 centum
2889 5310 3087 5383 solidos
3111 5324 3435 5383 componere
3455 5321 3510 5365 et

1937 5383 2147 5439 solvere
2175 5379 2390 5447 debeat,
2410 5382 2694 5438 clementia
2718 5389 2897 5437 tamen
2919 5379 3118 5450 judicis
3140 5381 3354 5435 tertiam
3380 5381 3511 5435 dun-

1938 5461 2088 5510 taxat
2109 5461 2320 5523 partem
2346 5454 2554 5509 solvere
2579 5459 2802 5523 cogetur
2828 5469 2841 5506 :
2870 5451 3022 5523 _sicut
3046 5450 3508 5523 cumimultaDeo

1931 5520 2256 5588 debeamus,
2288 5526 2423 5594 ipse
2480 5520 2669 5577 tamen
2711 5520 2981 5594 singulari
3022 5535 3139 5594 sua
3175 5521 3510 5594 humanitate

1931 5609 2099 5664 parva
2140 5591 2506 5650 satisfactione
2544 5607 2643 5662 pro
2668 5599 2749 5647 tot
2771 5591 2827 5648 et
2853 5591 3016 5647 tantis
3040 5591 3250 5648 delictis
3283 5599 3509 5648 conten-

1932 5673 2020 5720 ιιιε
2046 5677 2150 5720 εει.

2012 5737 2027 5775 ί
2051 5734 2201 5801 Quod
2230 5737 2294 5808 de
2317 5734 2492 5790 liberis
2520 5736 2833 5793 continetur.
2860 5731 2920 5794 ω
2943 5741 3044 5806 est,
3060 5731 3273 5807 quodin
3299 5732 3418 5808 lege
3439 5733 3509 5791 de

1935 5805 2123 5864 liberis
2148 5807 2476 5865 continetur.
