4066 6342
277 391 418 460 ωε

1197 387 1583 455 οοκεθιιῡιλ
1619 387 2077 454 κεευωηιε.
2118 423 2192 438 -
2225 385 2378 452 CAP.
2415 383 2570 455 ιιν.

3390 396 3524 462 1286

277 524 420 581 etus,
447 514 622 570 frater
635 519 722 570 est
744 511 800 568 in
826 503 1040 575 Domini
1063 513 1271 583 positus
1294 515 1516 570 servitio
1541 521 1854 584 computan-
1878 518 1932 579 Α
1957 527 2174 584 cunque
2199 512 2432 570 facultas
2454 509 2699 582 pecunia:
2720 505 3031 579 latitaverll,
3061 507 3212 570 nullo
3242 497 3402 574 modo
3427 519 3528 598 sub

279 611 399 674 dus,
429 609 550 678 quia
574 609 711 678 apud
738 607 927 672 Deum,
953 616 1012 661 ut
1041 607 1328 676 Apostolus
1353 609 1544 672 docet,
1582 606 1727 661 nulla
1766 614 1850 662 est

278 701 518 770 acceptio
546 714 917 769 personarum.
949 699 1043 755 Ille
1081 708 1261 757 tamen
1290 703 1382 772 qui
1413 718 1479 757 ex
1506 701 1694 756 humili
1721 716 1849 757 con-

273 790 477 845 ditione
502 797 586 846 est
615 790 666 844 in
696 791 1067 859 germanitatis
1083 792 1390 862 aequalitate
1417 801 1717 864 susceptus,
1740 809 1850 848 non

275 881 455 950 aliquo
483 881 731 936 elationis
760 889 966 936 tumore
996 883 1301 951 superbiat;
1337 881 1429 937 sed
1459 897 1554 953 per
1578 884 1848 938 humilita—

275 981 382 1026 tem
411 973 462 1026 in
486 987 574 1037 eo,
605 988 724 1040 qua:
752 972 890 1026 bona
914 981 1059 1038 sunt,
1082 971 1496 1028 convalescant:
1531 982 1586 1029 et
1614 989 1720 1028 non
1756 988 1846 1028 so-

274 1065 380 1118 lum
413 1066 460 1119 ei
484 1066 566 1119 cui
595 1066 817 1134 :equalis
841 1064 1063 1122 eii'ectus
1081 1076 1184 1130 est,
1211 1065 1306 1121 sed
1329 1067 1474 1121 omni
1501 1065 1843 1129 fraternitati,

271 1167 332 1211 ut
361 1173 522 1212 verus
560 1158 792 1212 famulus
819 1158 1050 1223 Christi,
1083 1172 1204 1212 enim
1239 1159 1441 1228 pietate
1467 1166 1522 1212 et
1547 1158 1847 1213 humilitate

270 1247 557 1302 deserviat.
598 1249 732 1314 Quia
767 1249 907 1322 sicut
931 1249 980 1304 is
1007 1249 1241 1316 quiesse
1279 1247 1453 1316 major
1483 1248 1766 1302 videbatur
1792 1247 1846 1302 in

269 1342 492 1406 seculo,
522 1357 620 1410 per
649 1342 967 1396 humilitatis
1012 1342 1263 1397 allectum
1303 1341 1471 1397 frater
1513 1351 1742 1398 vocatur
1776 1357 1845 1397 ex

269 1433 517 1496 domino,
565 1432 639 1486 ita
682 1433 767 1488 ille
794 1433 877 1488 sui
918 1435 1515 1500 memorconditionem
1545 1449 1696 1490 suam
1737 1449 1844 1488 non

269 1523 462 1578 altiora
508 1527 772 1592 petendo,
807 1525 1104 1595 despiciat;
1142 1527 1236 1582 sed
1277 1526 1590 1581 testimonio
1621 1525 1842 1580 humili-

272 1615 398 1669 tatis
423 1614 642 1678 exaltet,
671 1625 729 1670 ut
755 1617 896 1685 apud
917 1617 1084 1671 Deum
1110 1615 1348 1671 inveniat
1379 1619 1628 1688 gratiam.
1655 1617 1722 1671 Et
1739 1615 1844 1671 nisi

266 1707 482 1776 expleto
521 1723 665 1764 anno
709 1708 889 1765 nullus
933 1717 1148 1765 mutare
1186 1709 1428 1765 habitum
1474 1711 1839 1780 permittatur.

1950 605 2267 661 monasterii
2311 604 2593 675 disciplina
2632 605 2915 659 diuturnus
2943 605 3143 674 poterit
3168 621 3523 678 permanere;

1951 713 2050 752 nec
2074 696 2399 752 humilitatis
2423 703 2517 750 aut
2539 695 2858 750 obedientiaa
2900 696 3202 751 institutum
3232 681 3529 768 apprehen-

1950 791 2077 845 dere
2103 789 2322 853 valebit,
2350 803 2450 844 nec
2472 789 2527 843 in
2552 788 2864 842 monasterii
2890 799 3206 858 paupertate
3231 799 3324 844 aut
3349 791 3531 845 distri-

1949 880 2128 935 ctione
2154 879 2356 948 potcrit
2379 892 2500 933 esse
2529 885 2815 932 contentus
2839 894 2853 943 ;
2880 878 2972 933 sed
2992 893 3116 934 mox
3143 886 3205 933 ut
3227 889 3346 936 orta
3366 880 3530 938 luerit

1948 971 2204 1041 quaelibet
2231 970 2609 1025 commotiouis
2633 969 2866 1036 occasio,
2898 970 3054 1040 stipis
3083 971 3223 1026 illius
3245 987 3402 1042 quam
3426 973 3526 1028 sibi

1949 1062 2248 1116 reservavit
2270 1061 2464 1116 ﬁducia
2489 1061 2780 1126 animatus,
2811 1062 3068 1118 continuo
3097 1063 3164 1118 de
3193 1064 3523 1120 monasterio

1948 1155 2221 1227 fugiturus
2241 1155 2568 1225 egredietur.

2300 1244 2326 1317 §
2351 1243 2469 1299 XX.
2497 1274 2569 1308 -τ
2597 1242 2733 1298 Item
2758 1243 2866 1315 ipse
2890 1244 3028 1316 (cap.
3059 1242 3169 1316 21).

2017 1335 2078 1392 Si
2100 1337 2388 1407 quid-vero
2416 1337 2484 1390 ab
2511 1335 2706 1398 eodem
2751 1335 2997 1406 pecuniae
3043 1335 3127 1390 vel
3163 1350 3529 1405 quarumcun-

1945 1445 2050 1500 que
2079 1444 2259 1483 rerum
2283 1427 2560 1492 offeratur,
2609 1427 2756 1482 nullo
2783 1427 2966 1492 modo,
2993 1427 3084 1497 qui
3122 1437 3380 1496 praesunt,
3407 1444 3528 1486 sus-

1943 1527 2124 1595 cipere
2155 1539 2219 1579 ea
2246 1524 2300 1578 in
2328 1523 2641 1578 monasterii
2669 1521 2858 1578 usibus
2892 1524 3268 1594 acquiescant,
3297 1541 3364 1581 ne
3393 1541 3527 1581 con-

1943 1616 2166 1674 ﬁdentia
2195 1615 2358 1688 hujus
2403 1614 2696 1680 oblationis
2737 1614 3060 1686 dedignetur
3100 1617 3430 1688 pauperibus
3469 1632 3530 1674 se

1942 1707 2200 1772 fratribus
2224 1722 2524 1778 coaequare.
2561 1707 2669 1764 Aut
2696 1715 2842 1778 certe
2866 1707 2911 1764 si
2933 1710 3290 1779 susceperint,
3318 1711 3531 1770 cautius

270 1799 376 1855 Sed
415 1801 461 1855 si
507 1801 819 1870 ptenitentis
847 1799 1012 1856 fuerit
1057 1810 1206 1857 tanta
1235 1803 1614 1872 compunctio,
1653 1811 1710 1857 ut
1740 1803 1842 1859 hoc
1886 1873 1891 1874 ί
1941 1817 2038 1874 per
2058 1800 2286 1860 multum
2314 1809 2526 1870 tempus
2543 1799 2798 1871 prudenti
2818 1799 3017 1864 debent
3039 1816 3257 1858 servare
3275 1803 3526 1859 consilio.

266 1893 370 1947 sibi
397 1894 785 1964 supplicatione
806 1894 1020 1949 assidua
1043 1895 1242 1964 exigat,
1275 1909 1383 1950 non
1413 1903 1657 1966 negetur.
1688 1895 1841 1963 Quod
1870 1873 1917 1935 Β
1943 1873 2080 1949 Nam
2142 1891 2326 1948 multis
2385 1891 2772 1962 experimentis
2825 1891 3140 1964 frequenter
3193 1893 3527 1964 perhibitum

266 1987 360 2042 uni
394 1986 624 2042 ﬁdeliter
647 1989 896 2056 poscenti
921 1987 1271 2055 conceditur,
1301 2005 1410 2044 non
1447 1990 1604 2060 quasi
1635 1989 1837 2044 licitum

242 2076 548 2134 habeatur.
602 2079 934 2136 Vestimenta
983 2095 1197 2150 quoque
1241 2097 1424 2137 secum
1467 2081 1677 2148 delata,
1720 2097 1842 2152 qua:

263 2169 424 2239 primi
449 2170 576 2224 anni
600 2187 730 2226 usus
752 2186 858 2226 non
879 2172 1018 2228 valet
1040 2173 1362 2244 expendere,
1396 2173 1614 2230 redacta
1639 2175 1693 2228 in
1717 2189 1842 2244 pre-

264 2262 421 2325 tium,
453 2263 541 2317 cui
585 2262 751 2318 abbas
779 2265 1124 2335 praeceperit,
1167 2265 1513 2321 tribuuntur:
1552 2267 1676 2338 quia
1715 2281 1841 2322 cum

262 2350 377 2409 alia
395 2357 656 2410 meruerit
707 2357 1047 2421 indumenta,
1098 2357 1310 2426 priores
1347 2369 1372 2398 ι
1404 2359 1616 2414 exubiae
1652 2359 1706 2412 in
1743 2373 1842 2414 sua

261 2461 370 2501 non
398 2457 560 2500 erunt
584 2455 879 2516 potestate,
920 2456 979 2502 ut
1006 2448 1293 2504 exterioris
1321 2448 1556 2503 hominis
1584 2448 1838 2504 immuta-

263 2538 341 2592 tio
366 2552 489 2592 cum
519 2538 792 2594 interioris
818 2537 1056 2608 perfecta
1083 2538 1240 2608 plena
1286 2540 1497 2594 ratione
1533 2541 1837 2595 conveniat.

261 2626 407 2684 Nihil
427 2630 494 2684 de
515 2629 601 2684 his
620 2644 740 2699 qua:
760 2631 1064 2700 perceperit
1087 2630 1138 2688 ei
1159 2630 1230 2685 sit
1250 2630 1458 2687 licitum
1480 2639 1837 2698 commutare,

260 2735 364 2778 nec
404 2735 503 2791 pro
542 2721 840 2792 abjectione
877 2721 1100 2786 viliora,
1136 2735 1237 2778 nec
1277 2738 1374 2792 pro
1417 2724 1700 2778 commodo
1728 2737 1842 2778 me-

261 2812 398 2869 liora
422 2830 438 2880 ;
477 2813 572 2870 sed
597 2813 986 2884 qualiacunque
1014 2813 1214 2870 fuerint
1242 2816 1518 2880 attributa,
1563 2831 1685 2871 cum
1719 2833 1842 2888 gra-

261 2905 458 2960 tiarum
486 2906 701 2960 actione
725 2919 824 2960 suo
850 2914 1060 2964 tantum
1090 2904 1214 2959 usui
1241 2905 1556 2960 vindicabit.

404 2994 432 3066 §
461 2994 641 3064 XVlll.
668 3025 740 3034 —
769 2993 848 3050 Ex
891 2993 1109 3050 Renum
1139 2993 1384 3050 (lassum
1416 2991 1554 3065 (cap.
1583 2995 1694 3065 l9).

330 3086 360 3127 b
389 3085 448 3142 Si
476 3087 597 3155 quis
629 3086 922 3141 monachus
953 3085 1289 3156 disciplinam
1319 3086 1523 3140 intrare
1547 3085 1838 3152 desiderat,

1941 1982 2206 2056 quosdam
2233 1997 2330 2052 per.
2355 1982 2681 2042 monasteria
2721 1982 2900 2040 minus
2940 1991 3099 2044 cauta
3141 1991 3424 2055 susceptos
3463 1999 3529 2041 ea

1942 2088 2063 2145 qua:
2114 2088 2306 2129 secum.
2349 2071 2676 2139 detulerant,
2724 2081 2780 2128 et
2826 2089 2948 2144 qua:
2981 2072 3098 2143 iam
3138 2075 3196 2132 iu
3231 2075 3329 2132 Dei
3363 2091 3530 2147 opere

1941 2163 2159 2220 fuerant
2187 2165 2519 2235 dispensata,
2567 2162 2860 2236 tepefactus
2893 2175 3081 2238 postea
3122 2182 3231 2223 non
3277 2168 3397 2224 sine
3438 2169 3526 2226 in-

1935 2254 2082 2326 juria
2110 2256 2424 2312 monasterii
2471 2255 2736 2329 sacrilego
2765 2257 2958 2328 spiritu
3001 2257 3206 2328 ingenti
3235 2266 3358 2331 post
3379 2258 3526 2318 blas‘

1939 2346 2155 2418 phemia
2181 2347 2461 2422 repetisse.

2300 2439 2328 2512 §
2359 2439 2492 2496 XXI.
2527 2470 2599 2506 τ·-
2626 2441 2762 2497 Item
2787 2443 2894 2514 ipse
2925 2443 3062 2514 (cap.
3088 2443 3201 2516 25).

2011 2526 2039 2568 ἀ
2073 2526 2132 2583 Si
2154 2530 2276 2598 quis
2312 2538 2488 2584 autem
2518 2546 2585 2586 ex
2617 2532 2874 2590 divitibus
2903 2533 3029 2588 huic
3055 2534 3256 2598 mundo
3275 2542 3332 2590 et
3356 2533 3532 2596 facula

1942 2621 2144 2676 tatibus
2175 2619 2291 2690 ejus
2329 2622 2622 2687 renuntiat,
2656 2623 2730 2676 ita
2771 2639 2993 2678 necesse
3033 2635 3118 2694 est
3141 2639 3264 2680 eum
3296 2641 3546 2697 congrer

1941 2709 2174 2780 gationis
2205 2709 2544 2779 disciplinam
2593 2719 2866 2781 expetere,
2918 2717 2978 2765 ut
3022 2712 3078 2766 in
3128 2712 3272 2769 nullo
3304 2714 3409 2768 sibi
3453 2726 3521 2770 ex

1941 2802 2028 2858 his
2047 2815 2166 2870 qua:
2193 2799 2412 2870 reliquit
2432 2809 2526 2855 aut
2547 2800 2794 2856 intulerit
2820 2803 3168 2868 monasterio,
3195 2803 3524 2862 blandiatur.

1940 2894 2042 2964 Qui
2067 2895 2113 2950 si
2147 2894 2370 2950 forsitan
2421 2887 2632 2949 fortiori
2684 2893 2846 2950 fuerit
2882 2903 3041 2950 actate
3088 2904 3396 2964 provectus,
3447 2897 3528 2952 sic

1951 3000 1974 3030 ο
2000 2995 2273 3060 praeparet
2317 3001 2376 3041 se
2417 2986 2670 3041 omnibus
2693 2985 2937 3052 obedire,
2984 2995 3044 3040 ut
3067 2985 3361 3042 secundum
3403 3001 3530 3042 sen-

1941 3081 2166 3137 tentiam
2194 3079 2408 3134 Domini
2444 3078 2462 3118 ί
2493 3079 2560 3132 ad
2587 3077 2986 3148 simplicitatem
3012 3078 3252 3148 pristinae
3283 3078 3526 3135 infantia:

254 3191 369 3237 non
420 3187 546 3234 ante
597 3178 986 3234 monasterium
1035 3178 1382 3249 permittatur
1412 3177 1620 3248 ingredi
1673 3192 1838 3248 quam
1872 3237 1910 3249 κ
1942 3173 2264 3229 humilitatis
2294 3173 2468 3244 gratia
2509 3180 2852 3235 revertatur;
2886 3179 2942 3226 et
2979 3169 3114 3226 nihil
3160 3170 3261 3227 sibi
3290 3171 3358 3227 de
3386 3186 3520 3228 con-

261 3268 453 3328 diebus
483 3269 668 3325 decem
696 3284 791 3325 seu
818 3237 1054 3339 amplius
1093 3276 1219 3323 ante
1247 3237 1835 3339 jannas'permanendo
1865 3237 1910 3302 Ο
1941 3267 2268 3322 sideratione
2297 3237 2511 3330 aetatis,
2540 3262 2625 3319 vel
2655 3278 2921 3318 annorum
2965 3263 3354 3318 numerositate
3384 3277 3526 3334 prae-

257 3359 550 3424 duraverit,
598 3368 658 3415 ut
707 3359 962 3417 indicium
1013 3358 1432 3431 perseverantia
1477 3373 1541 3415 ac
1585 3359 1838 3414 desiderii

258 3451 366 3516 sui,
399 3449 718 3512 humilitatis
745 3451 902 3506 etiam
949 3451 1034 3505 vel
1079 3452 1351 3520 patientiae
1399 3465 1459 3506 se
1500 3451 1702 3505 habere
1749 3451 1851 3513 de-,

262 3548 546 3598 monstret.
575 3540 677 3607 Qui
709 3542 1104 3600 transeuntium
1133 3541 1363 3597 fratrum
1385 3542 1614 3611 genibus
1643 3556 1840 3612 proves

261 3635 409 3690 lutus
456 3634 524 3688 ab
571 3634 838 3690 universis
886 3635 952 3691 de
1001 3635 1266 3690 industria
1314 3647 1337 3675 ο
1387 3635 1654 3692 refutetur
1679 3644 1842 3706 atque

261 3723 610 3797 despiciatur,
658 3733 912 3795 tanquam
957 3725 1044 3782 cui
1075 3740 1182 3782 non
1229 3735 1449 3797 propter
1502 3727 1838 3798 religionem,

260 3819 356 3886 sed
383 3825 602 3888 propter
647 3817 883 3887 aliquam
913 3821 1292 3879 necessitatem
1333 3828 1548 3890 oportet
1570 3830 1842 3877 monaste-

263 3910 402 3968 rium
430 3909 673 3966 introire.
701 3908 924 3980 lnsuper
959 3911 1121 3968 etiam
1161 3909 1371 3980 injuriis
1395 3919 1451 3966 et
1470 3914 1843 3981 exprobratio-

262 4003 423 4060 nibus
464 4017 587 4058 eum
634 4000 886 4068 alliciant,
936 4011 996 4058 ut
1041 4003 1470 4072 experimentum
1498 4005 1838 4071 constantia,

263 4094 346 4150 vel
369 4093 578 4163 qualem
612 4092 951 4150 tolerantiam
991 4095 1048 4150 in
1096 4095 1484 4152 tentationibus
1511 4095 1839 4166 injuriarum

265 4186 334 4240 sit
358 4184 663 4249 habiturus,
694 4186 960 4239 ostendat.

617 4277 645 4349 ς
673 4277 814 4348 XIX.
845 4309 916 4318 —
942 4277 1074 4340 Item
1107 4281 1215 4350 ipse
1243 4279 1380 4351 (cap.
1403 4279 1515 4352 20).

334 4370 573 4438 Cumque
595 4366 759 4423 fuerit
789 4369 842 4424 in
866 4370 1194 4424 monasterio
1213 4371 1504 4440 exploratae
1531 4371 1731 4426 mentis
1758 4387 1842 4425 ar-

265 4463 394 4516 dore
443 4455 744 4533 susceptus,
794 4477 1002 4518 summa
1054 4463 1333 4538 diligentia
1377 4463 1726 4534 perquiritur,
1772 4478 1841 4518 ne

1939 3369 2138 3424 sumat,
2169 3375 2330 3429 quam
2360 3360 2414 3413 in
2459 3357 2658 3413 saeculo
2685 3358 2900 3411 noviter
2945 3368 3316 3428 consumptam
3343 3357 3528 3428 perdi-

1940 3449 2086 3504 disse
2128 3463 2186 3503 se
2227 3457 2415 3517 putet;
2449 3449 2544 3503 sed
2574 3437 2817 3504 novitate
2863 3448 3314 3515 conversationis,
3363 3463 3524 3519 quam

1940 3541 1998 3596 in
2044 3539 2248 3596 Christi
2292 3540 2487 3596 militia
2525 3555 2717 3612 gerere
2750 3541 2922 3612 cupit,
2969 3542 3200 3598 subdere
3252 3557 3312 3599 se
3357 3543 3525 3599 etiam

1934 3630 2242 3702 junioribus
2263 3648 2371 3688 non
2397 3643 2664 3690 moretur.

2279 3727 2305 3800 §
2337 3727 2498 3784 XXII.
2524 3758 2595 3770 --
2615 3729 2749 3785 Item
2771 3729 2878 3802 ipse
2905 3729 3044 3803 (cap.
3072 3728 3188 3806 24).

1947 3845 1954 3851 -
2015 3817 2199 3876 'Cum
2227 3835 2357 3876 vero
2405 3831 2655 3894 receptus
2705 3821 2826 3894 quis
2855 3823 2908 3878 in
2959 3821 3288 3880 monasterio
3338 3819 3524 3898 fuerit,

1940 3912 2016 3970 ita
2060 3912 2292 3968 fideliter
2317 3914 2464 3968 omni
2511 3914 2741 3984 pristina
2786 3914 3042 3972 facultate
3087 3916 3338 3983 nudetur,
3367 3924 3525 3974 utne

1940 4005 2114 4076 ipsum
2145 4005 2523 4060 vestimentum
2567 4022 2672 4076 quo
2694 4023 2724 4061 a
2751 4008 2947 4064 saeculo
2975 4009 3122 4065 venit
3153 4008 3394 4078 indutus,
3426 4011 3526 4066 ha-

1939 4097 2069 4154 bere
2097 4097 2328 4169 amplius
2366 4098 2751 4168 permittatur;
2785 4101 2882 4156 sed
2920 4101 2973 4154 in
3016 4099 3192 4155 medio
3229 4102 3523 4172 productus

1939 4200 2173 4246 eruatur
2217 4191 2476 4261 propriis,
2507 4199 2562 4247 et
2611 4205 2710 4263 per
2757 4207 2951 4248 manus
3000 4192 3215 4250 abbatis
3273 4193 3526 4250 induatur

1940 4283 2258 4337 monasterii
2281 4284 2657 4339 vestimentis:
2689 4293 2748 4339 ut
2791 4301 2889 4355 per
2916 4286 3019 4340 hoc
3063 4301 3170 4340 non
3197 4285 3370 4350 solum
3402 4285 3525 4340 uni-

1939 4376 2116 4430 versis
2164 4377 2325 4431 rebus
2371 4377 2483 4430 suis
2524 4377 2762 4446 antiquis
2807 4392 2864 4432 se
2893 4378 3107 4434 noverit
3141 4377 3528 4447 exspoliatum,

1939 4481 2128 4522 verum
2176 4467 2340 4522 etiam
2379 4468 2526 4522 omni
2574 4467 2824 4538 superbia
2872 4468 3131 4522 mundiali
3161 4467 3424 4538 deposita,
3455 4469 3524 4525 ad

266 4551 329 4607 de
349 4552 592 4622 pristinis
623 4551 970 4632 facultatibus
998 4555 1111 4612 suis
1148 4555 1232 4610 vel
1257 4571 1421 4612 unum
1443 4570 1723 4610 nummum
1752 4569 1839 4610 re-
1860 4588 1914 4649 n
1944 4558 2147 4615 Christi
2195 4568 2567 4630 paupertatem
2623 4570 2677 4615 et
2733 4561 2970 4631 inopiam
3019 4560 3363 4617 descendisse
3403 4577 3420 4627 ;
3467 4569 3524 4620 et

265 4646 560 4701 servaverit
585 4645 708 4700 sibi.
736 4644 872 4700 Nam
901 4647 948 4701 si
968 4647 1024 4701 in
1049 4648 1380 4703 conscientia
1403 4646 1520 4716 ejus
1549 4645 1836 4718 quantula-

335 4793 361 4820 ιι
387 4780 627 4864 ξφηὺίιε.
650 4780 785 4864 Ero,
823 4783 1044 4850 exurite,
1067 4785 1125 4840 id
1142 4794 1244 4852 est,
1268 4789 1591 4864 vestimenta
1616 4789 1835 4845 relicta:

115 4837 118 4840 ’
221 4877 223 4880 ⁴
264 4851 516 4922 Virgilius
543 4837 593 4907 tv
625 4837 790 4910 [Ειιλ

386 4945 568 4995 Dulces
589 4948 804 5009 exuvias,
829 4947 941 4997 dum
967 4948 1063 4999 fata
1089 4949 1325 5016 Deusquc
1349 4951 1594 5012 sinebant.

339 5030 365 5068 δ
397 5029 593 5111 Signis
623 5031 933 5111 monac/ius,
975 5042 1078 5088 etc.
1129 5034 1206 5088 Ex
1253 5033 1348 5089 lib.
1393 5050 1448 5092 Iv
1480 5035 1545 5094 de
1575 5033 1844 5092 Institutio

266 5103 714 5170 renuntiantium,
753 5116 872 5170 cap.
901 5103 954 5156 5.

338 5182 359 5208 ο
380 5169 692 5244 _ltefutetur.
742 5170 797 5244 ld
820 5169 926 5244 est,
974 5182 1283 5244 respuatur,
1314 5183 1611 5231 recusetur.
1645 5174 1704 5236 S.
1744 5175 1847 5234 Co-

266 5239 569 5305 lumbanus,
598 5255 682 5308 ep.
714 5242 781 5295 ad
813 5239 1068 5299 Sethum:

388 5331 587 5393 Spernit
624 5335 870 5383 avaritiam
895 5349 1140 5397 vanosque
1167 5336 1346 5386 refutat
1370 5337 1598 5390 honores.

269 5412 326 5490 ξ.
359 5412 582 5483 Gregor.
614 5414 743 5490 Tur.
770 5418 823 5490 in
851 5417 988 5474 Vitis
1025 5421 1280 5474 Patrum:
1313 5439 1333 5472 ί
1365 5421 1608 5490 Cumque
1638 5422 1729 5476 ille
1753 5437 1837 5478 re-

266 5479 494 5564 futaret,
505 5486 714 5540 tandem
735 5488 942 5571 abbatis
967 5491 1216 5571 precibus
1240 5507 1401 5562 super
1421 5479 1607 5546 oculos
1635 5493 1838 5549 domini

266 5560 358 5628 sui
375 5560 588 5628 signum
611 5560 788 5614 crucis
816 5560 1086 5628 imposuit.
1109 5581 1127 5615 ι

335 5623 360 5662 ἀ
391 5624 448 5679 Si
495 5627 717 5703 quisa;
760 5623 1023 5699 divitibus,
1063 5643 1168 5688 etc.
1226 5633 1338 5689 Hoc
1385 5633 1675 5703 capitulum
1728 5651 1836 5690 non

268 5705 453 5776 exstat
493 5697 632 5776 apud
679 5697 1034 5776 Cassianum;
1084 5705 1177 5760 sed
1209 5712 1338 5774 puto
1364 5697 1484 5760 esse
1537 5719 1602 5758 ex
1638 5705 1839 5776 Regula

267 5765 544 5849 cujusdam
571 5765 1074 5849 Patris,_quamdiiti
1094 5765 1254 5830 aliain
1277 5791 1395 5830 esse
1413 5792 1443 5829 a
1460 5775 1656 5844 Regula
1687 5765 1840 5849 servi

269 5838 366 5908 Dei
395 5855 408 5906 ;
438 5854 556 5910 qute
575 5842 733 5896 etiam
762 5838 823 5898 in
840 5846 939 5901 hac
964 5845 1262 5904 Concordia
1293 5838 1581 5920 suppresso
1601 5848 1838 5906 auctoris

1939 4655 2072 4710 nihil
2093 4653 2208 4724 jam
2235 4655 2302 4711 de
2326 4653 2566 4718 crastino
2593 4651 2837 4722 cogitans
2859 4653 3186 4724 pauperibus
3211 4667 3268 4710 se
3291 4653 3321 4694 ιι
3342 4667 3522 4724 aequa-

1938 4790 2157 4848 nomine
2189 4789 2387 4845 dicitur
2414 4786 2692 4856 cujusdam
2721 4785 2918 4842 Patris.

2018 4874 2041 4902 ο
2073 4860 2340 4932 Prwparet
2362 4876 2435 4932 se.
2461 4855 2652 4913 Addidi
2673 4859 2830 4932 rise,
2854 4858 2994 4932 quod
3017 4855 3447 4932 desiderabatur.

2019 4933 2040 4972 ί
2064 4931 2144 4986 Ad
2173 4925 2555 5000 simplicitatem
2601 4929 2836 5000 pristina:
2863 4925 3122 5000 infantig.
3165 4925 3522 5000 Haecsimpli-

1945 5003 2100 5067 citas,
2134 4997 2291 5072 quam
2322 5000 2571 5072 Christus
2596 4997 2940 5072 commendat
2964 4997 3354 5072 in‘Evangelio,
3379 5013 3523 5072 sum-

1946 5089 2091 5129 mum
2122 5067 2202 5128 est
2234 5072 2285 5126 in
2315 5071 2572 5141 religione
2593 5071 2813 5141 bonum.
2837 5067 3218 5141 Namgsimp‘lear
3249 5067 3518 5141 neminem

1938 5143 2170 5213 judicat.
2200 5137 2450 5213 omnibus
2478 5142 2644 5206 cedit,
2677 5137 2816 5213 nulli
2836 5137 3245 5213 injuriam’facit
3271 5153 3372 5192 nec
3403 5138 3523 5193 red-

1945 5209 2046 5278 dit,
2080 5211 2450 5268 curiositatem
2495 5213 2652 5283 fugit,
2689 5209 2822 5283 nihil
2863 5209 3295 5283 innovat,_4curas
3330 5223 3519 5283 super-

1942 5283 2078 5340 ﬂuas
2103 5300 2132 5338 a
2149 5300 2206 5339 se
2230 5284 2500 5338 amolitur.
2520 5279 2856 5339 SEntentiam
2885 5295 3039 5402 suam
3067 5279 3188 5334 aliis
3209 5279 3515 5348 postponit:

1944 5355 2067 5402 auia
2101 5356 2165 5402 de
2195 5369 2254 5402 se
2300 5355 2448 5402 vilia-
2497 5355 2559 5402 de
2598 5352 2719 5402 aliis
2764 5365 2894 5402 exce
2917 5366 2972 5402 sa
3025 5349 3244 5402 iudicat.
3298 5352 3515 5402 Semper

1944 5355 2069 5424 quia
2101 5356 2263 5429 dese
2300 5355 2463 5429 vilia,
2497 5355 2559 5416 de
2598 5352 2739 5429 aliis“
2764 5349 2972 5429 ercelsa
3018 5349 3244 5429 judicat.
3298 5352 3523 5429 Semper

1941 5419 2108 5479 verax
2134 5426 2266 5480 nihil
2308 5419 2544 5488 simulat,
2572 5432 2665 5478 aut
2691 5419 3009 5492 dissimulat,
3027 5419 3105 5476 ac
3131 5420 3355 5492 proinde
3397 5434 3519 5492 cum

1939 5494 2051 5549 Deo
2075 5512 2307 5564 semper,
2341 5496 2431 5565 qui
2482 5504 2564 5548 cst
2600 5507 2812 5546 summa
2839 5491 3041 5546 veritas
3083 5489 3146 5546 et
3180 5489 3534 5558 simplicitas,.

1935 5577 2307 5622 conversatur.

2015 5635 2039 5676 ε
2067 5635 2198 5690 Cum
2234 5653 2346 5691 vero
2370 5641 2752 5706 receptus,_etc.
2775 5631 2898 5706 Hoc
2925 5631 3218 5706 capitulum
3248 5638 3522 5702 sumptum

1943 5712 2116 5763 estex
2148 5706 2424 5769 Cassiano,
2457 5703 2574 5775 cap.
2607 5703 2640 5759 5
2664 5704 2786 5758 libri
2814 5704 2989 5775 ﬁcitati.

2016 5777 2042 5816 δ
2078 5776 2333 5847 ίΕηυανε.
2363 5776 2417 5830 id
2447 5770 2551 5840 esi,
2598 5792 2654 5832 sc
2683 5774 2914 5832 similem
2943 5784 2998 5834 et
3024 5789 3211 5847 parem
3252 5770 3520 5847 judicare,

1941 5857 2002 5906 ut
2021 5863 2181 5922 supra
2201 5847 2353 5915 dixit,
2379 5863 2667 5918 cowquare.
