4066 6342
1288 145 1314 162 κ

270 385 410 447 1289

1198 362 1592 424 CONCORDIA
1628 354 2094 417 REGULARUM.
2132 384 2205 397 -
2236 352 2386 412 CAP.
2427 352 2585 410 LXV.

3389 347 3528 406 I290

266 503 325 560 in
344 483 751 552 monasterium
772 484 939 550 defer,
963 483 1099 540 nihil
1154 481 1480 538 subcelando
1524 479 1654 544 Deo,
1701 473 1855 542 cujus
1880 474 1934 534 Α
1959 469 2194 525 nasterio
2214 485 2481 541 generans
2509 468 2723 540 exigere
2745 467 3032 535 desideret,
3055 469 3071 509 ί
3095 481 3291 523 cavens
3309 481 3531 560 manum

268 600 322 648 te
346 602 468 643 cum
494 581 740 639 omnibus
779 575 942 632 rebus
966 577 1073 629 tuis
1097 574 1281 630 subdis
1302 573 1553 635 servitio;
1595 571 1686 640 qui
1730 569 1852 622 ubi-

268 694 372 750 que
393 676 574 732 omnia
596 671 832 741 respicit,
857 677 911 723 et
939 665 1072 721 nihil
1095 674 1180 721 est
1202 666 1253 720 ei
1277 663 1547 720 occultum
1579 661 1670 733 qui
1700 676 1855 750 reve-

268 749 346 825 lat
384 767 668 820 absconsa.
713 760 920 814 Memor
965 765 1082 810 esto
1127 753 1332 808 fraudis
1358 752 1591 824 _Ananiae
1625 758 1680 804 et
1721 749 1856 818 Sap-

267 857 460 928 phirae,
478 854 570 924 qui
592 853 658 906 de
679 850 841 903 rebus
861 847 974 902 suis
1001 845 1114 899 Deo
1135 843 1329 898 oblatis
1357 843 1551 896 exinde
1576 839 1857 895 subcelare

267 944 517 1004 volentes
551 951 781 998 mortem
826 945 1143 1009 perpetuam
1195 936 1471 990 irruerent
1510 945 1537 974 α
1575 947 1676 1001 pro
1731 931 1854 984 ﬁde.

270 1041 395 1096 Mox
419 1046 480 1092 ut
506 1038 622 1091 haec
651 1031 884 1088 audierit
911 1043 1081 1086 novus
1104 1027 1293 1094 frater,
1338 1028 1385 1081 si
1409 1026 1439 1065 δ
1467 1024 1636 1094 priori
1677 1023 1857 1078 divina

269 1129 540 1188 sententia
567 1106 819 1182 omnibus
846 1120 1143 1185 distractis,
1190 1126 1246 1174 et
1299 1132 1398 1186 per
1427 1131 1618 1170 manus
1647 1113 1858 1168 abbatis

269 1219 531 1292 erogatis,
556 1227 578 1256 ο
610 1214 702 1288 [si]
731 1215 835 1268 hoc
861 1227 961 1281 pro
1000 1217 1148 1264 certo
1172 1208 1424 1263 habuerit
1450 1216 1634 1260 votum
1675 1204 1858 1257 omnia

271 1307 598 1370 distrahere,
626 1311 680 1358 et
706 1299 1036 1357 monasterio
1057 1312 1164 1351 non
1189 1294 1391 1364 aliquid
1419 1307 1722 1356 reservare,
1749 1305 1858 1345 non

272 1407 518 1470 cogatur,
548 1395 652 1450 nisi
680 1409 746 1448 ex
794 1407 892 1446 sua
945 1389 1221 1445 voluntate
1263 1386 1513 1442 voluerit.
1561 1385 1702 1456 Ergo
1733 1399 1858 1439 cum

271 1490 521 1546 omnibus
567 1501 669 1558 per
717 1497 912 1539 manus
959 1481 1171 1537 abbatis
1209 1480 1463 1550 erogatis,
1497 1477 1524 1517 ἆ
1551 1492 1610 1532 se
1640 1476 1858 1530 ﬁrmare

270 1579 605 1636 monasterio
652 1576 902 1638 voluerit,
953 1585 977 1614 ο
1027 1574 1212 1628 charta
1257 1573 1324 1626 ab
1349 1587 1414 1626 eo
1443 1567 1859 1641 perseverantiae

271 1687 381 1727 non
403 1679 639 1742 petatur,
667 1667 796 1738 quia
822 1679 1019 1737 mgnus
1050 1663 1174 1718 ﬁdei
1203 1659 1322 1730 ejus
1349 1661 1490 1732 apud
1530 1661 1700 1716 Deum
1738 1673 1858 1714 om-

271 1764 423 1819 nium
445 1775 630 1816 rerum
651 1773 871 1815 suarum
891 1771 991 1826 per
1008 1763 1287 1827 erogatam
1314 1752 1716 1822 eleemosynam
1732 1747 1855 1803 fuit.

1957 577 2112 616 suam
2144 563 2254 618 Deo
2308 571 2363 617 et
2407 562 2643 617 oratorio
2692 559 3006 616 monasterii
3050 574 3149 629 per
3188 559 3533 614 donationem

1958 654 2186 720 offerat,
2251 662 2421 709 totum
2474 652 2936 708 subscribentibus
2988 649 3255 720 religiosis
3307 650 3536 704 testibus

1959 746 2230 815 episcopo,
2272 745 2590 814 presbytero
2615 751 2670 798 et
2698 744 2942 807 diacono,
2971 741 3055 795 vel
3085 740 3250 811 ipsius
3274 738 3536 793 territorii

1957 836 2135 901 clero;
2159 842 2214 887 et
2238 833 2252 884 i
2291 835 2346 888 in
2375 835 2488 904 ipsa
2510 834 2757 889 cautione
2779 843 2969 888 taxans
3001 832 3105 886 hoc
3134 831 3163 870 ιι
3187 829 3332 901 quod
3368 829 3415 884 si
3440 827 3539 882 ali-

1960 925 2176 995 quando
2203 925 2532 981 monasterio
2554 924 2637 980 vel
2666 925 2782 980 sine
2817 921 3145 996 indulgentia
3188 926 3536 993 peccatorum

1961 1031 1992 1072 a
2019 1017 2266 1071 Deoenon
2295 1017 2560 1072 discedat.
2589 1015 2710 1071 Jam
2728 1015 2798 1071 de
2825 1015 2957 1085 ipsis
2979 1014 3146 1069 rebus
3177 1011 3345 1066 abbas
3362 1011 3419 1066 in
3441 1025 3538 1081 po-

1959 1113 2161 1162 testate
2190 1121 2289 1161 sua
2322 1103 2338 1144 ¹
2370 1106 2595 1160 mutatis
2622 1117 2663 1144 ω
2684 1105 2944 1175 quidquid
2969 1101 3292 1157 necessariae
3313 1100 3536 1153 utilitati

1959 1197 2280 1250 monasterii
2302 1196 2576 1251 abundare
2598 1196 2818 1262 viderit,
2843 1209 2942 1265 pro
2960 1194 3141 1248 anima
3162 1190 3348 1246 fratris
3369 1190 3538 1261 ipsius

1958 1294 2181 1354 propter
2198 1296 2527 1356 praeceptum
2557 1302 2719 1356 supra
2747 1287 2948 1341 dictum
2975 1284 3230 1354 sequendi
3253 1282 3540 1338 Dominum

1959 1389 2058 1442 per
2085 1373 2484 1446 eleemosynam
2533 1373 2791 1429 distracta
2834 1373 2924 1428 illa
2950 1389 3012 1429 re
3053 1386 3388 1442 supervacua
3417 1384 3542 1441 pre-

1959 1463 2096 1517 tium
2125 1461 2243 1532 ejus
2263 1464 2594 1534 pauperibus
2630 1464 2870 1519 tribuat:
2896 1471 2956 1518 ut
2981 1466 3126 1535 quod
3150 1463 3240 1519 ille
3259 1463 3542 1534 imperitus

1960 1555 2122 1610 frater
2155 1572 2264 1611 non
2293 1555 2494 1611 meruit
2537 1555 2738 1622 facere,
2765 1571 2865 1626 pro
2889 1555 2981 1611 illo
3017 1556 3120 1612 iste
3153 1555 3307 1626 quasi
3348 1554 3542 1610 doctus

1959 1649 2221 1719 magister
2245 1648 2426 1704 valeat
2451 1650 2766 1720 adimplere.
2793 1660 2823 1690 ιλ
2851 1649 2956 1718 Qui
2983 1665 3112 1707 vero
3141 1650 3310 1706 frater
3332 1665 3401 1705 ex
3427 1657 3542 1704 toto

1961 1743 2288 1799 indicaverit
2312 1757 2373 1799 se
2398 1742 2534 1798 nihil
2555 1744 2775 1811 habere,
2791 1744 2943 1815 prius
2963 1744 3280 1814 exquiratur
3298 1759 3330 1798 a
3349 1741 3542 1798 vicinis

271 1853 410 1909 Nam
429 1867 529 1924 per
546 1851 789 1908 omnium
812 1863 998 1904 rerum
1027 1861 1248 1901 suarum
1269 1844 1637 1915 erogationem
1654 1855 1860 1911 expen-
1886 1831 1936 1892 B
1963 1833 2107 1888 illius
2129 1831 2364 1905 regionis
2384 1833 2477 1888 ubi
2498 1834 2725 1900 mansit;
2753 1843 2810 1890 et
2833 1834 2880 1890 si
2902 1835 3179 1890 inventum
3208 1832 3371 1888 fuerit
3399 1831 3543 1902 quod

273 1961 392 2002 sam
421 1941 938 2016 cognosciturapud
967 1940 1138 1995 Deum
1179 1953 1341 2008 posse
1381 1935 1614 1991 ﬁdeliter
1641 1949 1860 2006 perma-

271 2049 428 2101 nere,
458 2033 552 2105 qui
596 2034 761 2088 rebus
791 2031 907 2087 suis
929 2045 1029 2100 pro
1053 2042 1121 2084 eo
1165 2028 1314 2098 cupit
1354 2041 1463 2081 non
1489 2039 1732 2094 parcere.
1762 2021 1864 2079 So-

271 2125 552 2182 lummodo
598 2124 742 2179 hanc
789 2122 879 2178 det
929 2119 1091 2176 ﬁdem
1128 2119 1232 2174 sibi
1284 2117 1501 2188 penitus
1551 2115 1686 2171 foris
1727 2113 1863 2170 nihil

273 2215 606 2271 remansisse
627 2213 880 2269 celatum.
911 2210 1065 2267 Hanc
1093 2209 1218 2264 ideo
1267 2206 1290 2247 ί
1333 2207 1669 2262 voluntatem
1693 2205 1862 2260 abbas

271 2304 704 2378 ingredientibus
758 2303 989 2369 tribuit,
1057 2309 1121 2356 ut
1175 2314 1284 2355 non
1337 2299 1408 2353 ab
1463 2297 1863 2353 introeuntibus

276 2397 303 2436 ε
320 2395 596 2466 judicetur
617 2393 797 2464 potius
824 2407 914 2448 res
930 2389 1214 2446 hominum
1233 2387 1542 2443 desiderare
1561 2400 1724 2454 quam
1745 2385 1864 2440 ani-

270 2499 411 2540 mas.
448 2481 550 2549 Qui
578 2497 710 2538 vero
748 2480 919 2536 frater
962 2481 1068 2536 hoc
1112 2477 1337 2547 elegerit
1374 2491 1498 2532 cum
1541 2475 1705 2531 rebus
1748 2475 1863 2530 suis

269 2573 302 2614 ιι
329 2573 661 2628 monasterio
687 2572 925 2638 tradere,
954 2578 1012 2625 et
1039 2567 1376 2624 distrahendi
1401 2567 1736 2624 voluntatem
1751 2580 1861 2622 non

270 2664 550 2732 habuerit,
564 2679 634 2720 ne
654 2662 945 2734 aliquando
969 2667 1211 2715 mutatus
1225 2674 1255 2715 a
1279 2658 1494 2715 diabolo
1513 2656 1601 2713 vel
1619 2666 1862 2714 armatus

1961 1931 2110 1979 certe
2136 1924 2209 1979 sit
2249 1939 2317 1979 ex
2359 1932 2473 1980 toto
2506 1923 2624 1994 ejus
2647 1935 2960 1997 paupertas,
2987 1935 3115 1981 tunc
3141 1925 3266 1982 dato
3294 1939 3546 1994 perseve-

1961 2017 2155 2072 rantiae
2176 2016 2492 2089 ﬁdejussore
2523 2019 2677 2090 °gsub
2703 2020 2952 2076 cautione
2987 2033 3162 2090 poena:
3201 2016 3540 2088 interposita.

1960 2107 2019 2165 Si
2043 2117 2224 2165 tamen
2234 2109 2350 2179 jam
2372 2119 2536 2166 notus
2551 2089 2744 2179 Iuerit,
2783 2123 2812 2163 ι)
2836 2112 2918 2168 sic
2947 2089 3104 2168 debet
3127 2112 3184 2167 in
3208 2109 3542 2167 monasterio

1960 2199 2184 2271 suscipi,
2211 2215 2281 2255 ne
2306 2198 2446 2257 forte
2473 2200 2743 2272 aliquibus
2766 2204 2930 2259 rebus
2966 2203 3081 2259 suis
3108 2204 3176 2259 ad
3201 2211 3413 2276 tempus
3466 2201 3546 2257 fo-

1960 2291 2038 2347 ris
2067 2302 2096 2342 ιι
2119 2293 2531 2361 commendatis,
2579 2295 2808 2352 mentita
2852 2296 2910 2352 in
2944 2296 3274 2354 monasterio
3313 2309 3545 2368 pauper-

1961 2390 2099 2450 tate,
2125 2399 2237 2440 non
2263 2384 2438 2441 solum
2459 2384 2597 2441 nihil
2618 2385 2731 2442 Deo
2757 2402 2856 2458 per
2881 2387 3303 2461 eleemosynam,
3323 2387 3410 2443 vel
3431 2403 3546 2442 mo-

1961 2472 2202 2529 nasterio
2253 2489 2353 2543 per
2402 2475 2750 2533 donationem
2799 2477 3061 2546 conferat,
3117 2479 3214 2534 sed
3263 2477 3427 2534 etiam
3477 2479 3546 2534 ab

1965 2571 1990 2601 ε
2013 2564 2385 2634 spectantibus
2405 2579 2530 2620 eum
2549 2565 2685 2622 foris
2709 2568 2872 2624 rebus
2899 2568 3012 2624 suis
3049 2577 3408 2640 provocatus;
3442 2581 3464 2608 ι
3491 2576 3546 2624 et

1960 2667 2086 2709 cum
2104 2653 2237 2723 quid
2262 2655 2497 2723 venerit,
2529 2665 2691 2714 exeat
2743 2673 2939 2715 causae.
2988 2658 3124 2716 Nam
3178 2675 3302 2717 cum
3337 2660 3543 2717 dederit

269 2763 497 2828 propter
529 2769 621 2811 res
652 2768 782 2810 suas
835 2751 1130 2823 exigendas
1169 2749 1380 2822 aliquas
1419 2747 1703 2805 molestias
1743 2762 1862 2805 mo-
1892 2743 1904 2789 ί
1959 2763 1962 2765 λ

277 2850 282 2855 ’
344 2882 373 2911 ι
405 2869 514 2924 Pro
539 2869 665 2938 ﬁde.
695 2866 756 2924 Id
799 2873 904 2938 est,
935 2873 999 2921 ut
1039 2862 1303 2934 majorem
1349 2850 1514 2919 ﬁdem
1558 2861 1857 2918 Christiani

272 2936 597 2995 adhiberent
623 2936 902 3007 apostolis.

347 3010 376 3050 ι)
403 3009 585 3064 Priori
610 3001 790 3063 divina
817 3006 1093 3062 sententia.
1123 3003 1254 3073 Quae
1275 3001 1439 3075 paulo
1474 3009 1604 3059 ante
1643 3002 1860 3075 prolata

271 3087 448 3136 estex
474 3080 665 3135 Matth.
697 3094 813 3133 xxx.

1961 2851 2362 2933 bardouumutit.
2389 2854 2477 2920 21,
2500 2855 2626 2918 1.15
2645 2873 2664 2933 _:
2687 2875 2707 2910 ι
2729 2855 2786 2912 Si
2813 2858 2934 2928 quis
2949 2859 3544 2933 mutuaveritcuiquam

1961 2922 2169 3014 homini
2189 2923 2388 3014 solidos
2406 2922 2847 3014 percautionem,
2866 2947 2885 2981 ι
2913 2937 3018 2984 etc.
3041 2928 3172 3014 Luc.
3201 2946 3298 3014 xvi
3316 2946 3333 2985 :
3354 2922 3544 3014 Accipe

1963 2994 2450 3072 cautiouerntuani,
2482 2995 2540 3051 in
2570 3005 2722 3052 textu
2730 2997 2952 3072 913300,
2983 3001 3216 3072 γρᾷμμα,
3245 3000 3301 3072 id
3327 3009 3432 3066 est,
3457 2994 3544 3058 lit-

1964 3069 2130 3141 teras.
2151 3065 2273 3141 _Dici_
2276 3075 2364 3119 tur
2385 3073 2443 3141 _et
2460 3074 2700 3124 cautum.
2719 3065 3098 3141 Corippus'lib.
3121 3065 3160 3126 ιι
3187 3065 3254 3128 de
3271 3065 3545 3130 Laudibus

347 3130 916 3206 {Si-Itocil’a—rticula
954 3148 1005 3202 si
1044 3146 1332 3212 redundat,
1375 3161 1481 3203 nec
1521 3143 1758 3200 habetur
1803 3145 1862 3201 in
1891 3193 1934 3215 η
1965 3130 2167 3215 Justini
2201 3135 2448 3194 minoris.

273 3218 411 3275 Rea.
452 3235 555 3275 ms.

345 3235 707 3358 [ii-mare
757 3289 1098 3347 monasterio.
1145 3285 1207 3343 Id
1249 3293 1355 3353 est,
1397 3285 1754 3344 stabilitatem
1801 3287 1859 3344 in

272 3360 607 3430 monasterio
625 3360 963 3430 promittere.

352 3427 598 3499 erCharta
627 3427 1044 3499 perseverantia
1071 3427 1135 3483 Id
1177 3437 1281 3495 est,
1328 3427 1540 3497 petitio,
1583 3440 1681 3482 seu
1725 3441 1858 3497 pro-

273 3498 457 3566 fessio,
475 3498 692 3566 scriptis
726 3501 997 3553 mandata.

351 3567 372 3607 ί
417 3563 766 3638 Yoluntatem.
792 3565 1148 3638 Dispensandi
1177 3566 1243 3638 de
1263 3565 1422 3638 bonis
1452 3566 1587 3638 suis.

351 3633 686 3708 §Judi§_etur
725 3633 905 3706 potius
945 3652 1026 3708 res
1052 3635 1322 3708 hominum
1359 3636 1659 3708 desiderare
1701 3653 1862 3708 quam

275 3707 504 3762 animas.
533 3704 660 3760 Haec
687 3704 926 3762 notanda
972 3705 1216 3773 Magistri
1241 3707 1510 3761 sententia
1554 3708 1656 3761 hoc
1706 3704 1863 3762 inise-

275 3776 450 3848 [ando
502 3776 747 3848 saeculo,_
771 3777 829 3848 in
855 3785 989 3847 'quo
1035 3775 1190 3831 multi
1237 3784 1506 3846 coguntur
1546 3777 1862 3848 religionem

273 3844 466 3901 Graeca
520 3845 752 3901 mercari
780 3844 916 3912 ﬁde,
943 3847 1050 3903 hoc
1077 3854 1186 3911 est,
1231 3844 1486 3916 présenti
1539 3844 1769 3917 pecunia
1805 3856 1864 3904 et

274 3917 690 3988 praenumeratis
719 3918 977 3988 nummis,
1008 3933 1128 3988 qua;
1157 3925 1243 3972 est
1271 3932 1405 3988 sane
1436 3918 1610 3988 turpis
1634 3918 1862 3973 licitatio

275 3996 332 4041 et
353 3986 1316 4060 nundinatio,‘Simonismagiopus,
1363 3987 1409 4042 si
1454 3986 1559 4060 ﬁat
1591 4003 1658 4044 ex
1702 3998 1862 4060 pacto

274 4057 471 4178 pretio,
507 4057 744 4126 antiquis
764 4058 1009 4113 conciliis
1031 4057 1324 4127 prohibita,
1372 4059 1564 4130 synodi
1604 4057 1858 4124 vin—can.

315 4126 368 4178 9.
397 4141 551 4178 conc.
579 4126 936 4178 Francofnrd.
981 4129 1083 4178 sub
1111 4125 1306 4178 Carolo
1327 4127 1546 4178 Magno.
1567 4128 1668 4178 l7:
1701 4145 1858 4178 conc.

315 4126 368 4190 9,
397 4141 551 4182 conc.
579 4126 936 4200 Francofnrd.
966 4125 1306 4200 _sub_Qarolo
1327 4125 1546 4200 Magno,
1567 4128 1668 4200 l7;
1701 4145 1858 4200 conc.

277 4193 459 4269 Later.
488 4213 578 4269 an.
608 4196 770 4269 l165,
792 4199 932 4269 apud
954 4197 1118 4269 Guill.
1142 4193 1566 4269 Neubrigeﬁsem
1590 4193 1684 4253 lib.
1717 4215 1757 4254 ιι
1796 4199 1864 4254 de

275 4264 460 4338 Gestis
496 4265 656 4336 Angl.
685 4282 804 4338 cap.
826 4264 937 4336 15;
988 4275 1044 4322 et
1070 4268 1240 4338 altero
1260 4264 1489 4338 concilio
1509 4268 1864 4325 Lateranensi

186 4346 200 4351 '
279 4336 421 4409 apud
433 4337 696 4409 eumdem
717 4336 812 4392 lib.
840 4353 923 4404 ιιι,
946 4352 1065 4409 cap.
1091 4337 1190 4394 20:
1229 4357 1264 4409 «ᾉ
1282 4337 1531 4409 Monachi
1551 4353 1661 4394 non
1685 4340 1863 4409 pretio

278 4406 612 4474 recipiantur
658 4407 714 4463 in
765 4406 1116 4464 monasterio.
1169 4429 1190 4462 ι
1243 4407 1302 4463 Si
1350 4418 1526 4464 tamen
1574 4406 1704 4465 non‘
1733 4419 1864 4467 sunt

279 4469 606 4556 suﬂicientes
633 4477 900 4547 redditus,
936 4486 1119 4552 potest
1156 4478 1274 4535 dari
1319 4478 1524 4550 aliquid
1570 4479 1627 4534 in
1673 4480 1863 4536 alimo—

279 4560 446 4600 mam.

351 4615 382 4656 ιι
419 4614 744 4693 Monasterio
784 4619 1013 4674 tradere.
1059 4619 1222 4691 Lege,
1252 4627 1316 4676 ut
1351 4619 1408 4676 in
1441 4620 1575 4693 Reg.
1603 4636 1710 4678 ms.
1739 4639 1752 4676 :
1787 4619 1858 4678 Se

279 4686 597 4740 monasterio
622 4687 849 4744 tradere.

357 4756 374 4794 ί
402 4752 599 4810 Canens
627 4772 846 4829 manum
863 4775 1052 4829 suam,
1060 4768 1170 4829 etc.
1221 4759 1398 4818 Locus
1416 4762 1658 4829 mutilus,
1685 4763 1766 4819 sic
1789 4777 1860 4820 ex

281 4823 417 4946 Reg:
447 4840 562 4906 oms.
588 4826 956 4910 restituendus
983 4846 996 4882 :
1022 4823 1231 4884 Canens
1279 4849 1439 4886 manu
1483 4849 1580 4887 sua
1620 4823 1766 4904 prius
1792 4833 1858 4888 de

281 4904 360 4946 δια
401 4894 563 4946 tlrtate
613 4896 774 4946 simul
819 4913 995 4946 rerum
1029 4915 1250 4946 suarum
1293 4902 1442 4946 brebe
1485 4901 1658 4946 ".90--
1697 4903 1856 4946 Iis-an

279 4894 563 4977 stabilitate
613 4896 774 4950 simul
819 4913 995 4977 rerum
1029 4915 1250 4977 suarum
1293 4902 1442 4956 brebe
1485 4894 1661 4977 (Legi,
1697 4903 1856 4977 brevi)

280 4965 534 5033 adjuncto
556 4982 664 5020 una
688 4982 808 5020 cum
833 4969 1012 5022 anima
1026 4985 1125 5024 sua
1151 4968 1262 5024 Deo
1280 4980 1330 5024 et
1349 4965 1860 5028 orato‘riovnionaste:

277 5034 349 5086 rii
376 5034 582 5102 o/j‘erat.
615 5034 826 5093 Cavens
854 5053 1016 5093 manu
1041 5055 1139 5094 sua
1169 5047 1253 5095 est
1276 5042 1583 5096 cautionem
1605 5057 1700 5097 seu
1741 5038 1858 5098 ciii-

277 5104 607 5174 rpgraphum
660 5121 823 5162 manu
888 5123 988 5163 sua
1047 5109 1256 5165 faciens
1307 5112 1618 5167 securitatis
1670 5127 1853 5170 causa.

281 5170 728 5258 'Glloss‘ieveteres
764 5175 1032 5258 :_C_avistt:,
1072 5181 1335 5258 ἠσφαᾈίσω
1382 5184 1854 5258 ᾇχςιρργθᾲφῃσας.

276 5241 338 5322 lg
365 5251 470 5322 est,
495 5254 669 5322 tutum
697 5245 894 5322 fecisti,
929 5241 1345 5322 chirographum
1375 5241 1858 5322 te'cisti."lllpianus

279 5311 402 5393 ﬁ'ul.
428 5329 464 5378 ι,
482 5316 568 5393 ιιιΣ
595 5311 1037 5393 Uenit-actuarius
1061 5311 1321 5393 quomodo
1345 5333 1542 5393 caveat.
1575 5341 1595 5375 ι
1620 5311 1682 5378 Si
1705 5324 1857 5393 cujus

279 5385 362 5464 rei
411 5385 753 5464 ususfructus
801 5389 1018 5464 legatus
1067 5385 1170 5456 sit,
1223 5391 1594 5461 mquissimum
1638 5385 1858 5464 praeteri

278 5456 456 5529 visum
479 5465 563 5529 est
591 5456 908 5528 legatariufn
934 5475 1148 5515 cavere.
1187 5479 1208 5513 ι

357 5521 481 5604 i‘n
504 5525 618 5593 ipsa
638 5521 902 5604 Eautione.
919 5530 1111 5586 Cautio
1135 5537 1220 5604 est
1237 5531 1681 5604 chirographum,
1698 5535 1859 5590 char-

280 5601 357 5657 ta,
388 5592 602 5668 litterae,
631 5613 750 5668 quae
772 5600 971 5668 dantur
986 5601 1318 5668 securitatis,
1346 5592 1441 5658 seu
1463 5592 1856 5663 recordationis

283 5679 467 5743 causa.
519 5663 757 5743 Papias;
790 5667 980 5743 Cautio
1027 5687 1062 5724 a
1109 5663 1338 5727 cavendo
1369 5674 1512 5743 dicta
1561 5675 1730 5743 breve,
1781 5677 1857 5732 vel

283 5734 467 5821 charta
484 5734 876 5821 recordationis.
891 5739 1094 5821 Glossaa
1107 5750 1318 5821 veteres
1335 5763 1349 5798 :
1365 5734 1852 5821 Cautio,_a‘za_yéi).ua,

285 5805 337 5859 id
366 5813 469 5870 est,
495 5807 779 5862 securitas.
805 5807 1108 5880 Cautiones,
1149 5815 1433 5874 ἀσοάλειοιι.
1464 5805 1620 5888 Legis
1646 5805 1860 5890 Longo;

596 5901 872 5968 Ριτιιοι..
917 5905 1079 5970 CIII.

1889 3193 1936 3258 C

2091 3251 2279 3304 Debita
2307 3253 2540 3317 persolvit
2569 3255 2828 3319 genitoris,
2867 3259 3008 3306 cauta
3027 3258 3228 3320 recepit.

1965 3352 2171 3410 Glossae
2197 3362 2409 3435 veteres
2438 3374 2452 3409 :
2477 3354 2726 3435 Cautum,
2751 3358 2953 3427 ἀφαλὶς,
2977 3359 3333 3435 χιιρόγραφον,
3359 3360 3415 3415 id
3436 3369 3542 3427 est,

1965 3438 2239 3488 securum,
2265 3425 2705 3494 chirographum.

2038 3494 2066 3533 ιί
2098 3493 2252 3560 Quod
2283 3493 2662 3564 cialiquando.
2710 3496 2889 3553 Locus
2919 3497 3158 3564 mutilus,
3209 3499 3303 3556 sed
3350 3499 3424 3554 ita
3478 3515 3546 3557 ex

1966 3563 2101 3640 Reg.
2133 3579 2237 3640 ms.
2263 3563 2636 3640 restituendus
2665 3566 2862 3640 :de
2885 3569 2933 3623 si
2965 3563 3253 3640 aliquando
3280 3570 3546 3626 discedere

1969 3633 2210 3699 uoluerit,
2233 3635 2345 3688 sine
2360 3635 2512 3689 rebus
2535 3637 2647 3690 suis
2671 3636 2736 3690 de
2753 3633 3070 3694 monasteria
3096 3653 3115 3692 :
3138 3639 3216 3694 vel
3235 3642 3350 3696 sine
3374 3641 3548 3696 indul-

1967 3705 2148 3781 gentia
2165 3714 2493 3781 peccatorum
2515 3722 2548 3758 a
2576 3705 3022 3781 Deodescendat;
3046 3709 3184 3781 lege,
3214 3710 3470 3766 discedat.

2045 3772 2065 3813 1
2091 3772 2334 3854 gutatis.
2364 3774 2422 3854 Id
2441 3783 2545 3854 est,
2569 3772 3402 3854 derelictis.‘ljoniusilarcellus,
3416 3797 3543 3854 cap.

1963 3843 2001 3900 4
2034 3862 2055 3918 :A
2077 3843 2313 3918 ﬂuitare,
2344 3845 2723 3918 derelinquere.
2749 3848 2991 3905 Lucilius
3034 3851 3129 3907 lib.
3164 3868 3290 3908 xxvr
3317 3870 3332 3906 ε
3367 3843 3399 3906 ι’
3415 3843 3546 3909 Mihi

1965 3915 2334 3988 quidemnon,
2350 3915 2730 3988 persuadetur,
2755 3919 2970 3988 publice
2987 3929 3050 3976 ut
3073 3929 3277 3977 mutem
3307 3938 3478 3979 meos.
3517 3943 3538 3977 ι

2003 3932 2186 3969 niuem
2214 3932 2322 3972 non
2387 3932 2730 3984 ersuaaetur,
2755 3932 2970 3988 publice
2987 3932 3050 3976 ut
3073 3932 3277 3977 mutem
3307 3938 3478 3979 meos.
3517 3943 3538 3977 ι

2001 4056 2014 4068 .
2036 3997 2078 4068 tn
2103 3932 2386 4068 Quidquid:
2398 3989 2706 4068 necessaria
2721 3989 2939 4068 utilitati
2951 3995 3256 4068 monasterii
3270 3993 3547 4068 abundare

1964 4056 2175 4134 viderit,
2205 4055 2311 4134 etc.
2340 4055 2608 4134 N_otanda
2629 4059 2863 4134 hominis
2904 4063 3205 4134 integritas,
3236 4065 3543 4131 sinceritas,

1966 4125 2203 4208 simulet
2228 4127 2490 4208 charitas.
2539 4125 2710 4208 Quam
2753 4130 2913 4208 longe
2941 4125 3097 4208 abEst
3124 4149 3155 4188 a
3184 4125 3542 4208 quorumdam

1965 4197 2217 4263 avaritia,
2250 4207 2344 4272 aut
2367 4199 2704 4272 curiositate,
2729 4202 2822 4272 qui
2846 4197 2940 4258 aut
2963 4204 3103 4258 bona
3135 4197 3464 4262 no'vitiorum
3483 4207 3540 4262 in

1963 4281 2091 4335 arca
2121 4267 2442 4335 recondunt,
2468 4279 2564 4324 aut
2587 4285 2652 4325 ea
2683 4267 2892 4328 insanis
2940 4273 3403 4332 substructionum
3429 4293 3545 4332 mo-

1963 4331 2105 4416 libus
2127 4331 2824 4416 erigendis,'simi_libusque
2848 4343 3180 4416 vanitatibus
3200 4331 3542 4416 impendunt,

1964 4404 2260 4480 Christoiii
2289 4404 2412 4464 suis
2425 4411 2682 4480 membris
2705 4404 2920 4480 algente
2947 4419 3003 4468 et
3031 4404 3324 4471 esuriente.

2035 4487 2066 4555 ξι
2095 4476 2199 4544 Qui
2225 4495 2342 4555 vero
2364 4480 2550 4555 frater.
2568 4479 2648 4534 lta
2672 4481 2723 4536 in
2739 4476 2881 4555 Reg.
2897 4497 3000 4537 ms.
3026 4483 3337 4555 Legendum
3361 4493 3544 4544 tamen

1883 4545 1940 4606 D
1962 4548 2180 4625 videtur
2209 4565 2225 4604 :
2257 4547 2321 4625 Si
2348 4545 2464 4603 uero
2487 4549 2686 4625 frater;
2737 4553 2811 4608 ita
2829 4545 3043 4610 'sensus
3065 4545 3323 4625 postulat,
3349 4564 3404 4612 et
3430 4565 3542 4614 tota

1963 4618 2126 4690 hujus
2151 4619 2348 4690 capitis
2370 4621 2725 4676 constructio.

2031 4686 2058 4763 εξ
2083 4686 2193 4744 Sub
2217 4686 2458 4763 cautione
2485 4707 2648 4759 preme
2673 4692 2999 4763 interposita.
3053 4694 3133 4752 Ita
3179 4696 3234 4753 in
3266 4697 3402 4763 Reg.
3432 4714 3539 4756 ms.

1957 4759 2187 4842 Yidetur
2199 4767 2394 4842 tamen
2419 4761 2607 4842 deesse
2627 4759 2872 4828 verbum,
2916 4766 3258 4842 suscipiatur,
3288 4759 3379 4826 νθῖ
3408 4771 3538 4842 quid

1958 4829 2327 4905 simile._li:ec
2371 4839 2551 4905 autem
2588 4846 2765 4905 paena
2805 4845 2889 4890 est
2932 4829 3175 4905 pecunia:
3217 4829 3312 4895 aut
3356 4829 3541 4896 rerum

1957 4901 2418 4972 aequivalentium,
2467 4903 2515 4957 si
2576 4901 2719 4959 forte
2766 4901 3067 4962 monachus
3128 4909 3376 4966 desertor
3420 4909 3535 4966 fur-

1959 4979 2075 5026 tum
2114 4973 2361 5028 intulerit
2407 4975 2756 5044 monasterio,
2802 4984 2864 5031 ut
2907 4991 2973 5033 ex
3017 4980 3368 5051 sequentibus
3388 4980 3539 5039 colli-

1957 5056 2083 5113 gere
2113 5052 2219 5113 est.

1969 5112 1977 5113 '
2030 5123 2059 5162 P
2094 5112 2185 5167 Sic
2228 5114 2376 5169 debet
2401 5115 2460 5170 in
2498 5119 2818 5174 monasterio
2854 5117 3066 5189 suscipi.
3110 5119 3249 5177 Dato
3275 5121 3536 5180 nimirum

1959 5181 2082 5236 ﬁdei
2113 5181 2340 5236 iussore.

2035 5198 2082 5236 ei
2107 5197 2340 5250 jussore.

2027 5263 2055 5303 ιι
2085 5251 2491 5329 ςοηιηιεηάαιίδ.
2529 5257 2589 5313 Id
2623 5266 2724 5324 est,
2761 5259 2817 5313 iu
2843 5257 3144 5328 depositum
3185 5262 3346 5329 datis,
3384 5279 3533 5320 com-

1957 5325 2217 5406 mendare
2241 5327 2385 5406 enim
2421 5336 2506 5384 est
2539 5330 2599 5406 i_n_
2621 5325 2928 5406 depositum
2948 5330 3099 5386 dare.
3131 5325 3449 5406 Spartianus
3476 5336 3534 5406 in

1956 5392 2256 5469 Pescennio
2277 5396 2467 5468 Nigro:
2499 5418 2518 5452 ‹
2544 5392 2703 5455 ldem'
2709 5398 2896 5469 jussit,
2915 5415 2985 5457 ne
3005 5406 3060 5462 in
3080 5392 3232 5460 zon'is
3245 5405 3444 5460 milites
3465 5405 3535 5461 ad

1956 5464 2174 5546 bel_lum_
2200 5464 2428 5546 aureos,
2475 5470 2561 5525 vel
2601 5464 2889 5546 argenteos
2935 5487 3187 5534 nummos
3228 5483 3532 5546 portarent,

1956 5536 2051 5590 sed
2085 5538 2299 5617 publice
2338 5536 2812 5608 commendarent,
2864 5551 3136 5617 recepturi
3181 5536 3305 5616 post
3346 5536 3531 5617 praelia

1957 5608 2098 5674 quod
2127 5609 2406 5664 dederant.
2452 5631 2471 5664 ›

2035 5687 2055 5714 τ
2096 5677 2478 5759 Spectantibus.
2515 5683 2657 5759 Pro,
2673 5691 3134 5759 exspectantibus.

2031 5759 2052 5785 ⁸
2092 5747 2163 5801 Et
2192 5768 2308 5830 cunt
2334 5752 2460 5822 quid
2479 5747 2700 5830 uenerit,
2731 5747 2879 5814 eieat
2908 5779 3101 5816 causa.
3134 5760 3260 5816 Haec
3287 5766 3534 5830 tranSpo-

1959 5822 2062 5876 sita
2087 5831 2230 5878 sunt.
2262 5821 2402 5896 Lege
2429 5844 2440 5879 :
2469 5825 2538 5880 Et
2564 5821 2832 5900 cum’quid
2861 5848 3035 5888 causa:
3056 5832 3270 5898 venerit,
3292 5821 3460 5883 exeat:

3112 5923 3184 5986 Μ
