4062 6332
484 259 623 317 1295

1473 259 1530 314 S.
1571 258 1929 316 BENEDICTI
1965 257 2254 316 ABBATIS
2289 253 2701 314 ANIANENSIS

3611 256 3782 314 i296

483 389 590 444 tur,
617 349 829 432 dicente
859 375 1086 431 Domino
1111 392 1123 429 :
1160 374 1261 441 Qui
1284 373 1394 430 vult
1425 393 1568 430 meus
1599 394 1709 431 esse
1740 377 2053 447 discipulus,
2083 379 2135 441 Α
2162 374 2397 429 tionibus
2416 373 2499 428 vel
2530 351 3012 428 amaricationibus
3031 371 3373 428 voluntatum
3401 372 3511 428 sub
3537 373 3782 430 abbatis

482 471 695 541 abneget
721 470 1052 539 semetipsum
1081 467 1196 530 sibi,
1227 475 1275 520 et
1293 479 1540 538 sequatur
1558 485 1640 522 me
1662 468 1875 540 (Matth.
1906 468 2056 538 xvi);

482 563 584 618 hoc
607 569 691 616 est
721 577 827 615 non
851 575 1022 622 suam,
1055 558 1148 613 sed
1172 559 1266 613 Dei
1293 557 1460 613 faciat
1488 559 1844 614 voluntatem.
1865 560 2056 615 Omnia

481 657 628 710 enim
657 655 815 709 debet
836 667 935 722 pro
965 651 1190 705 Domino
1217 651 1512 714 sustinere,
1545 652 1638 720 qui
1681 651 1734 706 in
1764 651 1879 720 ejus
1913 651 2061 720 cupit

481 745 718 800 militare
752 744 957 798 schola.
985 741 1094 796 Aut
1122 743 1250 811 quid
1277 742 1421 796 enim
1458 743 1618 812 digne
1644 757 1935 812 possumus
1961 757 2060 812 pro

483 837 711 892 Domino
741 835 1043 890 sustinere?
1067 835 1280 888 dicente
1309 832 1568 903 Apostolo
1595 852 1608 888 :
1644 832 1767 888 Non
1792 843 1912 887 sunt
1931 851 2060 888 con-

482 929 656 999 digna:
680 928 947 998 passiones
965 926 1123 996 nujus
1150 924 1331 980 sa’culi
1350 938 1376 965 ιι
1401 925 1469 978 ad
1500 935 1924 995 superventuram
1952 922 2063 993 glo-

484 1025 620 1078 riam
637 1020 807 1094 (Rom.
832 1019 970 1090 vni).
990 1019 1062 1074 Ut
1081 1020 1126 1074 si
1148 1019 1324 1090 ignem
1349 1026 1664 1088 persecutor
1679 1033 1836 1073 servo
1859 1017 2064 1073 Christi

484 1118 698 1182 inferat,
731 1123 790 1171 ut
819 1113 1131 1183 temporalis
1165 1112 1314 1167 calor
1346 1111 1499 1166 linito
1526 1127 1634 1166 non
1673 1112 1938 1166 sentiatur
1973 1110 2064 1166 do-

423 1212 426 1220 λ
483 1211 616 1274 lore,
635 1223 741 1263 non
770 1214 950 1260 tamen
977 1205 1099 1260 talis
1122 1212 1228 1270 est,
1251 1204 1424 1274 qualis
1445 1205 1683 1275 estignis
1707 1205 2063 1275 inexstingui-

484 1301 636 1366 bilis;
667 1306 760 1353 aut
791 1300 868 1352 sic
907 1296 1183 1361 incendit,
1232 1294 1504 1365 quomodo
1530 1303 1733 1349 aeterna
1775 1308 1936 1365 ptena
1973 1310 2064 1366 ge-

482 1398 676 1451 hennzn
713 1393 1003 1464 peccatrici
1052 1392 1246 1447 anima:
1295 1391 1682 1446 immortaliter
1727 1399 2059 1447 reservatur.

483 1485 544 1542 Si
571 1485 782 1556 ungula:
806 1484 892 1538 vel
918 1482 1154 1552 equulei,
1188 1481 1273 1538 vel
1302 1483 1588 1537 verberum
1613 1497 1806 1552 poenas
1831 1483 2062 1552 ingerat,

483 1580 540 1635 in
565 1580 684 1651 ipsa
711 1578 863 1649 parvi
892 1577 1092 1632 doloris
1123 1575 1410 1630 tolerantia
1449 1582 1667 1630 aeternae
1697 1575 1899 1630 lzetitiaz
1922 1575 1949 1613 ι)
1977 1589 2066 1630 co-

484 1679 710 1727 ronatus
735 1669 1008 1734 succedit;
1040 1667 1087 1723 si
1114 1681 1303 1722 carcer
1341 1683 1441 1722 nos
1475 1683 1573 1738 pro
1605 1667 1717 1724 Deo
1742 1669 2065 1724 tenebrosus

2161 466 2388 536 imperio
2439 464 2771 528 militemus,
2817 474 2879 519 ut
2917 473 3044 535 post
3089 465 3597 535 peregrinationem
3636 468 3782 522 vita:

2160 557 2346 612 saeculi
2391 556 2581 624 hujus,
2628 571 2752 610 cum
2793 556 3055 612 Dominus
3101 567 3285 613 noster
3315 561 3372 613 in
3409 559 3635 629 judicio
3671 578 3781 617 nos

2161 647 2475 701 accersierit
2501 661 2618 711 suo,
2647 647 2810 717 digna
2836 647 2887 701 ei
2919 656 3104 702 nostra
3138 664 3305 718 opera
3335 651 3779 722 consignemus,

2160 739 2448 796 offerentes
2495 741 2546 795 ei
2591 741 2908 810 patientiam
2944 748 3220 807 nostram,
3267 759 3368 814 per
3411 760 3588 814 quam
3627 746 3778 800 dura

2161 832 2346 887 omnia
2370 838 2424 885 et
2450 829 2663 885 diversa
2692 830 2850 886 nobis
2877 832 2946 886 ab
2975 831 3173 886 abbate
3195 832 3486 901 imperata,
3514 849 3647 903 quae
3671 850 3778 904 pro

2162 926 2382 979 nomine
2413 925 2531 994 ejus
2560 933 2846 995 gratanter
2888 925 3226 996 portavimus
3248 966 3263 992 ,
3290 926 3378 980 vel
3407 926 3779 981 amaricatio-

2163 1034 2260 1074 nes
2286 1019 2624 1074 voluntatum
2652 1026 2961 1073 nostrarum
2993 1018 3261 1085 diversas,
3288 1034 3432 1088 quas
3457 1035 3566 1090 pro
3589 1019 3778 1072 nomi-

2163 1129 2232 1168 ne
2256 1112 2351 1167 Dei
2386 1113 2470 1168 vel
2495 1113 2668 1167 salute
2696 1113 2889 1167 anima:
2913 1112 3147 1167 libenter
3168 1114 3342 1183 magis
3365 1113 3777 1177 sustinuimus,

2165 1206 2404 1261 dicentes
2434 1205 2662 1259 Domino
2694 1223 2706 1258 :
2741 1201 2966 1274 Propter
2992 1214 3041 1258 te
3065 1205 3452 1274 mortiﬁcamur
3492 1215 3613 1258 tota
3651 1206 3775 1270 die,

2163 1297 2408 1351 wstimati
2428 1313 2609 1350 sumus
2634 1297 2768 1349 sicut
2800 1312 2913 1351 oves
2939 1295 3233 1350 occisionis.
3257 1295 3327 1351 Et
3353 1312 3477 1351 cum
3504 1297 3631 1351 haec
3656 1314 3778 1351 om-

2163 1389 2254 1445 nia
2288 1389 2532 1444 venerint
2565 1404 2729 1458 super
2760 1403 2880 1453 nos,
2909 1387 3064 1443 obliti
3089 1403 3198 1443 non
3220 1405 3411 1444 sumus
3441 1398 3494 1444 te
3515 1431 3534 1455 ,
3569 1400 3626 1445 et
3676 1406 3782 1460 per

2164 1483 2606 1538 observationem
2657 1483 2979 1538 obedientia:
3035 1483 3220 1552 inique
3273 1499 3383 1538 non
3438 1485 3668 1557 egimus
3723 1487 3780 1541 in

2165 1579 2491 1627 testamento
2513 1581 2637 1638 tuo;
2662 1581 2719 1628 et
2745 1589 2776 1627 a
2805 1574 3216 1644 perseverantia
3239 1575 3515 1631 bonorum
3541 1587 3781 1634 actuum

2166 1663 2252 1716 vel
2281 1663 2553 1718 desiderio
2580 1663 2695 1734 spei
2731 1662 2926 1719 fatum
2952 1679 3060 1719 non
3092 1665 3322 1721 recessit
3358 1675 3512 1722 retro
3541 1683 3645 1723 cor
3679 1685 3783 1723 no-

483 1764 782 1828 reclaudat,
813 1761 1078 1817 aediﬁcata
1104 1775 1174 1816 ex
1206 1761 1522 1830 margaritis
1559 1769 1614 1817 et
1646 1777 1780 1816 auro
1805 1761 1889 1816 vel
1918 1777 2067 1833 gem-
2093 1755 2141 1816 B
2169 1765 2341 1813 strum
2373 1777 2385 1811 :
2416 1757 2544 1827 quia
2573 1774 2680 1813 non
2705 1758 3114 1815 declinaverunt
3137 1759 3346 1816 semitae
3372 1770 3590 1818 nostra:
3615 1778 3649 1817 a
3673 1763 3782 1819 viis

481 1855 587 1911 mis
614 1860 810 1910 ornata
841 1868 939 1907 nos
960 1851 1301 1907 Hierusalem
1328 1859 1628 1922 exspectat.
1659 1850 1717 1906 Si
1755 1852 2062 1908 obscuritas

482 1948 747 2006 clausura:
773 1961 872 2001 nos
898 1960 1000 2017 pro
1029 1945 1142 2001 Deo
1168 1945 1426 2008 obcaecet,
1457 1944 1511 1998 in
1545 1952 1823 1999 momento
1848 1959 1946 1998 nos
1968 1959 2068 2016 po-

483 2039 611 2096 terit
639 2041 968 2104 obscurare;
993 2036 1087 2093 sed
1132 2053 1230 2109 pro
1277 2037 1379 2091 hac
1405 2036 1493 2091 illa
1529 2053 1629 2092 nos
1652 2037 1744 2092 lux
1774 2037 1829 2091 in
1864 2045 2066 2094 :eterna

481 2132 592 2186 vita
615 2130 893 2200 suscipiet,
920 2144 1041 2200 quae
1061 2143 1170 2183 non
1207 2128 1337 2183 solis
1372 2129 1607 2184 candore
1631 2127 1719 2184 vel
1752 2129 1894 2186 lunae
1913 2171 1928 2197 ,
1957 2146 2067 2186 non

481 2223 759 2279 stellarum
787 2223 942 2289 caeli,
976 2221 1072 2277 sed
1113 2221 1285 2292 ipsius
1333 2220 1431 2276 Dei
1478 2230 1740 2293 perpetua
1784 2221 2068 2290 majestate

480 2314 701 2370 lucebit.
733 2312 792 2368 Si
822 2322 970 2369 terra
1003 2313 1108 2367 ista
1134 2353 1148 2377 ,
1181 2327 1344 2382 quam
1387 2313 1442 2367 in
1486 2313 1588 2368 hac
1615 2314 1725 2367 vita
1761 2313 2065 2379 calcamus,

484 2406 763 2461 moriendo
786 2422 886 2476 pro
916 2406 1026 2459 Deo
1055 2405 1426 2460 meruerimus
1457 2406 1752 2461 abscedere
1771 2446 1785 2469 ,
1815 2421 1942 2460 mox
1979 2420 2070 2460 su-

482 2510 581 2566 per
629 2495 776 2549 illam
827 2503 1029 2549 terram
1077 2496 1355 2550 ambulare
1403 2506 1666 2566 perpetuo
1719 2496 2068 2567 deputamur,

481 2601 602 2656 quae
631 2585 832 2654 septies
862 2593 1090 2655 argento
1121 2585 1371 2639 lucidior.
1405 2586 1463 2640 Si
1489 2601 1621 2642 vero
1658 2603 1778 2656 quae
1809 2595 2072 2658 putantur

483 2677 646 2747 hujus
676 2675 856 2731 saeculi
889 2691 1010 2730 esse
1036 2675 1261 2740 delicize,
1284 2693 1402 2747 qua:
1421 2678 1709 2748 inquinant
1733 2681 1916 2750 potius
1938 2692 1960 2719 ο
1989 2682 2073 2736 in-

485 2777 703 2824 teranea
732 2775 916 2822 nostra
947 2785 1109 2840 quam
1141 2768 1413 2835 reﬁciunt,
1439 2788 1538 2842 pro
1567 2773 1676 2827 Deo
1717 2788 1780 2827 ea
1826 2782 2075 2830 contem-

480 2863 768 2935 pserimus,
802 2863 869 2917 ad
900 2863 986 2918 illa
1016 2864 1203 2918 statim
1231 2863 1453 2919 ﬂumina
1480 2866 1534 2920 in
1555 2874 1817 2921 aeternum
1847 2885 2070 2925 curren-

484 2954 557 3007 tia
587 2960 848 3023 perpetuo
883 2954 1227 3023 deputamur,
1255 2970 1373 3022 quae
1403 2962 1529 3009 sunt
1566 2957 1763 3021 mellis,
1794 2966 1849 3012 et
1877 2959 2066 3026 lactis,

482 3043 596 3098 vini
624 3051 681 3098 et
711 3043 818 3098 olei
847 3043 1177 3098 abundantia
1218 3045 1408 3113 plena;
1446 3045 1606 3100 simul
1634 3055 1690 3101 et
1713 3048 2071 3104 illarunrfru-

483 3142 604 3190 ctus
631 3133 888 3188 arborum
915 3133 1094 3188 varios
1111 3142 1166 3188 et
1194 3133 1442 3190 diversos
1457 3134 1752 3193 duodecies
1781 3139 1834 3192 in
1866 3155 2074 3196 annum

483 3234 774 3284 nascentes
800 3242 906 3282 non
937 3227 1151 3282 cultura
1175 3227 1433 3295 hominis,
1461 3229 1556 3285 sed
1579 3231 1912 3288 abundantia
1948 3234 2075 3290 Dei-

484 3321 647 3386 tatis;
681 3321 774 3391 qui
821 3335 930 3375 non
974 3319 1119 3375 fame
1168 3319 1442 3376 delectant
1479 3321 1547 3376 ad
1591 3324 1946 3392 vescendum,
1988 3326 2075 3380 vel

483 3413 664 3470 esurie
690 3419 1021 3484 appetuntur
1049 3412 1116 3466 ad
1145 3411 1612 3480 manducandum;
1649 3415 1744 3470 sed
1782 3425 2074 3486 postquam

482 3504 624 3561 oculi
658 3511 972 3560 sanctorum
1001 3503 1118 3572 ipso
1153 3503 1276 3559 visu
1315 3502 1517 3560 fuerint
1544 3507 1814 3577 saginati,
1848 3509 2075 3580 insuper

485 3595 593 3652 hoc
625 3594 919 3665 unicuique
961 3595 1102 3664 sapit
1133 3594 1188 3648 in
1217 3609 1314 3650 ore
1350 3595 1497 3668 quod
1543 3597 1708 3652 fuerit
1750 3599 2070 3656 delectatus.

485 3690 630 3759 Ergo
656 3689 814 3760 digne
838 3688 904 3742 ad
930 3705 1156 3760 parvum
1187 3698 1402 3761 tempus
1421 3689 1719 3759 jejuniis'et
1746 3694 2072 3749 abstinentia

485 3798 586 3856 pro
627 3782 855 3837 Domino
902 3783 1228 3848 cruciamur,
1282 3791 1344 3839 ut
1392 3783 1448 3838 in
1485 3786 1566 3852 eis
1602 3801 1722 3856 quae
1751 3787 2077 3858 praeparavit

486 3874 645 3932 bouis
671 3874 726 3928 in
753 3881 1078 3943 perpetuum
1108 3874 1373 3929 satiemur
1404 3892 1416 3930 τ
1451 3877 1810 3930 obscuramur
1837 3893 1935 3947 pro
1961 3877 2075 3932 Deo

489 3985 518 4022 a
551 3974 900 4038 persecutore
942 3966 998 4018 in
1033 3981 1285 4032 carcere,
1328 3975 1388 4021 ut
1427 3967 1480 4021 in
1524 3967 1615 4022 illa
1659 3977 1922 4040 perpetua
1952 3970 2074 4026 luce

489 4059 812 4128 fulgeamus,
843 4066 1101 4127 tanquam
1133 4057 1380 4114 scintilla
1416 4060 1472 4116 in
1511 4063 1834 4117 arundineto
1865 4064 2076 4118 discur-

490 4157 677 4204 rentes
715 4165 728 4201 :
761 4157 993 4202 mortem
1046 4157 1483 4205 momentaneam
1529 4168 1628 4222 pro
1677 4153 1788 4207 Deo
1842 4153 2076 4210 libenter

490 4240 812 4312 appetimus,
837 4247 898 4292 ut
924 4238 975 4293 in
999 4246 1265 4294 aeternum
1303 4256 1333 4295 a
1370 4244 1630 4312 gehennae
1671 4253 1848 4300 morte
1885 4261 2075 4316 perpe-

491 4339 580 4385 tua
601 4330 915 4385 liberemur.
941 4329 1224 4386 Postremo
1245 4337 1299 4387 et
1328 4332 1444 4387 sine
1472 4336 1852 4402 persecutione
1877 4337 1929 4390 in
1955 4337 2071 4408 ipsa

489 4421 902 4478 cbristianitatis
933 4436 1063 4492 pace
1093 4422 1148 4477 in
1179 4423 1361 4478 schola
1392 4427 1702 4480 monasterii
1734 4427 1857 4483 ideo
1877 4429 2074 4496 proba-

489 4575 829 4647 imperabant
851 4616 866 4639 ,
901 4590 1021 4647 qua:
1059 4589 1248 4630 eorum
1278 4577 1558 4647 voluntati
1612 4577 1888 4634 adversari
1923 4579 2072 4634 vide-

489 4646 642 4709 bant,
681 4655 740 4700 ut
766 4653 916 4699 notat
951 4646 1243 4700 Cassianus
1276 4646 1368 4702 lib.
1407 4664 1459 4701 ιν
1483 4649 1548 4702 de
1578 4649 1847 4704 lnstitutis
1869 4665 2074 4704 renun-

488 4717 766 4780 tiantium,
797 4731 916 4784 cap.
967 4717 1020 4771 8.
1063 4712 1228 4784 Cujus
1279 4718 1390 4770 haec
1425 4719 1524 4771 erit
1555 4718 1854 4773 sollicitudo
1881 4730 1929 4773 et
1953 4737 2074 4774 eru-

491 4789 622 4841 ditio
658 4785 985 4857 principalis,
1017 4801 1287 4857 perquam
1310 4787 1499 4857 junior
1526 4789 1858 4843 introductus
1886 4807 2073 4845 ascen-

494 4859 617 4912 dere
639 4851 1025 4928 consequenter
1047 4851 1207 4908 etiam
1233 4851 1463 4911 culmina
1494 4859 1827 4928 perfectionis
1863 4878 2072 4916 summa

491 4927 818 4998 prtrvaleat.‘
851 4937 904 4980 ut
933 4928 1116 4998 doceat
1139 4942 1256 4998 eum
1291 4927 1492 4997 penitus
1520 4927 1720 4983 uincere
1764 4929 2074 4998 voluntates,

489 4997 642 5069 quem
673 4999 907 5052 studiose
944 4999 1002 5051 in
1033 4997 1116 5050 his
1145 4997 1423 5067 diligenter
1443 5015 1690 5053 exercens
1722 5001 1833 5054 hinc
1864 5001 1943 5054 illi
1973 5004 2075 5057 im-

487 5085 678 5140 perare
700 5069 765 5122 de
787 5069 1052 5143 industria
1085 5069 1324 5133 curabit,
1349 5087 1466 5140 qua:
1497 5071 1714 5124 senserit
1754 5071 1928 5126 animo
1960 5073 2074 5143 ejus

489 5155 603 5193 esse
626 5141 920 5192 contraria.

560 5209 698 5283 u‘Ad
719 5219 1025 5283 superuentu
1036 5227 1147 5264 ram
1166 5211 1408 5282 gloriam.
1427 5212 1485 5267 In
1507 5213 1756 5268 versione
1779 5217 2072 5283 communi,

487 5279 556 5334 ad
585 5278 820 5346 futuram
847 5279 1090 5349 gloriam.

559 5351 586 5390 ι)
615 5349 928 5405 Coronatus.
962 5351 1017 5404 Id
1054 5360 1170 5419 est,
1200 5355 1516 5420 coronatio;
1552 5355 1606 5410 in
1637 5355 1768 5426 Reg.
1799 5373 1902 5412 ms.
1930 5379 1942 5414 :
1974 5359 2074 5415 Co-

442 5536 444 5539 .
490 5435 899 5570 rozalnterunea
950 5504 1153 5570 nostra.
1189 5493 1277 5570 _lta
1327 5496 1381 5552 in
1422 5497 1557 5569 Reg.
1590 5514 1694 5553 ms.
1727 5499 1993 5570 Magistri,
2021 5503 2074 5559 id

487 5570 595 5625 est,
623 5562 856 5641 interna,
883 5579 1007 5641 qua:
1025 5565 1091 5619 ad
1113 5566 1350 5621 animam
1379 5562 1646 5641 spectant,
1671 5562 2067 5641 metaphorice:

489 5644 617 5686 nam
644 5635 858 5701 proprie
883 5635 1163 5689 interanea
1194 5647 1321 5691 sunt
1365 5648 1487 5692 exta
1512 5681 1525 5702 ,
1552 5635 1835 5695 intestina:
1867 5641 2073 5701 Glossce

482 5709 742 5777 _veteres:
775 5702 1076 5769 lntcranea,
1107 5705 1326 5781 ἔγκατα,
1360 5709 1411 5763 id
1447 5718 1551 5775 est,
1578 5719 1723 5765 exta.
1747 5711 1900 5768 Item.
1926 5713 2072 5771 Inte-

2097 4474 2152 4534 D

2171 1849 2296 1914 tuis,
2336 1849 2392 1904 in
2422 1849 2620 1920 quibus
2647 1849 2752 1905 viis
2779 1849 3020 1921 probasti
3051 1867 3169 1917 nos,
3202 1851 3369 1919 Deus,
3396 1853 3540 1908 sicut
3565 1856 3782 1908 exami—

2172 1949 2331 1994 natur
2385 1950 2679 2012 argentum.
2730 1941 3000 1997 Induxisti
3045 1957 3147 1999 nos
3183 1946 3528 2016 probationis
3585 1947 3646 2002 in
3703 1948 3783 2002 la-

2171 2045 2370 2101 queum
2395 2070 2412 2096 ,
2467 2031 2696 2100 posuisti
2749 2033 3203 2088 amaricationum
3261 2035 3666 2092 tribulationes
3723 2037 3780 2092 in

2172 2122 2335 2179 dorso
2369 2122 2694 2179 humilitatis
2723 2132 2924 2179 nostrae
2950 2143 2962 2179 :
2990 2133 3050 2180 ut
3073 2136 3322 2182 nostram
3348 2144 3461 2184 non
3484 2131 3783 2200 permitte-

2171 2228 2387 2281 remur,
2434 2215 2530 2272 sed
2577 2225 2726 2271 tuam
2777 2231 3104 2289 cogeremur
3155 2220 3341 2277 facere
3399 2222 3778 2281 voluntatem.

2173 2305 2328 2362 Unde
2356 2307 2649 2378 imposuisti
2690 2309 2927 2364 homines
2974 2327 3131 2381 super
3170 2314 3347 2383 capita
3388 2324 3579 2370 nostra
3603 2332 3624 2370 :
3648 2317 3782 2386 quia

2172 2398 2461 2454 ostendisti
2531 2416 2633 2455 nos
2677 2401 2778 2456 sub
2829 2400 3024 2457 abbate
3074 2401 3299 2460 doctore
3339 2405 3428 2462 vel
3473 2410 3779 2478 praeposito

2172 2488 2471 2558 disciplinae
2493 2490 2691 2546 debere
2705 2508 2823 2547 esse
2845 2495 3170 2564 probandos.
3187 2497 3332 2568 Ergo
3357 2497 3414 2552 hi
3435 2498 3581 2554 tales
3600 2499 3628 2538 ἀ
3646 2501 3782 2556 sub-

2173 2592 2483 2652 sequentes,
2516 2583 2747 2640 Domino
2775 2586 2992 2642 dicant:
3021 2587 3080 2642 In
3105 2589 3198 2644 illo
3215 2588 3330 2658 jam
3356 2592 3565 2648 saeculo
3595 2603 3778 2648 trans-

2172 2671 2359 2726 ivimus
2381 2690 2474 2744 per
2501 2673 2671 2744 ignem
2700 2684 2751 2730 et
2779 2693 3003 2747 aquam,
3030 2687 3079 2732 et
3109 2681 3367 2735 induxiin
3401 2700 3498 2738 nos
3526 2684 3589 2737 in
3619 2686 3779 2755 τερ-ξ-
3811 2709 3818 2714 ·

2174 2763 2410 2832 gerium;
2461 2764 2568 2819 hoc
2617 2773 2734 2831 est,
2789 2769 3144 2826 transivimus
3197 2787 3297 2843 per
3347 2773 3779 2832 amaricationes

2173 2853 2518 2909 voluntatum
2567 2866 2882 2913 nostrarum
2930 2868 2987 2914 et
3036 2862 3319 2917 servitium
3372 2873 3586 2920 sanctae
3637 2867 3775 2922 obe-

2175 2947 2395 3003 dientia:
2421 2967 2432 3003 :
2460 2964 2588 3005 ecce
2609 2953 2961 3022 pervenimus
2995 2954 3062 3008 ad
3092 2962 3197 3011 tua:
3219 2956 3571 3029 refrigerium
3601 2959 3778 3030 pieta-

2175 3040 2266 3094 tis.
2292 3039 2360 3094 Et
2383 3041 2514 3096 item
2545 3041 2778 3098 dicimus
2801 3044 2851 3099 ei
2879 3059 2894 3098 :
2917 3044 3175 3101 Delectati
3199 3065 3383 3103 sumus
3410 3068 3507 3121 pro
3544 3052 3740 3107 diebus
3759 3095 3776 3120 ,

2177 3131 2364 3202 quibus
2395 3147 2498 3186 non
2517 3133 2832 3200 humiliasti,
2859 3136 3013 3191 annis
3038 3138 3094 3191 in
3115 3139 3303 3209 quibus
3326 3141 3550 3196 vidimus
3580 3143 3731 3198 mala
3754 3158 3776 3195 :

2177 3230 2238 3277 ut
2267 3223 2405 3278 nihil
2451 3225 2654 3297 habeat
2682 3227 2738 3281 in
2771 3227 2930 3283 nobis
2970 3229 3232 3298 gehennae
3281 3232 3421 3303 ignis
3468 3234 3574 3289 sibi
3627 3236 3776 3305 quod

2181 3317 2446 3383 vindicet,
2480 3319 2696 3388 quando
2727 3319 2864 3374 nihil
2895 3336 3052 3376 suum
3091 3323 3146 3376 in
3180 3323 3337 3379 nobis
3368 3325 3773 3382 incendendum

2178 3406 2252 3461 ibi
2283 3406 2532 3464 diabolus
2558 3408 2690 3480 egit.
2718 3408 2862 3482 Ergo
2883 3412 3064 3467 omnia
3085 3412 3245 3470 debet
3281 3430 3381 3485 pro
3401 3417 3636 3472 Domino
3658 3434 3774 3473 sus-

2177 3499 2350 3555 tinere
2378 3501 2470 3569 qui
2511 3499 2628 3569 ejus
2673 3503 2822 3572 cupit
2878 3503 3116 3560 militare
3145 3506 3375 3573 scholae;
3416 3517 3473 3563 et
3508 3517 3772 3579 tanquam

2177 3607 2370 3647 aurum
2401 3593 2552 3660 lima,
2585 3602 2640 3648 et
2666 3594 2892 3662 malleis,
2919 3605 2974 3651 et
2999 3597 3122 3668 igne
3147 3598 3386 3654 fornacis
3412 3601 3680 3670 probetur
3703 3604 3773 3658 ad

2177 3683 2426 3740 diadema
2465 3684 2595 3751 Dei,
2638 3693 2694 3741 et
2733 3701 2991 3742 coronam
3031 3688 3368 3745 Dominicam
3420 3691 3766 3761 profuturus.

2177 3775 2314 3844 Quia
2344 3793 2468 3833 cum
2499 3779 2773 3850 propriam
2799 3797 2906 3837 non
2936 3780 3127 3838 fecerit
3157 3783 3498 3842 voluntatem
3531 3786 3768 3859 aliquis,

2177 3871 2388 3940 cogitur
2417 3871 2638 3939 facere,
2675 3873 2762 3928 cui
2808 3875 3051 3944 quotidie
3093 3877 3324 3934 dicimus
3371 3879 3427 3934 in
3472 3882 3765 3937 oratione:

2177 3961 2304 4018 Fiat
2327 3963 2565 4018 voluntas
2593 3975 2685 4019 tua
2705 4006 2720 4031 ,
2755 3968 2890 4021 sicut
2922 3967 2976 4022 in
3006 3967 3162 4033 caelo,
3194 3979 3241 4023 et
3266 3971 3321 4023 in
3342 3979 3505 4024 terra.
3541 3984 3564 4010 ε
3597 3973 3766 4028 Terra

2175 4054 2321 4109 enim
2345 4062 2430 4108 est
2459 4070 2657 4124 corpus
2684 4063 2953 4122 nostrum,
2989 4059 3076 4113 cui
3107 4059 3240 4114 dicit
3269 4059 3532 4117 Dominus
3557 4078 3571 4117 :
3603 4063 3770 4118 Terra

2176 4161 2260 4208 es,
2294 4153 2343 4198 et
2384 4146 2438 4200 in
2474 4155 2669 4199 terram
2704 4146 2802 4200 ibis
2840 4143 2994 4217 (Gen.
3029 4148 3135 4220 ιιι).
3166 4149 3302 4216 Quia
3337 4152 3518 4207 omnis
3546 4155 3769 4223 propria

2175 4237 2426 4294 voluntas
2454 4240 2690 4295 carnalis
2720 4247 2837 4304 est,
2870 4251 2926 4295 et
2955 4257 2985 4296 a
3011 4255 3240 4312 corpore
3281 4243 3605 4308 descendit,
3644 4249 3767 4303 ideo

2176 4345 2275 4384 nos
2297 4331 2443 4402 cogit
2471 4329 2489 4369 τ
2518 4330 2772 4386 illecebra
2806 4341 2863 4387 et
2888 4331 3084 4401 injusta
3125 4335 3466 4391 committere
3498 4339 3524 4377 ε
3551 4355 3675 4407 quae
3699 4342 3768 4395 ad

2180 4434 2390 4495 tempus
2413 4442 2639 4498 parvum
2680 4426 2805 4482 vita:
2832 4427 2996 4498 hujus
3040 4430 3190 4484 carni
3217 4445 3316 4499 per
3345 4430 3615 4488 desideria
3645 4450 3770 4492 esse

2177 4583 2338 4665 atina,
2362 4584 2662 4669 interanea;
2681 4592 2822 4669 exta,
2855 4587 3074 4669 ἔγκατα.
3095 4588 3217 4669 -ch
3251 4587 3427 4644 Salica
3458 4590 3629 4669 dicit:
3668 4592 3767 4669 I_n-

2177 4656 2374 4727 trania,
2408 4655 2488 4708 tit.
2523 4655 2610 4719 l9,
2639 4655 2721 4727 §5
2751 4675 2763 4709 :
2800 4675 2818 4707 ι
2854 4655 2911 4712 Si
2934 4673 3063 4712 vero
3093 4659 3235 4712 intra
3260 4669 3442 4715 costas
3469 4661 3655 4718 nullus
3682 4664 3767 4717 in-

2178 4725 2426 4846 traverlilt,
2460 4733 2516 4778 et
2542 4725 2713 4795 usque
2745 4727 2813 4782 ad
2846 4728 3080 4783 intrania
3107 4732 3439 4799 pervenerit.
3476 4752 3496 4784 ι
3533 4731 3759 4800 Gallice,

2178 4805 2345 4846 entrat
2388 4813 2463 4846 88.

2175 4805 2463 4850 entrailles.

2248 4863 2274 4903 ἀ
2308 4865 2709 4942 §ubsequentes.
2735 4869 2790 4924 ld
2821 4878 2926 4935 est,
2953 4882 3364 4942 persequentes.

2255 4936 2470 5014 {Terra
2491 4936 2634 5014 enim
2657 4949 2732 5014 est
2756 4936 2980 5014 corpus:
2999 4941 3077 4996 lta
3107 4936 3253 4998 idem
3280 4944 3535 5014 Magister
3571 4945 3624 4999 in
3663 4962 3761 5000 ex-

2177 5007 2444 5086 positione
2472 5010 2738 5086 orationis
2769 5007 3084 5086 Do'minicze.
3111 5029 3272 5084 quam
3307 5007 3487 5085 posuit
3525 5025 3652 5086 post
3680 5033 3763 5070 re-

2177 5078 2315 5149 gula:
2339 5095 2449 5134 sua:
2475 5079 2753 5151 prologum
2783 5102 2795 5134 :
2827 5099 2847 5131 ‹
2879 5082 2956 5136 lta
2979 5093 3025 5137 et
3056 5085 3112 5137 in
3127 5078 3493 5151 terrm-dixit,
3525 5078 3630 5142 hoc
3656 5096 3758 5148 est,

2180 5151 2423 5219 corporis
2454 5151 2623 5204 nostri
2654 5153 2904 5207 machina
2928 5153 2995 5207 de
3021 5154 3148 5209 limo
3181 5165 3340 5211 terra)
3379 5157 3641 5221 formata,
3675 5158 3759 5211 cui

2177 5236 2274 5344 pber
2295 5223 2619 5276 sententiam
2646 5221 2742 5277 Dei
2759 5224 2964 5278 dictum
2986 5234 3070 5279 est
3093 5243 3105 5279 :
3135 5225 3298 5280 Terra
3323 5244 3397 5293 es,
3417 5239 3466 5283 et
3488 5237 3543 5282 tn
3565 5239 3760 5282 terram

2178 5309 2194 5344 ι
2232 5309 2294 5344 τε.

2178 5309 2294 5346 τοτε.

2257 5361 2278 5440 ς
2307 5361 2582 5440 ῌΙεεεὸηζ.
2607 5364 2684 5418 Ita
2716 5366 2768 5420 in
2801 5365 2934 5435 Reg.
2969 5383 3071 5421 ms.
3105 5367 3284 5440 Lege:
3311 5369 3648 5424 Illecebrosa.

2253 5435 2278 5473 ε
2309 5432 2440 5498 Qua:
2487 5435 2556 5488 ad
2602 5453 2838 5512 parcunt
2872 5432 3068 5509 tempus
3107 5432 3228 5512 uitia
3255 5441 3416 5512 hujus
3447 5444 3619 5506 carni,
3652 5452 3758 5496 etc.

2175 5503 2352 5560 Locus
2385 5503 2693 5578 corruptus.
2719 5506 2935 5578 ln‘Reg.
2966 5503 3070 5563 ius.
3095 5503 3561 5566 additur'verbum
3585 5503 3758 5565 riden-

2177 5585 2283 5653 tur,
2318 5584 2481 5653 recte.
2529 5576 2635 5631 Sed
2677 5578 2757 5653 ita
2797 5576 3117 5653 legetQuw
3153 5583 3231 5653 ad
3280 5591 3483 5653 tempus
3535 5599 3756 5652 parvum

2176 5647 2291 5699 vita:
2312 5645 2470 5714 hujus
2488 5664 2579 5718 per
2608 5649 2784 5702 carnis
2814 5645 3078 5706 désideria
3113 5652 3354 5708 videntur
3384 5645 3503 5709 esse
3535 5645 3721 5710 dulcia
3739 5693 3754 5718 ,

2176 5718 2446 5771 amariora
2475 5716 2596 5788 felle
2617 5719 2825 5789 futura.
