4062 6332
303 406 441 493 teat

1220 413 1609 482 CONCORDIA
1646 416 2103 480 assummum.
2138 445 2213 461 -
2247 414 2397 475 CAP.
2435 398 2573 474 ω

3404 408 3544 472 ηοε

303 552 476 613 dulcis
499 546 735 605 amarior
762 539 887 600 felle
915 542 1099 598 futura
1139 542 1192 597 in
1222 550 1501 613 posterum
1536 547 1593 596 et
1627 539 1682 594 in
1710 544 1871 594 :eter-
1898 538 1953 598 Λ
1975 536 2176 593 cularis
2200 542 2341 602 erat,
2362 549 2486 590 eum
2506 532 2753 590 diabolus
2771 542 2881 587 non
2903 531 3167 596 tentabat,
3184 529 3339 599 cujus
3359 539 3546 600 aperte

304 660 453 700 num.
477 642 710 709 Ideoque
737 638 884 694 enim
905 634 1118 707 cogitur
1142 632 1325 705 lingua
1348 641 1534 690 nostra
1565 631 1707 703 juste
1734 644 1873 700 quo-

305 737 434 794 tidie
464 732 704 790 clamare
749 730 819 785 ad
861 728 1189 784 Dominum:
1223 725 1347 781 Fiat
1387 723 1639 781 voluntas
1683 730 1774 778 tua
1817 722 1875 776 in

305 837 450 884 terra
471 824 715 896 corporis
734 820 935 878 nostri.
965 819 1096 888 Qua:
1116 819 1366 875 voluntas
1390 834 1515 876 cum
1539 816 1703 873 fuerit
1721 815 1877 870 nobis

303 919 360 975 in
388 916 571 973 schola
595 913 912 971 monasterii
932 928 962 968 a
987 912 1282 984 majoribus
1308 912 1529 977 tradita,
1554 918 1610 965 et
1629 924 1730 979 per
1750 907 1880 964 obe-

304 1006 567 1066 dientiam
598 1023 630 1062 a
660 1006 820 1063 nobis
865 1002 1032 1060 fuerit
1080 1002 1373 1075 adimpleta
1423 1001 1696 1072 quotidie,
1729 997 1880 1069 juste

303 1102 462 1156 nobis
487 1076 773 1156 credamus
799 1098 855 1153 in
883 1097 1065 1153 futuro
1087 1096 1377 1152 Dominum
1404 1108 1656 1167 parcere,
1677 1099 1734 1148 et
1756 1106 1881 1147 con-

306 1190 538 1246 ﬁdamus
557 1190 777 1261 insuper
799 1188 976 1259 gratia
996 1185 1114 1256 ejus
1138 1201 1300 1256 posse
1328 1200 1429 1241 nos
1455 1182 1728 1248 coronari,
1751 1180 1881 1253 quia

305 1294 520 1352 semper
546 1282 665 1354 ejus
693 1281 924 1337 fecimus
960 1280 1331 1345 voluntatem,
1367 1292 1477 1333 non
1524 1287 1799 1340 nostram,
1826 1280 1884 1329 et

304 1389 583 1444 nunquam
628 1388 729 1428 nos
770 1371 1041 1428 desideria
1085 1371 1267 1428 carnis
1313 1368 1652 1441 praetulimus
1707 1366 1882 1423 amori

305 1446 455 1532 ejus;
490 1469 546 1517 et
583 1470 805 1532 propter
845 1476 970 1516 eum
1012 1461 1179 1516 etiam
1217 1461 1395 1532 parati
1436 1474 1625 1516 sumus
1654 1459 1884 1529 perdere

307 1554 518 1609 animas
543 1561 760 1610 nostras
795 1554 851 1608 in
887 1553 1143 1624 praesenti
1180 1560 1457 1623 tempore,
1484 1559 1549 1607 ut
1574 1566 1885 1606 mereamur

306 1662 401 1703 eas
440 1646 496 1701 iu
539 1645 722 1702 futuro
764 1645 1010 1703 invenire
1035 1660 1158 1701 cum
1188 1644 1325 1715 ipso.
1351 1643 1494 1713 Ergo
1523 1641 1789 1698 accedens
1816 1640 1885 1696 ad

309 1741 558 1795 timorem
580 1739 677 1794 Dei
699 1737 897 1809 aliquis
920 1739 975 1794 in
997 1738 1330 1794 monasterio
1352 1737 1576 1808 cupiens
1604 1734 1882 1799 converti,

307 1830 391 1886 vel
422 1829 605 1885 volens
633 1843 755 1885 esse
781 1827 1095 1899 discipulus,
1122 1827 1227 1883 hoc
1262 1827 1314 1881 ei
1340 1841 1440 1897 pro
1462 1825 1696 1880 Domino
1734 1822 1883 1877 futu-

1973 641 2189 700 semper
2212 626 2542 683 voluntatem
2569 622 2816 694 perfecit,
2840 637 2964 679 cum
2982 620 3100 691 ejus
3118 620 3401 692 operarius
3412 620 3545 689 fuit;

1975 720 2069 776 sed
2099 734 2166 774 ex
2195 733 2302 789 quo
2322 710 2388 775 se
2414 734 2446 773 a
2481 716 2683 772 diaboli
2710 714 3057 771 suasionibus
3097 714 3183 771 vel
3210 712 3404 769 militia
3440 728 3547 771 εω-

1975 811 2144 868 culari
2173 812 2241 867 ad
2271 811 2522 866 timorem
2556 810 2653 865 Dei
2683 808 2740 865 in
2762 808 3047 864 servitium
3071 806 3276 865 Christi
3301 806 3547 874 tradidit,

1977 907 2284 964 certissime
2319 906 2388 961 ab
2426 920 2491 961 ea
2527 904 2617 960 die
2660 902 2935 960 diabolum
2964 902 3069 958 sibi
3096 901 3378 958 inimicum
3414 901 3554 958 sciat

1977 998 2228 1056 etl‘ectum
2247 1039 2262 1066 ,
2304 1013 2467 1068 quem
2511 1011 2636 1053 cum
2682 995 2882 1052 saeculo
2925 1010 3027 1052 suo
3055 1001 3279 1065 propter
3303 995 3555 1050 timorem

1978 1090 2196 1148 Domini
2227 1088 2533 1159 dereliquit.
2557 1087 2701 1157 Ergo
2741 1095 2852 1143 tam
2887 1085 3048 1143 facile
3086 1084 3411 1156 ingredienti
3446 1100 3555 1141 non

1980 1180 2141 1237 debet
2170 1180 2339 1246 credi,
2369 1179 2478 1235 nisi
2507 1179 2759 1235 videatur
2783 1179 2831 1235 si
2860 1178 3006 1248 quod
3038 1176 3310 1247 promittit
3332 1176 3516 1232 verbis
3538 1216 3555 1241 ,

1981 1272 2138 1329 factis
2165 1272 2454 1342 adimplet,
2482 1271 2697 1327 dicente
2725 1269 3044 1341 Scriptura:
3076 1267 3257 1324 Nolite
3286 1268 3429 1322 omni
3454 1267 3562 1338 spi-
3598 1316 3605 1319 _

1983 1363 2109 1419 ritui
2139 1360 2413 1427 credere,d
2436 1360 2527 1416 sed
2555 1362 2703 1432 prius
2729 1360 2944 1432 probate
2972 1358 3026 1431 (Ι
3052 1358 3216 1414 Joan.
3247 1356 3346 1428 tv).
3370 1356 3439 1411 Et
3464 1356 3562 1411 ite-

1984 1473 2138 1514 rum:
2166 1456 2306 1523 Quia
2329 1454 2483 1510 multi
2508 1454 2578 1509 ad
2606 1470 2694 1509 vos
2714 1455 2924 1508 veniunt
2952 1452 3009 1506 in
3032 1451 3216 1507 vestitu
3247 1450 3441 1515 ovium,
3476 1448 3564 1505 in-

1984 1557 2069 1602 tus
2095 1556 2269 1601 autem
2309 1544 2421 1615 lupi
2459 1560 2674 1615 rapaces
2712 1540 2927 1615 (Matth.
2962 1540 3086 1612 vn).
3117 1540 3253 1596 Vide
3280 1552 3411 1610 ergo
3435 1539 3564 1608 quia

1986 1654 2206 1694 causam
2234 1637 2332 1692 Dei
2358 1644 2515 1692 caute
2544 1651 2643 1691 nos
2660 1633 2815 1704 jubet
2839 1647 3002 1705 agere
3025 1631 3310 1703 Scriptura
3327 1671 3342 1698 ,
3371 1639 3432 1685 ut
3454 1646 3563 1685 non

1986 1730 2238 1784 mittatur
2264 1734 2515 1783 sanctum
2544 1726 2797 1791 canibus,
2825 1738 2928 1779 nec
2960 1722 3269 1794 margaritae
3308 1722 3564 1792 pretiosae

1990 1832 2116 1876 ante
2142 1835 2367 1889 porcos;
2389 1819 2484 1874 sed
2509 1833 2738 1873 monens
2762 1831 2886 1872 eum
2916 1815 3160 1886 quotidie
3183 1815 3356 1870 abbas
3377 1813 3560 1869 dicat:

308 1939 401 1979 rus
428 1923 689 1995 magister
710 1886 996 1993 proponat,
1020 1886 1090 1974 ut.
1106 1934 1271 1990 supra
1292 1886 1548 1975 diximus.
1566 1914 1702 1983 Quia
1731 1913 1884 1985 quid—
1909 1886 1956 1948 Β
1984 1913 2106 1978 Fili,
2141 1886 2359 1968 interim
2385 1922 2409 1950 ο
2435 1911 2552 1967 ἰδίω
2574 1927 2687 1976 res,
2717 1909 2915 1979 quibus
2938 1908 3109 1963 uteris
3134 1907 3188 1962 in
3211 1906 3565 1971 monasterio,

307 2015 437 2086 quid
457 2014 746 2085 aliquando
768 2027 867 2085 pro
897 2009 1164 2068 desiderio
1187 2007 1482 2065 voluntatis
1512 2021 1622 2061 sua:
1649 2004 1884 2077 appetie-
1984 2004 2123 2063 nihil
2153 2005 2253 2061 tibi
2277 2002 2630 2077 prtejudicant
2660 2003 2803 2074 apud
2825 2019 2953 2068 nos;
2981 2001 3078 2059 sed
3100 2001 3256 2073 prius
3282 2000 3339 2056 in
3366 2000 3567 2059 divinis

308 2114 426 2173 rat,
450 2106 589 2161 sciat
615 2104 720 2161 sibi
755 2117 917 2175 posse
942 2100 1161 2175 ncgari;
1198 2099 1462 2172 quidquid
1504 2098 1760 2164 noluerit,
1789 2112 1884 2151 au—
1985 2097 2264 2152 interanea
2292 2095 2472 2151 cordis
2500 2095 2581 2150 tui
2605 2094 2673 2150 de
2696 2094 3045 2150 saecularibus
3072 2093 3232 2148 factis
3251 2108 3375 2148 cum
3409 2107 3569 2147 mun.

308 2196 421 2251 diat
444 2195 547 2251 sibi
571 2210 731 2266 posse
749 2192 974 2265 imponi.
998 2203 1025 2234 ι
1045 2191 1376 2248 Antecessus
1398 2190 1448 2246 ei
1474 2188 1770 2261 peculiaria
1794 2188 1885 2243 de-
1989 2188 2221 2254 daveris,
2244 2186 2352 2257 iam
2381 2195 2510 2242 tunc
2532 2187 2749 2242 demum
2771 2185 3010 2241 mutabis
3036 2194 3217 2241 vestes
3238 2226 3253 2251 ,
3278 2192 3340 2239 ut
3366 2185 3568 2240 merito

306 2295 597 2358 negentur;
623 2286 829 2358 Regula
854 2285 905 2342 ei
936 2292 1047 2341 tota
1071 2284 1300 2355 legatur,
1333 2289 1389 2339 et
1416 2282 1577 2337 factis
1614 2278 1885 2351 implenda
1981 2278 2095 2349 jam
2125 2280 2193 2334 ab
2229 2279 2482 2336 omnibus
2500 2279 2605 2334 hoc
2628 2278 2865 2334 videaris
2887 2278 2943 2333 in
2964 2292 3213 2349 corpore,
3237 2277 3382 2349 quod
3401 2291 3434 2332 a
3454 2277 3568 2332 Deo

306 2377 678 2447 promittatur.
703 2377 933 2432 Domum
957 2383 1243 2448 parentum
1273 2374 1342 2430 de
1376 2381 1575 2429 caetero
1608 2372 1748 2429 sciat
1781 2371 1888 2427 sibi

307 2480 430 2522 esse
466 2474 816 2532 extraneam,
858 2464 1235 2521 iuaccessibile
1277 2463 1443 2518 limen
1488 2461 1608 2532 ejus
1659 2462 1889 2517 ulterius

307 2559 510 2615 habere
532 2557 646 2627 jam
674 2557 877 2615 credat.
906 2555 1066 2623 Quia,
1091 2556 1196 2611 nisi
1219 2555 1336 2626 quis
1364 2552 1633 2626 reliquerit
1656 2561 1881 2624 patrem,

309 2659 400 2707 aut
430 2662 674 2718 matrem,
697 2661 791 2706 aut
822 2651 1036 2720 fratres,
1065 2658 1157 2705 aut
1184 2650 1421 2716 domum,
1457 2666 1562 2704 non
1584 2658 1751 2721 potest
1779 2665 1890 2704 esse

310 2739 507 2797 Christi
540 2740 853 2812 discipulus.
882 2739 1033 2797 Citra
1054 2738 1355 2809 jussionem
1388 2738 1613 2809 majoris
1635 2754 1667 2793 a
1697 2753 1889 2793 mona-

310 2834 479 2890 sterio
503 2832 740 2911 fortasse
776 2848 883 2888 non
910 2832 1063 2887 exire
1097 2831 1254 2886 sciat.
1285 2831 1422 2886 Cum
1449 2831 1566 2886 haec
1601 2829 1783 2884 omnia
1822 2828 1890 2883 ab

304 2917 515 2980 abbate
571 2922 831 2994 praedicta
857 2919 1171 2991 promiserit
1194 2933 1254 2975 se
1288 2918 1357 2974 ad
1391 2919 1573 2974 omnia
1609 2916 1890 2995 obaudire,

312 3022 367 3071 et
399 3013 546 3085 ejus,
578 3014 665 3070 vel
704 3012 926 3085 Regula:
966 3012 1357 3068 monitionibus
1392 3012 1462 3067 ad
1500 3011 1680 3067 omnia
1732 3010 1893 3066 factis

310 3120 434 3162 esse
457 3112 729 3176 paratum,
760 3111 888 3158 tunc
912 3102 1240 3174 suscipiatur
1261 3100 1317 3157 in
1340 3100 1752 3156 monasterium.
1781 3097 1892 3155 Nec

311 3206 492 3253 tamen
520 3206 631 3252 tam
655 3195 822 3279 facile
841 3196 870 3236 δ
900 3195 1075 3251 sancti
1104 3193 1367 3266 propositi
1402 3191 1620 3247 habitus
1641 3192 1888 3261 impona-

1987 2371 2281 2441 possideris
2319 2371 2376 2426 in
2418 2378 2632 2437 mente;
2669 2378 2725 2425 et
2759 2369 2907 2439 juste
2940 2378 3066 2441 post
3102 2368 3340 2439 pectoris
3368 2381 3568 2423 caesam

1991 2461 2251 2517 malitiam
2284 2461 2532 2517 tondebis
2561 2468 2617 2515 et
2644 2467 2829 2532 caput.
2858 2459 2927 2515 Et
2952 2475 3075 2516 cum
3103 2460 3223 2517 haec
3240 2457 3424 2514 omnia
3448 2472 3573 2529 quae

1991 2555 2047 2609 in
2091 2552 2277 2622 regula
2321 2552 2638 2609 monasterii
2695 2552 3073 2618 continentur,
3120 2550 3176 2606 in
3232 2550 3342 2607 tuis
3393 2549 3573 2605 adhuc

1989 2643 2232 2699 vestibus
2265 2640 2503 2713 perfecte
2528 2641 2861 2713 impleveris,
2888 2649 2945 2697 et
2967 2649 3216 2697 nostrum
3242 2654 3367 2695 cum
3388 2653 3574 2715 susce-

1990 2735 2140 2807 peris
2172 2734 2436 2799 habitum,
2479 2734 2721 2790 sanctior
2760 2733 3133 2806 permanebis.
3167 2730 3302 2788 Cum
3343 2745 3476 2804 ergo
3503 2745 3573 2786 ex

1993 2825 2084 2880 illa
2123 2826 2211 2880 die
2244 2824 2428 2880 omnia
2466 2839 2591 2880 cum
2617 2825 2833 2880 eteteris
2873 2823 3133 2880 fratribus
3170 2820 3577 2893 inculpabiliter

1993 2915 2050 2972 in
2069 2914 2402 2971 monasterio
2424 2930 2525 2987 per
2547 2915 2817 2986 integrum
2849 2929 3049 2969 annum
3079 2913 3421 2983 impleverit,
3445 2921 3575 2967 tunc

1994 3006 2209 3062 demum
2234 3006 2350 3061 sine
2368 3005 2474 3060 ulla
2495 3005 2833 3061 dubitatione
2857 3004 3166 3071 tondeatur,
3190 3012 3247 3059 et
3273 3004 3324 3060 ei
3348 3000 3369 3077 [
3397 3001 3429 3069 ί,
3450 3018 3576 3058 san-

1995 3098 2071 3153 cti
2095 3097 2379 3170 propositi]
2411 3105 2594 3153 vestes
2644 3103 2942 3152 mutentur.
2970 3096 3283 3152 Tondeatur
3306 3095 3451 3150 enim
3472 3094 3572 3173 sic.

1998 3190 2115 3246 Stet
2138 3191 2252 3261 ipse
2278 3189 2447 3245 frater
2472 3190 2529 3244 in
2558 3188 2738 3245 medio
2766 3189 3010 3245 oratorio
3043 3188 3281 3244 curvatis
3309 3187 3532 3260 genibus
3557 3201 3573 3240 :

311 3296 403 3342 tur
426 3302 442 3342 :
466 3301 535 3343 ne
556 3288 624 3342 ad
650 3271 839 3342 horam
860 3285 1185 3357 promittens
1224 3282 1374 3339 fallat
1400 3283 1457 3338 in
1481 3291 1757 3355 posterum
1778 3322 1794 3349 ,
1829 3288 1885 3338 et
1912 3268 1957 3334 C
1992 3283 2020 3325 ε
2045 3283 2304 3338 tondente
2325 3298 2452 3339 eum
2477 3282 2691 3346 abbate,
2724 3280 3082 3351 psallentibus
3109 3279 3168 3333 in
3195 3277 3425 3334 circuitu
3446 3292 3575 3332 cun-

312 3381 412 3437 suh
442 3381 661 3436 nomine
686 3380 804 3437 ovis
833 3379 990 3451 lupus
1015 3378 1371 3450 ingrediatur.
1401 3388 1423 3417 ο
1456 3374 1594 3444 Quia
1634 3391 1758 3431 cum
1790 3390 1890 3432 sre-

384 3544 411 3573 ι
444 3532 755 3604 Antecessus
780 3533 830 3587 ei
849 3532 1140 3603 peculiaria
1174 3533 1513 3604 denegentur.
1541 3531 1599 3586 ld
1625 3539 1712 3587 est
1729 3572 1743 3599 ,
1780 3547 1890 3587 non

313 3601 584 3674 praecedat
611 3601 766 3657 alios.

384 3693 413 3733 ι’
439 3691 625 3765 sancti
653 3693 904 3763 prepositi
933 3693 1143 3749 habitus
1182 3694 1501 3765 imponatur.
1541 3694 1619 3765 Ita
1646 3695 1889 3760 correxi,

314 3779 436 3818 cum
471 3762 684 3819 deesset
728 3765 788 3821 τὸ
823 3765 1119 3835 sancti,et
1170 3766 1229 3822 τὸ
1256 3762 1545 3835 ’ρνιεροεὶιὶ
1586 3764 1888 3835 legeretur;

313 3835 772 3907 exsequentibus
803 3851 815 3888 :
851 3833 1103 3900 Quandiu
1150 3833 1320 3889 sancti
1364 3833 1619 3907 propositi
1649 3833 1891 3890 habitum

314 3903 507 3958 habere
530 3913 812 3959 mereatur.

388 4004 411 4032 ο
446 3992 587 4058 Quia
615 4011 732 4048 cum
753 3993 1023 4050 swcularis
1051 4006 1182 4061 erat,
1208 4004 1315 4052 etc.
1341 3994 1588 4052 Notanda
1626 3997 1889 4064 doctrina,

313 4064 550 4140 nequis
593 4065 876 4140 incipiens
902 4081 966 4121 se
1010 4067 1262 4140 ac_rius__a
1301 4068 1554 4140 daemone
1588 4069 1892 4140 impugnari

300 4134 772 4201 .animadvertens,
791 4134 972 4190 animo
985 4138 1162 4191 cadat.
1180 4136 1291 4192 Nec
1311 4138 1482 4193 solum
1506 4134 1774 4204 diabolus,
1797 4140 1893 4196 sed

318 4204 481 4258 etiam
510 4204 626 4274 ipsa
656 4221 787 4259 caro
816 4205 970 4260 initio
1001 4208 1373 4274 conversionis
1408 4210 1780 4265 vehementius
1810 4213 1892 4264 in-

317 4275 511 4355 surgit,
532 4272 837 4355 pungiILac
862 4276 1135 4355 lancinat;
1158 4287 1213 4333 et
1241 4272 1356 4355 ipsa
1389 4279 1518 4332 vitia
1542 4319 1556 4341 ,
1591 4279 1892 4355 inveterata

315 4346 479 4397 etiam
502 4346 762 4412 peccandi
790 4347 1120 4401 consuetudo
1140 4346 1354 4403 uoviter
1370 4363 1663 4403 conversos
1686 4349 1895 4404 instan-

317 4415 422 4468 tius
452 4422 666 4487 urgent,
694 4423 748 4469 et
775 4431 896 4486 quae
916 4417 1068 4486 prius
1095 4418 1289 4484 amica,
1319 4418 1455 4472 fiunt
1477 4419 1716 4474 inimica.
1739 4420 1894 4487 Quod

315 4483 576 4559 prtpclare
607 4485 762 4541 docet
789 4483 1024 4559 lsidorus
1065 4487 1190 4542 libr.
1220 4490 1286 4543 de
1323 4488 1631 4555 Conversis,
1661 4483 1780 4559 cap:
1812 4490 1847 4544 5
1875 4507 1890 4545 :

321 4572 341 4604 ι
378 4553 614 4624 Quisque
653 4571 944 4611 conversus
974 4558 1019 4613 si
1048 4573 1173 4613 mox
1204 4559 1449 4614 carnales
1490 4553 1745 4615 stimulos
1776 4561 1893 4615 cal-

315 4638 443 4697 care
463 4621 662 4697 cupiat,
689 4634 750 4697 et
764 4640 973 4682 summa
998 4630 1258 4683 virtutum
1284 4629 1466 4685 subire
1495 4631 1818 4697 contendat,
1845 4632 1893 4686 si
1915 4621 1971 4683 D

316 4694 456 4748 forte
483 4694 659 4764 adhuc
686 4694 866 4764 aliqua
892 4697 1117 4753 adversa
1148 4699 1215 4754 de
1243 4700 1422 4755 carnis
1464 4701 1729 4757 molestiis
1758 4694 1890 4759 tole-

225 4819 243 4827 ,
318 4770 422 4838 rat,
451 4777 558 4838 non
588 4762 907 4838 frangatur:
936 4769 1060 4838 quia
1082 4768 1424 4838 dispensator
1447 4772 1712 4828 bonorum
1737 4773 1890 4828 novit

316 4833 660 4904 adversitatis
691 4833 986 4904 reprimere
1014 4833 1203 4891 vitium
1231 4841 1573 4897 successione
1601 4843 1885 4899 virtutum.

317 4903 469 4959 Tunc
515 4904 685 4979 magis
732 4903 947 4979 gravari
995 4922 1069 4979 se
1097 4909 1328 4979 quisque
1365 4910 1594 4979 impulsu
1633 4913 1891 4969 vitiorum
1935 4930 1961 4949 ο

318 4974 583 5047 agnoscit,
612 4974 836 5047 dum‘ad
873 4974 1255 5047 cognitionem'
1273 4977 1367 5033 Dei
1395 4974 1709 5036 accesserit.
1737 4984 1893 5040 Sicut

315 5044 545 5121 populus
565 5044 728 5121 Israel
752 5044 999 5121 graviore
1025 5063 1190 5121 onere
1214 5048 1283 5102 ab
1310 5048 1580 5121 (Egyptiis
1605 5055 1891 5120 premitur,

317 5114 445 5196 dum
469 5127 579 5196 per
598 5114 817 5186 Moysén
856 5116 1037 5196 divina
1068 5118 1157 5173 illa
1188 5114 1432 5196 cognitio
1453 5114 1715 5196 aperitur.
1748 5114 1893 5196 Vitia

316 5185 457 5259 enim
491 5192 616 5239 ante
643 5185 1052 5259 conversionem
1075 5190 1231 5257 quasi
1256 5185 1519 5259 pacem'in
1548 5191 1765 5249 homine
1791 5194 1892 5249 ha-

315 5253 484 5308 bent:
518 5254 747 5328 quando
781 5265 965 5310 autem
1012 5253 1384 5328 expelluntur,
1434 5263 1646 5318 acriore
1692 5264 1894 5319 virtute

314 5333 662 5407 consurgunt.
688 5324 853 5407 Fiunt
871 5336 1055 5407 autem
1076 5324 1295 5385 inimica
1316 5324 1611 5407 cOnverso,
1621 5349 1752 5407 qua:
1768 5349 1894 5407 pec-

314 5396 484 5470 catori
513 5410 771 5465 prospere
791 5396 1224 5466 blandiebantur,
1246 5408 1412 5470 atque
1432 5403 1561 5457 item
1582 5396 1718 5459 ﬁdnt
1741 5396 1893 5460 blan-

315 5463 381 5538 da
410 5463 731 5538 converso,
775 5482 896 5538 quae
940 5463 1218 5538 peccatori
1266 5463 1492 5528 adversa
1542 5476 1883 5531 exstiterunt.

316 5531 510 5589 Multos
540 5535 701 5590 habet
727 5531 1009 5594 conflictus
1044 5540 1140 5595 Dei
1179 5556 1370 5598 servus
1409 5559 1476 5599 ex
1512 5546 1887 5602 recordatione

313 5617 537 5686 operum
564 5608 960 5686 praeteritorum
981 5611 1287 5686 ,_multique
1314 5622 1437 5683 post
1475 5617 1886 5673 conversionem

312 5674 481 5729 etiam
508 5674 989 5758 nolentesmotum’
1008 5674 1253 5758 libidinis
1287 5674 1559 5758 sustinent
1584 5705 1595 5740 :
1625 5689 1769 5758 quod
1806 5697 1887 5743 ta-

311 5760 437 5828 men
464 5746 534 5800 ad
562 5746 959 5828 damnationem
996 5768 1106 5807 non
1148 5753 1411 5828 tolerant,
1453 5756 1547 5812 sed
1587 5746 1657 5812 ad
1691 5760 1887 5828 proba-

311 5815 537 5884 tionem,
568 5816 774 5875 scilicet
804 5829 864 5879 ut
890 5837 1105 5895 semper
1146 5815 1527 5899 habeant'pro
1565 5815 1886 5889 excutienda

1993 3375 2114 3431 etis.
2131 3375 2190 3429 ln
2217 3390 2325 3446 quo
2347 3373 2684 3444 probationis
2707 3387 2851 3427 anno
2871 3370 3160 3441 psalmum,
3195 3369 3574 3440 antiphonam,

1990 3527 2183 3583 inertia
2228 3526 2462 3594 hostem,
2496 3526 2585 3582 cui
2623 3525 2921 3594 resistant,
2969 3523 3260 3582 dummodo
3289 3536 3400 3578 non
3440 3538 3570 3579 eon-

1991 3598 2245 3653 sentiant.
2281 3619 2299 3650 ι
2611 3644 2616 3649 .

2060 3668 2105 3739 ἀν
2130 3667 2236 3724 Sed
2250 3670 2408 3739 prius
2434 3668 2668 3739 probate.
2694 3666 2752 3739 l_n
2792 3666 3043 3722 versione
3091 3666 3364 3722 communi
3399 3682 3414 3719 :
3468 3663 3576 3721 Sed

1991 3738 2207 3810 probate
2235 3736 2486 3810 Spiritus,
2513 3746 2619 3793 etc.
2652 3736 2848 3793 lJoan.
2883 3753 2955 3791 ιγ.

2069 3821 2092 3849 ε
2125 3808 2227 3863 Res
2246 3806 2381 3863 istae.
2414 3808 2470 3864 ld
2499 3818 2603 3873 est,
2638 3816 2817 3864 vestes
2845 3806 3179 3863 saeculares.—

2070 3880 2090 3919 ί
2120 3878 2305 3935 Sancti
2325 3878 2578 3950 propositi
2605 3889 2769 3950 gestes
2796 3888 3084 3950 mutentur.
3107 3879 3186 3934 Ita
3210 3879 3263 3933 in
3286 3878 3422 3950 Reg.
3446 3892 3575 3946 ms.,

1993 3951 2087 4006 sed
2118 3952 2232 4020 haec
2265 3947 2524 4020 vocabula
2551 3968 2563 4003 :
2592 3947 2778 4004 Sancti
2804 3948 3077 4020 propositi,
3101 3947 3424 4007 redundant.

2067 4023 2093 4062 ⁸
2127 4019 2392 4074 Tondente
2430 4037 2549 4073 eum
2585 4019 2960 4076 abbate.01im
3002 4036 3125 4074 cum
3151 4021 3451 4076 monachus
3478 4021 3576 4075 112-

1992 4092 2108 4147 bitu
2143 4091 2465 4145 monachico
2496 4089 2839 4156 induebatur,
2870 4098 2997 4144 ante
3031 4091 3202 4145 altare
3233 4092 3348 4162 ipse
3378 4091 3446 4145 ab
3483 4091 3577 4144 ab-

1993 4162 2140 4232 bate,
2169 4174 2264 4232 seu
2289 4176 2319 4214 a
2343 4162 2625 4232 sacerdote
2666 4162 3013 4232 tondebatur.
3044 4162 3099 4216 ld
3129 4161 3279 4232 patet
3318 4176 3383 4217 ex
3424 4161 3577 4216 Actis

1995 4230 2056 4287 S.
2085 4231 2276 4302 Mauri,
2314 4230 2403 4285 ubi
2429 4230 2621 4287 Florus
2646 4239 2773 4285 ante
2801 4231 2971 4286 altare
3001 4230 3246 4287 habitum
3271 4234 3577 4302 suscipiens

1994 4318 2025 4356 a
2073 4302 2130 4355 S.
2165 4301 2352 4356 Mauro
2384 4303 2640 4372 tondetur
2671 4302 2857 4372 prius,
2898 4303 3092 4356 deinde
3132 4317 3164 4355 a
3195 4301 3574 4372 Tl‘teodeberto

1994 4388 2122 4442 rege
2165 4382 2218 4426 et
2249 4370 2511 4442 aliisiejus
2547 4370 2927 4442 optimatibus,
2973 4379 3201 4441 rogante
3242 4370 3300 4425 S.
3352 4371 3571 4442 Mauro;

1994 4440 2234 4498 ex'Actis
2267 4440 2325 4496 S.
2348 4441 2485 4496 Galli
2516 4440 2754 4511 episcopi
2794 4441 3153 4511 Arvernensis
3189 4441 3331 4511 apud
3360 4440 3420 4497 S.
3445 4440 3580 4497 Gre-

1996 4515 2205 4582 gorium
2240 4509 2635 4574 Turonensem,
2662 4509 2782 4580 cap.
2808 4511 2927 4582 (ide
2962 4509 3099 4566 Vitis
3127 4509 3350 4566 Patrum
3378 4532 3391 4567 :
3428 4531 3446 4563 ‹
3481 4512 3576 4568 llle

1996 4581 2273 4653 assumpto
2308 4597 2491 4637 secum
2521 4597 2629 4635 uno
2652 4581 2876 4653 puerulo
2913 4583 3307 4653 monasterium
3346 4582 3574 4639 Cremo-

1996 4667 2163 4723 nense
2185 4650 2416 4723 expetiit
2443 4662 2598 4707 sexto
2623 4650 2787 4707 situm
2810 4650 2877 4705 ab
2895 4650 3141 4723 Arverna
3163 4654 3296 4708 urbe
3320 4654 3575 4710 milliario

1996 4722 2315 4796 suppliciter
2338 4723 2588 4778 abbatem
2627 4736 2892 4796 exorans,
2922 4722 3113 4796 ut‘sibi
3138 4739 3350 4779 comam
3379 4725 3575 4796 capitis

1997 4791 2221 4850 tondere
2267 4794 2600 4862 dignaretur.
2647 4791 2906 4864 iJoanne
2952 4792 3200 4856 Moscho,
3255 4809 3378 4864 cap,
3429 4791 3570 4851 {43:

1995 4872 2168 4921 Ταῦτα
2197 4867 2417 4925 ἀκούσας
2445 4864 2470 4919 ὁ
2497 4865 2665 4925 ἆϐϐἄς
2707 4863 3087 4937 ἔδέξατοᾼαρτὸν
3115 4864 3261 4922 ἔνδον
3286 4863 3379 4921 ro;
3409 4889 3573 4937 μονα-

1999 4937 2348 5013 στηρίρυλεαὶ
2378 4938 2664 5013 Varro-arripere
2709 4937 2858 5013 93:76»
2902 4934 3085 5013 ᾅέδωκε
3130 4939 3292 5013 αὐτῷ,
3316 4940 3374 4992 τὸ
3410 4934 3575 5013 ἅγιον

1999 5005 2204 5079 σχῆμα,
2230 5005 2409 5079 idest,
2440 5023 2460 5057 ‹
2493 5005 2581 5061 his
2626 5006 2824 5060 auditis
2856 5006 3034 5079 abbas
3080 5005 3323 5079 suscepit
3360 5005 3485 5061 euni
3519 5010 3575 5064 in

2001 5076 2411 5140 monasterium,
2443 5084 2499 5130 et
2532 5090 2654 5130 cum
2682 5076 3040 5141 totondisset,
3071 5076 3220 5131 dedit
3245 5077 3295 5132 ei
3326 5087 3574 5133 sanctum

1998 5145 2266 5201 habitum.
2303 5166 2323 5198 ι
2364 5145 2692 5214 Euchologio
2730 5146 3042 5201 Graecorum
3066 5186 3082 5211 ,
3112 5147 3206 5201 ubi
3247 5146 3577 5203 describitur

1997 5215 2138 5270 ratio
2180 5217 2447 5292 vestiengli
2490 5217 2780 5272 monachi:
2815 5227 2873 5292 _'o
2920 5218 3086 5292 ispu};
3139 5221 3370 5292 mupniu
3428 5221 3576 5292 αὐτὸν

1994 5286 2359 5370 «nupsisti-lc,
2390 5287 2572 5370 est,
2601 5286 2895 5370 rsacerdos
2923 5286 3111 5370 tondet
3128 5286 3255 5370 eum
3276 5290 3329 5344 in
3353 5290 3574 5370 nlodum

1994 5357 2193 5412 crucis.
2234 5377 2254 5409 ι
2288 5357 2344 5412 ld
2369 5358 2582 5413 videtur
2618 5357 2782 5427 etiam
2818 5359 2960 5427 apud
3001 5357 3346 5414 Theodorum
3382 5358 3572 5418 Balsa-

1972 5428 2212 5501 .monem
2239 5428 2295 5482 in
2320 5443 2441 5501 can.
2468 5428 2502 5481 ϐ
2525 5427 2712 5499 synodi
2738 5426 3200 5501 Carthaginensis,
3222 5430 3315 5484 ubi
3350 5429 3429 5485 ait
3453 5438 3577 5486 ton-

1994 5513 2149 5554 suras
2169 5499 2554 5554 monachorum
2577 5512 2736 5568 posse
2759 5499 2876 5554 ticri
2899 5513 2930 5553 a
2952 5501 3235 5555 sacerdote
3257 5502 3575 5557 monasterii

1989 5569 2279 5640 pra-lecto,
2308 5567 2515 5640 abalio
2548 5567 2989 5640 verosacerdote
3037 5571 3304 5626 monacho
3345 5571 3574 5627 minime

1990 5639 2095 5695 nisi
2126 5642 2191 5695 de
2220 5639 2435 5695 licentia
2461 5639 2719 5709 epiSCOpi.
2748 5640 3015 5710 Antiquus
3051 5655 3182 5697 sane
3220 5642 3357 5697 ritus
3378 5683 3393 5707 ,
3421 5651 3478 5698 et
3503 5643 3576 5698 ab

1991 5711 2301 5783 apostolicis
2328 5710 2659 5783 temporibus
2680 5711 2981 5777 derivatos,
2996 5722 3064 5783 ut
3078 5721 3293 5768 constat
3314 5729 3379 5770 ex
3398 5728 3517 5783 cap.
3541 5712 3577 5766 6

1992 5780 2321 5860 llierarchize
2350 5779 2746 5860 Ecclesiasticm
2767 5782 3125 5860 supra_ci_tato
3151 5801 3164 5835 :
3191 5794 3271 5860 τῷ
3299 5779 3577 5860 στᾳυρὶῃτ

1989 5852 2070 5911 δεῖ
2107 5855 2257 5924 τύπῳ
2298 5849 2704 5930 σφραγισάμενον
2738 5849 2890 5912 «ora»
2932 5853 2956 5911 ὁ
2995 5855 3159 5935 ἱερεὺς
3202 5849 3484 5927 ἀίτοκείρεί,
3518 5853 3577 5912 id
