4062 6332
534 320 680 381 1503

534 453 562 484 ι
581 454 683 511 per
705 435 983 495 suﬁ‘ectam
1003 451 1293 507 personam
1311 476 1327 503 ,
1347 449 1452 492 nec
1476 436 1718 506 quolibet
1742 437 1923 505 modo,
1944 436 1994 493 ei
2015 436 2114 492 ali-

530 530 750 601 quando
779 530 911 585 dent
951 536 1045 584 aut
1074 529 1317 584 tribuant
1349 530 1690 585 occasionem
1718 529 1953 586 habendi
1984 547 1997 584 :
2029 529 2114 586 vel

475 676 486 694 ,
529 630 680 677 certe
700 619 749 676 si
768 620 875 675 hoc
893 617 1073 674 facere
1098 617 1395 685 noluerint,
1419 627 1471 676 et
1497 620 1699 690 aliquid
1721 619 1917 675 offerre
1934 619 2113 676 volue-

531 711 725 774 rintjn
752 709 1093 784 eleemosyna
1120 710 1449 767 monasterio
1472 725 1574 783 pro
1595 710 1844 766 mercede
1868 726 1966 766 sua
1984 750 2000 778 ,
2024 708 2110 765 fa-

603 883 853 937 rsonam,
888 884 993 940 nec
1029 867 1269 940 quolibet
1307 867 1467 925 modo
1505 884 1603 939 per
1643 884 1827 925 rerum
1862 885 2109 926 mearum

603 885 853 937 rsonam,
891 885 993 925 nec
1029 885 1269 940 quonnet
1307 885 1467 925 moon
1505 885 1603 939 per
1643 885 1827 925 rerum
1862 885 2109 926 mearum

531 885 819 997 Ecultates
851 939 1141 1012 aliquando
1182 940 1493 1009 egrediendi
1537 940 1605 996 de
1644 941 1974 997 monasterio
2008 940 2110 996 tri-

531 1012 694 1067 buam
719 1011 1082 1067 occasionem.
1111 1030 1131 1063 ι

602 1094 630 1122 ι
665 1080 771 1152 Per
792 1082 1067 1152 suffectam
1092 1098 1391 1152 personam.
1416 1080 1586 1137 Recta
1605 1079 1767 1137 lectio
1789 1088 1853 1152 et
1874 1081 2107 1137 habetur

532 1151 586 1207 in
616 1150 895 1207 codicibus
935 1167 1068 1207 mss.
1092 1150 1207 1207 ‘SS.
1244 1152 1503 1207 Germani
1537 1152 1665 1207 Far.
1704 1161 1758 1207 et
1786 1151 1951 1217 Vict.,
1981 1168 2106 1208 eum

530 1222 767 1278 editione
791 1222 1129 1294 Coloniensi,
1160 1222 1219 1277 S.
1248 1222 1526 1294 Dunstano
1550 1230 1607 1277 et
1633 1221 1961 1294 Smaragdo,
1993 1232 2108 1279 tam

530 1293 585 1347 in
617 1301 769 1348 textu
808 1308 971 1362 quam
996 1294 1052 1347 in
1077 1292 1310 1348 furm'zla
1332 1293 1611 1362 petitionis
1630 1333 1645 1357 ,
1674 1292 1850 1362 quam
1863 1294 2103 1363 profert,

528 1363 779 1433 muneque
803 1379 992 1419 vocem
1016 1364 1251 1433 explicat
1275 1383 1287 1417 :
1320 1382 1339 1415 ‹
1370 1363 1605 1418 Suffecta
1630 1378 1860 1433 persona
1911 1365 2108 1419 dicitur

530 1433 828 1504 supposita,
878 1433 956 1488 vel
993 1434 1316 1504 subrogata;
1360 1433 1618 1504 suffectus
1658 1434 1855 1488 dicitur
1894 1436 1949 1488 in
1991 1435 2105 1490 loco

529 1502 749 1574 alterius
780 1502 1288 1574 suppositus.AFiavet
1324 1503 1683 1574 Lantfrancus
1720 1504 2107 1561 constitutione

528 1573 693 1645 citata
713 1614 728 1640 ,
754 1572 885 1629 cum
902 1575 1015 1629 ait:
1045 1593 1063 1625 ι
1084 1572 1201 1641 Quo
1221 1573 1383 1641 facto,
1408 1573 1620 1644 praefati
1645 1582 1899 1645 parentes
1921 1591 2104 1631 coram

526 1643 640 1700 Deo
664 1653 720 1699 et
755 1645 960 1700 sanctis
987 1644 1104 1716 ejus
1129 1645 1312 1700 statim
1338 1643 1691 1715 promittant,
1719 1646 1862 1715 quod
1886 1661 1985 1715 per
2008 1661 2068 1701 se
2086 1687 2101 1709 ,

527 1722 622 1769 aut
658 1729 691 1770 a
728 1730 787 1770 se
822 1718 1155 1785 suppositam
1190 1731 1478 1786 personam
1512 1725 1823 1785 susceptum
1858 1718 2105 1771 ordinem

526 1800 663 1855 puer
682 1801 955 1856 nunquam
976 1786 1271 1856 relinquet:
1298 1801 1475 1856 neque
1497 1802 1556 1842 se
1575 1787 1624 1841 ei
1644 1787 1880 1841 scienter
1901 1786 2105 1856 aliquid

528 1857 751 1928 daturos
770 1896 785 1920 ,
816 1858 956 1912 unde
981 1872 1119 1927 puer
1144 1856 1309 1928 (quod
1336 1856 1498 1926 absit)
1528 1857 1712 1927 perire
1736 1858 1922 1926 possit.
1954 1877 1972 1909 ›
2004 1858 2104 1914 Ubi

527 1927 585 1979 τὸ
608 1927 884 1998 suffectum
909 1927 1343 1998 explicav'itiper
1390 1928 1448 1983 τὸ
1501 1929 1845 1997 suppositam.
1898 1928 2101 1982 Turre-

529 2007 794 2068 _cremata,
822 1996 1024 2052 Chron.
1067 1996 1475 2068 Novalegiense,
1504 1996 1815 2068 et'vulgata:
1839 1998 2104 2052 editiones

529 2064 742 2147 legunt,
768 2082 1061 2147 suspectam
1079 2069 1217 2147 ,__s_e_d
1260 2064 1389 2147 haec
1411 2069 1549 2147 mihi
1574 2064 1731 2121 valde
1757 2076 2006 2137 suspecta
2031 2068 2106 2122 le-

528 2139 674 2191 ctio:
707 2139 863 2207 quasi
886 2154 1017 2194 vero
1050 2139 1183 2195 nihil
1226 2139 1399 2208 possit
1437 2139 1552 2194 dari
1587 2152 1789 2207 puero,
1817 2154 1981 2206 quam
2005 2153 2105 2208 per

529 2217 833 2277 suspectam
866 2212 1195 2279 personam?
1229 2207 1463 2279 Sutlecta
1497 2223 1628 2278 ergo
1649 2222 1886 2279 persona
1909 2218 1992 2263 est
2016 2208 2104 2279 vi-

525 2280 673 2350 caria
710 2278 1017 2350 suppOsita,
1045 2281 1373 2350 subrogata.
1397 2278 1619 2335 Novella
1658 2278 1727 2350 58
1770 2278 2099 2350 Theodosii:

532 2356 549 2396 α
583 2344 642 2402 Si
667 2344 898 2421 propria:
923 2344 1029 2405 non
1055 2344 1406 2421 compleverit
1430 2364 1595 2421 onera
1625 2349 1861 2403 civitatis
1884 2349 2105 2404 univer-

528 2431 588 2471 sa
605 2457 621 2481 ,
652 2434 751 2489 per
775 2420 1059 2477 suffectum
1087 2423 1314 2477 reddere
1337 2420 1713 2501 compellatur.
1746 2439 1764 2472 ο

595 2488 626 2561 1}
665 2487 1091 2561 Usufructuario.
1121 2490 1642 2561 Smaragduslegtt,
1670 2505 1771 2561 usu
1798 2488 2065 2561 fructuum
2084 2529 2100 2555 ,

525 2565 580 2610 et
606 2557 682 2612 ita
707 2559 940 2629 explicat
964 2578 977 2613 :
1007 2559 1118 2614 Usu
1132 2557 1411 2685 ἐναεταῐιπι
1433 2557 1560 2613 dicit
1585 2558 1725 2629 quod
1751 2557 1857 2613 non
1882 2560 2104 2614 dicimus

525 2644 679 2682 usum
720 2629 1094 2685 fructuarium.
1181 2630 1313 2684 ditio
1347 2629 1568 2684 Colinsei
1603 2629 1760 2685 lettit.
1800 2629 2100 2685 usufructu.

525 2644 679 2682 usum
719 2629 1094 2698 fructuarium.
1132 2629 1313 2685 Editio
1347 2629 1568 2684 Colinsei
1603 2629 1760 2699 legit,
1800 2629 2100 2752 νεαρ-ηοω.

525 2697 697 2752 Vulso
720 2706 898 2752 tamen
924 2699 1143 2752 leaitur.
1166 2699 1578 2752 usul'ructuario.
1607 2699 1663 2752 id
1685 2708 1772 2752 est
1795 2714 1897 2752 usu
1926 2709 2100 2752 ructu.

525 2697 697 2771 yttlgo
720 2697 1143 2771 tamenilegitur,
1166 2699 1578 2771 usufructuorio,
1607 2697 1772 2771 idest
1795 2697 2101 2771 usufructu.

525 2766 603 2822 Ita
632 2766 871 2852 loquitur
892 2768 949 2824 S.
974 2766 1277 2853 Gregorius
1289 2784 1426 2896 paga
1449 2769 1548 2852 lib:
1572 2785 1613 2825 II
1633 2808 1647 2835 ,
1674 2770 1831 2840 epist.
1858 2770 1928 2825 9:
1954 2789 1972 2852 ε
1995 2768 2105 2826 Re-

527 2846 678 2894 tento
707 2841 812 2894 Sllll
842 2839 1247 2896 usufructuarto
1274 2843 1360 2896 dte
1399 2856 1465 2896 us
1499 2849 1624 2895 Vita:
1663 2856 1793 2896 sum.
1826 2860 1845 2894 ι
1873 2840 2105 2896 Ouldam

527 2846 678 2894 tento
707 2839 812 2894 sibi
842 2839 1247 2896 usufructnario
1274 2839 1465 2896 diebus
1499 2840 1624 2895 vita:
1663 2839 1793 2896 sum.
1826 2860 1845 2894 ι
1873 2840 2105 2908 Quidam

527 2909 712 2983 legunt
737 2910 953 2983 divisim
974 2953 989 2977 ,
1016 2928 1116 2967 usu
1156 2912 1487 2983 fructuaria,
1514 2910 1605 2966 alii
1635 2909 1968 2980 coniunctim
1996 2927 2105 2969 uno

527 2980 828 3052 vocabulo,
866 2990 925 3052 ut
959 2980 1165 3039 nomen
1201 2983 1272 3037 sit
1310 2982 1559 3037 neutrius
1588 2983 1842 3052 generis;
1884 2984 1958 3037 ita
1993 2983 2104 3037 Ru-

530 3049 793 3122 ihardus;
821 3068 841 3102 ι
874 3051 944 3122 Ut
979 3053 1106 3106 dum
1140 3067 1242 3122 ego
1282 3053 1502 3122 vixero,
1532 3049 1653 3121 ejus
1686 3053 1952 3122 portionis
1974 3068 2105 3108 usu-

526 3117 886 3193 fructuarittm
911 3117 1222 3193 habeamf»
1248 3121 1316 3177 ab
1342 3117 2099 3193 adjectivo,‘usufructuarius,

529 3188 734 3263 factum
753 3192 1161 3263 substantivum
1189 3208 1205 3246 :
1233 3188 1633 3263 quoadjectivo
1658 3188 1831 3263 utitur
1868 3188 2102 3249 MarculL

525 3258 700 3336 phus,
744 3259 906 3336 form.
952 3260 1057 3336 ss,
1087 3281 1107 3314 ‹
1134 3258 1298 3336 Pater
1334 3258 1653 3336 facultatum
1701 3262 1798 3317 ﬁlii
1843 3263 2112 3336 integram

528 3328 931 3405 usufructuario
949 3331 1073 3405 jure
1098 3333 1337 3405 vindicet
1357 3333 1684 3405 portionem.
1715 3352 1734 3385 ›

529 3411 626 3525 mc
666 3398 929 3472 Suspicio.
952 3398 1307 3461 Facultatum
1325 3398 1505 3474 [quas
1530 3404 1587 3459 in
1612 3403 1810 3461 saeculo
1835 3414 1984 3463 esset
2015 3407 2113 3463 ha-

570 3488 586 3525 ι
616 3487 766 3525 υνυς».

570 3471 766 3527 iturus.

599 3541 632 3618 ἦ
645 3533 754 3597 Per
796 3561 953 3616 quam
999 3546 1241 3617 deceptus
1279 3547 1449 3618 perire
1488 3548 1672 3618 possit.
1702 3547 1792 3602 Ex.
1812 3548 1899 3604 his
1930 3550 2114 3606 verbis

530 3613 665 3689 satis
685 3613 900 3689 constat
926 3613 1132 3687 pueros
1170 3613 1529 3689 seu'infante's
1552 3620 1764 3674 oblatos
1798 3635 1830 3673 a
1876 3621 2115 3689 parenti-

527 3683 631 3739 bus
670 3686 896 3754 astringi
928 3683 1195 3759 perpetuo
1231 3688 1598 3755 monachatui,
1644 3704 1746 3744 nec
1780 3683 1939 3759 posse
1968 3691 2114 3747 hunc

529 3702 631 3739 nus
670 3702 896 3754 asmngt
912 3702 1195 3812 dperpetuo
1231 3702 1598 3755 monacnatui,
1644 3704 1746 3744 nec
1780 3704 1939 3759 posse
1968 3702 2114 3747 nunc

529 3761 753 3828 statum_
775 3771 907 3828 repu
947 3757 1063 3813 iare
1104 3759 1218 3815 sive
1255 3767 1381 3813 ante
1421 3760 1720 3828 pubertatis
1753 3776 1945 3827 annos,
1997 3761 2114 3818 sive

527 3833 672 3899 post.
712 3825 780 3879 Et
810 3825 926 3899 haec
963 3830 1185 3899 antiqua
1210 3828 1312 3883 fuit
1337 3825 1523 3898 praxis
1556 3829 1809 3886 Ecclesia:
1834 3839 1892 3886 et
1917 3825 2112 3887 mona-

530 3896 843 3971 steriorum.
870 3897 926 3971 Id
950 3896 1114 3971 patet
1140 3916 1206 3955 ex
1233 3896 1463 3971 formula
1482 3901 1759 3970 petitionis
1787 3902 1929 3971 apud
1958 3901 2114 3958 Sma—

530 3966 758 4028 ragdum
794 3984 808 4020 :
847 3985 866 4018 ε
903 3966 1111 4026 Idcirco
1162 3971 1307 4025 hunc
1357 3966 1528 4025 tilium
1576 3966 1838 4027 nostrunf
1870 3971 1935 4026 N.
1988 3989 2114 4028 cum

533 3981 758 4087 ragaum
794 3984 808 4020 :
847 3985 866 4018 ε
903 3981 1111 4026 ideirco
1162 3981 1307 4025 nunc
1357 3981 1528 4025 tilium
1576 3981 1821 4027 nostrum
1870 3981 1935 4026 Ν.
1988 3989 2113 4028 cum

533 4035 605 4090 ob
626 4035 899 4112 ationein
946 4054 1148 4112 manu,
1201 4048 1365 4112 atque
1407 4041 1708 4110 petitione,
1739 4041 1927 4096 altaris
1972 4043 2113 4112 palla

532 4105 787 4181 omnibus
824 4106 1109 4181 involutis,
1167 4110 1236 4164 ad
1277 4105 1473 4165 nomen
1524 4105 1837 4167 sanctorum
1882 4105 2114 4181 quorum

530 4175 622 4230 hic
659 4175 1309 4248 reliquimicontinentur,
1352 4187 1409 4235 et
1457 4181 1687 4246 abbatis,
1738 4175 2113 4238 trado-coram

529 4247 761 4320 testibus
783 4247 1104 4320 regulariter
1142 4264 1578 4320 permansurum,
1624 4252 1698 4307 ita
1721 4260 1782 4307 ut
1807 4253 1876 4307 ab
1904 4253 2006 4308 hac
2027 4255 2114 4309 die

520 4317 635 4407 jam
666 4317 957 4407 non
986 4317 1285 4407 illi_co;llum
1313 4322 1380 4404 de
1422 4323 1538 4407 sub
1550 4323 1688 4405 jugo
1706 4323 1916 4407 ‘regiiim
1942 4338 2111 4407 excu-

527 4399 663 4454 tere,
691 4409 720 4464 _i
754 4396 860 4445 etc.
897 4390 1043 4464 Idem
1070 4392 1301 4464 habetur
1327 4392 1382 4446 in
1410 4390 1672 4464 petitione
1706 4390 1997 4452 Widilonis
2025 4412 2113 4451 su-

528 4476 623 4528 pra
654 4459 841 4535 citata.
875 4463 1005 4529 Quze
1047 4463 1263 4533 quidem
1294 4459 1462 4519 verba
1508 4466 1792 4535 nugatoria
1826 4476 2031 4532 essent,
2065 4467 2111 4522 si

526 4530 679 4598 pueri
729 4532 895 4587 oblati
955 4530 1274 4590 tenerentur
1328 4530 1613 4592 remanere
1664 4538 1718 4592 in
1780 4530 2113 4593 monasterio

529 4608 737 4677 tantum
774 4618 944 4677 usque
966 4605 1057 4677 ad
1092 4622 1264 4660 annos
1296 4606 1619 4677 pubertatis.
1651 4608 1716 4662 Et
1738 4608 1939 4663 clarius
1966 4615 2113 4677 patet

524 4686 594 4746 ex
617 4669 1151 4746 formula-petitionis
1180 4669 1342 4746 quam
1363 4676 1567 4746 profert
1589 4677 1904 4733 Ruthardus
1932 4669 1986 4732 in
2009 4679 2112 4734 hoc

531 4740 751 4817 Regula:
789 4740 976 4817 caput,
1022 4740 1334 4817 «Promitto
1363 4740 1481 4817 'ego
1525 4748 1615 4803 ille
1666 4764 1851 4803 coram
1902 4750 2012 4803 Deo
2056 4755 2112 4802 et

528 4810 732 4885 sanctis
756 4810 873 4882 ejus
896 4829 998 4885 pro
1033 4816 1143 4870 lilio
1169 4832 1291 4871 meo
1319 4817 1385 4871 de
1416 4810 1714 4874 stabilitate
1747 4834 1866 4881 sua.
1899 4829 1954 4873 et
1981 4832 2112 4873 con-

530 4884 778 4958 versione
824 4884 1057 4958 morum,
1106 4896 1270 4958 atque
1317 4888 1640 4943 obedientia.
1679 4908 1699 4943 ι
1756 4889 1837 4944 lbi
1885 4898 2113 4944 vovetur

528 4953 645 5008 sine
695 4957 1036 5030 restrictione
1076 4966 1131 5013 et
1178 4953 1506 5030 conditione,
1553 4975 1673 5030 quae
1711 4968 1893 5015 tamen
1945 4960 1999 5014 in
2050 4972 2112 5014 re

529 5034 641 5078 tam
686 5029 990 5100 necessaria
1012 5029 1229 5100 etltanti
1266 5028 1521 5100 ponderis
1543 5028 1893 5100 exprimenda
1925 5038 2105 5086 esset:

530 5098 832 5171 prtesertim
853 5114 980 5171 cum
1005 5092 1079 5171 in'
1097 5108 1224 5154 voto
1250 5092 1475 5171 s'olemni
1499 5092 1777 5171 conceptis
1808 5100 1989 5157 verbis
2016 5116 2112 5156 ex-

528 5164 811 5244 primendo
849 5169 985 5224 nihil
1026 5169 1097 5244 sit
1126 5171 1181 5224 in
1228 5170 1410 5225 animo
1448 5164 1792 5244 retinendum
1829 5173 1974 5244 quod
2013 5186 2110 5227 ore

529 5250 637 5307 non
678 5240 1002 5307 proferatur.
1048 5240 1316 5296 Praeterea
1346 5249 1532 5296 votum
1557 5240 1869 5298 stabilitatis
1892 5258 1997 5298 non
2025 5251 2110 5298 est

531 5304 606 5384 ad,
629 5304 839 5384 paucos
858 5325 1048 5384 annos,
1075 5312 1168 5366 sed
1184 5313 1265 5384 ad
1290 5311 1479 5384 vitam,
1506 5320 1567 5365 ut
1594 5327 1755 5383 supra
1782 5313 2108 5384 explicatum

532 5382 633 5430 cst.
673 5377 768 5435 llis
790 5380 946 5454 dictis
988 5396 1054 5454 ex
1098 5382 1289 5454 eodem
1335 5381 1616 5454 Ruthartlo
1658 5377 1870 5454 postea'
1896 5383 2111 5439 dicebat

533 5455 690 5514 pater
718 5467 731 5503 :
757 5467 786 5525 Δ‹
820 5450 1085 5525 Promitto
1112 5468 1209 5525 per
1236 5452 1507 5507 viventem
1528 5452 1583 5508 in
1610 5450 1805 5510 saEcula
1823 5454 1949 5525 quia
1972 5469 2109 5525 nun-

532 5530 693 5586 quam
737 5520 805 5576 do
838 5520 916 5595 illi
944 5520 1341 5595 haereditatem
1378 5539 1555 5584 suam.
1586 5534 1680 5578 aut
1715 5520 1918 5595 aliquid
1955 5524 2109 5595 quid-

532 5602 699 5660 quam
714 5605 728 5653 ;
756 5592 851 5647 sed
875 5593 1158 5648 exhaaredo
1187 5592 1339 5648 illum
1360 5594 1428 5649 ab
1449 5595 1594 5649 omni
1622 5610 1743 5651 mea
1771 5592 2103 5660 hiereditate,

534 5664 594 5725 ut
620 5659 863 5736 ethres
889 5663 959 5736 sit
985 5664 1037 5717 in
1067 5671 1388 5736 perpetuum
1418 5683 1431 5718 :
1465 5666 1540 5719 ita
1569 5674 1629 5719 ut
1656 5681 1753 5736 per
1780 5666 2001 5736 nullum?
2028 5659 2108 5719 in-

534 5727 750 5803 genium
798 5733 968 5803 possit
996 5727 1241 5802 quaerere
1278 5727 1887 5803 hzercditatem'meam.
1917 5756 1936 5788 ι
1977 5735 2110 5803 Qua:

536 5793 754 5863 quidem
798 5793 981 5857 "verba
1013 5793 1250 5860 'omuem
1307 5802 1600 5874 explodunt
1660 5793 2102 5881 explicationEm;

1517 293 1603 376 ’s.
1638 317 2001 377 BENEDIC'I‘I
2036 314 2327 375 ABBATIS
2361 313 2774 374 ANIANENSIS

3671 311 3834 375 ἱειοι

2138 442 2193 504 Α
2216 433 2364 491 ciant
2390 449 2458 490 ex
2486 432 2651 490 rebus
2679 447 2819 503 quas
2847 431 2978 489 dare
3001 429 3303 499 voluerint,
3332 434 3693 493 monasterio
3723 437 3833 494 do-

2212 527 2487 585 nationem
2507 569 2523 597 ,
2550 536 2830 583 reservato
2855 527 2959 584 sibi
2983 526 3063 600 (si
3090 527 3167 583 ita
3190 528 3500 601 voluerint)
3526 530 3562 572 δ
3586 531 3829 587 usnfru-

2211 619 2439 676 etuario.
2455 617 2634 691 Atque
2648 619 2722 675 ita
2744 618 2928 674 omnia
2940 618 3321 686 observantur,
3338 618 3563 694 utjnulla
3581 624 3825 694 ﬁsuspi-

2210 710 2297 768 cio
2315 718 2595 768 remaneat
2612 724 2801 784 puero,
2812 708 2843 750 (ι
2857 724 2957 782 per
2967 724 3132 783 quam
3154 710 3411 784 deceptus
3427 714 3624 785 perire
3635 714 3827 786 possit

2209 864 2316 922 nisi
2354 865 2598 937 dicamus
2639 874 2853 937 patrem
2884 867 3163 926 offerendo
3203 870 3396 937 ﬁlium,
3430 871 3550 928 Deo
3589 880 3652 927 et
3692 887 3826 927 san-

2209 937 2314 1011 ctis
2348 936 2465 1005 ejus
2495 937 2550 1011 in
2574 936 2942 1011 testimonium
2978 942 3270 1008 adhibitis,
3302 936 3491 998 coram
3519 958 3697 998 sacro
3742 943 3825 1011 al:

2209 1007 2318 1082 tari
2345 1007 2536 1082 n_ug_ari
2572 1008 2730 1082 velle,
2780 1011 2887 1067 imo
2901 1010 3180 1082 Apejerare.
3219 1012 3278 1067 Id
3306 1022 3529 1069 cautum
3560 1022 3654 1069 est
3685 1007 3826 1068 oon;

2208 1077 2319 1154 eilii
2366 1077 2608 1154 Toletani
2648 1095 2704 1133 iv
2730 1096 2855 1154 can.
2884 1077 2955 1137 [8
2979 1077 3043 1154 E_t
3080 1081 3402 1154 Monachum
3444 1093 3543 1139 aut
3578 1092 3824 1154 paterna

2210 1148 2445 1224 devotio,
2493 1151 2841 1224 _aut_propria
2882 1151 3149 1224 professio
3188 1152 3322 1208 facit
3353 1171 3368 1207 :
3396 1148 3678 1224 quidquid
3727 1154 3826 1208 ho-

2208 1232 2329 1303 rum
2369 1217 2859 1303 fueritalligatum,
2885 1217 3121 1303 ieiicbit;
3151 1225 3380 1303 proinde
3403 1217 3496 1280 his
3529 1217 3609 1279 ad
3658 1239 3826 1303 mon:

2210 1289 2336 1342 dum
2361 1289 2680 1358 revertendi
2716 1292 3127 1348 intercludimus
3151 1289 3384 1358 aditum,
3429 1305 3487 1350 et
3516 1310 3727 1350 omnes
3758 1292 3827 1347 ad

2209 1357 2466 1435 saeculum
2520 1359 3248 1435 interdicimus‘regressus.
3288 1384 3309 1416 ι
3363 1357 3825 1435 Vulgurrespon-

2210 1429 2370 1506 detur
2395 1429 2542 1500 loqui
2584 1432 2873 1506 concilium
2903 1433 2970 1489 de
2994 1429 3183 1506 pueris
3218 1436 3309 1506 qui
3338 1429 3825 1506 sunt'adhuc'im-

2207 1500 2442 1576 puberes
2463 1541 2478 1565 ,
2519 1500 2663 1576 quod
2696 1510 2825 1576 tunc
2864 1519 2975 1576 non
2996 1500 3177 1561 liceat
3214 1500 3294 1561 eis
3324 1514 3596 1561 excutere
3622 1505 3824 1576 iugum

2209 1569 2314 1647 sibi
2345 1585 2375 1624 a
2396 1569 2713 1640 parentibus
2743 1569 3077 1647 impositum,
3108 1591 3216 1630 non
3242 1590 3373 1630 vero
3392 1576 3462 1629 de
3484 1569 3825 1647 puberibus,

2209 1639 2303 1716 qui
2337 1649 2543 1716 postea
2570 1639 2934 1716 possunthoc
2961 1639 3149 1716 jugum
3194 1639 3501 1716 deponere:
3543 1645 3665 1702 Sed
3705 1647 3827 1700 haec

2210 1710 2420 1787 solutio
2435 1710 2589 1787 nulla
2610 1721 2712 1767 est.
2741 1711 2876 1768 Nam
2901 1715 2995 1784 qui
3027 1710 3550 1787 proprio'arhitratu
3594 1716 3830 1787 proﬁte-

2211 1788 2301 1834 tur
2325 1780 2683 1857 religionem_,_
2706 1780 3175 1857 nunqua’mdebét
3197 1786 3251 1841 in
3278 1788 3541 1857 mundum
3574 1780 3824 1857 regredi,

2133 1840 2182 1900 B
2210 1866 2362 1922 ergo,
2388 1840 2494 1922 nEc
2520 1852 2566 1905 is
2593 1840 2686 1921 qui
2728 1840 2955 1922 paterna
2983 1840 3269 1911 devotione
3297 1840 3550 1912 oﬂ'erturi.
3575 1840 3591 1842 ⁷
3609 1840 3827 1911 lii-obs;

2207 1928 2318 1975 tur.
2344 1921 2473 1997 Ideo
2507 1922 2600 1990 qui
2646 1921 2870 1997 proprio
2898 1924 3126 1997 arbitrio
3167 1926 3481 1997 proﬁtetur,
3528 1942 3828 1996 nunquam

2204 1997 2389 2113 {totest
2426 1991 2480 2045 in
2520 1991 2783 2046 mundum
2816 1996 3064 2062 regredi,
3100 1991 3227 2066 quia
3268 2013 3335 2053 ex
3363 1991 3603 2068 praefato
3633 1991 3827 2052 conci-

2227 2062 2278 2113 io
2304 2061 2607 2113 monachus
2653 2071 2766 2113 est:
2798 2064 2893 2113 sed
2921 2066 3012 2113 mli
3043 2075 3273 2113 natam-ia
3306 2069 3606 2113 devotione
3651 2068 3825 2113 απογ-

2227 2062 2278 2115 io
2304 2061 2607 2136 monachus
2653 2071 2766 2127 est;
2798 2061 2901 2136 sed
2921 2066 3013 2134 qui
3043 2061 3275 2136 paterna
3306 2061 3606 2124 devotione
3651 2068 3825 2123 offer-

2204 2139 2324 2196 tur,
2355 2146 2424 2187 ex
2466 2132 2656 2187 eodem
2699 2132 3276 2194 concilio—monachus
3319 2147 3405 2193 est
3435 2153 3451 2193 :
3486 2138 3825 2193 Monachum

2204 2210 2297 2279 gat
2353 2212 2591 2279 paterno
2634 2202 2835 2279 devotio
2911 2215 3003 2259 aut
3066 2210 3285 2279 propria
3333 2209 3602 2279 professio
3666 2209 3819 2278 facit.

2203 2271 2362 2349 Ergo
2403 2273 2455 2327 ei
2502 2273 2595 2342 qui
2624 2271 2852 2349 offertur
2880 2271 3258 2349 a_pare'ntibus
3301 2271 3401 2349 p'er
3433 2271 3550 2335 hoc
3596 2271 3825 2335 concilii

2205 2342 2788 2416 decretuni_nunquam
2818 2342 3002 2416 licebit
3020 2363 3052 2401 a
3080 2342 3413 2404 monasterio
3442 2350 3741 2416 recedere,
3772 2358 3829 2405 et

2198 2412 2387 2493 jugum
2441 2412 2989 2493 _sibi_ga;par_entibus_
3016 2417 3343 2493 impositum
3389 2429 3685 2476 excutere.
3728 2412 3825 2474 'lta

2205 2482 2374 2536 etiam
2404 2483 2597 2538 statuit
2625 2482 2685 2539 SI
2712 2484 2950 2540 Isidorus
2974 2486 3063 2542 hic
3082 2482 3282 2546 citatus
3308 2505 3340 2545 a
3367 2499 3559 2546 nostro
3587 2498 3827 2547 auctore

2203 2562 2261 2607 et
2275 2567 2316 2634 Ξ
2355 2551 2678 2634 _Smaragdo,
2709 2564 2765 2610 et
2792 2557 2997 2634 relatus
3022 2557 3113 2624 20,
3142 2575 3236 2634 qu.
3266 2562 3323 2627 l,
3359 2576 3411 2615 c.
3445 2562 3820 2634 Quicunque:

2210 2641 2236 2700 ε
2270 2622 2589 2700 Quicunque
2619 2641 2650 2680 a
2677 2627 2994 2700 parentibus
3016 2622 3249 2700 propriis
3272 2622 3623 2687 monasterio
3654 2622 3826 2688 fuerit

2205 2694 2504 2773 delegatus,
2548 2697 2762 2752 noverit
2802 2712 2879 2773 se_
2908 2699 2983 2754 ibi
3012 2694 3275 2773 perpetuo
3299 2717 3761 2773 permansurum.
3797 2722 3818 2757 ι

2204 2763 2408 2845 Eadem
2450 2780 2662 2845 causa,_
2695 2768 2897 2845 qu._5,
3110 2763 3186 2836 ’4,
3235 2763 3420 2843 agitur
3458 2774 3529 2828 de
3570 2775 3824 2845 quodam

2204 2835 2519 2901 Lamberto,
2571 2837 2664 2907 qui
2713 2835 2916 2893 invitus
2963 2835 3107 2894 inter
3137 2835 3390 2897 octavum
3438 2852 3496 2897 et
3534 2835 3822 2900 decimum

2205 2921 2410 2980 annum
2444 2907 2671 2980 Acuculla
2708 2924 2741 2963 a
2778 2917 2933 2980 patre
2973 2910 3196 2966 indutus
3232 2912 3441 2980 fuerat,
3493 2930 3603 2970 nec
3644 2915 3823 2971 multo

2204 2985 2331 3056 post
2374 2977 2617 3056 habitum
2662 2977 3062 3056 monachicum
3081 2992 3366 3056 acceperat
3409 2977 3822 3056 abrepiseopo,

2206 3047 2370 3102 etiam
2405 3047 2608 3104 invitus
2643 3048 2780 3116 ε,αυί
2811 3064 2934 3105 cum
2959 3051 3122 3105 vellet
3161 3047 3592 3111 reclamantibus
3628 3047 3821 3111 {ra-ui;

2206 3117 2310 3199 bus
2363 3118 2515 3199 adire
2543 3117 2937 3199 hatreditatem,
2975 3136 3169 3199 papam
3211 3125 3487 3199 convenit,
3518 3128 3588 3181 ab
3639 3139 3821 3199 eoque

2130 3187 2176 3253 C
2207 3189 2517 3267 dispensari
2565 3190 2740 3261 petiit,
2783 3192 2927 3267 quod
2975 3187 3136 3267 facile
3181 3196 3438 3267 obtinuit,
3474 3187 3685 3267 'patne,
3725 3187 3818 3267 qui

2212 3257 2327 3328 jam
2366 3257 2849 3336 nuntiuin_mundo_
2863 3263 3171 3336 remiserat,
3200 3268 3300 3321 sub
3320 3257 3690 3336 jurejurando

2218 3337 2452 3385 testante
2489 3330 2634 3403 quod
2662 3332 2801 3403 eum
2832 3332 3061 3403 invitum
3107 3330 3338 3391 cuculla'
3364 3330 3663 3403 induisset,
3714 3354 3817 3395 nec

2213 3414 2435 3472 manum
2466 3400 2582 3472 ejus
2621 3400 2765 3470 palla
2795 3402 2986 3459 altaris
3032 3403 3368 3472 involvisset,
3407 3410 3559 3463 nulla
3605 3400 3683 3463 ab
3720 3410 3819 3463 ab-

2212 3470 2342 3526 bate
2373 3470 2752 3543 benedictione
2784 3481 3062 3543 percepta.
3093 3474 3220 3532 Haec
3247 3470 3361 3533 tota
3380 3478 3818 3543 dispensationis

2215 3556 2399 3617 causa,
2431 3556 2540 3595 non
2589 3542 2777 3617 minor
2814 3542 3060 3617 διιδελὲξί
3108 3546 3275 3617 igitur
3322 3548 3413 3604 hic
3456 3542 3815 3615 Lambertus,

2215 3611 2423 3690 nullum
2450 3626 2662 3682 ponens
2689 3613 2920 3690 obicem,
2971 3611 3161 3690 fuisset
3187 3618 3416 3690 solemni
3442 3622 3554 3675 ritu
3590 3636 3624 3675 a
3654 3611 3817 3690 patre

2213 3681 2464 3754 oblatus,
2476 3697 2643 3754 manu
2669 3684 2786 3754 ejus
2810 3684 2968 3754 palla:
2996 3685 3185 3741 altaris
3226 3689 3469 3746 involuta
3504 3700 3564 3746 et
3593 3681 3814 3747 abbatis

2214 3753 2595 3831 benedictione
2628 3753 2907 3831 percepta,
2957 3771 3067 3811 non
3095 3756 3287 3814 fuisset
3315 3762 3700 3831 dispensatus;
3746 3778 3811 3817 ac

2214 3823 2443 3903 proinde
2486 3833 2611 3895 post
2633 3823 2940 3903 pubertatis
2968 3840 3140 3903 annos
3182 3843 3291 3903 n_on
3335 3823 3605 3903 potuisset
3632 3823 3814 3903 legiti-

2214 3909 2359 3948 mam
2386 3895 2847 3967 dispensa_tionem
2884 3898 3179 3967 postulare.
3206 3899 3266 3954 Id
3290 3895 3455 3957 etiam
3482 3903 3639 3957 clare
3679 3895 3812 3957 Eon-

2216 3973 2327 4044 _s_t_at
2346 3980 2590 4044 expone.
2622 3964 2794 4021 Tolet.
2832 3964 2902 4044 II;
2921 3982 3042 4044 cap.
3061 3969 3107 4044 _6
3131 3986 3164 4044 :_
3188 3988 3207 4021 t
3241 3970 3473 4041 Ideoque
3511 3975 3558 4027 si
3588 3974 3647 4027 in
3675 3989 3810 4044 qua.

2213 4034 2568 4109 libetminori
2591 4044 2771 4102 aetate,
2802 4037 2888 4109 vel
2920 4034 3197 4109 religionis
3225 4034 3528 4109 tonsuram,
3570 4044 3659 4097 vel
3684 4034 3811 4098 reli-

2214 4105 2362 4175 gioni
2380 4106 2615 4179 debitam
2638 4116 2845 4162 vestem
2872 4108 2928 4163 in
2949 4105 3181 4179 utroque
3197 4128 3327 4167 sexu
3352 4112 3499 4179 ﬁliis,
3513 4105 3613 4168 aut
3636 4129 3806 4179 unus,

2216 4177 2502 4251 aut'ambo
2540 4187 2792 4251 parentes
2821 4177 3109 4235 dederint?
3138 4191 3288 4237 certe
3331 4183 3417 4238 vel
3453 4177 3806 4251 nolentibus,

2217 4255 2328 4321 aut
2343 4248 2720 4321 nescientibus
2748 4263 2869 4321 esse
2896 4258 3224 4321 susceptam,
3255 4262 3312 4307 et
3338 4270 3447 4309 non
3475 4272 3605 4311 mox
3628 4248 3807 4309 visam

2216 4317 2272 4391 i_n
2303 4318 2428 4391 filiis
2467 4317 2869 4391 abdicaverint,
2916 4321 3014 4375 sed
3040 4317 3125 4376 vel
3150 4337 3335 4378 coram
3363 4340 3442 4391 se,
3482 4327 3569 4381 vel
3614 4341 3807 4381 coram

2215 4388 2454 4445 Ecclesia
2492 4388 2778 4458 palamque
2816 4390 2872 4444 in
2916 4402 3183 4447 conventu
3222 4388 3441 4449 eosdem
3491 4396 3634 4452 ﬁlios
3678 4397 3807 4451 talia

2215 4458 2418 4515 habere
2442 4460 2811 4528 permiserint,
2854 4460 2920 4514 ad
2946 4463 3261 4518 saecularem
3305 4468 3506 4521 reverti
3553 4468 3807 4523 habitum

2137 4530 2537 4603 unandoque
2584 4531 2798 4599 penitus
2836 4532 3223 4603 Anon‘licebit,
3272 4554 3292 4587 ι
3340 4547 3482 4603 etc.;
3530 4538 3628 4592 ubi
3687 4540 3807 4593 hac

2215 4601 2515 4676 posteriora
2544 4602 2710 4676 verba
2746 4601 2877 4655 satis
2902 4600 3144 4676 indicant
3185 4620 3293 4676 non
3323 4600 3488 4662 licere
3528 4607 3805 4676 ejusmodi

2212 4670 2395 4742 pueris
2425 4678 2547 4739 post
2572 4671 2912 4739 pubertatem
2944 4673 3012 4726 ad
3039 4674 3294 4730 saeculum
3339 4670 3637 4742 redirefet
3665 4680 3807 4734 satis

2213 4740 2485 4818 Explicant
2526 4749 2760 4818 mentem
2807 4742 3021 4798 concilii
3054 4744 3298 4818 Toletani
3344 4762 3399 4802 tv
3425 4740 3590 4818 supra
3618 4748 3799 4802 citati.

2212 4811 2281 4889 Et
2307 4826 2426 4881 cap.
2455 4825 2509 4880 q.
2545 4810 2571 4863 1
2604 4809 3071 4889 ejusdem__causae
3100 4832 3113 4867 :
3147 4833 3166 4866 ι
3197 4816 3370 4889 Quem
3414 4809 3802 4889 progenitores

2213 4882 2281 4936 ad
2323 4880 2715 4960 monasterium
2746 4882 3090 4939 tradiderunt
3115 4925 3131 4951 ,
3156 4880 3240 4960 _et
3264 4886 3318 4940 in
3349 4880 3582 4943 ecclesia
3626 4890 3799 4960 copit

2211 4966 2408 5007 canere
2435 4959 2491 5006 et
2525 4951 2725 5021 legere,
2753 4968 2853 5007 nec
2876 4968 3102 5008 uxorem
3139 4954 3356 5022 ducere,
3387 4973 3487 5013 nec
3517 4951 3798 5015 monaste-

2212 5024 2352 5078 rium
2381 5023 2886 5094 desererepoterit;
2912 5024 3007 5078 sed
3033 5025 3078 5079 si
3107 5025 3439 5094 discesserit,
3464 5030 3792 5094 reducatur;

2211 5095 2257 5149 si
2280 5103 2559 5149 tonsuram
2601 5093 2886 5158 dimiserit,
2919 5108 3110 5150 rursus
3140 5093 3454 5164 tondeatur;
3500 5115 3728 5156 uxorem
3748 5093 3797 5154 si

2209 5164 2572 5241 usurpaverit,
2600 5163 2884 5241 dimittere
2915 5166 3289 5235 compellatur.
3324 5189 3343 5221 ι
3378 5163 3510 5236 Qua:
3544 5168 3796 5241 profecto

2209 5235 2277 5290 de
2298 5233 2383 5290 his
2404 5235 2494 5304 qui
2526 5233 2826 5312 pubertatis
2863 5233 3423 5295 annos—excesserunt
3442 5233 3796 5312 intelligenda

2210 5314 2357 5381 sunt,
2410 5304 2542 5362 cum
2572 5305 2645 5359 sit
2684 5304 2999 5381 inusitatum
3036 5322 3236 5378 pueros
3276 5319 3402 5381 ante
3446 5304 3795 5381 puberiatem

2210 5376 2401 5433 relicto
2450 5374 2782 5431 monasterio
2825 5374 3285 5435 ducere—uxores.
3331 5374 3602 5436 Sed'esto

2210 5445 2471 5519 ejusmodi
2500 5445 2905 5519 matrimonium
2936 5448 3008 5503 sit
3032 5456 3159 5505 ante
3184 5451 3488 5519 pubertatis
3517 5445 3692 5506 annos
3720 5450 3792 5506 ab

2208 5518 2469 5589 ejusmodi
2508 5517 3102 5589 pueris_contractum,
3155 5517 3337 5576 tamen
3381 5537 3447 5576 ex
3488 5523 3656 5577 citato
3699 5535 3795 5575 ca-

2209 5586 2350 5672 none
2386 5589 2629 5672 sequitur
2675 5586 2935 5656 ejusmodi
2971 5605 3336 5672 pueros__esse
3372 5593 3616 5672 religioni
3662 5605 3794 5672 per-

2207 5668 2384 5731 petuae
2440 5659 2714 5723 astrictos,
2754 5673 2884 5731 cum
2937 5659 3200 5730 ejusmodi
3244 5676 3419 5717 canon
3446 5659 3638 5731 iubeat
3662 5659 3791 5717 'boc

2209 5728 2615 5804 matrimonium
2649 5728 2906 5804 _dirimi_;
2943 5728 3091 5804 quod
3137 5745 3244 5786 non
3296 5728 3478 5804 posset
3509 5734 3641 5804 ﬁeri
3667 5774 3684 5799 ,
3740 5731 3790 5787 si

2208 5802 2364 5873 pueri
2395 5817 2427 5857 a
2451 5801 2769 5872 parentibus
2793 5799 2958 5856 oblati
2975 5810 3252 5873 perpetua
3274 5799 3522 5875 religioni
3558 5820 3671 5863 non
3697 5817 3793 5863 el-
