4062 6332
258 363 423 422 1509

1204 362 1594 423 CONCORDIA
1630 360 2083 420 REGULARUM.
2123 391 2194 403 -
2228 361 2381 418 CAP.
2421 361 2607 420 LXVI.

3389 366 3529 425 1510

257 479 410 545 rint,
440 490 469 520 ι
505 483 599 533 aut
629 488 723 533 res
762 483 1055 549 parentum
1111 493 1167 532 .n
1212 483 1485 546 potestate
1546 474 1853 531 habuerint.
1882 483 1936 543 Α
1959 475 2113 543 sequi
2138 472 2411 530 Christum
2440 489 2546 529 non
2573 481 2775 543 potest,
2802 474 2931 531 dum
2966 489 3077 532 non
3106 482 3287 547 potest
3321 476 3532 533 duobus

721 609 751 685 θ
778 610 842 668 V.
873 642 944 653 —
962 609 1098 666 Item
1124 612 1264 683 (cap.
1288 611 1398 682 47).

339 718 374 765 ιι
400 714 595 778 Minori
614 730 774 779 aetate
799 739 903 780 non
926 724 1266 794 excipiantur
1288 724 1341 779 in
1372 723 1730 789 monasterio,
1746 721 1852 777 nisi

257 812 340 871 ab
363 816 524 871 annis
549 816 757 883 decem,
808 825 901 872 aut
937 816 1253 881 duodecim;
1288 816 1382 887 qui
1422 825 1479 872 et
1514 816 1712 871 nutriri
1746 830 1853 871 non

256 915 491 979 egeant,
520 920 576 966 et
600 910 791 966 cavere
820 908 1071 964 noverint
1097 908 1301 977 culpas.
1504 898 1518 912 ’

609 1020 744 1093 δνι.
774 1051 844 1062 -
874 1021 953 1076 Ex
981 1021 1198 1077 Rasum
1229 1020 1516 1077 MAGISTRI.

343 1145 372 1175 °
403 1134 541 1192 Cum
563 1134 792 1202 alicujus
813 1135 1011 1189 nobilis
1036 1135 1177 1189 Illius
1196 1142 1416 1205 propter
1438 1135 1537 1190 Dei
1573 1134 1852 1190 servitium

255 1228 325 1283 in
361 1230 754 1284 monasterium
782 1228 1329 1292 volueritconvolare,
1355 1242 1461 1281 non
1489 1228 1640 1297 prius
1675 1227 1850 1282 susci-

255 1323 477 1392 piatur,
507 1322 610 1376 nisi
634 1361 648 1387 ,
677 1328 736 1373 ut
765 1320 1026 1384 diximus,
1066 1333 1283 1374 omnem
1316 1333 1347 1372 a
1389 1333 1449 1374 se
1484 1319 1850 1374 obedientiam

254 1416 584 1482 promiserit
608 1411 951 1480 implendam.
987 1411 1188 1465 Deinde
1212 1410 1239 1449 εὶ
1268 1413 1593 1466 conveniant
1617 1409 1734 1481 ejus
1752 1426 1851 1480 pa-

255 1512 477 1568 rentes,
505 1512 565 1558 ut
591 1512 645 1558 et
666 1518 852 1559 eorum
888 1502 1049 1572 quale
1100 1503 1171 1557 sit
1214 1513 1399 1558 votum
1434 1512 1760 1571 agnoscatur
1785 1500 1853 1555 de

254 1606 349 1649 eo.
382 1593 537 1662 Quod
567 1594 613 1649 si
642 1593 898 1649 contrarii
939 1593 1249 1649 exstiterint
1298 1594 1519 1648 interim
1565 1608 1735 1663 usque
1784 1594 1851 1648 ad

253 1684 378 1739 vim
405 1699 506 1754 pro
524 1700 590 1739 eo
612 1685 840 1739 Domino
870 1684 1204 1740 inferendam
1245 1686 1315 1740 ad
1354 1686 1584 1741 claustra
1629 1698 1850 1740 monas-

256 1775 413 1838 terii,
456 1774 782 1841 vindicetur,
839 1790 1000 1845 quem
1054 1784 1232 1845 potest
1278 1777 1536 1832 Dominus
1561 1776 1853 1833 defendere

1939 567 2185 622 dominis
2213 567 2437 622 servire.
2464 566 2581 636 Ipse
2609 582 2738 623 vero
2784 567 2920 624 bene
2944 569 3115 625 servit
3144 568 3255 625 Deo
3273 610 3291 634 ,
3317 570 3412 639 qui
3436 584 3533 625 νοω

1952 657 2113 713 luerit
2139 658 2287 712 illum
2311 658 2365 713 in
2394 657 2547 712 caelis
2593 673 2718 713 cum
2760 673 2827 714 eo
2866 660 3177 717 thesaurum
3227 659 3526 730 possidere,

1952 761 2111 818 quem
2137 763 2244 803 non
2276 748 2419 804 tinea
2453 749 2708 816 comedit,
2755 766 2931 822 neque
2988 750 3136 806 fures
3166 749 3426 808 effodiunt
3473 760 3529 808 ct

1953 839 2222 907 furantur,
2270 840 2481 897 dicente
2533 841 2760 899 Domino
2809 845 2864 898 in
2915 844 3202 916 Et'angclio
3233 863 3246 899 :
3279 845 3401 901 Nisi
3440 847 3531 916 qui

1954 932 2326 987 renuntiaverit
2357 933 2594 989 omnibus
2638 951 2754 1005 qua:
2779 936 3027 1007 possidet,
3048 938 3075 979 ⁸
3104 954 3213 992 non
3248 947 3412 1008 potest
3445 955 3529 994 se-

1948 1025 2043 1096 qui
2072 1041 2168 1088 me,
2194 1034 2241 1079 et
2271 1042 2417 1080 meus
2448 1043 2557 1080 esse
2584 1028 2877 1098 discipulus
2901 1028 3051 1101 (Luc.
3083 1047 3194 1096 xlv,
3224 1031 3295 1086 35
3322 1070 3338 1085 .
3369 1032 3527 1100 Quia,

1952 1125 2014 1170 ut
2041 1115 2298 1181 diximus,
2325 1117 2354 1155 ιι
2399 1116 2559 1171 homo
2603 1127 2829 1174 onustus
2880 1136 3015 1175 auro
3065 1122 3218 1190 sequi
3253 1121 3528 1179 Christum

1953 1223 2063 1262 non
2092 1215 2290 1275 potest,
2332 1209 2350 1248 ί
2396 1209 2450 1262 in
2488 1216 2693 1265 tantum
2727 1220 2788 1267 ut
2838 1212 3129 1270 admoneat
3173 1214 3435 1271 Dominus
3475 1217 3530 1272 in

1953 1299 2243 1371 Evangelio
2269 1302 2556 1371 quemdam
2586 1319 2684 1358 sua
2727 1316 3045 1374 sequentem
3088 1308 3315 1379 vestigia
3346 1308 3531 1365 dicens

1954 1392 2003 1446 ei
2030 1410 2041 1445 :
2072 1392 2133 1447 Si
2162 1393 2237 1447 vis
2261 1393 2521 1464 perfectus
2542 1411 2652 1449 esse
2675 1395 2804 1450 vade
2828 1406 2874 1449 et
2903 1398 3060 1452 vende
3082 1400 3259 1452 omnia
3288 1416 3406 1470 qua:
3433 1401 3530 1454 Ita-

1954 1481 2078 1546 bes;
2106 1492 2153 1535 et
2177 1484 2312 1549 veni,
2344 1484 2891 1555 sequereme(Matth.
2932 1485 3070 1557 XIX).
3129 1486 3282 1543 Unde
3335 1487 3534 1543 contri-

1954 1580 2129 1629 status
2172 1573 2261 1629 ille
2299 1583 2521 1645 propter
2548 1575 2747 1632 multas
2782 1576 3001 1651 divitias
3025 1580 3227 1635 meruit
3244 1581 3389 1635 hanc
3418 1581 3526 1635 Do-

1954 1666 2170 1720 minicai
2193 1668 2342 1722 vocis
2364 1668 2551 1723 audire
2576 1671 2900 1725 sententiam
2932 1689 2946 1725 :
2978 1669 3223 1727 Facilius
3237 1684 3403 1742 potest
3432 1691 3526 1728 ca-

1955 1755 2122 1811 melus
2142 1774 2235 1827 per
2261 1758 2500 1827 foramen
2519 1776 2646 1814 acus
2673 1762 2921 1827 transire,
2946 1779 3103 1833 quam
3143 1765 3343 1818 intrare
3378 1781 3527 1835 posse

252 1872 491 1933 propter
523 1879 581 1920 se
610 1883 624 1918 :
656 1837 783 1934 quia
812 1837 1005 1920 fortior
1030 1837 1114 1920 est
1134 1866 1355 1921 dextera
1391 1865 1506 1935 ejus
1543 1868 1609 1922 ad
1662 1877 1839 1937 prote-

1953 1846 2162 1901 dt‘vitem
2181 1847 2237 1901 in
2258 1864 2473 1918 regnum
2496 1850 2741 1904 enatorum
2766 1850 2957 1921 (Marc.
2972 1868 3026 1919 x;
3045 1851 3173 1907 Luc.
3190 1853 3363 1921 mu).
3382 1853 3529 1922 Quos

256 1956 503 2025 gendum
529 1972 689 2025 quam
718 1957 913 2012 diaboli
943 1958 1199 2026 iniquitas
1226 1960 1293 2013 ad
1323 1959 1648 2013 laedendum.
1694 1958 1850 2026 Quod

253 2043 309 2097 si
335 2046 510 2115 magis
537 2044 740 2101 fuerint
779 2048 1178 2102 consentientes
1227 2046 1344 2117 ejus
1397 2058 1525 2104 voto
1571 2059 1846 2119 parentes,

256 2138 579 2193 convocatis
604 2140 683 2194 eis
712 2139 780 2194 ab
805 2140 999 2195 abbate
1029 2140 1083 2194 in
1112 2141 1534 2206 monasterium,
1565 2150 1747 2196 votum
1782 2142 1847 2195 ti-

252 2225 319 2281 lii
353 2231 721 2286 convertentis
747 2233 1069 2300 exquiratur
1097 2234 1165 2287 ab
1192 2234 1293 2298 eis,
1323 2240 1383 2287 ut
1417 2234 1486 2288 ab
1516 2234 1647 2304 ipsis
1667 2233 1847 2303 potius

251 2318 517 2373 videatur
559 2320 812 2375 devoveri
863 2321 946 2375 vel
991 2319 1173 2375 offerri
1223 2321 1315 2390 qui
1364 2336 1489 2376 eum
1524 2328 1843 2392 genuerunt.

252 2406 401 2463 Cum
430 2422 559 2477 ergo
587 2411 760 2481 magis
782 2412 1156 2480 responderint
1181 2420 1434 2483 parentes
1470 2420 1751 2483 gratanter
1787 2427 1848 2469 se

252 2498 400 2554 velle
426 2500 720 2570 adimplere
752 2517 873 2572 qua:
900 2503 1078 2573 cupit,
1116 2510 1243 2560 tunc
1295 2505 1443 2559 dicat
1489 2506 1569 2561 eis
1624 2506 1795 2562 abbas
1826 2524 1841 2560 :

254 2588 525 2659 Equidem
555 2593 807 2647 omnibus
828 2594 982 2648 nobis
999 2608 1138 2649 unus
1167 2596 1234 2649 ad
1264 2597 1445 2650 omnia
1471 2596 1840 2663 suilicitDeus;

260 2679 406 2733 'sed
436 2680 563 2748 quia
591 2682 968 2737 accedentibus
1014 2684 1082 2737 ad
1131 2684 1371 2738 divinum
1417 2686 1727 2750 servitium,
1762 2686 1846 2741 vel

254 2769 592 2826 intrantibus
621 2773 674 2827 in
704 2773 1094 2828 monasterium
1122 2775 1305 2829 seculi
1343 2775 1493 2845 prius
1536 2785 1846 2845 amputetur

259 2874 408 2931 spes,
445 2861 466 2900 ί
503 2863 843 2918 excarricato
872 2864 940 2919 de
968 2879 1029 2919 se
1060 2876 1282 2919 suarum
1310 2879 1477 2919 onere
1502 2862 1840 2932 facultatum,

260 2952 429 3008 nullis
451 2952 677 3009 ulterius
701 2953 881 3009 saeculi
919 2954 1126 3025 laqueis
1164 2955 1406 3010 irretitus
1422 2990 1439 3020 ,
1469 2969 1693 3010 secttrus
1714 2970 1844 3024 per-

261 3052 377 3115 gat,
415 3052 471 3100 et
496 3044 735 3101 solusat)
760 3045 1047 3101 Dominum
1080 3065 1093 3100 :
1124 3047 1250 3116 quia
1275 3062 1425 3102 nemo
1461 3048 1685 3102 seruiens
1730 3046 1843 3102 Deo

259 3135 497 3204 implicat
522 3152 578 3189 se
601 3138 822 3206 negotiis
845 3136 1214 3204 sa'cularibus,
1254 3146 1313 3192 ut
1345 3139 1394 3193 ei
1434 3138 1637 3209 placeat
1666 3138 1749 3193 cui
1786 3153 1843 3195 se

258 3223 497 3296 probarit
535 3224 619 3297 (11
650 3226 784 3281 Tim.
818 3242 882 3293 ιι,
930 3226 1010 3299 4).
1046 3227 1182 3296 Quia
1233 3229 1397 3284 homo
1440 3237 1668 3285 onustus
1706 3243 1840 3285 auro

258 3343 422 3392 altato
457 3340 780 3406 competenti
805 3338 1025 3393 fuerint.
1055 3338 1181 3395 Hmc
1207 3342 1525 3395 constitutio
1554 3352 1661 3394 non
1690 3355 1841 3395 rece-

261 3406 342 3460 dit
371 3421 401 3458 a
428 3406 637 3460 novella
655 3406 861 3479 Leonis
882 3410 1223 3477 imperatoris
1252 3422 1427 3472 sexta,
1457 3425 1560 3479 qua
1587 3411 1842 3478 prohibe-

261 3482 352 3547 tur
384 3490 450 3529 ne
475 3490 610 3547 puer
635 3476 901 3532 decimum
931 3476 1107 3534 aetatis
1127 3496 1327 3534 annum
1352 3476 1515 3547 agens
1546 3476 1841 3536 monachus

262 3544 437 3619 uictus
461 3546 661 3601 condat
690 3555 1072 3603 testamentum
1103 3557 1228 3603 ante
1264 3544 1483 3604 (etatem
1520 3550 1836 3619 legitimam.

265 3614 390 3688 Ilaec
419 3623 764 3688 autemaetas
801 3628 918 3688 erat
951 3635 1125 3674 annus
1168 3619 1409 3682 decimus
1441 3614 1668 3688 quarius
1692 3635 1841 3675 com-

262 3686 455 3757 pictus.
500 3685 788 3760 Ulpianus,
820 3686 875 3741 ff.
911 3689 1043 3760 legs
1069 3706 1173 3760 qua
1215 3700 1384 3749 (atate.
1419 3685 1502 3745 tit.
1539 3689 1641 3755 Qui
1680 3700 1838 3745 testa-

264 3766 430 3829 menta
481 3756 701 3829 condere
738 3756 1167 3829 possuntIAQuod
1209 3761 1425 3829 quidem
1463 3762 1531 3815 de
1579 3760 1834 3816 masculis

264 3825 665 3895 intelligendum
694 3825 796 3891 εει,
838 3845 961 3883 nam
984 3825 1198 3887 feminis
1227 3825 1362 3884 olim
1393 3845 1710 3885 concessum
1756 3841 1841 3886 est

265 3897 490 3952 condere
540 3906 922 3954 testamentum
963 3915 1105 3954 anno
1150 3901 1468 3955 duodecimo
1510 3902 1685 3956 mtatis
1726 3917 1839 3957 suae

267 3966 546 4037 completo.
588 3967 708 4037 Ulp.
736 3969 953 4024 ibidem.
996 3968 1165 4026 Porro
1190 3987 1254 4025 ex
1302 3971 1404 4025 hoc
1457 3970 1516 4026 S.
1560 3970 1837 4027 Aureliani

266 4035 477 4111 decreto
499 4035 717 4111 planum
744 4039 978 4111 estolim
1010 4041 1307 4097 monachos
1334 4040 1601 4096 defunctis
1640 4058 1836 4111 paren-

267 4107 403 4162 tibus
426 4123 533 4162 non
562 4106 727 4162 fuisse
750 4109 984 4168 legitima
1015 4126 1110 4165 sua
1142 4112 1409 4166 exclusos.
1444 4112 1500 4167 ιιι
1530 4106 1736 4167 clarum
1754 4121 1839 4168 est

268 4176 482 4252 exiocis
504 4174 743 4252 Ctesarii,
780 4174 1004 4252 Teritlii,
1029 4186 1085 4235 et
1124 4180 1347 4252 novella:
1389 4181 1551 4252 paulo
1586 4190 1710 4237 ante
1756 4184 1836 4238 ci-

270 4247 407 4321 tatis,
459 4257 512 4321 et
564 4247 654 4313 20,
709 4264 799 4319 qu.
862 4249 912 4315 i,
966 4266 1085 4321 cap.
1146 4250 1270 4306 Non
1298 4247 1473 4316 liceat,
1506 4266 1572 4307 ex
1599 4253 1832 4308 novella.

275 4316 427 4391 t_N_on
461 4317 620 4391 liceat
639 4316 951 4389 parentibus
975 4316 1174 4377 liberos
1196 4363 1211 4387 ,
1246 4322 1329 4376 vel
1366 4323 1549 4377 liberis
1582 4332 1837 4391 parentes

270 4387 330 4462 ab
355 4387 665 4462 barreditate
694 4405 787 4462 sua
828 4392 1088 4462 repellere
1115 4394 1411 4447 monachos
1437 4387 1630 4455 factos,
1655 4409 1838 4462 quam-

269 4456 363 4534 vis,
391 4457 516 4512 dum
550 4458 668 4534 laici
697 4456 932 4534 fuerant,
956 4464 1018 4534 in
1053 4479 1273 4517 causam
1312 4456 1712 4534 ingratitudini's
1756 4466 1838 4518 in-

1950 1949 2008 1997 et
2036 1956 2133 1995 sua
2159 1943 2427 1997 sententia
2461 1945 2682 1999 damnat
2711 1944 3005 2015 Apostolus
3026 1946 3249 2002 dicens:
3280 1947 3529 2018 Numqui

1949 2031 2127 2087 uolunt
2154 2032 2339 2088 diuites
2383 2034 2525 2104 ﬁeri,
2559 2035 2801 2089 incidunt
2840 2037 2895 2090 in
2942 2037 3317 2093 tentationemi
3363 2047 3413 2093 et
3446 2037 3530 2093 le-

1945 2139 2107 2193 queos
2151 2133 2198 2178 et
2246 2123 2508 2178 desideria
2547 2123 2738 2192 multa,
2774 2143 2890 2197 qua:
2926 2137 3161 2198 mergunt
3211 2129 3447 2183 homines
3470 2130 3526 2183 in

1946 2216 2215 2270 interitum
2239 2225 2289 2271 et
2308 2217 2670 2287 perditionem.
2696 2216 2875 2272 Badio;
2901 2220 3135 2274 omnium
3161 2218 3419 2274 malorum
3447 2228 3525 2276 est

1947 2307 2194 2373 auaritia,
2222 2325 2379 2379 quam
2411 2309 2629 2377 quidam
2673 2319 2967 2380 appetentes
2996 2329 3027 2365 a
3057 2310 3165 2380 ﬁde
3195 2312 3520 2379 exciderunt,

1944 2406 1994 2451 et
2016 2399 2349 2453 inseruerunt
2372 2416 2428 2453 se
2446 2399 2715 2455 doloribus
2742 2400 2923 2455 multis
2949 2400 3001 2469 (I
3027 2401 3165 2456 Tim.
3196 2401 3290 2474 vr).
3318 2403 3525 2460 Videtis

1944 2504 2101 2561 ergo,
2152 2491 2278 2559 quia
2315 2506 2417 2547 nec
2453 2492 2607 2560 sequi
2642 2492 2813 2547 Deum
2859 2501 3043 2562 potest
3080 2494 3173 2563 qui
3227 2495 3283 2549 in
3329 2494 3526 2551 sannio

1945 2593 2065 2648 quae
2092 2579 2334 2649 possidet
2359 2579 2499 2634 bona
2524 2594 2623 2635 sua
2647 2595 2753 2635 non
2776 2581 2891 2635 vult
2915 2582 3239 2651 relinquere,
3262 2597 3526 2640 necatas-

1944 2686 2005 2725 re
2068 2671 2269 2740 poterit
2324 2671 2497 2727 Deum
2551 2674 2645 2742 qui
2700 2672 2920 2728 divitias
2967 2688 3093 2730 suas
3138 2672 3368 2731 voluerit
3415 2690 3526 2730 non

1943 2760 2117 2817 odire.
2142 2762 2169 2802 κ
2192 2762 2328 2827 Quia
2359 2779 2466 2819 non
2494 2772 2665 2829 tanta,
2715 2765 2799 2820 vel
2845 2765 3001 2831 talia,
3040 2766 3221 2836 qualia
3262 2782 3361 2837 pro
3414 2768 3526 2823 Deo

1944 2862 2383 2919 contemnuntur,
2415 2855 2566 2910 novit
2597 2856 2741 2912 Deus
2771 2857 3073 2913 retribuere
3125 2859 3210 2915 his
3239 2859 3335 2930 qui
3384 2874 3524 2930 pau-

1944 2959 2103 3015 peres
2131 2960 2191 3001 se
2225 2945 2426 3002 faciunt
2453 2956 2674 3019 prepter
2700 2964 2845 3015 eum,
2870 2949 3092 3020 insuper
3135 2951 3204 3006 ad
3236 2949 3523 3006 fruendum

1943 3035 1999 3091 in
2027 3046 2291 3093 aeternum
2329 3039 2500 3109 ipsam
2534 3039 2699 3094 vitam
2745 3040 2826 3096 eis
2878 3041 3066 3096 tribuit
3117 3042 3520 3111 sempiternam.

1944 3126 2060 3183 Non
2087 3129 2210 3186 ideo
2237 3131 2381 3187 Deus
2408 3132 2604 3201 querit
2629 3133 2794 3188 rebus
2822 3135 3021 3189 vestris
3044 3148 3139 3190 vos
3162 3134 3320 3200 exui,
3342 3142 3404 3189 ut
3428 3133 3526 3189 ali-

1866 3189 1914 3257 C
1945 3221 2077 3292 quid
2100 3223 2297 3279 exinde
2320 3189 2442 3295 ipse
2450 3225 2693 3295 juvetur,
2722 3232 2817 3280 aut
2840 3232 3019 3281 vestra
3042 3189 3359 3295 paupertate
3393 3238 3525 3293 gan-

1942 3338 2348 3392 accumulandis
2385 3339 2816 3408 possessionibus
2867 3339 3107 3393 animum
3153 3338 3520 3408 appellabant,

1941 3408 2144 3478 alioqui
2163 3409 2427 3478 ejusmodi
2457 3409 2798 3464 testamentis
2820 3425 2913 3464 seu
2937 3410 3146 3464 chartis
3169 3408 3521 3464 donationum

1938 3476 2055 3532 fere
2072 3476 2396 3549 universum
2424 3481 2610 3549 urbem
2632 3479 3184 3549 sibi'eomparasscnt.

2012 3558 2036 3619 {i
2075 3547 2181 3619 {int
2210 3566 2311 3611 res,
2356 3556 2460 3603 etc.
2488 3547 2758 3604 Particula
2794 3547 3150 3605 out—sumitur
3188 3547 3541 3619 copulative.‘

2012 3616 2042 3657 δ
2068 3617 2270 3689 Minori
2288 3627 2581 3689 mtateruon
2629 3620 2961 3689 excipiantur
3013 3621 3115 3674 nisi
3156 3618 3221 3672 ab
3251 3616 3403 3673 annis
3431 3618 3522 3673 de-

1940 3704 2068 3758 cem:
2100 3687 2262 3745 Juxta
2292 3688 2583 3744 concilium
2619 3698 2674 3743 et
2718 3687 2984 3745 novellam
3026 3689 3266 3758 praefata.
3308 3689 3514 3743 Tamen

1941 3756 1997 3812 S.
2031 3755 2297 3830 Cazsarius
2339 3758 2705 3824 Arelatensis,
2744 3775 2862 3830 cap.
2898 3759 2931 3815 5
2960 3755 3179 3830 Regula!
3224 3758 3519 3830 infantulas

1940 3829 2195 3901 parvulas
2222 3829 2291 3901 ab
2312 3830 2469 3901 anuis
2500 3845 2595 3901 sex
2625 3842 2717 3885 aut
2746 3828 2952 3901 septem
2990 3828 3156 3901 recipi
3193 3828 3475 3901 permittit.

2011 3908 2034 3936 ο
2072 3897 2204 3953 Cum
2228 3896 2456 3971 alicujus
2486 3899 2672 3971 nobilis
2693 3896 2857 3971 ﬁlius,
2888 3909 2995 3957 etc.
3029 3896 3155 3957 Huic
3170 3896 3437 3956 habentur
3458 3899 3517 3956 in

1938 3967 2201 4043 Reg.__ms.
2230 3972 2346 4043 cod.
2365 3966 2572 4043 Ἐρινὺς,
2598 3966 2717 4043 cap.
2743 3966 2850 4026 9i.
3053 4041 3062 4043 Α
3212 3986 3219 3993 ·

2006 4039 2035 4079 ἀ
2062 4038 2403 4113 ροῃυεηξαητ.
2428 4038 2812 4113 InBcg.'ms.,
2851 4041 3244 4113 canugniantur,
3286 4039 3513 4113 rectius.

2012 4120 2035 4149 ε
2065 4106 2177 4184 Sed
2193 4112 2319 4184 quia
2348 4106 2730 4184 accedentibus.
2773 4112 2852 4167 Ita
2894 4112 2947 4167 in
2976 4111 3109 4184 Reg.
3155 4106 3254 4184 ms.
3315 4111 3514 4184 V_erum

1934 4180 2213 4253 particula
2230 4182 2320 4234 sed
2349 4181 2562 4236 videtur
2593 4184 2923 4253 redundare.
2954 4193 3008 4236 et
3036 4180 3095 4239 τί
3121 4182 3243 4253 quia
3270 4181 3514 4253 referen-

1936 4252 2061 4323 dum
2085 4252 2151 4303 al
2180 4254 2478 4321 superiora,
2506 4254 2607 4307 hoc
2629 4254 2787 4323 modo
2816 4271 2841 4323 τί
2861 4252 3114 4323 Equidem
3133 4251 3259 4323 quia
3273 4251 3515 4323 omnibus

1936 4320 2085 4391 nobis
2110 4320 2339 4375 unus’ad
2359 4323 2531 4391 omnia
2562 4322 2760 4391 sufﬁcit
2807 4320 2971 4386 Deus,
3000 4320 3378 4391 accedentibus,
3405 4325 3511 4373 etc.

2011 4389 2032 4428 ι
2065 4391 2428 4445 Excurricato.
2462 4389 2603 4460 Lege
2636 4389 2659 4444 εὴ
2690 4392 2757 4445 Et
2781 4393 3127 4456 excarricato,
3159 4397 3219 4444 ut
3253 4391 3307 4444 in
3339 4389 3517 4460 Regu-

1936 4460 1986 4515 la
2032 4475 2132 4514 ms.
2170 4459 2661 4516 Ercurricare’est
2699 4477 2838 4517 onus
2897 4463 3197 4535 deponere;
3251 4459 3514 4515 carricare

270 4525 523 4579 ciderunt.
565 4546 585 4602 ρ
617 4528 681 4580 Ει
708 4528 839 4584 Cod.
872 4525 1075 4598 1.54,,
1101 4534 1166 4589 de
1198 4525 1477 4602 Episcopis
1504 4544 1557 4589 et
1587 4534 1831 4599 Clericis,
1857 4526 1912 4602 Ῑ)
1936 4546 2182 4602 onerare",
2209 4540 2268 4587 ut
2293 4546 2452 4601 supra
2483 4541 2723 4586 notatum
2756 4540 2859 4587 est.

271 4603 390 4655 etc.,
419 4596 675 4666 statuitur
724 4608 781 4651 ut
822 4596 1077 4666 parentes
1120 4596 1503 4658 testtimcntum
1539 4596 1833 4661 condentes

270 4674 477 4719 necesse
508 4664 745 4723 habeant
785 4664 970 4724 liberis
1020 4686 1112 4726 seu
1161 4673 1375 4729 clericis
1423 4690 1519 4729 seu
1555 4676 1837 4731 monachis

267 4734 600 4809 quadrantem
623 4734 942 4809 relinquere;
974 4741 1115 4809 quod
1147 4742 1190 4796 si
1219 4758 1324 4796 non
1357 4742 1620 4809 fecerint,
1653 4745 1832 4801 locum

273 4804 378 4879 esse
405 4804 477 4879 ab‘
495 4804 851 4862 intestatoIEt
878 4804 1009 4864 Cod:
1040 4808 1268 4875 Theod.,
1298 4813 1387 4867 lib.
1418 4830 1474 4878 v,
1498 4816 1582 4869 tit.
1610 4804 1674 4879 ’5,
1709 4817 1745 4870 Ι.
1773 4814 1833 4872 Si

271 4873 372 4945 quis
396 4875 682 4945 episcopus,
711 4880 951 4933 sancitur
977 4882 1056 4946 ut,
1098 4881 1144 4935 si
1175 4873 1473 4938 monachus
1507 4895 1600 4939 aut
1637 4873 1830 4940 mona-

273 4946 360 5023 cha
387 4946 533 5000 nullo
559 4947 775 5023 condito
808 4958 1131 5005 testamento
1162 4952 1490 5018 decesserit,
1528 4956 1667 5009 bona
1713 4971 1833 5023 quae

275 5015 333 5068 ad
359 5028 478 5069 eum
508 5017 802 5086 pertinent,
835 5023 1167 5077 monasterio
1190 5023 1274 5077 cui
1316 5015 1495 5077 fuerat
1532 5015 1833 5080 destinatus

273 5085 597 5163 omnifariam
631 5089 922 5163 sociemur,
948 5093 991 5147 si
1018 5108 1118 5147 nec
1141 5092 1190 5146 ei
1215 5102 1468 5163 parentes
1492 5135 1506 5158 ,
1537 5094 1621 5147 vel
1656 5095 1831 5160 liberi,

273 5154 345 5207 Vel
366 5157 561 5226 agnati,
587 5158 671 5228 vel
702 5162 914 5228 cognati
952 5171 1045 5216 aut
1068 5154 1556 5219 uxor-exstiterint.
1586 5163 1640 5217 1-1
1667 5154 1830 5219 etiam

274 5235 463 5304 gonstat
509 5243 577 5282 ex
625 5227 684 5304 S.
736 5227 990 5304 Salviano
1040 5232 1393 5299 Massiliensi,
1445 5236 1535 5304 qui
1568 5235 1658 5289 lib.
1684 5244 1737 5289 tv
1766 5236 1833 5290 ad

274 5288 551 5374 Ecclesium
576 5288 933 5368 catholicam,
967 5299 1081 5357 fitse
1127 5288 1333 5373 prellat
1362 5288 1595 5374 eos'qui
1622 5288 1678 5358 fin
1716 5288 1833 5359 mo:

274 5368 506 5445 nasteriis
530 5381 956 5445 convertuntur,
993 5390 1099 5427 non
1127 5368 1249 5430 esse
1286 5389 1316 5429 a
1352 5368 1667 5445 parentibus
1708 5375 1835 5445 legi-

276 5435 386 5490 tima
412 5442 857 5519 suajspoliandos.
911 5435 1237 5519 Nectamen
1277 5435 1531 5519 pelei-ant
1575 5435 1827 5501 ωουθεῖιί

310 5508 606 5590 ινφεινιξίιτίρ
632 5514 705 5590 ut_i
741 5514 1004 5585 ejusmodi
1036 5514 1212 5590 bonis,
1259 5508 1352 5571 sed
1394 5518 1719 5573 tenebantur
1762 5530 1827 5572 ea

296 5579 414 5660 actis
433 5579 639 5660 chartis
664 5579 793 5660 dare
816 5587 1169 5660 monasterio,
1202 5579 1300 5660 aut
1337 5590 1666 5659 pauperibus
1684 5630 1699 5652 ,
1736 5597 1829 5643 aut

275 5649 516 5725 ecclesiis.
548 5650 678 5725 Qua}
704 5655 749 5725 si
773 5658 1107 5713 monaSterio
1136 5649 1371 5725 dabant',
1406 5649 1781 5716 vendebantur
1809 5676 1824 5715 :

275 5726 320 5773 et
342 5719 459 5801 inde
480 5723 703 5804 pecunia
727 5724 871 5804 facta
899 5729 1226 5804 pauperibus
1254 5719 1612 5804 erogabatur,
1638 5735 1826 5804 paucis

204 5876 209 5883 Δ
277 5789 569 5853 nummisin
593 5789 914 5861 subsidium
927 5789 1163 5863 nitrum
1196 5789 1470 5869 sepositis.
1516 5789 1654 5864 Non.
1681 5807 1825 5864 enim

2012 4606 2039 4642 Β
2064 4599 2185 4655 Νοη
2216 4596 2381 4672 potest
2403 4604 2546 4673 sequi
2572 4617 2672 4656 me.
2700 4602 2775 4657 ita
2807 4603 2858 4656 in
2875 4596 3005 4673 Reg.
3035 4615 3162 4666 ms.,
3189 4614 3312 4673 qua:
3333 4602 3513 4673 tamen

1936 4688 2042 4727 non
2107 4671 2577 4745 reperiunturjnj
2618 4680 2766 4745 textu
2814 4671 3157 4745 evangelica;
3203 4672 3298 4745 sed
3330 4671 3511 4745 addita

1935 4754 2060 4798 sunt
2107 4739 2289 4812 potius
2336 4758 2402 4798 ex
2452 4740 2657 4799 Christi
2703 4756 2863 4803 sensu
2909 4739 3074 4815 quam
3120 4758 3188 4799 ex
3230 4739 3511 4814 Evangelii

1933 4823 2107 4868 teXLu.

2004 4886 2032 4924 ιι
2064 4883 2237 4939 Homo
2266 4893 2483 4938 onustus
2523 4892 2655 4939 auro
2694 4878 2959 4940 Christum
3004 4884 3148 4954 sequi
3193 4892 3297 4954 non
3319 4889 3506 4954 potest.

1936 4953 1993 5007 S.
2028 4954 2463 5027 Hieronymusjn
2489 4957 2648 5026 epist.
2681 4958 2746 5027 ad
2773 4949 3116 5010 Heliodorum
3145 4972 3157 5005 :
3191 4962 3210 5027 ς
3241 4949 3513 5027 Vocifera-

1934 5030 2023 5076 tur
2054 5025 2141 5079 ille
2171 5021 2313 5095 ssepe
2342 5043 2355 5076 :
2389 5024 2457 5096 Si
2486 5021 2603 5096 quis
2654 5024 2764 5079 vult
2811 5034 2926 5096 post
2969 5040 3050 5077 me
3096 5024 3265 5077 venire
3295 5021 3508 5096 abneget

1934 5092 2290 5164 semetipsum,
2316 5104 2371 5148 et
2388 5092 2538 5149 tollat
2562 5111 2766 5164 crucem
2791 5092 2941 5149 suam
2960 5104 3065 5164 ,_et
3107 5092 3357 5163 sequatur
3385 5108 3466 5164 me
3491 5109 3506 5157 ;

1935 5172 1990 5217 et
2016 5160 2366 5234 egoenustus
2391 5180 2524 5220 auro
2561 5160 2798 5219 arbitror
2826 5178 2913 5218 me
2946 5160 3226 5219 Christum
3262 5161 3439 5233 sequi.
3483 5182 3504 5215 ι

2012 5234 2028 5273 ί
2063 5237 2128 5288 In
2167 5244 2371 5288 tantum
2404 5245 2478 5290 ut.
2503 5236 2557 5290 ld
2584 5244 2686 5299 est,
2719 5234 2793 5287 ita
2824 5244 2897 5290 ut.

2007 5300 2023 5352 i
2068 5304 2131 5375 Et
2156 5304 2386 5373 laqueos.
2416 5305 2437 5360 l
2474 5308 2542 5375 ad
2564 5306 2792 5375 Tim.vr.
2819 5303 2899 5359 lta
2930 5306 2981 5359 in
3010 5303 3149 5375 Reg.
3169 5301 3512 5367 ms.lucom-

1933 5374 2085 5445 muni
2134 5376 2429 5429 versione:
2466 5374 2535 5429 Et
2578 5376 2631 5428 in
2679 5373 2923 5445 laqueum
2969 5373 3188 5429 diaboli.
3246 5376 3302 5429 in
3358 5379 3509 5427 texm

1931 5443 2255 5519 (ἱεῖιξοᾲονκαξ
2279 5446 2493 5519 παγίδα,
2529 5443 2763 5519 tantum,
2795 5446 2849 5499 id
2882 5454 2986 5510 est,
3010 5454 3072 5519 et
3092 5445 3365 5515 laqueum.

2004 5515 2031 5556 Ιι
2062 5515 2197 5582 Quia
2227 5533 2328 5571 non
2361 5511 2516 5570 tanta
2564 5514 2640 5570 vel
2668 5515 2823 5580 talia,
2852 5526 2959 5572 etc.
3005 5511 3208 5571 Sensus
3242 5522 3326 5569 est
3355 5531 3367 5567 :
3396 5511 3511 5568 Non

1929 5587 2055 5642 talia
2090 5587 2263 5641 red-lit
2289 5586 2555 5649 Christus,
2587 5585 2766 5656 qualia
2807 5601 2905 5655 pro
2947 5601 3012 5642 eo
3058 5591 3499 5643 contemnuntur.

1928 5659 1983 5715 id
2009 5666 2112 5721 est,
2146 5670 2251 5738 non
2287 5657 2472 5738 eadem
2505 5656 2589 5711 vel
2616 5656 2845 5738 aequalia
2882 5656 3061 5738 reddit
3080 5657 3147 5711 iis
3176 5671 3294 5738 quae
3320 5670 3417 5738 pro
3444 5668 3510 5710 eo

1929 5737 2258 5804 spernuntur
2278 5744 2293 5794 ;
2326 5728 2421 5783 sed
2442 5727 2600 5801 longe
2628 5728 2851 5802 majora
2880 5736 2939 5788 et
2960 5735 3322 5804 praestantur;
3353 5727 3507 5785 insu-

1926 5799 2026 5876 per
2050 5808 2106 5861 et
2128 5799 2307 5860 vitam
2317 5799 2602 5864 aeternam.
